2768 4178
286 280 360 316 318

957 281 1225 327 QUAEsrio
1255 280 1433 326 xxvni,
1463 278 1761 315 ARTICULUS
1791 279 1805 315 1

793 504 1203 584 QUAESTIO
1241 503 1982 561 VIGESIMAOCTAVA

969 635 1053 674 DE
1086 633 1538 676 RELATIONIBUS
1573 633 1797 675 Divtle

1079 749 1113 774 ΙΝ
1143 749 1317 779 QUATUOR
1345 749 1547 774 ARTICULOS
1575 750 1693 775 DIVISA

375 867 483 891 Enim:
518 854 841 891 considerandum
872 860 926 889 est
955 852 1001 889 de
1031 851 1278 888 relationibus
1308 851 1360 888 di-

294 866 371 948 D

53 1593 65 1604 ⁹
81 1592 138 1620 Cap.
154 1598 185 1614 iv.

46 1969 56 1978 '¹
79 1967 137 1995 Cap.
151 1973 184 1989 vr.

376 908 474 945 vinis
492 908 524 944 *-

292 963 342 999 Et
370 961 466 998 circa
494 961 569 997 hoc
598 967 831 1009 quaeruntur
860 966 1035 1007 quatuor..

346 1014 495 1051 Primo:
525 1021 652 1050 utrum
685 1014 723 1050 in
751 1014 836 1049 Deo
871 1012 944 1049 sint
976 1011 1142 1059 aliquae.
1162 1010 1362 1047 relationes

400 1068 531 1104 reales.

1470 852 1667 888 Secundo:
1687 859 1816 888 utrum
1836 852 2141 890 illae‘relationes
2161 853 2234 890 sint
2253 853 2334 902 ipsa
2359 866 2486 891 essen-

1522 904 1572 940 tia
1601 904 1731 941 divina
1750 910 1778 950 α,
1809 906 1871 941 vel
1900 904 1973 942 sint
2001 906 2231 943 extrinsecus
2260 907 2407 944 affixae.

1469 957 1621 993 Tertio:
1651 965 1779 994 utrum
1807 958 1954 1006 possint
1983 971 2064 996 esse
2092 959 2130 996 in
2158 960 2243 996 Deo
2272 961 2399 1009 plures
2428 973 2485 997 re-

1525 1010 1684 1047 lationes
1714 1010 1862 1051 realiter
1890 1011 2085 1048 distinctae
2115 1012 2162 1049 ab
2191 1012 2370 1051 invicem.

1474 1064 1639 1110 Quarto:
1670 1065 1717 1101 de
1746 1076 1908 1100 numero
1937 1065 2074 1101 harum
2103 1065 2342 1103 relationum.

1112 1160 1431 1224 ARTICULUS
1462 1181 1668 1224 PRIMUS

803 1276 959 1307 UTRUM
984 1276 1026 1306 IN
1051 1275 1141 1307 DEO
1166 1275 1263 1306 SlNT
1288 1276 1481 1313 ALIQUAE
1506 1275 1780 1307 RELATIONES
1805 1275 1971 1306 REALES

516 1358 525 1382 1
545 1358 628 1387 Sent„
648 1357 707 1382 dist.
726 1365 791 1387 xxvr,
812 1365 856 1389 qu.
875 1363 902 1386 11,
923 1360 969 1381 art.
989 1364 1013 1387 ις
1034 1356 1067 1381 IV
1090 1357 1166 1381 Cont.
1184 1357 1271 1385 Gent.5
1292 1363 1348 1388 cap.
1367 1363 1423 1385 x1v;
1445 1356 1486 1381 De
1505 1356 1576 1385 Pot„
1597 1363 1642 1388 qu.
1656 1363 1710 1386 vm,
1731 1360 1777 1380 art.
1796 1364 1821 1387 1;
1844 1356 1987 1388 Compend.
2013 1356 2110 1386 Theoi„
2132 1364 2187 1389 cap.
2207 1364 2265 1387 L1113

1183 1392 1211 1416 In
1233 1392 1316 1419 loun„
1337 1399 1393 1423 cap.
1412 1399 1467 1422 xw,
1486 1392 1544 1416 lect.
1563 1399 1598 1416 w.

331 1506 373 1529 r:
413 1491 467 1531 „2234
506 1494 528 1518 D
558 1494 695 1518 PmMUM
724 1493 776 1518 stc
805 1493 1045 1518 PROCEDITUR.
1075 1480 1236 1517 Videtur
1256 1480 1360 1529 quod

326 1523 369 1572 3²⁴
421 1521 485 1593 (ζῇ
507 1535 543 1571 in
560 1536 644 1571 Deo
661 1547 740 1571 non
755 1534 828 1571 sint
843 1534 991 1583 aliquae
1008 1534 1209 1570 relationes
1230 1534 1360 1570 reales.

349 1592 425 1625 ‘¹712
448 1575 607 1624 Dicit
635 1588 738 1624 enim
759 1587 927 1634 Boetius,
949 1587 986 1624 in
1015 1587 1110 1624 libro
1139 1587 1185 1623 de
1208 1587 1310 1623 Trin.
1329 1586 1359 1632 ³¹⁸,

350 1613 448 1674 53⁹5}
463 1630 613 1690 Kquod
642 1653 727 1678 cum
756 1641 838 1689 quis
863 1641 1174 1689 praedicamenta
1204 1641 1240 1677 in
1270 1640 1363 1677 divi-

294 1704 384 1728 nam
417 1695 525 1730 vertit
556 1694 898 1743 praedicationem,
933 1699 1066 1730 cuncta
1103 1699 1296 1730 mutantur
1324 1694 1360 1730 in

292 1746 537 1784 substantiam
575 1759 672 1796 quae
698 1747 919 1796 praedicari
937 1753 1117 1795 possunt;
1144 1747 1196 1784 ad
1221 1746 1365 1795 aliquid

293 1809 383 1835 vero
412 1801 566 1837 omnino
595 1813 669 1837 non
685 1806 808 1849 potest
817 1801 1047 1848 praedicari.
1079 1800 1157 1837 Sed
1177 1799 1361 1848 quidquid

295 1859 350 1888 est
388 1854 535 1890 realiter
569 1853 607 1890 in
640 1854 746 1900 Deo,
782 1853 828 1890 de
867 1853 950 1902 ipso
983 1853 1191 1902 praedicari
1225 1861 1360 1902 potest.

294 1905 395 1952 Ergo
425 1907 554 1943 relatio
585 1919 663 1943 non
693 1914 749 1943 est
778 1906 925 1943 realiter
953 1906 992 1943 in
1022 1907 1118 1943 Deo.

348 1970 382 1995 2.
414 1961 647 2006 PRAETEREA,
679 1960 766 1996 dicit
795 1959 950 1996 Boetius
979 1959 1016 1996 in
1047 1959 1186 1996 eodem
1213 1959 1308 1996 libro
1328 1958 1360 2006 ²¹²,

293 2011 399 2059 quod
435 2013 565 2050 similis
602 2019 656 2050 est
687 2013 818 2050 relatio
856 2013 893 2049 in
936 2014 972 2049 T
968 2013 1115 2050 rinitate
1151 2013 1275 2049 Patris
1312 2013 1364 2049 ad

292 2065 444 2111 Filium,
465 2072 501 2103 et
519 2067 710 2115 utriusque
729 2067 781 2103 ad
802 2066 980 2114 Spiritum
1001 2067 1192 2111 Sanctum,
1216 2072 1257 2102 ut
1283 2066 1362 2103 eius

294 2119 394 2166 quod
420 2125 475 2156 est
500 2120 609 2166 idem,
639 2120 691 2156 ad
717 2119 756 2156 id
782 2119 883 2168 quod
909 2125 963 2156 est
988 2120 1097 2157 idem.
1130 2119 1206 2156 Sed
1231 2119 1360 2156 huius-

259 2213 267 2219 ,
291 2172 397 2208 modi
428 2173 557 2210 relatio
579 2180 634 2209 est
654 2172 808 2209 rationis
837 2180 1002 2210 tanturn:
1029 2173 1117 2221 quia
1147 2173 1273 2209 omnis
1303 2185 1359 2209 re-

292 2225 380 2261 latio
411 2226 519 2262 realis
540 2226 650 2274 exigit
669 2227 746 2263 duo
769 2234 934 2262 extrema
954 2226 1113 2263 realiter.
1143 2227 1245 2274 Ergo
1267 2227 1360 2263 rela-

291 2277 414 2314 tiones
434 2290 532 2326 quae
553 2286 748 2327 ponuntur
767 2278 805 2315 in
832 2278 982 2325 divinis,
1013 2291 1091 2316 non
1120 2286 1207 2315 sunt
1240 2279 1360 2316 reales

293 2330 493 2368 relationes
512 2330 541 2377 β,
572 2332 639 2368 sed
668 2331 822 2368 rationis
850 2339 1009 2369 tantum.

348 2385 382 2421 3.
420 2386 658 2431 Pmnraam,
699 2385 828 2421 relatio
866 2384 1097 2434 paternitatis
1135 2392 1191 2422 est
1228 2384 1358 2422 relatio

291 2437 477 2486 principii.
509 2439 585 2475 Sed
607 2450 694 2474 cum
716 2438 861 2484 dicitur,
891 2440 995 2475 Deus
1019 2443 1074 2474 est
1090 2442 1105 2464 ⁷
1127 2438 1358 2487 principium

292 2496 567 2536 creaturarum,
598 2503 675 2527 non
696 2490 922 2540 importatur
941 2491 1067 2539 aliqua
1086 2491 1216 2528 relatio
1237 2491 1358 2539 realis,

293 2544 361 2580 sed
382 2543 535 2580 rationis
555 2552 714 2581 tantum.
737 2545 838 2592 Ergo
859 2557 929 2581 nec
945 2544 1150 2593 paternitas
1165 2544 1202 2581 in
1223 2544 1359 2582 divinis

294 2605 348 2634 est
378 2597 507 2634 relatio
538 2597 657 2634 realis.
688 2598 735 2634 Et
765 2598 900 2635 eadem
931 2597 1075 2634 ratione
1096 2609 1167 2634 nec
1186 2597 1281 2634 aliae
1302 2609 1361 2635 re-

293 2650 451 2687 lationes
480 2663 579 2699 quae
608 2658 803 2699 ponuntur
830 2651 893 2687 ibi.

346 2715 383 2750 4.
414 2705 650 2748 PRAETEREA‚
681 2704 873 2751 generatio
895 2701 908 2725 δ
927 2703 965 2740 ἰη
986 2703 1123 2740 divinis
1144 2711 1200 2740 est
1223 2716 1360 2740 secun-

294 2756 387 2793 dum
418 2756 652 2805 intelligibilis
680 2757 787 2793 verbi
817 2756 1116 2806 processionem.
1155 2757 1232 2794 Sed
1265 2758 1358 2794 rela-

293 2809 416 2846 tiones
436 2822 535 2858 quae
556 2818 842 2857 consequuntur
856 2810 1118 2859 operationem
1140 2810 1358 2858 intellectus,

293 2870 380 2899 sunt
395 2863 594 2900 relationes
616 2862 770 2900 rationis
785 2869 806 2900 ‘.
824 2864 926 2911 Ergo
942 2863 1145 2912 paternitas
1161 2871 1197 2900 et
1215 2863 1358 2910 filiatio,

293 2928 390 2965 quae
412 2916 586 2953 dicuntur
605 2916 642 2953 in
663 2916 800 2954 divinis
829 2917 1041 2954 secundum
1062 2917 1358 2965 generationem,

293 2976 381 3006 sunt
409 2969 609 3006 relationes
638 2969 793 3006 rationis
822 2978 978 3006 tantum.

347 3023 421 3059 SED
459 3034 605 3059 CONTRA
634 3034 700 3059 EST
733 3023 837 3070 quod
871 3031 978 3072 pater
1010 3035 1089 3059 non
1117 3022 1251 3060 dicitur
1289 3022 1359 3059 nisi

293 3087 315 3111 a
343 3075 576 3124 paternitate,
608 3083 645 3112 et
664 3075 761 3112 filius
781 3088 803 3112 a
823 3076 1015 3112 filiatione.
1048 3075 1087 3112 Si
1108 3075 1221 3123 igitur
1235 3083 1360 3124 pater-

292 3128 389 3165 nitas
419 3136 455 3165 et
474 3128 604 3165 filiatio
634 3141 712 3166 non
731 3137 818 3166 sunt
837 3129 874 3166 in
896 3130 980 3166 Deo
1002 3128 1159 3174 realiter,
1190 3128 1359 3177 sequitur

293 3182 396 3230 quod
424 3182 530 3218 Deus
559 3194 637 3218 non
666 3182 712 3218 sit
740 3182 887 3219 realiter
913 3183 1025 3219 Pater
1049 3190 1114 3219 aut
1132 3181 1260 3228 Filius,
1290 3181 1358 3219 sed

292 3235 504 3271 secundum
534 3235 721 3272 rationem
748 3235 1011 3282 intelligentiae
1032 3234 1046 3261 ς
1065 3242 1228 3272 tantum:
1254 3234 1359 3284 quod

293 3295 348 3323 est
375 3287 541 3325 haeresis
572 3288 795 3325 Sabelliana.

345 3427 371 3459 α)
392 3427 493 3453 divina.
510 3441 529 3447 -
547 3428 608 3453 Om.
628 3428 739 3452 codices.

345 3460 370 3494 β)
390 3470 449 3493 non⁸
461 3466 524 3487 sunt
542 3463 627 3488 reales
646 3463 797 3488 relationes.
814 3477 834 3482 -
852 3470 904 3488 non
924 3466 987 3488 sunt
1005 3463 1148 3489 relationes
1164 3463 1212 3496 pD.
1227 3470 1279 3488 non
1294 3466 1358 3488 sunt

290 3497 434 3522 relationes
452 3499 535 3523 reales
554 3499 640 3523 ceteri.

343 3532 370 3591 Ξ)
390 3536 437 3557 est.
455 3547 474 3552 —
493 3540 548 3558 esse
567 3533 676 3559 ACFab.

360 3568 368 3599 )
387 3568 535 3601 generatio.
552 3582 572 3588 ·-
590 3569 686 3594 relatio
705 3569 815 3594 codices.

343 3603 366 3635 ε)
386 3603 506 3628 rationis.
516 3617 535 3622 -
548 3607 577 3628 ut
588 3611 672 3636 genus
686 3608 712 3629 et
724 3604 822 3637 species
837 3604 935 3630 addunt
949 3604 1051 3630 ABDG.
1060 3618 1079 3625 -
1094 3605 1201 3638 Ergo...
1214 3604 1357 3630 relationes

290 3638 404 3664 rationis
422 3646 475 3664 om.
494 3638 523 3663 F.

1470 1481 1697 1517 RESPONDEO
1726 1492 1910 1518 DICENDUM
1940 1480 2046 1528 quod
2071 1481 2273 1518 relationes
2294 1482 2486 1530 quaedam

1417 1541 1504 1570 sunt
1523 1534 1561 1570 in
1582 1533 1721 1570 divinis
1741 1533 1898 1571 realiter.
1919 1534 1981 1570 Ad
2002 1534 2108 1571 cuius
2129 1534 2373 1582 evidentiam,
2396 1548 2486 1574 con-

1417 1586 1663 1624 siderandum
1683 1594 1738 1623 est
1771 1588 1876 1634 quod
1901 1588 2026 1624 solum
2047 1587 2084 1624 in
2104 1588 2162 1624 his
2183 1600 2281 1636 quae
2311 1588 2488 1626 dicuntur

1418 1640 1466 1677 ad
1486 1640 1639 1689 aliquid,
1657 1639 1902 1676 inveniuntur
1921 1640 2046 1688 aliqua
2065 1642 2278 1678 secundum
2299 1642 2486 1680 rationem

1417 1700 1577 1740 tantum,
1608 1701 1644 1729 et
1663 1705 1741 1729 non
1771 1693 1983 1730 secundum
2013 1706 2106 1731 rem.
2137 1694 2254 1741 Quod
2273 1707 2352 1732 non
2373 1703 2428 1733 est
2446 1696 2485 1733 in

1418 1746 1498 1783 aliis
1526 1746 1748 1794 generibus:
1778 1746 1867 1794 quia
1896 1746 1969 1783 alia
1996 1759 2146 1794 genera,
2177 1755 2219 1784 ut
2242 1748 2429 1797 quantitas
2450 1757 2507 1787 et—

1417 1799 1590 1848 qualitas,
1616 1800 1827 1836 secundum
1849 1799 2044 1848 propriam
2067 1801 2251 1838 rationem
2272 1801 2485 1849 significant

1417 1852 1558 1901 aliquid
1586 1852 1696 1889 alicui
1716 1858 1729 1875 ⁷¹
1757 1852 1970 1889 inhaerens.
2001 1853 2059 1889 Ea
2077 1866 2172 1890 vero
2192 1866 2292 1903 quae
2312 1854 2486 1893 dicuntur

1417 1906 1466 1942 ad
1495 1905 1647 1953 aliquid,
1678 1905 1890 1953 significant
1918 1906 2131 1944 secundum
2155 1907 2352 1956 propriam
2375 1909 2486 1945 ratio-

1417 1971 1505 1995 nem
1527 1959 1652 1995 solum
1674 1966 1890 2007 respectum
1911 1959 1959 1996 ad
1979 1959 2081 1996 aliud
2095 1959 2126 1997 *.
2149 1960 2226 2007 Qui
2247 1960 2405 2010 quidem
2425 1974 2484 1999 re-

1417 2019 1568 2061 spectus
1584 2012 1787 2060 aliquando
1805 2012 1911 2049 estin
1927 2010 2032 2061 ipsa⁰
2042 2020 2176 2050 natura
2191 2026 2336 2061 rerum;
2352 2022 2484 2064 utpote

1417 2065 1571 2114 quando
1601 2065 1749 2114 aliquae
1780 2077 1839 2102 res
1868 2066 2081 2102 secundum
2102 2079 2212 2104 suam
2237 2075 2412 2105 naturam
2435 2069 2487 2111 ad

1415 2118 1580 2156 invicem
1611 2118 1806 2156 ordinatae
1833 2126 1930 2166 sunt,
1953 2127 1989 2156 et
2007 2119 2174 2157 invicem
2199 2120 2483 2160 inclinationem

1414 2172 1567 2209 habent.
1590 2173 1638 2209 Et
1656 2172 1878 2209 huiusmodi
1899 2172 2099 2210 relationes
2119 2182 2270 2222 oportet
2295 2186 2377 2211 esse
2403 2187 2484 2213 rea-

1414 2226 1481 2262 les.
1504 2225 1609 2261 Sicut
1627 2225 1663 2261 in
1686 2237 1846 2273 corpore
1867 2226 1972 2272 gravi
1988 2234 2044 2262 est
2062 2226 2252 2263 inclinatio
2269 2235 2306 2264 et
2319 2228 2415 2265 ordo
2435 2228 2484 2266 ad

1414 2278 1543 2314 locum
1564 2277 1754 2314 medium:
1775 2278 1876 2314 unde
1898 2287 2091 2327 respectus
2106 2279 2262 2328 quidam
2278 2288 2334 2318 est
2347 2281 2384 2318 in
2399 2281 2483 2330 ipso

1414 2330 1520 2378 gravi
1550 2338 1723 2379 respectu
1742 2330 1815 2367 loci
1834 2331 1961 2368 medii.
1993 2332 2042 2368 Et
2060 2331 2230 2370 similiter
2250 2341 2305 2370 est
2329 2334 2377 2371 de
2405 2334 2484 2372 aliis

1415 2383 1647 2421 huiusmodi.
1673 2383 1891 2432 Aliquando
1911 2396 2005 2421 vero
2031 2393 2224 2433 respectus
2253 2386 2483 2434 significatus

1414 2449 1484 2486 per
1499 2449 1544 2473 ea
1558 2448 1658 2486 quae
1678 2436 1854 2474 dicuntur
1872 2437 1920 2474 ad
1941 2437 2093 2485 aliquid,
2111 2446 2167 2475 est
2185 2446 2331 2476 tantum
2347 2439 2385 2477 in
2400 2439 2483 2489 ipsa

1415 2490 1720 2539 apprehensione
1741 2490 1894 2527 rationis
1916 2491 2143 2528 conferentis
2163 2504 2285 2529 unum
2305 2492 2425 2530 alteri:
2447 2500 2483 2531 et

1414 2550 1505 2580 tunc
1525 2550 1580 2580 est
1599 2542 1728 2580 relatio
1755 2543 1907 2580 rationis
1923 2549 1931 2564 ⁴
1950 2551 2114 2589 tantum;
2137 2544 2232 2582 sicut
2259 2557 2346 2582 cum
2377 2558 2482 2583 com-

1414 2604 1522 2645 parat
1542 2596 1635 2633 ratio
1651 2595 1851 2633 hominem
1867 2596 2031 2643 animali,
2048 2605 2089 2634 ut
2103 2598 2270 2646 speciem
2286 2598 2335 2635 ad
2349 2610 2480 2646 genus.

1469 2650 1570 2686 Cum
1599 2657 1727 2686 autem
1757 2649 1896 2698 aliquid
1925 2650 2097 2698 procedit
2116 2663 2139 2687 a
2166 2650 2354 2700 principio
2384 2652 2482 2690 eius-

1415 2703 1505 2740 dem
1534 2710 1710 2749 naturae‚
1742 2715 1896 2739 necesse
1927 2711 1982 2740 est
2009 2704 2115 2752 quod
2143 2704 2279 2751 ambo,
2310 2704 2450 2742 scilicet
2469 2711 2482 2728 ¹

1414 2756 1627 2805 procedens
1647 2763 1683 2792 et
1701 2755 1739 2792 id
1758 2768 1780 2792 a
1799 2768 1877 2804 quo
1906 2757 2090 2805 procedit,
2120 2756 2158 2794 in
2188 2757 2326 2794 eodem
2347 2757 2481 2796 ordine

1415 2809 1665 2846 conveniant:
1696 2817 1732 2846 et
1760 2807 1813 2845 sic
1847 2816 1998 2858 oportet
2033 2809 2139 2859 quod
2166 2810 2332 2847 habeant
2361 2811 2480 2849 reales

1415 2870 1607 2911 respectus
1627 2861 1676 2899 ad
1695 2862 1872 2899 invicem.
1905 2863 2006 2900 Cum
2026 2862 2136 2911 igitur
2154 2863 2419 2912 processiones
2441 2863 2481 2902 in

1414 2915 1552 2952 divinis
1567 2915 1640 2952 sint
1658 2915 1696 2952 in
1715 2915 1907 2952 identitate
1927 2923 2096 2963 naturae,
2112 2923 2154 2953 ut
2168 2924 2362 2954 ostensum
2383 2917 2479 2965 est*,

1414 2981 1570 3005 necesse
1587 2976 1642 3005 est
1652 2968 1757 3018 quod
1773 2968 1972 3006 relationes
1988 2981 2086 3017 quae
2101 2969 2313 3006 secundum
2329 2981 2481 3018 proces-

1414 3021 1540 3058 siones
1563 3021 1710 3059 divinas
1724 3019 1738 3043 λ
1758 3021 2003 3070 accipiuntur,
2025 3021 2098 3059 sint
2121 3022 2320 3059 relationes
2347 3024 2478 3061 reales.

1468 3076 1527 3111 An
1556 3086 1693 3112 ptumum
1722 3086 1820 3111 ERGO
1849 3087 2033 3112 DlCENDUM
2062 3075 2168 3123 quod
2187 3076 2239 3112 ad
2255 3075 2400 3124 aliquid
2426 3076 2480 3114 di-

1414 3127 1508 3164 citur
1536 3127 1696 3164 omnino
1730 3140 1809 3164 non
1841 3127 2050 3177 praedicari
2078 3128 2116 3165 in
2145 3129 2243 3175 Deo,
2265 3130 2480 3167 secundum

1413 3180 1609 3229 propriam
1639 3179 1825 3217 rationem
1855 3181 1935 3218 eius
1963 3180 2067 3230 quod
2097 3180 2231 3219 dicitur
2250 3181 2299 3219 ad
2318 3182 2478 3230 aliquid3

1414 3233 1641 3281 inquantum
1670 3233 1810 3270 scilicet
1832 3233 1987 3283 propria
2005 3233 2099 3271 ratio
2121 3234 2201 3271 eius
2220 3235 2327 3283 quod
2346 3235 2395 3272 ad
2414 3235 2480 3272 ali-

1413 3286 1505 3335 quid
1525 3286 1670 3333 dicitur,
1696 3299 1775 3323 non
1795 3287 1976 3336 accipitur
1993 3299 2062 3336 per
2082 3288 2410 3336 comparationem
2430 3288 2479 3326 ad

1464 3426 1488 3459 ζ)
1510 3427 1709 3460 intelligentiae.
1727 3442 1746 3447 -
1772 3427 1919 3453 intellectus
1944 3428 1974 3452 B.
1992 3442 2012 3447 —
2036 3428 2086 3452 Pro
2112 3428 2283 3459 Sabelffana,
2312 3428 2481 3454 sabellianae

1410 3462 1559 3494 ACDEFG(
1567 3463 1604 3495 ρΒ
1613 3462 1647 3495 ῑ).

1464 3498 1491 3529 η)
1511 3498 1599 3523 alicui.
1617 3511 1636 3517 -
1654 3498 1717 3523 Om.
1736 3498 1790 3523 PG.

1464 3530 1489 3564 Θ)
1510 3533 1575 3564 ipsa.
1593 3546 1612 3553 -
1625 3533 1741 3565 propria
1760 3533 1814 3558 BD.

1466 3567 1483 3599 ι)
1504 3568 1625 3593 rationis.
1643 3581 1663 3588 -
1680 3569 1717 3593 ad
1736 3569 1867 3593 rationem
1887 3569 1916 3594 B.

1465 3603 1490 3634 κ)
1510 3603 1618 3628 scilicet.
1635 3617 1653 3622 —
1671 3603 1770 3628 scilicet
1787 3606 1814 3628 et
1832 3602 1953 3629 BCDFG.

1464 3636 1492 3671 λ)
1512 3638 1626 3663 divinas.
1644 3652 1663 3657 -
1681 3639 1800 3664 diversas
1819 3639 1849 3664 Β.

2511 1969 2524 1981 ⁰
2541 1970 2570 1992 D.
2584 1969 2650 1992 1086.

2510 2923 2519 2933 ¹
2535 2922 2584 2951 Qu.
2594 2928 2667 2950 xxvu,
2678 2925 2724 2944 nrt.

2508 2955 2529 2978 3,
2544 2949 2574 2971 nd
2587 2955 2609 2971 2.

2763 3832 2768 3954 ——--...>
2764 3798 2768 3826 -4
2763 3732 2768 3793 —a—-l—
2755 3415 2768 3725 l-Az—-ma-.-n—-A.i.4-
2762 3386 2768 3410 n.
2762 3365 2768 3381 ι.
2765 3328 2768 3331 .
2763 3313 2764 3316 „
2765 3270 2768 3273 .
2765 3246 2768 3251 .
