2768 4178
69 684 92 709 γ’
109 682 144 704 Cf.
162 689 226 704 num.
241 689 272 704 ιν.

83 1035 91 1044 ·
113 1034 164 1055 Art.
187 1034 292 1061 praeced.

82 1060 215 1082 Comment-
230 1066 253 1082 ιι.
263 1067 280 1082 ι.

79 1698 89 1707 ·
105 1695 140 1718 Cf.
158 1702 222 1718 num.
238 1702 262 1718 ιι.

77 1960 88 1971 “
99 1959 146 1987 Qu.
156 1966 238 1987 xxxnl,
247 1963 289 1982 art.

78 1992 105 2013 4;
121 1992 156 2013 XL,
176 1990 216 2014 art,
233 1992 253 2008 2.

79 2444 88 2453 '¹
104 2443 141 2465 Ad
155 2449 175 2465 2.

77 2470 101 2481 *ι
115 2470 152 2491 Ad
166 2477 190 2497 4.

78 2706 90 2718 ⁴*
106 2707 153 2734 Qu.
165 2713 190 2734 ιι,
201 2710 290 2728 art-111.

78 2886 87 2895 ’
100 2885 148 2912 Qu.
160 2891 238 2913 xxxin,
247 2890 289 2908 art.

77 2918 101 2938 4.

325 254 398 290 356

981 253 1250 299 QUAESTIO
1279 253 1442 300 XXXII,
1473 254 1769 291 ARTICULUS
1801 255 1849 290 III

1003 366 1334 399 Commentaria
1356 366 1605 399 Cardinalis
1627 367 1827 401 Caietam

381 469 488 491 ιτιιιυε
505 459 637 489 intendit
654 459 692 488 de
707 468 841 489 numero
865 459 1011 499 quinario
1031 459 1214 498 adaequate,
1231 458 1273 489 ita
1295 459 1384 499 quod

324 472 484 544 Tneque
521 503 627 543 plures
665 512 768 543 neque
801 503 966 542 pauciores
1005 502 1067 532 sint
1101 502 1247 533 notiones
1286 513 1384 543 quam

321 548 473 588 quinque.

379 592 416 622 11.
434 592 467 621 In
484 600 616 631 corpore
641 591 706 621 duo
723 590 811 621 facit:
836 590 951 630 primo,
969 590 1139 629 respondet
1155 590 1316 630 quaesito;
1337 600 1383 621 se-

321 636 436 671 cundo,
461 635 552 675 ponit
575 634 781 665 differentiam
804 634 882 665 inter
908 634 1070 670 notiones,
1096 634 1284 672 relationes,
1309 645 1383 675 pro-

320 679 474 720 prietates,
500 685 530 709 et
553 678 699 709 notiones
724 679 913 719 personales,
939 678 1044 718 quoad
1069 687 1239 708 numerum
1256 678 1283 709 *.

378 724 429 754 111.
455 723 572 761 Quoad
590 724 752 763 primum,
778 722 941 753 conclusio
965 722 1147 761 responsiva
1170 723 1314 763 quaesito
1338 722 1383 752 af-

319 767 474 798 firmative
489 773 552 797 est:
575 767 731 797 Notiones
755 774 829 797 sunt
847 766 999 807 quinque,
1017 765 1134 796 scilicet
1148 766 1382 802 innascibilitas,

320 811 498 852 paternitas,
513 810 694 841 communis
711 811 850 851 spiratio,
867 810 976 840 filiatio
992 817 1021 841 et
1036 810 1205 849 processio.
1221 828 1241 833 -—
1256 811 1298 840 Et
1314 820 1384 850 pro-

320 857 412 886 batur
435 855 488 886 sic.
520 855 618 885 Notio
653 862 699 886 est
729 855 857 895 propria
889 854 968 884 ratio
1000 854 1211 894 cognoscendi
1244 854 1384 884 divinam

320 908 508 941 personam.
538 909 612 940 ergo
636 898 806 929 attenditur
829 898 1006 929 secundum
1034 898 1204 938 originem.
1237 908 1311 938 ergo
1335 908 1382 929 se-

322 944 464 974 cundum
488 943 564 973 haec
588 942 816 979 duo,sci1icet
839 952 859 972 a
883 952 945 982 quo
968 943 1077 980 alius,
1107 949 1138 972 et
1160 944 1215 983 qui
1237 942 1277 973 ab
1301 943 1385 973 alio:

322 998 402 1028 ergo
421 995 494 1018 sunt
517 987 668 1028 quinque.

377 1031 574 1062 Antecedens
591 1038 637 1061 est
654 1030 823 1070 descriptio
847 1029 987 1060 notionis
1003 1030 1148 1070 superius
1162 1030 1180 1050 *
1198 1031 1349 1071 exposita.
1363 1049 1384 1054 -

319 1076 424 1106 Prima
438 1075 662 1115 consequentia
678 1075 845 1114 probatur:
870 1073 945 1114 quia
961 1074 1084 1105 divinae
1102 1084 1256 1114 personae
1276 1075 1383 1106 multi-

320 1120 476 1160 plicantur
492 1119 668 1149 secundum
684 1118 849 1158 originem.
866 1136 886 1140 -
902 1118 1047 1148 Secunda
1062 1125 1185 1149 autem:
1209 1119 1383 1160 quia‘haec

320 1164 385 1199 duo
409 1169 551 1203 spectant
580 1163 620 1192 ad
649 1162 822 1202 originem,
855 1168 885 1192 et
909 1163 1086 1192 secundum
1116 1172 1152 1193 ea
1181 1162 1384 1194 innotescunt

320 1207 442 1238 divinae
461 1216 624 1247 personae.
641 1224 660 1228 -
675 1206 783 1236 Tertia
801 1215 876 1236 vero
892 1206 1118 1243 manifestatur,
1139 1206 1320 1246 singillatim
1335 1209 1383 1246 ,ad

320 1251 458 1291 singulas
482 1251 671 1291 applicando
699 1260 850 1290 personas
873 1257 1046 1291 utrumque
1077 1251 1213 1281 modum
1243 1251 1381 1291 originis.

319 1297 361 1327 Et
383 1296 490 1336 quoad
513 1304 682 1334 personam
709 1294 841 1335 quidem
863 1294 981 1331 Patris,
1005 1305 1043 1325 ex
1063 1295 1119 1325 illo
1143 1295 1242 1326 modo
1265 1297 1321 1336 qui
1342 1297 1383 1327 ab

318 1341 395 1378 alio,
421 1350 487 1370 non
510 1339 654 1379 positive,
679 1339 732 1369 sed
757 1338 899 1379 negative
917 1338 1050 1370 habetur
1073 1339 1323 1372 innascibilitas:
1346 1351 1383 1371 ex

319 1384 375 1415 illo
398 1393 489 1420 vero,
513 1393 533 1413 a
557 1393 619 1423 quo
642 1383 738 1420 alius,
752 1383 936 1423 paternitas
960 1390 990 1414 et
1011 1384 1155 1423 spiratio.
1181 1383 1299 1420 Quoad
1313 1395 1382 1425 per-

320 1438 433 1458 sonam
454 1437 530 1457 vero
553 1426 633 1463 Filii,
659 1436 696 1456 ex
718 1427 751 1468 ly
769 1428 824 1468 qui
842 1427 882 1457 ab
901 1428 965 1458 alio
988 1427 1121 1458 habetur
1133 1427 1277 1468 filiatio:
1299 1439 1336 1459 ex
1350 1429 1383 1470 ly

318 1481 394 1502 vero
409 1481 430 1501 a
446 1481 508 1511 quo
523 1471 619 1509 alius,
635 1471 769 1502 habetur
785 1471 896 1501 eadem
911 1472 1052 1511 spiratio.
1079 1471 1195 1509 Quoad
1212 1482 1382 1512 personam

318 1525 393 1546 vero
417 1515 550 1555 Spiritus
574 1515 688 1551 Sancti,
713 1525 750 1545 ex
772 1515 805 1555 ly
827 1516 884 1555 qui
904 1515 946 1546 ab
967 1516 1033 1546 alio
1056 1516 1189 1546 habetur
1199 1518 1383 1557 processio:

319 1569 356 1590 ex
378 1559 410 1600 ly
434 1569 508 1589 vero
533 1569 554 1589 a
577 1568 639 1599 quo
662 1559 764 1596 alius,
789 1568 847 1589 nec
870 1559 1008 1599 positive
1029 1569 1087 1590 nec
1110 1561 1252 1600 negative
1277 1561 1382 1602 aliqua

318 1603 466 1644 ponitur,
497 1610 627 1643 propter
649 1602 806 1633 rationem
827 1603 1030 1634 subiunctam
1057 1604 1090 1634 in
1112 1605 1319 1645 responsione
1341 1606 1382 1636 ad

319 1655 478 1689 quartum.

377 1692 428 1723 IV.
446 1691 563 1728 Quoad
578 1690 753 1722 secundum
769 1689 799 1727 *,
825 1691 1050 1722 determinatur
1065 1698 1095 1722 et
1109 1702 1261 1724 numerus
1285 1694 1381 1724 simul

318 1745 392 1766 cum
411 1735 487 1775 ipsis
509 1736 602 1765 rebus
626 1734 798 1765 numeratis
821 1735 952 1766 illorum
968 1742 1115 1776 quatuor,
1141 1737 1258 1768 scilicet
1280 1739 1381 1768 notio-

319 1781 379 1817 nis,
405 1780 580 1818 relationis,
600 1780 811 1819 proprietatis
825 1786 856 1809 et
871 1780 1114 1820 personalitatis
1119 1790 1134 1818 ;
1158 1787 1194 1811 ut
1210 1781 1382 1813 formaliter

317 1824 417 1864 possit
434 1823 555 1854 locutio
574 1823 778 1863 interpretari,
795 1833 853 1854 nec
872 1833 976 1854 unum
991 1823 1123 1855 confuse
1142 1834 1200 1864 pro
1219 1825 1282 1856 alio
1304 1826 1381 1856 acci-

317 1868 430 1908 piatur.
455 1867 496 1897 Et
518 1867 551 1897 in
575 1867 675 1898 littera
698 1867 771 1897 satis
794 1867 875 1898 clare
898 1874 1016 1908 patent.
1033 1885 1054 1890 -
1068 1868 1100 1899 Si
1124 1878 1188 1908 qua
1202 1879 1278 1900 vero
1301 1870 1382 1900 circa

317 1912 393 1942 haec
416 1918 490 1942 sunt
513 1911 616 1947 dubia,
641 1909 761 1953 [circa]
785 1911 995 1948 constitutiva,
1020 1918 1075 1943 aut
1094 1912 1174 1943 circa
1191 1913 1381 1944 innascibili-

317 1963 422 1992 tatem,
447 1955 576 1986 inferius
600 1955 735 1996 propriis
758 1955 840 1986 locis,
855 1955 872 1974 *
895 1956 1057 1996 patebunt.

369 2000 408 2030 V.
433 1999 525 2030 Circa
548 1999 777 2030 discussionem
801 1999 915 2030 factam
943 2000 976 2030 in
999 1999 1117 2036 littera,
1146 2007 1226 2043 post
1251 2011 1380 2042 respon-

317 2044 421 2074 siones
445 2044 484 2073 ad
507 2050 700 2083 argumenta,
726 2043 860 2074 occurrit
883 2043 1017 2074 dubium
1041 2050 1167 2075 motum
1188 2055 1205 2075 a
1221 2045 1327 2082 Scoto,
1348 2045 1381 2076 in

314 2098 411 2119 xxvm
433 2087 632 2118 distinctione
654 2087 760 2124 Primi,
781 2097 835 2128 qu.
851 2098 872 2125 1,
892 2097 1013 2128 argum.
1038 2089 1065 2125 3,
1082 2095 1113 2119 et
1135 2088 1186 2119 hic
1209 2089 1379 2120 intactum:

317 2142 413 2173 quare
429 2131 546 2162 scilicet
569 2142 635 2162 non
659 2138 704 2162 est
727 2132 875 2172 ponenda
899 2139 984 2163 sexta
1010 2132 1120 2169 notio,
1146 2133 1262 2164 scilicet
1285 2135 1382 2174 inspi-

317 2177 474 2214 rabilitas,
495 2175 675 2206 communis
697 2176 781 2206 Patri
805 2182 835 2206 et
857 2175 950 2207 Filio.
975 2176 1063 2207 Sicut
1082 2177 1167 2207 enim
1183 2178 1274 2208 Pater
1288 2178 1381 2208 inno-

317 2219 406 2250 tescit
428 2218 562 2260 positive
585 2219 768 2258 dupliciter,
801 2226 831 2250 et
854 2219 996 2259 negative
1019 2220 1187 2260 negatione
1217 2221 1381 2262 utriusque

318 2263 456 2303 originis,
479 2263 529 2293 vel
551 2263 671 2303 primae
696 2273 814 2299 earum,
833 2263 877 2293 ita
900 2263 1009 2299 Filius,
1035 2274 1109 2294 cum
1133 2265 1191 2295 sibi
1215 2265 1381 2296 conveniat

317 2307 442 2347 negatio
466 2307 562 2337 unius
585 2316 703 2342 earum,
728 2307 820 2338 debet
843 2307 895 2337 illa
917 2307 1123 2338 innotescere.

374 2351 426 2382 VI.
451 2351 502 2382 Ad
520 2351 582 2382 hoc
602 2350 735 2382 dubium
754 2351 832 2381 nihil
851 2351 979 2382 invenio
999 2361 1017 2382 a
1034 2362 1058 2383 s.
1067 2351 1196 2383 Thoma
1210 2351 1331 2384 dictum
1347 2352 1380 2383 in

318 2395 454 2436 speciali,
471 2401 614 2435 respectu
630 2404 782 2435 personae
798 2395 879 2426 Filii.
901 2395 1034 2426 Inferius
1049 2405 1198 2437 namque,
1211 2406 1264 2437 qu.
1275 2407 1378 2433 xxxm,

317 2446 373 2470 art.
390 2439 438 2478 4*,
459 2445 489 2469 et
507 2438 540 2469 in
556 2439 568 2469 Ι
584 2439 684 2476 Sem„
702 2438 772 2470 dist.
789 2449 892 2476 xxvm,
910 2449 964 2479 qu.
982 2450 1006 2476 1,
1024 2446 1079 2471 art.
1102 2451 1112 2470 1
1125 2440 1169 2476 **,
1187 2441 1380 2472 solutionem

317 2483 411 2513 huius
435 2482 523 2513 dubii
547 2482 640 2519 dedit,
665 2482 856 2523 inquantum
880 2483 980 2523 tangit
1001 2493 1172 2523 personam
1195 2484 1308 2521 Patris,
1333 2484 1380 2515 di-

317 2537 390 2558 cens
406 2527 495 2567 quod
511 2526 732 2557 innascibilitas
750 2526 903 2567 importat
920 2527 1122 2567 negationem
1138 2528 1302 2570 utriusque
1319 2529 1380 2559 ori-

317 2571 413 2611 ginis:
438 2581 475 2601 ex
497 2570 558 2601 hoc
582 2571 666 2600 enim
690 2570 854 2602 manifeste
877 2578 964 2611 patet
985 2572 1075 2611 quod
1094 2571 1126 2602 in
1142 2572 1231 2603 Patre
1251 2582 1317 2603 non
1334 2579 1380 2604 est

317 2625 399 2655 opus
422 2615 665 2654 inspirabilitate.
698 2615 759 2645 Sed
782 2624 928 2655 praesens
955 2615 1089 2646 dubium
1113 2623 1160 2647 est
1182 2617 1221 2647 de
1244 2626 1379 2657 persona

316 2659 397 2690 Filii.
419 2676 437 2682 -
456 2659 502 2689 Ea
532 2669 662 2700 quoque
691 2669 772 2700 quae
804 2659 843 2689 de
874 2658 1059 2690 sufficientia
1089 2660 1279 2697 notionum,
1307 2671 1379 2691 xxvi

317 2702 516 2734 distinctione
540 2702 669 2733 Primi*
692 2703 783 2739 dicit,
809 2703 891 2733 male
919 2711 1048 2743 possent
1071 2704 1111 2734 ad
1133 2704 1196 2735 hoc
1219 2705 1377 2745 applicari.

316 2747 405 2777 Tum
428 2747 503 2787 quia
530 2747 625 2777 etiam
648 2746 866 2787 inspirabilitas
897 2747 971 2778 dicit
1003 2747 1123 2789 aliquid
1151 2748 1302 2788 speciale:
1334 2756 1380 2780 est

318 2791 402 2821 enirn
425 2790 550 2830 negatio
567 2791 599 2821 in
615 2800 727 2830 genere
753 2798 810 2822 etc.
835 2791 923 2821 Tum
947 2791 1022 2832 quia
1046 2792 1140 2822 etiam
1155 2792 1379 2824 innascibilitas

317 2834 499 2865 conceditur
522 2845 539 2864 a
562 2845 586 2866 s.
603 2835 732 2865 Thoma
755 2835 845 2865 notio
869 2842 905 2866 ut
928 2843 974 2866 est
997 2836 1122 2877 negatio
1145 2837 1323 2874 nativitatis,
1344 2844 1380 2868 ut

317 2885 402 2919 patet
424 2878 504 2909 infra
519 2878 546 2909 *.

374 2923 486 2953 Scotus
503 2929 619 2959 autem,
636 2922 691 2953 ubi
707 2933 811 2963 supra,
829 2923 918 2964 quasi
934 2923 1027 2955 vellet
1045 2924 1244 2956 introducere
1260 2931 1379 2956 sextam

317 2967 499 2997 notionem:
525 2977 590 2997 non
615 2967 709 2997 audet
724 2973 829 2997 tamen
846 2977 878 2997 se
895 2974 1004 2998 contra
1027 2974 1198 2999 torrentem
1214 2979 1378 3010 opponere

317 3011 494 3047 doctorum,
519 3010 660 3051 quinque
679 3017 803 3041 tantum
823 3011 968 3042 notiones
993 3013 1248 3052 approbantium.
1274 3013 1377 3050 Unde,

317 3054 385 3090 nisi,
402 3054 514 3095 inquit,
540 3054 714 3094 assignetur
730 3055 835 3095 aliqua
850 3055 928 3086 ratio
946 3056 984 3086 de
1000 3055 1072 3093 hoc,
1093 3063 1177 3087 sexta
1194 3057 1251 3088 erit
1267 3066 1378 3088 conce-

317 3098 418 3128 denda
433 3098 532 3129 notio.
548 3116 568 3121 —
582 3098 715 3129 Videtur
733 3105 839 3129 autem
863 3099 940 3129 mihi
960 3100 1049 3140 quod
1065 3100 1223 3131 sufficiens
1246 3101 1379 3132 habetur

316 3142 394 3173 ratio
418 3152 514 3183 quare
537 3142 758 3183 inspirabilitas
778 3153 844 3173 non
863 3149 909 3173 est
927 3144 1075 3183 ponenda
1094 3145 1175 3176 inter
1197 3145 1354 3176 notiones.

374 3186 440 3217 VII.
462 3186 512 3217 Ad
532 3186 621 3217 cuius
645 3186 843 3223 evidentiam,
864 3187 942 3218 scito
959 3188 1057 3228 quod,
1083 3199 1158 3219 cum
1176 3189 1266 3220 notio
1284 3189 1378 3220 inno—

317 3230 453 3260 tescendi
476 3230 573 3270 gratia
605 3231 753 3270 ponenda
782 3230 839 3267 sit,
869 3238 904 3261 ut
927 3231 994 3262 eius
1017 3242 1136 3263 nomen
1165 3232 1317 3270 ostendit;
1348 3239 1378 3264 et

317 3274 449 3313 privatio
473 3284 528 3314 per
551 3274 704 3310 habitum,
729 3274 918 3315 negatioque
942 3285 998 3315 per
1020 3276 1263 3307 affirmationem
1287 3283 1377 3307 natu-

317 3317 418 3347 raliter
447 3325 672 3368 cognoscatur,
702 3325 733 3348 et
765 3328 830 3349 non
861 3329 877 3348 e
902 3329 1071 3350 converso:
1103 3330 1300 3362 consequens
1332 3326 1378 3351 est

317 3362 404 3411 quod
424 3362 603 3401 negationes
628 3363 801 3393 modorum
825 3363 954 3402 originis
973 3363 1053 3394 inter
1071 3365 1218 3395 notiones
1242 3374 1378 3405 compu-

317 3405 373 3434 tari
393 3405 571 3444 regulariter
594 3416 661 3437 non
684 3406 868 3437 debent.1n
892 3407 981 3437 cuius
1001 3407 1137 3447 signum,
1155 3418 1290 3449 persona
1308 3408 1378 3448 Spi-

317 3448 394 3478 ritus
417 3449 520 3479 Sancti
544 3460 641 3480 unam
665 3457 788 3480 tantum
811 3450 978 3481 notionem
1001 3451 1112 3488 habet,
1137 3459 1168 3483 et
1189 3459 1295 3483 tamen
1319 3451 1377 3483 sibi

318 3493 463 3522 convenit
479 3493 602 3532 negatio
620 3493 786 3525 nativitatis
810 3494 891 3524 Filio
916 3495 1140 3527 convenientis.
1165 3497 1207 3527 Et
1221 3495 1376 3537 quoniam

316 3535 534 3575 inspirabilitas
558 3538 682 3576 negatio
707 3538 863 3578 quaedam
887 3545 941 3575 est,
966 3539 1039 3570 ideo
1057 3539 1139 3571 inter
1162 3540 1309 3572 notiones
1330 3539 1376 3571 lo-

317 3589 391 3609 cum
414 3579 526 3610 habere
550 3590 615 3610 non
639 3581 738 3612 debet.

1494 460 1575 491 VIII.
1594 460 1690 497 Quod
1708 467 1814 491 autem
1831 461 2054 491 innascibilitas
2071 461 2161 491 notio
2178 461 2282 501 posita
2298 460 2338 491 sit
2353 461 2505 500 negativa,

1439 510 1560 544 praeter
1583 504 1764 544 regulariter
1787 512 1842 541 est,
1867 512 1996 545 propter
2020 512 2080 535 tres
2105 505 2277 545 singulares
2300 504 2447 542 rationes,
2462 506 2509 536 lo-

1439 557 1513 578 cum
1537 558 1602 578 non
1626 548 1776 579 habentes
1799 548 1832 578 in
1856 549 1924 579 aliis
1948 548 2179 589 negationibus.

1497 593 1607 622 Prima
1631 599 1694 628 est,
1720 593 1796 633 quia
1819 603 1954 632 persona
1977 593 2076 623 Patris
2100 593 2168 622 sola
2192 603 2224 623 se
2247 592 2342 623 habet
2364 592 2396 622 in
2419 593 2507 623 trini-

1438 642 1500 666 tate
1523 636 1556 666 in
1580 636 1702 666 ratione
1729 636 1823 676 primi
1854 636 2017 676 principii:
2051 637 2138 667 solus
2168 637 2253 667 enirn
2280 637 2371 667 Pater
2393 636 2436 667 ibi
2461 644 2507 668 est

1438 679 1629 730 principium
1650 690 1716 710 non
1741 681 1779 710 de
1803 680 1969 720 principio.
1994 681 2034 712 Et
2053 687 2229 721 propterea,
2246 687 2316 711 tum
2335 680 2411 721 quia
2425 681 2505 712 ratio

1438 723 1534 763 primi
1561 724 1683 763 optime
1716 734 1772 764 per
1794 724 1995 764 negationem
2024 724 2224 760 notificatur;
2258 731 2328 755 tum
2352 725 2392 755 ad
2415 734 2504 756 com-

1439 768 1653 798 mendandam
1663 767 1744 798 hanc
1760 775 1880 798 tantam
1895 769 1993 799 Patris
2005 769 2225 800 auctoritatem
2237 767 2381 811 (propter
2396 778 2503 819 quam,

1439 812 1616 842 secundum
1646 811 1805 842 Hilarium
1824 812 1858 848 *,
1889 812 1991 843 maior
2019 812 2133 843 dicitur
2156 813 2256 849 Filio,
2289 819 2320 844 et
2349 812 2448 843 Filius
2471 812 2505 843 in

1438 855 1611 895 Evangelio
1626 854 1738 886 solitus
1758 862 1804 886 est
1826 856 1936 886 omnia
1957 856 2071 887 referre
2094 857 2134 887 ad
2155 857 2290 893 Patrem,
2316 864 2347 888 et
2365 857 2504 887 Ecclesia

1439 909 1551 929 omnes
1567 898 1630 929 fere
1647 899 1806 929 orationes
1829 899 1869 929 ad
1891 900 2015 930 Patrem
2035 898 2163 943 dirigit),
2188 900 2301 932 merito
2317 900 2504 932 huiusmodi

1439 943 1564 983 negatio
1588 942 1678 973 notio
1694 943 1798 983 posita
1821 949 1877 974 est.
1895 961 1914 966 -
1930 943 1972 974 Et
1989 943 2066 974 haec
2081 944 2160 974 ratio
2176 945 2314 985 tangitur
2335 945 2368 975 in
2391 942 2502 981 littera,

1438 987 1470 1018 in
1494 987 1701 1027 responsione
1733 987 1772 1017 ad
1803 994 1954 1028 quartum
1981 987 2014 1017 in
2038 988 2140 1024 calce,
2169 995 2201 1019 et
2222 988 2255 1019 in
2279 989 2291 1019 1
2315 989 2401 1020 Sent.
2413 1012 2424 1027 ‚
2449 989 2503 1019 ubi

1437 1042 1532 1072 supra
1547 1031 1575 1062 *.

1496 1075 1644 1106 Secunda
1661 1075 1744 1106 ratio
1760 1081 1815 1111 est,
1833 1082 1962 1125 propter
1976 1069 2095 1106 variam
2118 1075 2350 1107 connexionem
2368 1076 2504 1108 istorum

1438 1120 1648 1151 terminorum
1664 1119 1697 1150 in
1714 1119 1889 1155 communi,
1906 1119 2023 1150 scilicet
2044 1120 2142 1150 Pater
2165 1126 2195 1150 et
2218 1121 2391 1161 ingenitus.
2416 1121 2504 1152 Haec

1438 1163 1524 1194 enim
1540 1164 1605 1194 duo
1622 1169 1763 1204 separata
1779 1163 1983 1193 inveniuntur
1999 1164 2085 1204 apud
2100 1172 2174 1194 nos:
2193 1163 2298 1194 omnis
2315 1163 2400 1194 enim
2416 1167 2504 1204 p'ater

1438 1215 1484 1239 est
1499 1208 1633 1248 genitus,
1651 1208 1732 1238 idest
1747 1208 1786 1237 ab
1805 1207 1882 1243 alio;
1902 1207 1953 1238 vel
1969 1207 2062 1238 etiam
2079 1207 2203 1247 genitus
2219 1207 2355 1248 proprie,
2374 1214 2503 1248 excepto

1437 1252 1551 1288 Adam,
1568 1252 1624 1293 qui
1641 1251 1702 1282 fuit
1724 1258 1812 1292 pater
1827 1258 1858 1282 et
1873 1251 2041 1291 ingenitus.
2066 1252 2113 1282 Ex
2137 1251 2273 1292 propriis
2287 1258 2393 1282 tamen
2410 1251 2503 1283 ratio-

1437 1296 1531 1327 nibus
1550 1296 1701 1336 coniungi
1720 1302 1864 1336 possunt,
1885 1302 1915 1326 et
1933 1295 1967 1326 in
1985 1296 2117 1327 Paterna
2135 1296 2274 1326 Persona
2295 1295 2403 1327 iuncta
2418 1303 2501 1327 sunt.

1436 1341 1511 1372 Non
1528 1339 1571 1371 sic
1587 1347 1696 1371 autem
1711 1347 1757 1371 est
1771 1340 1809 1370 de
1824 1340 1907 1370 Filio
1927 1346 1957 1370 et
1972 1340 2152 1381 inspirabili
2160 1349 2168 1371 .·
2192 1340 2268 1370 haec
2283 1339 2369 1370 enim
2383 1340 2502 1381 ubique

1437 1394 1578 1416 connexa
1602 1391 1684 1415 sunt.
1714 1384 1756 1414 Et
1778 1384 1850 1414 ideo
1875 1384 1988 1415 merito
2017 1383 2142 1424 negatio
2165 1383 2219 1414 illa
2245 1383 2326 1414 inter
2354 1384 2502 1415 notiones

1437 1435 1602 1459 numerata
1625 1435 1680 1459 est.
1697 1446 1718 1450 —
1734 1428 1775 1459 Et
1798 1427 1934 1458 sumitur
1956 1428 2033 1459 haec
2057 1428 2136 1459 ratio
2156 1438 2193 1458 ex
2210 1428 2401 1468 Augustino,
2419 1428 2448 1459 V
2462 1427 2502 1459 de

1441 1473 1568 1510 Trinit„
1594 1482 1661 1513 cap.
1683 1472 1713 1503 8.

1499 1517 1606 1547 Tertia
1622 1517 1706 1547 ratio
1721 1522 1768 1547 est
1785 1526 1822 1546 ex
1838 1516 1969 1552 Hilario,
1987 1516 2020 1546 in
2035 1515 2088 1547 lib.
2106 1516 2146 1547 de
2161 1516 2302 1556 Synodis
2310 1515 2338 1554 *,
2356 1516 2396 1546 ad
2412 1519 2499 1547 com'-

1436 1561 1649 1592 mendandam
1672 1560 1826 1591 unitatem
1850 1560 1972 1590 divinae
1995 1567 2143 1591 naturae:
2168 1561 2320 1601 ponendo
2343 1556 2503 1601 siquidem‘

1435 1605 1653 1636 innascibilem
1672 1614 1770 1635 unam
1793 1610 1972 1644 personam,
1997 1604 2127 1644 ponitur
2145 1613 2249 1635 unum
2264 1604 2456 1645 principium
2471 1610 2502 1635 et

1436 1656 1532 1690 caput
1545 1649 1578 1684 in
1594 1655 1706 1680 natura
1730 1648 1844 1679 divina.
1865 1648 1971 1689 Inquit
1994 1648 2079 1679 enim
2103 1648 2242 1679 Hilarius
2268 1649 2358 1691 quod
2381 1658 2501 1688 ponere

1437 1693 1518 1724 duos
1541 1692 1749 1729 innascibiles,
1766 1699 1812 1723 est
1830 1702 1949 1733 ponere
1968 1692 2074 1733 plures
2098 1693 2175 1723 deos
2199 1698 2229 1723 et
2251 1692 2358 1733 plures
2374 1698 2500 1723 naturas

1436 1737 1570 1767 divinas:
1591 1747 1626 1768 ac
1642 1746 1697 1777 per
1712 1737 1783 1773 hoc,
1800 1746 1919 1777 ponere
1934 1746 2038 1767 unum
2053 1736 2280 1773 innascibilem,
2298 1735 2502 1767 commendat

1435 1781 1589 1812 unitatem
1605 1780 1729 1811 divinae
1753 1787 1891 1811 naturae.
1916 1780 2048 1820 Propter
2063 1781 2161 1820 quod,
2179 1781 2255 1810 sacri
2273 1780 2418 1810 doctores
2434 1789 2501 1813 non

1435 1825 1710 1866 qualitercumque
1732 1830 1859 1864 ponunt
1877 1823 2150 1855 innascibilitatem
2166 1834 2233 1855 esse
2249 1823 2425 1860 notionem,
2445 1823 2500 1856 sed

1435 1876 1471 1900 ut
1493 1868 1622 1909 propria
1645 1875 1691 1899 est
1713 1867 1811 1904 Patri,
1834 1867 1878 1898 ita
1901 1868 1991 1908 quod
2021 1877 2078 1899 nec
2108 1868 2259 1899 essentiae
2289 1877 2348 1898 nec
2370 1867 2500 1908 Spiritui

1435 1913 1551 1944 Sancto
1576 1911 1733 1943 convenit.

1494 1956 1634 1987 Accessit
1657 1955 1738 1986 forte
1761 1955 1799 1986 ad
1823 1955 1916 1992 haec,
1948 1955 2036 1996 quod
2060 1955 2244 1987 nominibus
2267 1955 2403 1997 propriis
2427 1964 2500 1996 pro-

1437 2000 1585 2031 cessionis
1614 1999 1747 2041 Spiritus
1771 1999 1876 2030 Sancti
1903 2009 2055 2030 caremus.
2076 2018 2096 2022 -
2116 1999 2200 2037 Quia
2226 1999 2322 2040 igitur
2344 1999 2500 2030 rationem

1436 2044 1590 2075 habemus
1614 2054 1711 2085 quare
1734 2043 1884 2084 singulari
1906 2044 2071 2084 privilegio
2094 2043 2317 2075 innascibilitas
2333 2050 2380 2075 est
2398 2043 2498 2080 notio,

1436 2096 1467 2120 et
1482 2088 1663 2130 regulariter
1682 2088 1865 2128 negationes
1882 2098 1900 2118 a
1914 2088 2100 2119 notionibus
2119 2088 2339 2125 excluduntur,
2363 2087 2499 2119 rationa-

1435 2133 1538 2164 biliter
1554 2143 1571 2164 a
1587 2133 1681 2164 sacris
1697 2132 1882 2164 doctoribus
1897 2132 2117 2172 inspirabilitas
2133 2132 2251 2164 omissa
2265 2140 2321 2163 est.

1466 2212 1468 2215 .
1493 2177 1546 2208 IX.
1571 2177 1606 2207 In
1629 2176 1836 2217 responsione
1855 2177 1895 2207 ad
1914 2176 2101 2213 secundum,
2125 2177 2250 2208 adverte
2274 2176 2363 2218 quod
2382 2174 2499 2216 signifi-

1435 2221 1497 2251 cari
1521 2228 1557 2252 ut
1584 2231 1632 2251 res
1655 2220 1841 2262 quaedam,¹
1864 2227 1911 2251 est
1938 2220 2103 2260 significari
2135 2227 2171 2251 ut
2198 2230 2247 2251 res
2277 2219 2442 2261 singularis
2465 2219 2499 2251 in

1435 2274 1541 2295 rerum
1559 2271 1679 2295 natura.
1703 2264 1745 2294 Et
1767 2263 1921 2304 quoniam
1944 2264 2129 2295 nominibus
2147 2274 2356 2305 personarum
2375 2264 2408 2295 in
2427 2270 2499 2296 aem

1434 2308 1579 2345 exercito,
1604 2314 1640 2339 ut
1662 2308 1761 2338 Pater
1783 2314 1814 2338 et
1835 2308 1939 2338 Fulius
1954 2313 1984 2338 et
1998 2308 2138 2348 Spiritus
2153 2309 2301 2346 Sanctus,
2318 2315 2349 2339 et
2367 2308 2498 2339 nomine

1435 2352 1578 2383 similiter
1593 2352 1753 2388 essentiae,
1771 2358 1806 2382 ut
1821 2352 1922 2389 Deus,
1940 2351 2155 2391 significantur
2173 2362 2326 2392 personae
2342 2359 2374 2383 et
2387 2359 2500 2383 namra

1434 2395 1467 2427 in
1484 2396 1596 2427 divinis
1613 2402 1649 2426 ut
1664 2406 1712 2426 res
1727 2396 1916 2436 singulares;
1941 2396 2112 2426 notionum
2131 2403 2247 2432 autem,
2267 2396 2499 2437 proprietatum

1435 2447 1465 2471 et
1490 2440 1681 2471 relationum
1703 2446 1739 2470 ut
1762 2440 1806 2470 sic
1835 2439 2032 2476 nominibus,
2059 2439 2140 2471 idest
2162 2439 2337 2476 abstractis,
2357 2441 2499 2474 rationes

2530 818 2592 840 “De
2612 818 2687 846 Trin„
2701 819 2744 841 lib.

2530 838 2571 872 lx,
2587 851 2610 867 ιι.
2620 851 2656 873 54.

2530 1038 2607 1060 'Dist.
2617 1044 2689 1060 xxvm
2691 1044 2743 1067 ‚qm

2531 1070 2547 1091 1,
2562 1068 2605 1087 art.
2618 1071 2634 1093 1,
2649 1065 2678 1087 nd
2691 1055 2715 1092 ’4.

2526 1522 2536 1532 ·
2542 1521 2619 1548 Super
2624 1525 2675 1543 ean.
2680 1526 2744 1544 xxvi.

1434 2484 1542 2525 potius
1565 2494 1670 2514 rerum
1694 2483 1926 2524 significantur:
1958 2483 2031 2514 ideo
2063 2494 2099 2514 ex
2123 2484 2241 2515 horum
2269 2493 2404 2521 numero
2431 2493 2499 2515 non
2539 2510 2542 2513 ι

1435 2527 1548 2559 dicitur
1570 2528 1657 2559 Deus
1681 2527 1808 2569 quinus,
1832 2528 1883 2558 vel
1906 2527 2080 2568 quatrinus,
2105 2534 2163 2559 etc.

1491 2573 1529 2604 X.
1555 2572 1591 2602 In
1610 2572 1817 2612 responsione
1833 2572 1872 2602 ad
1889 2571 2026 2608 tertium,
2044 2571 2180 2603 dubium
2196 2579 2251 2609 est,
2268 2578 2397 2612 propter
2413 2571 2499 2603 obie—

1434 2616 1572 2648 ctionem
1597 2615 1683 2648 Scoti
1698 2616 1732 2647 in
1751 2616 1959 2653 Quodlibetis,
1976 2626 2030 2657 qu.
2047 2626 2077 2652 v,
2093 2616 2126 2646 in
2150 2616 2233 2647 calce
2257 2623 2312 2647 art.
2334 2625 2363 2648 ².
2388 2615 2421 2647 Si
2436 2615 2499 2647 dis-

1433 2659 1567 2697 tinctio,'
1588 2659 1709 2701 inquit,
1738 2660 1868 2690 rationis
1891 2660 1971 2691 inter
1994 2660 2213 2700 paternitatem
2241 2667 2271 2691 et
2294 2659 2499 2701 spirationem

1434 2703 1590 2736 sufficeret
1605 2705 1645 2735 ad
1663 2704 1900 2745 impediendam
1923 2703 2190 2746 praedicationem
2205 2704 2238 2734 in
2258 2705 2422 2742 abstracto,
2439 2703 2498 2735 im-

1433 2748 1594 2790 pediretur
1617 2748 1713 2779 etiam
1735 2748 1802 2785 ista,
1827 2749 1983 2789 sapientia
2003 2753 2050 2779 est
2067 2749 2202 2786 bonitas,
2219 2748 2374 2790 quoniam
2389 2748 2498 2780 distin-

1433 2799 1575 2833 guuntur
1598 2792 1789 2823 formaliter:
1815 2802 2011 2833 consequens
2035 2799 2142 2823 autem
2166 2799 2211 2824 est
2235 2792 2351 2823 falsum
2367 2792 2452 2833 apud
2467 2798 2498 2823 te

1432 2837 1498 2868 hic:
1524 2846 1608 2877 ergo.
1629 2854 1650 2859 —
1667 2836 1860 2877 Exemplum
1887 2846 2019 2878 quoque
2047 2837 2137 2878 quod
2159 2837 2198 2867 de
2220 2836 2373 2868 attributo
2396 2836 2496 2867 addu-

1433 2881 1527 2917 citur,
1551 2890 1618 2912 non
1641 2887 1688 2911 est
1710 2881 1749 2911 ad
1779 2881 2001 2921 propositum:
2027 2881 2082 2911 sed
2105 2880 2212 2921 potius
2235 2881 2275 2910 ad
2299 2879 2495 2920 oppositum.

1431 2925 1526 2957 Extra
1540 2924 1743 2966 propositum
1759 2924 1908 2966 quidem:
1933 2925 2008 2966 quia
2026 2924 2212 2956 attributum
2237 2931 2284 2955 est
2305 2933 2424 2955 nomen
2447 2923 2495 2955 in-

1432 2969 1590 3006 tentionis,
1615 2968 1759 3010 quaestio
1783 2975 1889 2999 autem
1913 2976 1959 2999 est
1982 2969 2021 2999 de
2044 2967 2228 2999 nominibus
2251 2967 2372 3008 primae
2394 2967 2495 2999 inten-

1431 3013 1538 3044 tionis.
1562 3012 1612 3043 Ad
1636 3012 1824 3054 oppositum
1846 3021 1940 3043 vero:
1965 3013 2040 3054 quia
2063 3022 2100 3043 ex
2121 3011 2178 3043 illo
2197 3012 2343 3052 exemplo
2363 3011 2495 3044 habetur

1431 3057 1530 3098 quod,
1551 3056 1631 3088 sicut
1649 3056 1834 3088 attributum
1857 3057 2018 3097 potentiae
2041 3066 2106 3087 non
2125 3062 2172 3086 est
2186 3055 2373 3087 attributum
2396 3055 2494 3087 scien-

1431 3101 1506 3137 tiae,
1531 3107 1562 3132 et
1584 3107 1691 3132 tamen
1719 3100 1860 3141 potentia
1883 3107 1930 3132 est
1953 3100 2096 3136 scientia;
2121 3099 2164 3130 ita
2186 3100 2277 3131 notio
2301 3099 2495 3140 paternitatis

1431 3154 1497 3176 non
1522 3151 1568 3176 est
1582 3145 1672 3176 notio
1689 3144 1877 3185 spirationis,
1902 3151 1933 3176 et
1954 3152 2061 3176 tamen
2083 3144 2252 3184 paternitas
2276 3145 2322 3176 est
2345 3143 2493 3184 spiratio;

1431 3189 1519 3230 quod
1543 3195 1589 3220 est
1612 3188 1800 3230 oppositum
1823 3189 1960 3220 intentae
1983 3187 2206 3219 conclusionis.

1488 3232 1542 3263 XI.
1566 3233 1618 3263 Ad
1640 3232 1702 3263 hoc
1726 3232 1858 3270 dicitur,
1891 3232 1980 3274 quod
2010 3231 2146 3263 obiectio
2175 3231 2318 3272 procedit
2346 3242 2383 3262 ex
2406 3230 2492 3262 malo

1429 3276 1589 3308 intellectu
1613 3276 1750 3308 litterae:
1775 3276 1842 3307 imo
1866 3287 1903 3308 ex
1926 3275 2081 3307 diminuta
2104 3275 2300 3316 inspectione
2316 3275 2393 3307 eius.
2417 3275 2492 3306 Non

1429 3320 1515 3351 enim
1534 3320 1646 3351 dicitur
1669 3321 1702 3351 in
1725 3320 1825 3351 littera
1848 3321 1937 3361 quod
1959 3320 2032 3350 ideo
2055 3329 2120 3350 non
2145 3319 2364 3360 praedicantur
2386 3319 2425 3350 de
2444 3319 2492 3349 in—

1429 3364 1540 3401 vicem,
1565 3364 1640 3405 quia
1663 3364 1900 3404 distinguuntur
1924 3364 2063 3394 ratione:
2088 3364 2142 3394 sed
2165 3365 2240 3404 quia
2264 3364 2493 3405 significantur

1431 3413 1466 3438 ut
1481 3409 1627 3439 diversae
1649 3410 1792 3440 rationes
1807 3417 2037 3449 personarum,
2055 3407 2134 3438 idest
2150 3414 2186 3438 ut
2201 3407 2340 3438 diversae
2356 3406 2491 3438 rationes

1429 3452 1575 3483 relativae
1599 3451 1766 3495 (personae
1789 3451 1875 3482 enim
1898 3451 2021 3482 divinae
2044 3451 2210 3482 relationes
2230 3458 2304 3482 sunt
2322 3450 2491 3482 subsisten-

1430 3502 1485 3531 tes,
1503 3502 1539 3526 ut
1554 3496 1751 3536 praedictum
1775 3495 1834 3526 fuit
1848 3493 1889 3538 *).
1914 3495 1955 3526 Et
1977 3495 2111 3526 intendit
2126 3495 2164 3526 de
2181 3494 2379 3526 diversitate'
2370 3503 2404 3524 m
2419 3500 2490 3524 actu

1431 3539 1582 3575 exercito,
1615 3549 1681 3570 non
1705 3540 1763 3570 sub
1787 3539 1927 3570 notionis
1949 3539 2125 3576 vocabulo,
2157 3539 2212 3570 sed
2243 3539 2301 3570 sub
2332 3537 2490 3570 relationis

1430 3583 1560 3614 ratione.
1591 3583 1755 3614 Fundatur
1777 3583 1863 3614 enim
1885 3583 2050 3623 responsio
2073 3583 2149 3614 haec
2177 3592 2272 3623 super
2295 3581 2435 3613 doctrina
2457 3581 2490 3611 in

2517 3501 2579 3529 Ὦιι.
2586 3507 2649 3530 xxxv,
2657 3505 2699 3524 nrt.
2705 3507 2730 3528 4.
