2768 4178
27 1282 108 1308 „mm
118 1285 139 1301 a*
152 1299 154 1301 .

35 2724 46 2735 ·
59 2723 112 2747 Art.
124 2730 150 2748 2.
165 2727 246 2746 contra

36 2751 110 2774 cond.
124 2756 141 2773 ι.

951 284 1217 330 QUAESTIO
1246 285 1350 331 xm,

316 364 374 399 AD
395 374 532 400 PRIMUM
550 374 649 400 ERGO
669 374 852 399 mcENDUM
867 363 983 411 quod,
1005 362 1100 399 sicut
1115 362 1327 399 secundum

263 422 368 452 actus
397 416 608 452 notionales
636 427 716 452 non
743 415 915 464 procedit
943 415 1069 463 aliqua
1095 427 1258 463 persona
1288 423 1329 452 ut

263 468 372 516 facta,
401 468 451 505 ita
483 480 609 516 neque
637 467 806 517 potentia
830 467 879 504 ad
907 474 1012 504 actus
1041 467 1250 504 notionales
1276 468 1328 505 di-

265 521 359 558 citur
387 521 426 558 in
454 521 591 558 divinis
617 532 688 569 per
711 527 926 569 respectum
945 521 993 557 ad
1012 519 1179 569 aliquam
1198 532 1327 568 perso-

263 586 354 610 nam
381 574 540 610 factam:
570 573 637 610 sed
666 574 791 610 solum
819 584 888 622 per
922 580 1135 621 respectum
1170 574 1219 610 ad
1245 585 1328 621 per-

264 638 400 663 sonam
428 626 702 675 procedentem
721 631 750 662 α.

315 681 374 716 Αι)
403 691 592 717 SECUNDUM
620 689 804 724 mcENDUM
832 678 938 737 quod
964 677 1166 726 possibile,
1195 690 1328 715 secun-

264 732 358 769 dum
384 732 491 791 quod
517 730 732 769 necessario
762 730 978 779 opponitur,
1000 730 1169 779 sequitur
1195 738 1329 779 poten-

262 784 355 822 tiam
382 784 589 843 passivam,
619 796 718 833 quae
746 796 826 820 non
855 791 910 821 est
937 783 976 820 in
1005 783 1186 820 divinis.
1156 783 1176 805 ‘¹‘
1218 784 1329 821 Unde

262 849 387 896 neque
415 836 455 874 in
483 836 620 874 divinis
644 844 700 874 est
722 836 864 885 aliquid
881 836 1062 885 possibile
1081 848 1150 885 per
1167 837 1330 874 modum

263 890 395 927 istum:
426 889 494 926 sed
522 890 648 926 solum
677 889 889 926 secundum
914 891 1019 938 quod
1037 889 1219 938 possibile
1239 902 1328 926 con-

262 942 402 979 tinetur
434 942 505 979 sub
539 942 766 980 necessario.
806 942 869 979 Sic
895 941 913 971 Ρ
942 950 1069 980 autem
1105 942 1177 980 dici
1205 950 1330 990 potest

264 994 380 1044 quod,
410 994 505 1032 sicut
523 996 652 1032 Deum
686 1008 767 1032 esse
798 1003 852 1032 est
879 995 1080 1044 possibile,
1111 995 1164 1032 sic
1192 995 1328 1032 Filium

263 1047 435 1096 generari
463 1055 518 1084 est
545 1048 737 1097 possibile.

317 1102 376 1138 An
404 1112 564 1138 TERTIUM
592 1112 776 1138 manDuM
805 1100 911 1150 quod
944 1101 1113 1149 potentia
1145 1100 1329 1148 significat

262 1153 504 1203 principium.
534 1153 767 1202 Principium
795 1161 924 1191 autem
954 1153 1232 1191 distinctionem
1259 1153 1329 1190 im—

262 1213 390 1255 portat
417 1206 465 1243 ab
495 1218 542 1243 eo
571 1206 678 1243 cuius
707 1213 764 1243 est
784 1206 1026 1255 principium.
1057 1206 1330 1243 Consideratur

264 1259 563 1309 autemjduplex
590 1259 777 1296 distinctio
805 1259 845 1296 in
872 1259 931 1296 his
959 1272 1058 1307 quae
1088 1259 1263 1296 dicuntur
1282 1259 1328 1296 de

263 1310 367 1349 Deo:
387 1323 465 1349 una
485 1312 698 1350 secundum
713 1324 806 1359 rem,
823 1311 895 1348 alia
914 1311 1127 1349 secundum
1143 1311 1329 1348 rationem

210 1377 212 1379 ’
264 1371 422 1403 tantum.
443 1364 667 1402 Secundum
686 1376 768 1401 rem
788 1364 956 1413 quidem,
973 1366 1079 1402 Deus
1094 1364 1331 1412 distinguitur

317 1495 346 1528 α)
364 1502 509 1528 personam
528 1495 727 1528 procedentem.
745 1510 765 1515 -
781 1495 899 1528 aliquam
920 1503 1064 1528 personam
1086 1495 1274 1528 procedentem
1294 1496 1329 1524 B,

259 1531 449 1563 procedentem
462 1537 609 1564 personam
627 1531 690 1556 Pub.

1380 285 1676 322 ARTICULUS
1706 286 1757 323 IV
2367 299 2446 336 429

1382 375 1451 411 per
1471 364 1671 401 essentiam
1692 377 1714 401 a
1733 366 1846 402 rebus
1870 378 2032 414 quarum
2053 374 2108 403 est
2125 379 2194 415 per
2214 366 2445 404 creationem

1382 415 1628 465 prinprium:
1648 417 1742 454 sicut
1760 430 1837 454 una
1855 431 2019 467 persona
2039 419 2273 467 distinguitur
2292 420 2340 455 ab
2360 420 2444 467 alia,

1385 469 1490 505 cuius
1519 477 1574 506 est
1600 470 1848 519 principium,
1879 471 2089 508 secundum
2117 480 2244 508 actum
2273 471 2445 509 notiona-

1383 521 1470 558 lem.
1501 521 1578 559 Sed
1598 522 1694 558 aetio
1715 523 1763 559 ab
1790 530 1922 571 agente
1942 536 2020 560 non
2041 524 2277 572 distinguitur
2302 524 2340 561 in
2359 525 2444 562 Deo

1383 573 1453 610 nisi
1486 575 1698 612 secundum
1732 576 1918 612 rationem
1946 584 2110 614 tantum:
2146 577 2313 626 alioquin
2346 577 2444 614 actio

1384 634 1483 663 esset
1510 627 1684 664 accidens
1713 628 1751 665 in
1779 629 1876 666 Deo.
1907 629 1955 666 Et
1983 629 2070 666 ideo
2100 638 2273 678 respectu
2297 630 2444 667 illarum

1384 679 1577 716 actionum
1606 682 1818 718 secundum
1847 693 1940 730 quas
1969 682 2117 731 aliquae
2146 694 2204 719 res
2232 682 2444 730 procedunt

1384 732 1577 769 distinctae
1597 745 1620 769 a
1637 733 1734 780 Deo,
1763 734 1826 770 vel
1845 734 2088 771 essentialiter
2105 735 2167 771 vel
2185 734 2443 783 personaliter,

1383 792 1507 833 potest
1534 786 1619 822 Deo
1649 786 1799 823 attribui
1817 787 1997 834 potentia,
2018 787 2230 824 secundum
2248 787 2443 836 propriam

1384 838 1570 875 rationem
1589 838 1762 887 principii
1780 838 1812 876 ²¹⁶.
1833 840 1882 876 Et
1906 839 2006 886 ideo,
2028 840 2122 876 sicut
2139 840 2347 888 potentiam
2375 853 2445 889 po-

1383 890 1507 927 nimus
1531 891 1684 928 creandi
1712 891 1751 928 in
1773 892 1871 938 Deo,
1900 892 1952 929 ita
1970 904 2176 940 possumus
2203 905 2347 941 ponere
2375 905 2445 941 po-

1383 943 1538 980 tentiam
1562 943 1768 991 generandi
1795 945 1857 981 vel
1881 945 2057 992 spirandi.
2088 945 2165 982 Sed
2188 945 2390 993 intelligere
2410 953 2446 982 et

1382 996 1481 1032 velle
1500 1008 1580 1032 non
1599 1003 1686 1033 sunt
1703 997 1796 1033 tales
1815 1005 1920 1033 actus
1938 997 2002 1045 qui
2023 997 2218 1045 designent
2235 998 2445 1047 processio—

1384 1061 1473 1085 nem
1494 1049 1650 1085 alicuius
1670 1049 1722 1086 rei
1743 1061 1765 1086 a
1783 1050 1868 1086 Deo
1889 1050 2095 1098 distinctae,
2121 1051 2184 1088 vel
2203 1051 2446 1088 essentialiter

1383 1102 1444 1138 vel
1473 1101 1732 1150 personaliter.
1763 1102 1874 1139 Unde
1904 1110 2076 1151 respectu
2103 1103 2243 1140 horum
2271 1111 2444 1151 actuum,

1384 1166 1462 1190 non
1486 1161 1611 1202 potest
1629 1155 1764 1192 salvari
1785 1155 1879 1191 ratio
1899 1155 2088 1204 potentiae
2115 1156 2154 1192 in
2172 1157 2269 1203 Deo,
2299 1156 2370 1193 nisi
2389 1169 2446 1193 se-

1385 1206 1554 1243 cundum
1583 1207 1745 1244 modum
1773 1207 2003 1255 intelligendi
2031 1216 2067 1245 et
2099 1208 2337 1256 significandi
2364 1217 2445 1245 tan-

1384 1266 1483 1304 tum;
1503 1267 1616 1307 prout
1636 1260 1892 1297 diversimode
1918 1260 2147 1308 significatur
2170 1261 2209 1297 in
2228 1262 2313 1298 Deo
2341 1261 2445 1298 intel-

1384 1312 1503 1348 lectus
1523 1319 1559 1348 et
1577 1312 1792 1359 intelligere,
1823 1315 1911 1349 cum
1938 1321 2065 1350 tamen
2090 1314 2216 1362 ipsum
2244 1313 2445 1361 intelligere

1383 1364 1456 1400 Dei
1487 1364 1532 1401 sit
1551 1364 1631 1401 eius
1660 1365 1833 1412 essentia,
1854 1377 1932 1402 non
1960 1366 2105 1403 habens
2123 1366 2360 1415 principium.

1437 1494 1462 1528 β)
1478 1496 1563 1520 Sia-
1577 1496 1654 1520 Sicut
1672 1497 1724 1525 BD
1740 1496 1783 1528 qui
1798 1504 1858 1520 mox
1872 1497 1939 1521 sicut
1963 1504 2030 1528 om.‚
2025 1497 2143 1522 ·se·cut..
2145 1497 2204 1523 ‚sic
2216 1505 2269 1523 om.
2283 1498 2324 1523 ed.
2344 1505 2376 1527 a,·
2391 1497 2447 1524 dici

1381 1534 1471 1563 potest
1490 1531 1563 1563 quod
1581 1531 1679 1555 addunt
1698 1531 1813 1556 BDFGb.

946 1618 1277 1652 Commentaria
1300 1617 1550 1652 Cardinalis
1572 1619 1771 1652 Caietam

46 1714 230 1796 “stubam
163 1714 238 1738 mid
229 1708 315 1781 'Iu
337 1706 449 1738 titulo:
467 1707 625 1747 potentia,
650 1712 686 1736 ut
708 1712 793 1746 patet
807 1705 866 1737 V*
886 1713 917 1737 et
939 1706 983 1737 IX
996 1706 1031 1726 ⁸¹*
1053 1707 1249 1747 Metaphys„
1274 1706 1331 1737 du-

294 1750 418 1791 pliciter
440 1750 586 1781 sumitur.
609 1750 732 1786 Primo,
757 1760 816 1790 pro
839 1750 982 1790 potentia
1004 1751 1127 1791 logica,
1152 1760 1234 1791 quae
1257 1760 1331 1781 con-

266 1794 347 1827 sistit
367 1794 402 1825 in
424 1804 492 1825 non
514 1794 723 1834 repugnantia
745 1794 969 1824 terminorum:
995 1801 1026 1826 et
1053 1795 1092 1825 de
1115 1795 1173 1825 hac
1196 1804 1262 1825 non
1287 1801 1333 1825 est

222 1826 240 1848 ¹'
267 1848 382 1870 sermo.
408 1837 565 1874 Secundo,
591 1847 649 1878 pro
666 1839 829 1878 principio
852 1839 1063 1878 operationis:
1086 1845 1116 1869 et
1133 1838 1178 1869 sic
1197 1838 1332 1869 sumitur

267 1882 329 1914 hic.
345 1881 466 1914 Unde'
457 1892 490 1912 m
505 1881 618 1912 divinis
637 1891 704 1912 esse
726 1881 903 1921 potentiam
922 1881 1075 1922 significat
1088 1892 1154 1913 esse
1174 1882 1332 1922 potentiae

267 1926 424 1958 rationem
446 1925 614 1956 formalem
631 1932 774 1966 respectu
793 1925 1020 1962 notionalium;
1041 1926 1121 1957 sicut
1137 1926 1240 1962 etiarn,
1258 1936 1332 1957 cum

269 1970 430 2012 quaeritur
448 1976 557 2001 utrum
577 1970 611 2000 in
626 1970 696 2000 Deo
712 1969 752 2000 sit
766 1969 902 2006 scientia,
920 1970 965 2000 nil
983 1970 1070 2001 aliud
1084 1970 1244 2011 quaeritur
1262 1970 1331 2006 nisi,

269 2025 311 2046 an
332 2013 463 2046 scientia
486 2014 606 2045 dicatur
629 2013 668 2044 de
689 2013 760 2044 Deo
784 2013 966 2045 formaliter.

328 2059 366 2090 Π.
392 2059 428 2089 Ιιι
451 2068 583 2098 corpore
607 2057 700 2088 unica
722 2064 768 2089 est
787 2058 960 2094 conclusio,
984 2058 1167 2098 responsiva
1189 2058 1332 2099 quaesito

269 2102 468 2134 affirmative:
491 2102 625 2133 Necesse
648 2108 694 2132 est
717 2111 835 2142 ponere
848 2102 881 2132 in
900 2102 1012 2133 divinis
1035 2102 1211 2142 potentiam
1230 2113 1333 2142 respe-

270 2153 323 2178 ctu
346 2153 477 2177 actuum
499 2145 722 2176 notionalium.
742 2163 760 2169 -
778 2146 865 2176 Haec
889 2146 1051 2177 conclusio
1066 2146 1171 2186 primo
1187 2146 1219 2176 in
1233 2146 1334 2177 littera

270 2191 424 2232 probatur
446 2190 554 2221 sic.1n
569 2189 681 2220 divinis
701 2197 866 2230 ponuntur
881 2197 967 2221 actus
982 2190 1173 2221 notionales:
1192 2200 1266 2230 ergo
1281 2200 1334 2221 ne-

271 2244 356 2266 cesse
370 2241 417 2265 est
430 2234 475 2265 ibi
490 2243 608 2275 ponere
629 2234 805 2274 potentiam
820 2234 946 2264 horum.
968 2234 1009 2265 Et
1024 2235 1176 2284 probatur
1191 2235 1332 2274 sequela:

270 2278 347 2320 quia
369 2278 511 2319 potentia
533 2278 612 2308 nihil
634 2277 721 2308 aliud
737 2277 897 2328 significat·
908 2287 1007 2319 quam
1025 2277 1216 2318 principium
1235 2285 1332 2309 actus.

329 2322 487 2358 Secundo,
511 2322 695 2362 explanatur
717 2321 763 2352 vis
786 2321 915 2352 rationis
937 2322 1033 2352 huius
1056 2322 1090 2352 in
1113 2322 1255 2372 speciali,
1280 2322 1333 2353 sic.

272 2365 379 2399 Omne
406 2376 558 2407 generans
586 2372 712 2406 generat
738 2365 862 2406 aliquo:
892 2376 966 2406 ergo
995 2366 1028 2396 in
1056 2366 1144 2397 omni
1168 2373 1335 2406 generante

271 2416 399 2451 oportet
421 2420 540 2451 ponere
562 2410 738 2450 potentiam
753 2409 938 2449 generandi:
961 2420 1035 2450 ergo
1050 2420 1175 2440 necesse
1192 2417 1238 2440 est
1252 2410 1335 2441 Patri

272 2454 439 2486 attribuere
450 2454 637 2504 potentiam
659 2454 838 2494 generandi.
858 2471 877 2476 —
893 2453 998 2484 Prima
1022 2453 1246 2494 consequentia
1262 2464 1335 2493 pro-

271 2498 380 2529 batur.
404 2498 480 2539 quia
501 2498 643 2538 potentia
665 2497 834 2537 generandi
858 2497 1010 2537 significat
1039 2498 1071 2527 id
1095 2507 1160 2538 quo
1184 2507 1335 2537 generans

271 2548 407 2582 generat.
433 2542 578 2572 Secunda
597 2551 672 2571 vero
689 2542 853 2581 probatur:
871 2541 945 2582 quia
961 2542 1051 2572 Pater
1066 2548 1112 2571 est
1127 2541 1335 2581 generationis

273 2585 476 2626 principium.
496 2602 516 2607 -
531 2585 573 2616 Et
595 2585 736 2615 similiter
758 2591 849 2625 potes
871 2584 1007 2615 formare
1030 2585 1186 2615 rationem
1210 2586 1249 2615 de
1272 2585 1335 2625 spi-

273 2636 360 2661 rante
384 2636 414 2660 et
436 2628 579 2669 potentia
601 2629 762 2668 spirativa:
787 2628 873 2658 idem
896 2628 982 2659 enim
1005 2635 1051 2659 est
1072 2628 1236 2660 iudicium.

333 2673 386 2704 111.
411 2672 504 2704 Circa
521 2672 598 2703 haec
614 2673 739 2703 adverte
757 2672 856 2712 quod,
877 2672 1021 2713 quamvis
1039 2672 1255 2713 multipliciter
1269 2675 1335 2703 Au-

273 2717 390 2753 reolus,
407 2716 493 2757 apud
509 2715 713 2756 Capreolum,
737 2716 770 2746 in
789 2726 831 2746 vn
848 2715 1046 2747 distinctione
1064 2717 1160 2747 Primi
1176 2716 1204 2753 *,
1230 2723 1337 2747 contra

274 2761 430 2792 rationem
459 2767 491 2791 et
524 2760 762 2792 conclusionem
793 2767 920 2799 arguat,
949 2760 1014 2790 duo
1045 2767 1151 2791 tamen
1183 2760 1337 2791 afferenda

276 2805 398 2837 censui:
424 2805 572 2840 alterum,
602 2811 711 2835 contra
733 2804 889 2835 rationem
911 2811 943 2835 et
965 2805 1204 2835 conclusionem
1228 2804 1336 2840 simul;

276 2849 419 2886 alterum,
444 2855 552 2880 contra
575 2848 822 2879 conclusionem.
1240 2862 1242 2864 -

332 2893 486 2933 Arguitur
509 2902 583 2932 ergo
600 2893 708 2932 primo
732 2892 785 2922 sic.
810 2893 876 2922 Aut
898 2891 1040 2932 potentia
1061 2892 1191 2932 ponitur
1213 2892 1247 2921 in
1268 2892 1338 2921 Deo

277 2944 420 2977 respectu
444 2943 574 2967 actuum
598 2935 820 2972 nodonalium,
837 2936 1013 2966 secundum
1032 2944 1111 2965 rem:
1133 2942 1163 2966 et
1181 2935 1242 2965 hoc
1262 2945 1337 2971 non,

278 2981 353 3022 qnia
376 2991 442 3011 non
466 2987 512 3011 est
535 2981 711 3011 secundum
739 2989 806 3009 rem
834 2979 1025 3019 principium
1054 2979 1225 3009 elicitivum
1253 2985 1339 3009 actus

277 3024 458 3060 notionalis,
475 3031 511 3054 ut
526 3031 626 3064 patet,
652 3023 805 3064 quoniam
829 3029 915 3054 actus
935 3030 981 3054 est
999 3023 1082 3053 idem
1103 3033 1176 3053 cum
1194 3023 1262 3063 ipsa
1281 3033 1340 3063 po-

277 3068 384 3099 tentia.
407 3070 474 3098 Aut
496 3068 671 3098 secundum
695 3067 850 3098 rationem
873 3073 1011 3098 tantum:
1037 3074 1066 3097 et
1089 3067 1150 3097 hoc
1169 3077 1244 3103 non,
1265 3067 1340 3107 quia

278 3111 322 3142 sic
341 3111 436 3142 etiam
458 3111 633 3142 intellectus
656 3111 783 3142 haberet
806 3110 962 3141 rationem
984 3111 1161 3150 potentiae,
1186 3111 1340 3161 quoniam

279 3155 455 3193 secundum
477 3155 633 3186 rationem
649 3163 694 3186 est
709 3155 901 3196 principium
915 3154 1118 3194 intelligendi.
1133 3155 1231 3185 Nullo
1247 3154 1341 3204 igitur
1371 3158 1373 3160 ’

279 3189 379 3229 modo
396 3199 478 3229 valet
493 3199 572 3229 ratio
588 3199 716 3236 litterae,
741 3199 871 3229 fundata
895 3209 990 3239 super
1007 3199 1078 3235 hoc,
1095 3199 1184 3239 qnod
1199 3198 1340 3246 potentia

280 3250 327 3273 est
349 3242 540 3282 principium
563 3250 660 3274 actus.

338 3286 484 3317 Secundo
512 3288 651 3327 arguitur
674 3287 734 3323 sic,
767 3297 803 3317 ex
826 3286 987 3327 opposito.
1018 3286 1151 3326 Negatio
1178 3286 1340 3326 potentiae

1385 1707 1564 1746 generandi,
1589 1716 1655 1737 non
1679 1714 1726 1738 est
1748 1707 1873 1747 negatio
1898 1708 2072 1748 potentiae:
2098 1718 2172 1749 ergo
2201 1708 2365 1740 affirmatio
2389 1720 2448 1750 po-

1385 1750 1499 1781 tentiae
1514 1751 1692 1791 generandi,
1710 1761 1775 1781 non
1792 1758 1838 1782 est
1851 1751 2017 1783 affirmatio
2033 1753 2201 1792 potentiae.
2217 1770 2236 1775 -
2252 1753 2447 1784 Antecedens

1386 1801 1432 1824 est
1453 1794 1625 1834 Augustini
1647 1795 1674 1825 *.
1699 1795 1936 1836 Consequentia
1958 1805 2032 1826 vero
2061 1803 2146 1836 patet
2168 1806 2205 1827 ex
2228 1797 2240 1827 1
2263 1798 2338 1827 Peri
2360 1797 2447 1828 Her-

1386 1848 1468 1868 men.
1485 1838 1517 1868 *:
1542 1838 1708 1869 affirmatio
1732 1845 1762 1870 et
1785 1839 1910 1879 negatio
1934 1840 1972 1870 de
1997 1840 2110 1870 eodem
2133 1846 2216 1871 sunt.

1444 1882 1496 1913 IV.
1522 1882 1573 1912 Ad
1595 1883 1737 1922 primum
1759 1883 1877 1914 horum
1900 1883 2022 1920 dicitur,
2047 1885 2136 1924 quod
2158 1884 2299 1924 potentia
2317 1884 2484 1924 ponitur

1385 1925 1418 1955 in
1435 1925 1547 1956 divinis
1562 1933 1705 1966 respectu
1721 1933 1851 1958 actuum
1866 1927 2087 1964 notionalium‚
2103 1928 2278 1958 secundum
2293 1938 2369 1959 rem.
2386 1928 2448 1959 Sed

1386 1969 1613 2000 advertendum
1641 1976 1687 2000 est
1710 1971 1798 2011 quod
1822 1971 1934 2012 aliquis
1957 1977 2045 2002 actus
2068 1978 2172 2011 potest
2194 1972 2306 2002 inferre
2334 1979 2447 2012 poten-

1386 2013 1463 2044 tiam
1486 2014 1535 2044 sui
1558 2014 1758 2054 principium,
1783 2025 1820 2045 ex
1844 2015 1961 2055 duplici
1983 2015 2177 2046 conditione:
2202 2015 2304 2055 prima
2320 2022 2366 2046 est
2381 2025 2447 2046 esse

1387 2058 1543 2094 elicitum;
1575 2059 1712 2089 secunda
1735 2065 1781 2089 est
1807 2059 1960 2089 terminus
1990 2059 2076 2095 eius,
2107 2059 2228 2090 realiter
2257 2069 2313 2100 per
2340 2060 2448 2100 ipsum

1387 2102 1571 2152 productus.
1597 2103 1641 2133 Ita
1664 2103 1753 2143 quod
1775 2103 1940 2143 quodlibet
1966 2102 2083 2133 horum
2113 2113 2168 2143 per
2191 2103 2332 2143 seipsum
2359 2114 2447 2144 sepa-

1387 2146 1480 2176 ratim
1510 2146 1603 2177 infert
1634 2146 1810 2186 potentiam
1839 2147 2018 2177 secundum
2045 2157 2122 2178 rem.
2146 2147 2285 2183 Verum,
2317 2148 2447 2188 quando

1388 2197 1474 2220 actus
1491 2196 1537 2220 est
1552 2189 1683 2226 elicitus,
1707 2187 1799 2221 infert
1822 2190 1997 2230 potentiam
2020 2190 2211 2231 principium
2229 2190 2313 2221 illius
2338 2201 2447 2221 secun-

1389 2234 1467 2263 dum
1490 2242 1536 2264 se:
1561 2234 1690 2274 quando
1714 2243 1789 2264 vero
1812 2241 1900 2265 actus
1923 2244 1989 2264 non
2018 2241 2064 2265 est
2087 2234 2217 2272 elicitus,
2247 2235 2302 2265 sed
2324 2241 2449 2265 tantum

1389 2277 1515 2308 effectus
1539 2287 1594 2307 seu
1617 2278 1770 2308 terminus
1793 2278 1914 2308 realiter
1936 2278 2128 2317 productus,
2158 2277 2251 2308 infert
2273 2278 2449 2318 potentiam

1388 2321 1580 2361 principium
1602 2321 1696 2357 illius,
1721 2331 1787 2351 non
1815 2322 1991 2352 secundum
2014 2331 2056 2358 se,
2081 2322 2136 2352 sed
2159 2323 2335 2352 secundum
2354 2332 2450 2352 suum

1389 2365 1535 2396 effectum
1565 2375 1620 2395 seu
1652 2365 1833 2396 terminum.
1865 2366 1905 2396 Et
1935 2366 2089 2406 quoniam
2117 2366 2275 2405 generatio
2307 2376 2374 2396 non
2404 2372 2451 2396 est

1389 2416 1476 2440 actus
1500 2409 1620 2439 elicitus
1644 2419 1662 2439 a
1684 2410 1792 2447 Patre,
1817 2410 1871 2439 sed
1894 2409 1960 2448 ipse
1983 2410 2090 2446 Pater;
2114 2410 2208 2440 habet
2230 2416 2336 2439 tamen
2360 2409 2450 2450 quasi

1390 2453 1535 2483 effectum
1558 2453 1676 2483 Filium
1698 2453 1819 2483 realiter
1842 2453 2040 2483 distinctum:
2065 2453 2137 2482 ideo
2160 2452 2193 2482 in
2215 2453 2304 2483 Patre
2324 2460 2370 2483 est
2391 2463 2450 2493 po-

1388 2496 1485 2526 tentia
1507 2496 1685 2535 generandi,
1702 2506 1782 2536 quae
1799 2503 1844 2526 est
1860 2496 2051 2536 principium
2069 2496 2244 2526 secundum
2267 2505 2335 2526 rem
2357 2506 2449 2536 gene-

1389 2540 1536 2575 rationis,
1571 2550 1637 2570 non
1666 2541 1842 2570 secundum
1866 2549 1912 2576 se,
1947 2540 2001 2570 sed
2032 2540 2207 2570 secundum
2238 2540 2326 2580 quod
2356 2540 2448 2580 ponit

1389 2584 1542 2623 genitum.
1567 2584 1660 2614 Unde
1682 2583 1762 2614 ratio
1786 2583 1904 2614 litterae
1933 2593 1969 2613 ex
1997 2590 2068 2614 actu
2092 2590 2233 2622 sumpta,
2262 2584 2364 2613 valida
2387 2590 2448 2620 est,

1390 2638 1464 2658 cum
1487 2627 1687 2658 distinctione
1709 2634 1815 2657 tamen
1841 2627 1998 2667 praedicta
2024 2627 2242 2666 intelligenda3
2272 2627 2388 2658 scilicet
2411 2628 2450 2657 de

1390 2678 1461 2702 actu
1477 2671 1528 2701 vel
1543 2671 1719 2702 secundum
1742 2681 1774 2701 se
1785 2694 1792 2707 ,
1815 2671 1866 2701 vel
1889 2671 2064 2701 secundum
2080 2681 2176 2701 suum
2195 2671 2367 2701 terminum
2385 2681 2449 2701 rea-

1390 2715 1459 2745 liter
1483 2721 1656 2745 emanante.
1682 2715 1723 2745 Et
1737 2715 1776 2745 ad
1791 2714 1852 2745 hoc
1875 2714 2111 2751 insinuandum,
2135 2715 2167 2744 in
2191 2715 2292 2745 littera
2308 2725 2449 2755 expresse

1391 2759 1504 2789 dicitur
1533 2759 1635 2799 quod,
1660 2759 1741 2789 sicut
1763 2765 1927 2798 ponuntur
1950 2758 1992 2788 ibi
2015 2765 2121 2794 actus,
2147 2758 2188 2789 ita
2211 2756 2386 2798 potentiae;
2411 2759 2450 2788 si-

1391 2802 1570 2843 gnificando
1587 2813 1642 2842 per
1662 2803 1694 2844 ly
1716 2804 1798 2833 sicut
1821 2809 1851 2833 et
1873 2803 1906 2843 ly
1930 2803 1985 2840 ita,
2008 2803 2097 2843 quod
2112 2802 2198 2832 iuxta
2213 2802 2347 2832 modum
2363 2809 2450 2833 actus

1392 2854 1438 2877 est
1460 2847 1577 2877 modus
1600 2847 1769 2886 potentiae.
1794 2846 1835 2877 Et
1858 2846 1936 2882 hoc,
1965 2846 2040 2886 quia
2063 2846 2207 2886 pluribus
2236 2846 2339 2876 modis
2363 2853 2451 2876 actus

1391 2891 1548 2920 vindicare
1571 2897 1675 2930 potest
1702 2890 1759 2920 sibi
1783 2890 1975 2930 potentiam;
2001 2897 2036 2920 ut
2059 2890 2208 2926 diximus,
2233 2896 2263 2920 et
2285 2890 2318 2919 in
2339 2890 2449 2926 littera,

1391 2935 1613 2974 respondendo
1637 2934 1676 2963 ad
1699 2934 1835 2970 tertium,
1860 2934 2052 2974 exprimitur.

1450 2979 1501 3008 Ad
1520 2978 1695 3008 secundum
1710 2987 1795 3016 ver0,
1809 2978 1990 3008 conceditur
2005 2984 2123 3008 totum:
2141 2977 2294 3017 quoniam
2309 2977 2451 3017 potentia

1394 3022 1561 3061 generandi
1585 3031 1650 3051 non
1675 3021 1807 3052 affirmat
1822 3021 2006 3062 potentiam,
2025 3022 2079 3052 sed
2092 3022 2267 3061 potentiam
2291 3022 2354 3059 sic,·
2373 3021 2453 3051 idest

1394 3066 1569 3105 potentiam
1583 3072 1726 3105 respectu
1743 3065 1812 3095 talis
1827 3072 1924 3102 actus,
1940 3065 2055 3096 scilicet
2072 3064 2254 3100 notionalis;
2274 3064 2354 3094 nihil
2367 3064 2452 3094 enim

1395 3110 1480 3140 aliud
1511 3109 1544 3139 in
1575 3107 1636 3139 lioc
1666 3109 1797 3139 articulo
1827 3109 2035 3140 concluditur.
2070 3109 2162 3139 Unde
2195 3115 2224 3138 et
2255 3108 2452 3148 Augustinus

1395 3154 1515 3193 optime
1530 3153 1606 3183 dixit
1628 3154 1717 3194 quod
1733 3153 1830 3183 Filius
1849 3163 1915 3183 non
1934 3153 2051 3193 genuit,
2077 3163 2138 3182 non
2158 3153 2233 3192 quia
2253 3162 2314 3182 non
2328 3153 2454 3192 potuit:

1395 3198 1456 3227 hoc
1480 3197 1564 3227 enim
1587 3203 1667 3227 esset
1689 3196 1814 3236 negatio
1838 3197 1996 3236 potentiae
2020 3197 2190 3232 absolutae,
2215 3206 2312 3236 quarn
2332 3202 2454 3226 constat

1396 3251 1601 3272 communem
1625 3251 1690 3270 esse
1714 3240 1772 3271 toti
1795 3240 1950 3271 Trinitati.
1977 3240 2061 3271 Cum
2080 3250 2145 3280 quo
2162 3246 2266 3270 tamen
2284 3246 2342 3270 stat
2365 3239 2454 3280 quod

1395 3285 1428 3315 in
1451 3285 1519 3315 solo
1542 3285 1643 3324 Patre,
1665 3291 1701 3315 ut
1722 3284 1802 3314 infra
1817 3285 1834 3303 *
1853 3285 1980 3320 dicetur,
2007 3291 2053 3314 est
2072 3284 2213 3324 potentia
2237 3283 2414 3323 generandi.

2472 854 2482 863 ¹
2496 853 2525 874 D·
2539 859 2590 881 493-

2475 1801 2588 1823 ‘Contra
2603 1801 2685 1823 Maxi-

2473 1828 2541 1854 min„
2559 1827 2598 1849 lib
2609 1827 2630 1849 11
2648 1829 2684 1853 (al.

2473 1854 2529 1880 111),
2549 1859 2575 1875 ca

2474 1880 2510 1901 Cf.
2520 1884 2562 1902 art.
2587 1886 2651 1907 ‚arg-
2662 1886 2682 1902 2.

2473 1896 2683 1934 cap.xw,n.12.

2481 3293 2490 3301 '
2505 3292 2555 3313 Art.
2571 3291 2593 3318 6,
2609 3291 2637 3312 ad
2652 3297 2668 3312 1.
