2768 4178
80 1059 89 1068 ·
106 1057 157 1079 Art.
169 1062 189 1078 2.

85 1148 93 1157 ·
108 1147 144 1169 Cf.
160 1152 224 1168 num.
237 1152 269 1168 xv.

83 2263 91 2272 ·
110 2262 147 2284 Cf.
161 2267 225 2284 num.
242 2268 257 2283 ι.

85 3280 142 3329 §.⁶1²³
160 3279 301 3329 :l2÷.f¹·x²?:·

90 3336 97 3343 ·
113 3334 170 3362 cap.
185 3339 250 3354 xvnt.

324 279 398 325 184

320 371 407 396 rum
445 371 543 408 quae
576 358 716 395 intrant
749 357 803 395 rei
842 357 1180 407 compositionem,
1211 357 1292 395 sive
1321 357 1394 394 sint

320 412 504 464 principia
533 411 694 461 speciei,
725 411 806 449 sive
834 411 1019 461 principia
1047 410 1244 448 individui.
1280 410 1392 448 Unde

320 479 389 517 per
418 478 504 503 eam
533 466 640 502 Deus
670 465 865 513 cognoscit
893 478 973 503 non
1001 465 1128 502 solum
1151 463 1392 512 universalia,

321 521 388 558 sed
418 518 532 556 etiam
561 518 775 567 singularia.

375 575 434 610 An
463 583 654 610 SECUNDUM
681 584 866 610 DICENDUM
895 571 1013 622 quod,
1044 571 1223 621 quamvis
1247 569 1394 620 species

322 626 531 663 intellectus
561 625 679 663 divini
708 626 922 663 secundum
957 637 1039 662 esse
1077 636 1192 662 suum
1221 636 1301 661 non
1328 624 1394 660 ha-

324 680 412 717 beat
432 678 669 717 conditiones
689 680 916 728 materiales,
938 679 1034 716 sicut
1052 678 1199 727 species
1219 684 1394 726 receptae

1008 277 1277 325 QUAESTIO
1306 277 1407 325 XIV,
1438 277 1736 315 ARTICULUS
1766 278 1836 314 XII

1450 356 1488 394 in
1516 357 1787 406 imaginatione
1817 365 1854 395 et
1888 369 2024 403 sensu;
2053 365 2183 395 tamen
2211 358 2347 395 virtute
2383 370 2423 395 se
2463 370 2524 394 ex-

1449 410 1569 448 tendit
1597 410 1647 448 ad
1675 410 1940 449 immaterialia
1979 418 2015 448 et
2052 410 2281 459 materialia,
2310 418 2353 448 ut
2381 411 2523 449 dictum

1449 471 1507 501 est
1525 463 1556 501 ³⁶.
2495 476 2498 479 ’

1502 519 1561 555 AD
1590 529 1751 555 TERTIUM
1779 530 1964 556 met-:noum
1993 518 2099 567 quod
2118 517 2290 565 materia,
2310 517 2396 555 licet
2421 528 2523 555 rece-

1451 570 1514 608 dat
1542 583 1564 607 a
1591 571 1664 608 Dei
1692 571 1936 609 similitudine
1956 571 2170 609 secundum
2199 583 2309 609 suam
2337 570 2524 620 potentia-

1449 623 1614 672 litatem,
1644 632 1776 662 tamen
1813 625 2041 674 inquantum
2069 627 2132 662 vel
2161 625 2214 662 sic
2244 636 2327 662 esse
2363 625 2480 662 habet
2497 622 2522 672 ⁰,

1451 677 1736 715 similitudinem
1765 679 1962 728 quandam
1991 679 2126 716 retinet
2155 678 2272 717 divini
2302 690 2396 716 esse.

376 793 400 827 0)
420 795 461 820 vel
478 795 517 820 sic
535 802 590 820 esse
608 794 695 820 habet.
713 809 732 814 -
751 796 791 820 vel
809 796 847 821 sic
865 802 920 820 esse
933 795 1012 820 habet
1030 794 1071 819 vel
1089 794 1127 819 sic
1145 794 1175 825 B,
1188 793 1230 818 vel
1247 793 1286 818 sic
1305 792 1345 817 vel
1358 791 1396 817 sic
1414 798 1470 816 esse
1489 791 1568 817 habet
1586 792 1620 817 G.

1006 873 1344 906 commentaria
1365 870 1620 904 Cardinalis
1641 871 1844 906 Caietam

386 974 509 995 rrums:
540 963 726 1004 singularia
757 972 867 993 rerum
900 963 1130 993 materialium.
1162 961 1210 992 De
1238 961 1288 992 his
1312 960 1398 991 enim

327 976 432 1040 Test
455 1008 606 1043 dubium,
632 1017 698 1037 non
722 1007 760 1037 de
785 1006 996 1047 singularibus
1020 1005 1297 1037 immaterialibus:
1323 1015 1398 1036 cum

324 1054 389 1084 iam
406 1054 526 1084 dictum
543 1051 609 1083 sit*
626 1052 715 1093 quod
730 1051 820 1082 novit
836 1051 987 1092 seipsum,
1005 1061 1105 1092 quem
1120 1051 1314 1091 singularem
1330 1059 1397 1080 esse

326 1104 458 1129 constat.
482 1115 502 1120 —
527 1097 561 1127 In
588 1106 741 1136 corpore,
767 1096 873 1136 primo
898 1096 1071 1137 respondet
1093 1095 1208 1127 directe
1233 1094 1395 1137 quaesito,

325 1143 416 1184 quod
438 1142 498 1172 sic:
523 1141 675 1177 secundo,
700 1147 810 1172 tractat
833 1141 1004 1182 quomodo
1022 1140 1048 1172 *.

381 1187 418 1217 ΙΙ.
436 1185 554 1223 Quoad
563 1186 721 1226 primum,
739 1185 806 1217 tria.
823 1185 942 1223 Primo,
960 1184 1132 1226 respondet
1146 1183 1291 1226 quaesito
1316 1183 1397 1215 affir-

325 1231 455 1262 mative:
476 1231 564 1261 Deus
581 1229 744 1271 cognoscit
760 1229 940 1271 singularia.
957 1248 977 1253 -
993 1229 1158 1260 Probatur.
1183 1229 1306 1261 Omnes
1330 1239 1398 1270 per-

325 1275 477 1307 fectiones
501 1275 534 1305 in
558 1274 707 1306 creaturis
730 1274 886 1312 inventae,
910 1274 1125 1316 praeexistunt
1147 1274 1180 1304 in
1203 1275 1274 1305 Deo
1294 1273 1397 1305 altiori

325 1321 441 1351 modo:
473 1319 613 1361 cognitio
645 1319 854 1359 singularium
879 1326 927 1351 est
953 1319 1105 1361 perfectio
1134 1318 1292 1350 hominis:
1322 1328 1397 1359 ergo

326 1364 505 1406 praeexistit
526 1364 560 1395 in
583 1364 654 1395 Deo
678 1364 782 1395 altiori
805 1364 916 1396 modo.

384 1409 542 1446 Secundo,
568 1408 707 1440 ostendit
721 1409 788 1440 vim
806 1409 904 1440 huius
927 1408 1040 1440 motivi
1065 1418 1102 1439 ex
1125 1408 1311 1440 auctoritate
1327 1407 1397 1439 Ari-

326 1454 456 1486 stotelis.
488 1453 583 1485 Ratio
608 1452 694 1484 enim
717 1453 776 1485 ista
799 1453 952 1485 fundatur
974 1453 1008 1484 in
1031 1454 1109 1490 hoc,
1133 1453 1224 1495 quod
1251 1463 1335 1494 opus
1359 1452 1400 1484 sit

326 1508 424 1530 omne
440 1498 606 1539 cognitum
622 1508 640 1528 a
656 1498 758 1535 nobis,
780 1498 930 1539 cognosci
946 1509 965 1529 a
978 1498 1063 1530 Deo:
1088 1506 1119 1530 et
1142 1498 1204 1529 hoc
1228 1497 1400 1538 assumpsit

325 1543 511 1576 Aristoteles
535 1549 645 1574 contra
668 1542 912 1584 Empedoclem.

379 1587 500 1624 Tertio,
512 1587 648 1619 declarat
657 1585 746 1618 illam
756 1588 945 1628 particulam
954 1588 987 1619 in
998 1587 1206 1619 conclusione
1217 1587 1400 1619 adiunctam

327 1643 364 1664 ex
378 1633 409 1663 vi
424 1631 531 1668 medii,
543 1632 661 1664 scilicet
675 1632 787 1663 altiori
800 1632 908 1664 modo:
924 1633 957 1663 in
971 1633 1035 1664 hoc
1051 1632 1170 1664 attendi
1180 1632 1297 1669 dicens,
1310 1632 1400 1674 quod

326 1688 386 1709 nos
402 1687 459 1718 per
474 1677 611 1708 diversas
626 1677 784 1718 potentias
801 1677 1026 1718 cognoscimus
1043 1677 1214 1718 singularia
1229 1684 1260 1709 et
1275 1677 1400 1709 univer-

327 1722 416 1759 salia;
437 1722 524 1752 Deus
540 1728 648 1753 autem
665 1721 802 1762 simplici
820 1722 982 1754 intellectu
998 1722 1118 1759 omnia,
1143 1729 1209 1753 tam
1227 1721 1401 1754 materialia

327 1777 426 1808 quam
449 1766 677 1803 immaterialia,
703 1766 954 1808 comprehendit.
975 1767 1017 1798 Et
1039 1767 1205 1808 probatur:
1226 1767 1302 1808 quia
1318 1777 1401 1808 quae

328 1811 514 1842 dividuntur
528 1811 561 1841 in
577 1810 791 1848 inferioribus,
809 1818 884 1843 sunt
897 1811 1082 1853 simpliciter
1101 1818 1131 1843 et
1145 1811 1233 1843 unite
1248 1811 1280 1842 in
1295 1811 1376 1843 Deo.

386 1856 438 1886 111.
462 1856 600 1887 Adverte
622 1856 675 1887 hic
703 1856 810 1898 quod,
835 1856 910 1898 quia
933 1856 1037 1888 maior
1059 1856 1239 1898 propositio
1264 1866 1330 1887 non
1354 1863 1402 1887 est

327 1910 400 1931 vera
425 1901 463 1931 de
488 1900 728 1941 praeexistentia
751 1900 888 1938 formali,
913 1901 974 1932 nisi
997 1900 1030 1932 in
1053 1901 1301 1942 perfectionibus
1325 1899 1401 1932 sim-

326 1945 465 1986 pliciter;
490 1945 572 1982 ideo,
597 1945 670 1976 licet
685 1952 832 1977 nostrum
856 1955 1047 1986 cognoscere
1063 1945 1221 1987 singulare
1241 1952 1271 1976 et
1287 1946 1401 1976 sentire

326 1989 389 2021 sint
411 1989 514 2026 idern,
538 1989 640 2020 littera
663 2000 730 2020 non
755 1989 832 2021 dixit
858 1991 998 2029 sentire,
1023 1991 1095 2027 sed,
1119 1999 1314 2032 cognoscere
1335 1991 1400 2022 sin-

326 2034 445 2075 gulare
472 2035 616 2075 pertinet
642 2035 685 2065 ad
711 2034 946 2076 perfectionem
978 2040 1132 2066 nostram.
1165 2034 1286 2066 Sentire
1314 2035 1401 2066 enim

327 2089 393 2109 non
417 2085 463 2109 est
487 2078 639 2119 perfectio
663 2079 868 2120 simpliciter,
899 2089 957 2110 nec
980 2079 1159 2121 praeexistit
1185 2079 1219 2110 in
1242 2079 1312 2110 Deo
1337 2079 1400 2111 for-

326 2123 459 2160 maliter,
477 2123 533 2154 sed
548 2123 720 2155 virtualiter
735 2131 877 2155 tantum:
903 2134 1094 2165 cognoscere
1110 2131 1219 2156 autem
1243 2124 1401 2165 singulare

327 2174 373 2199 est
395 2167 547 2208 perfectio
572 2168 772 2209 simpliciter;
797 2175 828 2200 et
851 2169 1112 2200 concludendum
1142 2175 1207 2200 erat
1236 2168 1287 2200 hic
1311 2169 1401 2210 quod

326 2212 505 2253 praeexistit
526 2212 560 2242 in
583 2213 654 2243 Deo
678 2213 863 2244 formaliter.

386 2256 437 2288 IV.
463 2256 581 2294 Quoad
603 2257 779 2288 secundum
796 2257 822 2294 *,
848 2257 906 2288 tria
929 2264 1013 2294 sunt,
1030 2257 1117 2288 iuxta
1133 2256 1302 2298 opiniones
1321 2257 1401 2288 duas

327 2308 358 2332 et
377 2300 683 2332 determinationem.
700 2301 806 2332 Prima
830 2311 904 2342 ergo
929 2301 1041 2342 opinio
1066 2301 1147 2333 circa
1171 2301 1308 2332 modum
1332 2312 1399 2343 quo

327 2346 415 2377 Deus
432 2345 578 2389 intelligit
593 2345 772 2386 singularia,
793 2352 854 2377 stat
869 2346 902 2376 in
917 2345 990 2382 hoc,
1012 2346 1102 2387 quod
1124 2346 1212 2377 Deus
1237 2345 1401 2386 cognoscit

327 2390 506 2431 singularia,
526 2391 750 2431 cognoscendo
765 2400 878 2421 omnes
895 2400 1009 2422 eorum
1033 2400 1143 2421 causas
1160 2390 1363 2422 universales.
1379 2408 1399 2414 -—

326 2435 482 2466 Probatur
497 2434 559 2466 hoc
575 2434 728 2466 sufficere.
753 2435 840 2466 Nihil
865 2442 911 2467 est
934 2435 967 2466 in
991 2435 1100 2476 aliquo
1125 2435 1286 2476 singulari,
1310 2435 1399 2477 quod

326 2489 393 2510 non
408 2489 445 2510 ex
461 2479 567 2520 aliqua
583 2479 751 2510 universali
767 2489 862 2511 causa
878 2479 968 2510 insit:
994 2489 1080 2520 ergo,
1098 2479 1232 2521 cognitis
1248 2480 1400 2511 omnibus

327 2523 427 2555 causis
459 2523 706 2560 universalibus,
731 2524 935 2564 cognoscitur
958 2530 1065 2555 totum
1088 2524 1256 2564 singulare.
1287 2524 1399 2556 Decla-

324 2575 411 2600 ratur
434 2568 529 2600 etiam
553 2568 699 2609 exemplo
724 2568 756 2599 in
780 2568 898 2609 eclipsi.

1511 960 1680 992 Refutatur
1702 962 1780 993 haec
1804 963 1927 1004 opinio.
1948 963 1980 995 Si
2003 964 2092 995 Deus
2115 971 2321 1005 cognosceret
2343 965 2523 1005 singularia,

1453 1005 1678 1045 cognoscendo
1702 1012 1829 1037 tantum
1852 1007 2044 1039 universales
2068 1018 2196 1046 causas,
2222 1019 2296 1050 ergo
2320 1019 2387 1040 non
2407 1019 2526 1050 cogno-

1452 1056 1552 1080 sceret
1565 1050 1737 1091 singularia
1752 1051 1786 1081 in
1803 1062 1861 1082 sua
1876 1051 2109 1092 singularitate;
2135 1053 2226 1084 cuius
2245 1054 2435 1095 oppositum
2450 1064 2525 1094 pro-

1452 1094 1564 1125 batum
1587 1101 1644 1126 est.
1668 1113 1690 1118 -
1713 1094 1953 1137 Consequentia
1979 1097 2142 1137 probatur.
2173 1098 2299 1129 Totum
2320 1105 2526 1140 aggregatum

1452 1138 1543 1180 quod
1566 1146 1613 1171 est
1634 1139 1668 1170 in
1692 1140 1844 1181 singulari
1868 1151 1905 1172 ex
1929 1141 2032 1172 causis
2056 1141 2296 1180 universalibus,
2320 1149 2357 1174 ut
2379 1142 2434 1180 sic,
2458 1152 2526 1174 non

1452 1183 1568 1215 sufficit
1583 1184 1624 1215 ad
1640 1184 1902 1216 constituendum
1917 1185 2091 1226 singulare:
2113 1196 2198 1226 ergo.
2218 1189 2432 1228 Assumptum
2450 1197 2526 1228 pro-

1452 1229 1554 1266 batur,
1579 1235 1610 1260 et
1632 1229 1860 1261 manifestatur.
1884 1230 2054 1262 Probatur:
2080 1230 2155 1272 quia
2179 1230 2309 1272 dempta
2331 1231 2462 1266 materia
2484 1231 2526 1262 si-

1451 1280 1555 1314 gnata,
1573 1283 1630 1305 seu
1645 1274 1803 1316 principio
1826 1274 2097 1312 individuationis,
2118 1275 2277 1316 quidquid
2292 1275 2372 1307 illud
2387 1275 2436 1312 sit,
2452 1284 2528 1307 cum

1453 1318 1628 1350 universale
1652 1329 1719 1350 non
1743 1329 1811 1350 esse
1835 1326 1966 1357 constet,
1991 1330 2159 1362 nunquam
2183 1319 2394 1352 constituetur
2417 1320 2527 1361 singu-

1452 1363 1526 1395 lare.
1551 1363 1772 1395 Manifestatur
1793 1374 1869 1396 vero
1893 1364 1956 1395 hoc
1978 1364 2012 1395 in
2036 1365 2168 1396 homine
2192 1364 2420 1406 exemplariter.

1512 1408 1551 1439 V.
1577 1407 1724 1440 Secunda
1746 1418 1822 1440 vero
1846 1409 1959 1450 opinio
1975 1409 1993 1429 *
2008 1416 2069 1440 stat
2091 1409 2125 1440 in
2148 1409 2227 1441 hoc:
2252 1410 2340 1441 Deus
2363 1409 2529 1450 cognoscit
2554 1419 2566 1432 ·

1454 1452 1634 1494 singularia,
1652 1453 1843 1494 applicando
1863 1454 2052 1485 universalia
2067 1454 2107 1485 ad
2123 1454 2332 1495 particularia.
2350 1471 2371 1477 —
2387 1453 2526 1486 Contra:

1453 1497 1625 1539 applicatio
1649 1508 1716 1529 non
1740 1505 1787 1530 est
1810 1498 1870 1529 nisi
1893 1498 1934 1529 ad
1956 1498 2217 1540 praecognitum;
2249 1509 2325 1540 ergo
2356 1498 2527 1540 applicatio

1454 1542 1640 1574 universalis
1669 1542 1709 1573 ad
1737 1543 1925 1584 particulare
1957 1543 2190 1585 praesupponit
2223 1542 2441 1585 cognitionem
2463 1543 2528 1575 sin-

1453 1587 1585 1628 gularis,
1610 1597 1677 1618 non
1702 1587 1785 1619 facit.

1513 1632 1568 1664 VI.
1590 1632 1821 1664 Determinatio
1837 1630 1854 1648 ‘¹
1870 1638 1979 1664 autem
1994 1639 2054 1664 est:
2074 1633 2162 1664 Deus
2178 1632 2343 1674 cognoscit
2358 1632 2529 1673 singularia

1455 1687 1511 1718 per
1534 1676 1703 1708 essentiam
1732 1687 1834 1709 suam.
1851 1695 1872 1700 -
1886 1677 2057 1715 Probatur,
2086 1677 2196 1719 quoad
2225 1677 2364 1718 primam
2386 1683 2527 1718 partem,

1455 1721 1509 1753 sic.
1529 1721 1667 1753 Scientia
1681 1721 1740 1753 Dei
1757 1729 1804 1753 est
1820 1731 2049 1753 causa-rerum:
2071 1732 2146 1763 ergo
2163 1732 2196 1753 se
2213 1721 2351 1754 extendit
2364 1722 2405 1752 ad
2420 1721 2531 1754 omnia

1456 1766 1496 1797 ad
1519 1776 1602 1810 quae
1632 1777 1665 1798 se
1689 1766 1828 1798 extendit
1859 1766 1927 1798 eius
1958 1766 2144 1798 causalitas:
2176 1776 2252 1807 ergo
2280 1766 2320 1797 ad
2348 1765 2529 1807 singularia.

1455 1811 1665 1848 Antecedens,
1683 1821 1758 1842 curn
1781 1810 1884 1852 prima
1907 1810 2144 1852 consequentia,
2163 1817 2210 1842 est
2233 1817 2359 1842 notum.
2384 1810 2531 1842 Secunda

1454 1865 1532 1886 vero
1555 1856 1729 1897 probatur:
1761 1855 1838 1897 quia
1861 1855 1949 1886 Deus
1972 1861 2019 1886 est
2043 1865 2137 1886 causa
2166 1865 2233 1886 non
2256 1854 2365 1886 solum
2387 1854 2529 1891 formae,

2553 468 2561 477 ·
2578 467 2603 489 In
2621 472 2728 495 corpore.

2580 1418 2618 1442 α’.
2630 1425 2697 1443 nan.
2710 1404 2744 1443 ur.

2555 1642 2565 1651 '¹
2580 1639 2616 1663 (Ἰ.
2630 1639 2690 1663 ibid.

1455 1900 1511 1931 sed
1529 1900 1679 1932 materiae
1701 1899 1939 1931 individuantis.
1956 1917 1976 1922 -
1993 1899 2111 1938 Quoad
2135 1899 2309 1931 secundam
2324 1906 2458 1941 partem,
2474 1898 2529 1931 sic.
2573 1937 2577 1938 ⁷

1456 1945 1543 1976 Deus
1567 1944 1625 1976 scit
1645 1944 1706 1976 alia
1728 1955 1748 1975 a
1762 1954 1796 1975 se
1819 1954 1876 1986 per
1898 1944 2067 1976 essentiam
2090 1953 2193 1982 suam,
2218 1951 2255 1976 ut
2276 1943 2454 1976 similitudo
2472 1953 2531 1976 seu

1455 1989 1596 2021 activum
1619 1989 1814 2030 principium
1837 1996 1884 2020 est
1907 1998 2037 2020 eorum:
2063 1998 2138 2030 ergo
2163 1988 2298 2020 essentia
2321 1999 2379 2020 sua
2397 1995 2445 2020 est
2464 1987 2531 2021 suf-

1455 2033 1564 2066 ficiens
1583 2033 1778 2075 principium
1792 2033 2007 2075 cognoscendi
2023 2033 2134 2065 omnia
2149 2043 2231 2075 quae
2247 2043 2304 2075 per
2315 2033 2424 2075 ipsum
2437 2032 2530 2071 fiunt,

1456 2078 1552 2110 etiam
1567 2078 1601 2110 in
1617 2078 1784 2119 singulari:
1810 2088 1885 2119 ergo
1911 2078 2076 2120 cognoscit
2099 2077 2270 2119 singularia
2293 2087 2350 2119 per
2368 2087 2462 2110 suam
2480 2086 2529 2110 es-

1456 2123 1600 2155 sentiam.
1617 2123 1816 2155 Antecedens
1839 2130 1927 2164 patet
1942 2133 1979 2154 ex
1993 2122 2084 2155 dictis
2099 2122 2126 2155 ¹⁸¹.
2147 2122 2387 2165 Consequentia
2401 2131 2478 2154 vero
2493 2131 2532 2154 ex
2559 2125 2568 2135 ¹

1455 2168 1608 2204 terminis,
1626 2175 1657 2199 et
1671 2167 1861 2209 probatione
1876 2167 1998 2209 primae
2014 2167 2110 2209 partis
2126 2174 2222 2208 patet.

1511 2212 1645 2249 Ultimo,
1665 2212 1842 2243 declaratur
1864 2218 1932 2243 tota
1954 2212 2035 2243 ratio
2059 2213 2207 2254 exemplo
2231 2212 2378 2244 scientiae
2394 2211 2530 2250 artificis,

1455 2257 1482 2288 si
1504 2255 1663 2297 fingamus
1686 2256 1776 2298 quod
1799 2256 1840 2287 sit
1855 2266 1951 2288 causa
1974 2255 2096 2287 formae
2120 2263 2151 2288 et
2173 2256 2323 2288 materiae
2342 2255 2507 2288 artificiati.

1514 2301 1583 2333 vll.
1622 2300 1759 2332 Adverte
1794 2301 1885 2342 quod
1919 2307 1987 2332 tota
2023 2300 2244 2332 determinatio
2278 2300 2375 2332 huius
2410 2301 2531 2333 litterae

1455 2345 1611 2387 supponit
1633 2345 1740 2376 Deum
1764 2355 1831 2376 esse
1860 2354 1989 2376 causam
2013 2345 2194 2386 proximam
2217 2345 2368 2377 materiae
2391 2344 2528 2386 primae:

1455 2391 1494 2421 de
1519 2400 1603 2434 quo,
1628 2389 1703 2432 quia
1726 2389 1856 2420 inferius
1879 2388 1897 2409 *
1919 2389 1978 2421 erit
2003 2389 2148 2431 specialis
2172 2389 2335 2431 quaestio,
2365 2399 2530 2431 suppona-

1454 2442 1507 2467 tur
1529 2444 1625 2466 nunc.
1655 2435 1729 2466 Hoc
1751 2434 1839 2466 enim
1868 2443 2033 2471 concesso,
2064 2434 2185 2476 reliqua
2209 2434 2292 2466 clara
2321 2441 2396 2466 sunt
2424 2441 2456 2466 et
2482 2434 2529 2466 in-

1455 2479 1608 2511 dubitata.

1513 2524 1549 2555 In
1564 2523 1826 2565 responsionibus
1839 2523 1879 2554 ad
1895 2530 2090 2563 argumenta,
2107 2523 2210 2555 multa
2232 2523 2430 2555 discutienda
2445 2530 2529 2560 sunt,

1454 2569 1510 2600 sed
1529 2578 1596 2600 non
1614 2567 1682 2599 hic:
1707 2567 1763 2599 sed
1781 2567 1912 2599 inferius
1928 2568 1962 2598 in
1980 2567 2059 2599 locis
2079 2567 2216 2610 propriis
2235 2568 2398 2609 patebunt.

1060 2714 1381 2758 ARTICULUS
1411 2713 1796 2758 DUODECIMUS

926 2803 1083 2835 UTRUM
1107 2803 1220 2836 naus
1243 2803 1392 2836 POSSIT
1417 2802 1710 2836 coenoscnaa
1735 2802 1927 2834 1NF1N1TA

641 2882 724 2913 Sene„
745 2882 804 2908 dist.
822 2890 904 2914 xmx,
924 2891 969 2916 qu.
988 2890 1006 2913 ι,
1026 2888 1072 2908 art.
1093 2882 1107 2908 3
1114 2890 1121 2914 ;
1141 2883 1150 2908 1
1173 2883 1250 2909 cont.
1267 2884 1354 2914 Geni„
1370 2890 1427 2917 cap.
1445 2890 1516 2915 11115
1536 2883 1578 2909 De
1595 2883 1685 2913 Ver-it..
1701 2890 1747 2916 qu.
1765 2890 1793 2913 n,
1813 2887 1861 2909 art.
1880 2890 1912 2917 9;
1932 2891 1977 2917 qu.
1996 2891 2036 2914 xx,
2056 2888 2103 2909 art.
2122 2890 2148 2915 4.
2162 2883 2194 2908 ad
2218 2890 2243 2914 η

998 2918 1095 2950 Quodl.
1116 2919 1156 2950 111,
1175 2927 1219 2952 qu.
1238 2926 1266 2950 n,
1286 2925 1333 2944 art.
1350 2926 1371 2950 ις
1393 2919 1538 2952 compend.
1555 2918 1654 2949 ficol„
1669 2926 1726 2952 cap.
1746 2925 1849 2944 cxxxm.

355 3011 421 3061 μὴ»
443 3014 518 3062 ta«
539 3012 561 3037 D
590 3011 829 3037 DUODECIMUM
867 3012 920 3037 sm
958 3011 1199 3039 PROCEDtTUR.
1238 3000 1399 3039 Videtur

360 3043 517 3111 §JAQJQ
539 3053 645 3103 quod
673 3054 779 3090 Deus
808 3065 887 3091 non
905 3053 1026 3102 possit
1052 3066 1284 3103 cognoscere
1313 3054 1398 3092 infi-

345 3102 628 3183 llssz'(nita'
668 3106 864 3144 Infinitum
895 3107 1013 3155 enim,
1045 3107 1259 3146 secundum
1291 3107 1399 3158 quod

386 3172 395 3183 ι
420 3153 483 3190 ῒῖᾱῖ)
499 3149 596 3198 Kest
623 3160 828 3209 infinitum,
855 3168 910 3198 est
933 3160 1128 3209 ignotum:
1159 3161 1247 3212 quia
1274 3161 1399 3199 infini-

326 3221 409 3251 tum
438 3220 494 3250 est
525 3215 630 3252 cuius
653 3214 896 3263 quantitatem
925 3215 1189 3263 accipientibus
1208 3221 1225 3238 ‘²‘
1252 3226 1400 3264 semper

327 3273 381 3305 est
397 3267 541 3316 aliquid
558 3273 668 3305 extra
687 3279 891 3315 assumere,
907 3275 948 3305 ut
963 3268 1098 3306 dicitur
1112 3268 1150 3306 in
1166 3269 1216 3306 111
1226 3267 1399 3319 Pityaia*

327 3320 560 3369 Augustinus
595 3320 708 3359 etiam
742 3320 847 3369 dicit,
881 3322 952 3358 XII
973 3322 1018 3359 de
1042 3322 1122 3360 Ciu.
1143 3322 1219 3360 Dei
1229 3321 1261 3370 *,
1291 3321 1399 3371 quod

327 3374 507 3423 quidquid
523 3375 677 3412 scientia
697 3375 1035 3424 comprehenditur,
1064 3375 1211 3413 scientis
1230 3387 1398 3425 compre—

326 3428 502 3465 hensione
524 3429 675 3476 finitur.
712 3428 790 3466 Sed
817 3427 963 3465 infinita
992 3441 1069 3467 non
1098 3437 1259 3479 possunt
1286 3428 1397 3467 finiri.

327 3481 429 3529 Ergo
458 3494 536 3518 non
564 3489 725 3531 possunt
753 3481 907 3519 scientia
935 3482 1009 3519 Dei
1038 3482 1326 3532 comprehendi.

380 3595 407 3627 α)
427 3595 624 3627 accipientibus.
643 3610 662 3615 -
679 3597 834 3629 accipiendo
858 3597 962 3622 codices
987 3602 1012 3622 et
1036 3598 1087 3623 ab.
1103 3611 1124 3617 -
1147 3598 1198 3622 Pro
1221 3596 1336 3630 aliquid,
1362 3597 1400 3622 ad

326 3630 384 3656 edd.
399 3631 450 3656 ab.
468 3643 488 3652 -
505 3631 555 3656 Pro
573 3639 716 3663 assumere,
735 3639 839 3658 sumere
857 3633 936 3658 BDG.

381 3664 406 3698 β)
426 3670 452 3692 et
463 3667 552 3699 finiti,
573 3668 644 3700 quod
662 3669 697 3693 sit
711 3668 910 3700 pertransibile.
929 3683 947 3688 -
967 3668 1029 3695 Om.
1048 3668 1150 3694 codices
1169 3673 1194 3694 et
1212 3668 1254 3695 ed.
1272 3675 1298 3694 a.

1507 3013 1542 3038 2.
1573 3000 1615 3038 Si
1643 3000 1790 3038 dicatur
1809 3000 1915 3049 quod
1935 3012 1980 3038 ea
2009 3011 2107 3050 quae
2126 2998 2166 3037 in
2185 3011 2226 3037 se
2246 3006 2332 3036 sunt
2368 2998 2527 3044 infinita,

1451 3053 1630 3093 scientiae
1649 3053 1722 3092 Dei
1741 3052 1849 3092 finita
1872 3061 1971 3102 sunt,
2002 3060 2155 3092 contra:
2189 3051 2284 3090 ratio
2311 3051 2447 3091 infiniti
2473 3060 2529 3091 est

1451 3108 1559 3156 quod
1587 3107 1634 3146 sit
1661 3107 1994 3158 impertransibile;
2025 3114 2062 3145 et
2088 3105 2202 3154 finiti,
2233 3106 2339 3155 quod
2368 3105 2415 3144 sit
2441 3118 2528 3156 per-

1452 3161 1645 3199 transibile
1664 3159 1694 3210 Ρ,
1723 3168 1766 3199 ut
1798 3161 1934 3199 dicitur
1960 3161 2000 3199 in
2027 3161 2077 3198 111
2105 3160 2255 3209 Pitysic.
2276 3159 2307 3197 *.
2339 3160 2417 3198 Sed
2445 3159 2529 3198 infi-

1452 3214 1574 3252 nitum
1595 3227 1674 3253 non
1692 3222 1818 3266 potest
1836 3213 1985 3253 transiri
2012 3225 2084 3252 nec
2103 3226 2126 3251 a
2144 3213 2265 3261 finito,
2295 3226 2368 3252 nec
2395 3213 2444 3251 ab
2472 3213 2528 3251 in-
2554 3221 2572 3244 S

1452 3268 1572 3317 finito,
1593 3276 1636 3306 ut
1652 3269 1838 3319 probatur
1856 3267 1895 3306 in
1913 3269 1965 3306 VI
1984 3267 2134 3317 Hnysic.
2154 3266 2185 3305 ³¹⁸.
2213 3267 2316 3317 Ergo
2334 3266 2527 3305 infinitum

1453 3334 1532 3360 non
1569 3329 1695 3372 potest
1733 3334 1816 3360 esse
1848 3321 2000 3360 finitum
2037 3321 2145 3358 finito
2174 3326 2209 3369 ⁷,
2248 3333 2375 3370 neque
2411 3319 2526 3359 etiam

1452 3375 1614 3414 infinito.
1645 3376 1694 3414 Et
1722 3375 1772 3414 ita
1798 3375 1947 3414 infinita
1978 3386 2057 3413 non
2091 3383 2178 3412 sunt
2212 3373 2319 3413 finita
2350 3373 2526 3412 scientiae

1454 3429 1538 3477 Dei,
1568 3442 1667 3478 quae
1697 3437 1754 3467 est
1780 3428 1937 3467 infinita.

1510 3483 1544 3520 3.
1579 3484 1821 3530 PRAETEREA,
1853 3481 2007 3519 scientia
2044 3481 2118 3519 Dei
2151 3489 2207 3519 est
2243 3492 2424 3519 mensura
2457 3479 2526 3518 sci-

1506 3598 1533 3630 γ)
1545 3597 1638 3630 finito.
1655 3610 1675 3619 -
1693 3597 1755 3622 Om.
1770 3597 1872 3622 codices
1892 3602 1917 3621 et
1934 3597 1986 3622 ab.
2005 3610 2024 3616 -
2043 3596 2094 3622 Pro
2113 3596 2225 3630 infinito,
2240 3595 2373 3629 ifflnitum
2392 3594 2423 3626 A,
2438 3594 2526 3628 infini-

1452 3635 1509 3693 2132
1521 3632 1621 3693 {gitgr
1641 3632 1669 3663 C,
1685 3632 1791 3666 infinita
1811 3632 1840 3664 E,
1857 3633 1883 3657 in
1904 3632 2008 3666 infinito
2028 3632 2080 3662 ΡΟ,
2097 3632 2123 3658 in
2136 3632 2220 3665 finito
2239 3631 2280 3657 ed.
2297 3637 2323 3660 α,
2344 3636 2400 3656 esse
2419 3630 2445 3655 in
2466 3629 2526 3663 infi-

2557 2395 2567 2404 ·
2579 2394 2697 2422 Quam,
2707 2398 2764 2417 arta

2655 3159 2672 3194 β

2573 3194 2768 3245 arte-...-

2551 3274 2673 3324 aga-plim-
2679 3285 2692 3292 -
2697 3273 2768 3298 83η.

2654 3343 2671 3369 Υ
