2768 4178
955 253 1222 300 QUAESTIO
1251 254 1411 301 XXXII,
1441 255 1736 292 ARTICULUS
1767 257 1780 292 Ι

720 487 1133 564 QUAESTIO
1171 487 2008 547 TRIGESIMASECUNDA

563 616 656 656 DE
697 615 1120 657 DIVINARUM
1164 616 1665 659 PERSONARUM
1708 619 2164 661 coc-N1T10NE

1065 730 1100 755 IN
1130 730 1299 761 QUATUOR
1326 731 1527 757 ARTICULOS
1555 733 1671 758 DIVISA

353 843 616 875 onsEQUENTER
653 831 922 880 inquirendum
954 839 1009 869 est
1042 833 1088 870 de
1123 833 1335 882 cognitione

353 884 569 922 divinarum
597 885 855 921 Personarum
874 885 905 922 ³¹⁶.

270 939 320 975 Et
347 937 445 975 circa
472 938 547 974 hoc
576 946 808 986 quaeruntur
837 946 1011 987 quatuor.

324 991 472 1028 Primo:
501 998 629 1028 utrum
648 1004 717 1040 per
745 991 931 1028 rationem
952 993 1161 1029 naturalem
1189 993 1336 1041 possint

378 1044 557 1093 cognosci
587 1044 738 1082 divinae
767 1045 972 1085 Personae.

31 880 94 904 ’.Εἰ
113 887 152 910 σιω
167 887 244 910 xxix,

30 887 127 930 huodq

1446 835 1641 872 Secundo:
1670 843 1797 872 utrum
1827 835 1897 873 sint
1926 836 2072 884 aliquae
2110 837 2284 874 notiones
2314 837 2450 876 divinis

1497 888 1675 925 Personis
1703 889 1975 926 attribuendae.

1445 941 1595 978 Tertio:
1626 941 1673 978 de
1702 954 1863 979 numero
1893 942 2104 979 notionum.

1446 994 1610 1040 Quarto:
1640 1002 1767 1031 utrum
1796 995 1904 1031 liceat
1923 995 2178 1033 diversimode
2208 996 2306 1033 circa
2329 996 2450 1034 notio-

1498 1059 1565 1084 nes
1595 1047 1754 1096 opinari.

1083 1163 1295 1206 ARTICU
1303 1164 1400 1206 LUS
1432 1165 1636 1207 PRIMUS

301 1483 347 1519 ,ἢ
355 1487 442 1515 Μ,
406 1492 458 1537 v<
480 1485 503 1510 D
532 1484 668 1509 PRIMUM
697 1484 750 1509 stc
779 1483 1018 1509 PROCEDITUR.
1047 1471 1205 1508 Videtur
1228 1471 1332 1530 quod

298 1513 460 1584 ’Ἑιῗῖἰῆ
481 1525 646 1565 Trinitas
681 1525 896 1562 divinarum
929 1526 1186 1562 Personarum
1213 1524 1334 1573 possit

287 1566 369 1655 ’βξ
347 1591 408 1617 ¹⁷.
419 1561 451 1617 '²6
479 1591 549 1628 per
576 1578 786 1615 naturalem
815 1578 1000 1615 rationem
1026 1578 1215 1625 cognosci.
1246 1577 1333 1614 Phi—

325 1603 423 1662 <3⁶⁹³
440 1621 629 1680 &Iosophi
666 1631 767 1668 enim
801 1643 879 1668 non
917 1632 1156 1668 devenerunt
1187 1631 1224 1668 in
1260 1631 1332 1668 Dei

267 1684 521 1732 cognitionem
554 1684 624 1721 nisi
651 1697 720 1733 per
748 1684 935 1721 rationem
964 1685 1196 1721 naturalem.
1226 1684 1332 1721 inve-

264 1737 421 1777 niuntur
448 1745 577 1775 autem
597 1750 619 1774 a
638 1737 874 1786 philosophis
903 1738 1022 1775 multa
1050 1737 1148 1774 dicta
1177 1737 1223 1775 de
1249 1738 1332 1775 Tri-

5 1830 7 1835 ,
265 1790 380 1828 nitate
414 1792 683 1828 Personarum.
723 1790 823 1827 Dicit
856 1791 959 1827 enim
987 1791 1228 1838 Aristoteles,
1258 1791 1331 1828 inl

25 1846 115 1901 ,35²3-
119 1852 238 1906 ffeggflgf
265 1844 311 1881 de
343 1844 456 1881 Caelo
485 1850 522 1881 et
545 1844 696 1881 Mundo
715 1843 755 1880 *ε
784 1845 859 1880 Per
885 1845 985 1881 hunc
1013 1856 1233 1890 numerum,
1264 1844 1332 1881 sci-

7 1898 203 1950 ''fflffgggf
213 1901 237 1923 ¹¹¹
264 1897 351 1942 licet
378 1897 597 1944 ternarium,
618 1873 855 1934 adhibuimus
879 1909 946 1934 nos
966 1897 1063 1945 ipsos
1083 1898 1333 1947 magnificare

87 1939 101 1955 ⁴
265 1951 390 1987 Deum
407 1962 535 1996 unum,
550 1950 772 1987 eminentem
783 1951 1074 1998 proprietatibus
1088 1962 1219 1987 eorum
1235 1963 1332 1999 quae

263 2009 352 2040 sunt
363 2009 502 2041 creata.
514 2024 538 2032 -
554 2003 787 2051 Augustinus
804 2003 917 2040 etiam
934 2003 1032 2050 dicit,
1047 2004 1116 2040 VII
1138 2004 1329 2052 ConseS.*:

263 2057 327 2094 Ibi
352 2056 439 2106 legi,
461 2056 599 2094 scilicet
626 2057 665 2093 in
693 2056 796 2093 libris
825 2057 1121 2104 Platonicorum,
1148 2069 1222 2094 non
1252 2058 1331 2106 qui-

264 2110 348 2146 dem
376 2110 433 2147 his
459 2110 600 2156 verbis,
629 2110 695 2146 sed
719 2111 790 2146 hoc
818 2110 915 2147 idem
945 2110 1116 2155 omnino,
1146 2109 1269 2147 multis
1297 2117 1334 2148 et

263 2162 526 2212 multiplicibus
552 2163 707 2200 suaderi
732 2163 950 2209 rationibus,
971 2163 1073 2211 quod
1090 2163 1126 2199 in
1141 2163 1328 2212 principio

263 2222 347 2256 erat
370 2217 545 2262 Verbum,
562 2222 598 2252 et
618 2217 781 2254 Verbum
801 2222 884 2253 erat
900 2216 1003 2264 apud
1020 2217 1157 2262 Deum,
1173 2222 1210 2252 et
1226 2218 1330 2254 Deus

24 2003 157 2034 ·c.p.1x.

262 2274 347 2307 erat
378 2270 553 2315 Verbum,
580 2277 615 2306 et
642 2269 864 2306 huiusmodi
893 2281 990 2318 quae
1019 2268 1071 2306 ibi
1099 2277 1328 2317 sequuntur:

261 2321 300 2359 in
319 2321 457 2371 quibus
475 2322 604 2360 verbis
623 2321 809 2359 distinctio
830 2322 1046 2360 divinarum
1070 2323 1328 2359 Personarum

118 2382 136 2399 α
261 2374 429 2413 traditur.
455 2396 478 2403 —
508 2375 652 2412 Dicitur
680 2375 793 2413 etiam
822 2375 860 2412 in
891 2376 1028 2412 Glossa
1057 2381 1074 2396 ⁶²
1102 2377 1214 2412 Rom.
1236 2388 1262 2422 1,
1293 2384 1330 2413 et

22 2430 158 2459 'Vm-¹⁹·
260 2428 385 2466 Exod.
405 2428 517 2475 V111*,
548 2428 651 2477 quod
680 2428 782 2476 magi
809 2428 1019 2465 Pharaonis
1045 2428 1262 2465 defecerunt
1290 2429 1328 2466 in

261 2481 370 2521 tertio
386 2482 506 2530 signo,
518 2481 615 2518 idest
629 2481 668 2518 in
683 2482 814 2518 notitia
829 2481 958 2518 tertiae
974 2483 1177 2528 Personae,
1191 2482 1329 2519 scilicet

262 2534 422 2584 Spiritus
451 2534 599 2571 Sancti:
635 2542 671 2571 et
699 2534 752 2571 sic
780 2534 828 2572 ad
858 2534 985 2571 minus
1014 2535 1108 2572 duas
1138 2547 1327 2583 cognove-

11 2588 176 2643 :Poef'vand-
185 2593 235 2615 ‘¹¹¹-
262 2595 358 2625 runt.
375 2608 399 2615 -
416 2586 685 2635 Trismegistus
705 2587 819 2624 etiam
840 2587 977 2625 dixit*:
1006 2588 1150 2625 Monas
1167 2586 1328 2638 genuitss

34 2625 77 2648 ⁰⁸
122 2646 138 2681 β
262 2641 482 2686 monadem,
512 2645 547 2676 et
579 2641 616 2677 in
644 2652 683 2677 se
709 2653 819 2677 suum
848 2641 996 2690 reflexit
1027 2641 1227 2678 ardorem:
1259 2654 1328 2690 per

262 2694 368 2742 quod
405 2693 556 2731 videtur
583 2693 775 2741 generatio
809 2693 909 2741 Filii,
941 2701 977 2730 et
1011 2693 1171 2742 Spiritus
1201 2694 1328 2731 Sancti

261 2746 455 2796 processio
480 2746 654 2783 intimari.
685 2746 861 2794 Cognitio
883 2759 972 2794 ergo
994 2746 1208 2784 divinarum
1237 2748 1326 2784 Per-

263 2812 445 2837 sonarum
473 2807 598 2849 potest
625 2811 694 2848 per
721 2799 909 2836 rationem
937 2801 1150 2837 naturalem
1183 2800 1325 2837 haberi.

317 2864 352 2890 2.
374 2854 608 2900 PRAETEREA,
625 2853 810 2890 Ricardus
829 2853 877 2890 de
898 2854 1038 2890 Sancto
1053 2853 1205 2890 Victore
1227 2853 1325 2898 dicit,

22 2913 235 2943 'Lib-1‚0·i³·1v-
262 2905 302 2943 in
329 2905 425 2943 libro
461 2906 506 2943 de
538 2907 574 2943 T
569 2906 640 2942 rin.
661 2905 702 2942 *ε
736 2906 856 2942 Credo
888 2906 968 2943 sine
1000 2906 1111 2943 dubio
1146 2907 1247 2954 quod
1278 2907 1330 2943 ad

262 2971 540 3008 quamcumque
567 2958 869 3007 explanationem
900 2959 1080 3005 veritatis,
1112 2971 1186 2995 non
1215 2959 1326 2996 modo

257 3012 484 3060 probabilia,
514 3012 589 3050 imo
618 3012 730 3049 etiam
759 3012 969 3049 necessaria
997 3017 1225 3061 argumenta
1250 3024 1324 3049 non

262 3065 391 3101 desint.
433 3064 545 3102 Unde
584 3064 697 3102 etiam
734 3064 784 3101 ad
819 3065 1063 3113 probandum
1101 3064 1327 3102 Trinitatem

262 3118 541 3164 Personarum,
575 3118 689 3167 aliqui
718 3117 946 3155 induxerunt
978 3118 1166 3155 rationem
1196 3130 1241 3154 ex
1273 3118 1327 3155 in-

262 3170 406 3215 finitate
435 3170 611 3208 bonitatis
650 3171 820 3218 divinae,
857 3183 955 3220 quae
988 3171 1154 3220 seipsam
1184 3167 1327 3208 infinite

265 3223 523 3260 communicat
551 3223 590 3261 in
618 3224 862 3273 processione
898 3223 1113 3261 divinarum
1142 3225 1328 3261 Persona-

120 3288 137 3314 γ
264 3289 362 3313 rum.
399 3276 567 3323 Quidam
594 3289 688 3314 vero
717 3290 786 3326 per
814 3278 909 3324 hoc,
939 3274 1045 3325 quod
1074 3277 1209 3314 nullius
1242 3278 1332 3314 boni

16 3311 148 3374 *zts‘nm'
166 3318 234 3342 φεῖ·
263 3330 343 3366 sine
374 3330 560 3366 consortio
589 3335 604 3357 ⁷
631 3336 754 3388 potest
785 3342 863 3367 esse
895 3330 1058 3367 iucunda
1089 3331 1273 3378 possessio
1297 3330 1327 3367 ³³⁶.

298 3459 345 3519 da)
367 3459 475 3484 Dicitur
493 3459 573 3484 etiam
594 3459 619 3484 in
642 3460 746 3485 Glossa.
763 3474 782 3479 -
801 3460 875 3486 Dicit
890 3460 970 3485 etiam
985 3460 1064 3492 (enim
1077 3460 1219 3496 ABFGpC)
1236 3461 1330 3486 Glossa

265 3502 296 3519 co
315 3502 376 3520 ices.

318 3529 343 3563 β)
363 3530 464 3563 genuit.
482 3543 501 3548 —
518 3529 608 3563 gignit
621 3529 723 3554 codices
743 3535 768 3555 et
786 3531 836 3556 ab.
854 3544 874 3552 -
890 3531 941 3556 Pro
959 3531 1074 3566 reflexit,
1095 3531 1206 3566 reflectit
1219 3532 1329 3561 codices,

256 3566 346 3599 flectit
364 3566 404 3590 ed.
419 3572 450 3593 a‚·
468 3573 516 3598 pro
535 3565 668 3594 ardorem,
688 3572 807 3590 amorem
826 3567 855 3592 C.

317 3601 343 3634 γ)
362 3601 504 3626 consortio.
522 3614 541 3619 -
559 3600 630 3625 socio
649 3601 689 3625 vel
707 3602 841 3626 consortio
859 3602 888 3625 B.

343 1265 503 1311 UTRUM
522 1263 726 1295 TRINITAS
749 1263 993 1295 DIVINARUM
1015 1263 1308 1294 PERSONARUM
1330 1264 1478 1296 POSSIT
1502 1266 1584 1296 PER
1607 1266 1878 1297 NATURALEM
1903 1267 2131 1299 RATIONEM
2155 1268 2372 1301 COGNOSCI

669 1348 781 1378 ISent.,
802 1348 860 1373 dist.
879 1355 916 1379 m,
935 1355 978 1380 qu.
997 1355 1015 1379 1,
1035 1353 1082 1373 art.
1096 1355 1126 1379 43
1147 1347 1188 1372 De
1207 1347 1296 1376 Verit„
1317 1355 1361 1380 qu.
1380 1356 1404 1378 x,
1423 1354 1470 1373 art.
1489 1348 1534 1379 13;
1554 1349 1579 1373 in
1598 1350 1671 1374 Boet.
1696 1350 1728 1375 de
1750 1349 1833 1380 Trin.,
1853 1358 1898 1383 qu.
1917 1358 1934 1382 1,
1954 1357 2001 1376 art.
2020 1359 2050 1383 43

1170 1383 1208 1408 ad
1226 1382 1312 1414 Rom„
1333 1391 1388 1416 cap.
1407 1391 1425 1415 1,
1445 1384 1501 1408 lect.
1520 1391 1555 1409 v1.

1386 1472 1618 1520 Augustinus
1653 1485 1747 1510 vero
1780 1474 1800 1495 '¹‘
1836 1475 2008 1523 procedit
2043 1476 2092 1513 ad
2130 1476 2487 1515 manifestandum

1387 1525 1612 1562 Trinitatem
1642 1527 1908 1575 Personarum,
1936 1541 1980 1565 ex
2007 1530 2248 1577 processione
2276 1531 2383 1567 verbi
2413 1540 2450 1568 et

1387 1578 1529 1615 amoris
1558 1580 1595 1616 in
1623 1587 1751 1616 mente
1779 1589 1927 1618 nostra:
1958 1594 2074 1630 quam
2093 1582 2197 1619 viam
2226 1583 2373 1632 supra*
2392 1597 2448 1621 se-

1388 1631 1462 1668 cuti
1491 1644 1634 1669 sumus.
1665 1633 1765 1680 Ergo
1794 1646 1863 1682 per
1892 1635 2075 1672 rationem
2095 1637 2305 1674 naturalem
2323 1644 2449 1686 potest

1388 1685 1565 1733 cognosci
1594 1685 1759 1723 Trinitas
1786 1687 2052 1724 Personarum.

1443 1739 1476 1775 3.
1498 1739 1731 1786 PRAETEREA,
1757 1740 1995 1788 superfluum
2023 1741 2174 1778 videtur
2201 1742 2348 1780 homini
2375 1751 2447 1781 tra-

1387 1791 1476 1828 dere
1505 1792 1609 1840 quod
1637 1793 1806 1830 humana
1836 1794 1979 1830 ratione
2001 1795 2178 1842 cognosci
2205 1808 2284 1833 non
2310 1804 2446 1845 potest.

1388 1845 1464 1882 Sed
1497 1857 1576 1882 non
1606 1853 1660 1882 est
1693 1845 1896 1883 dicendum
1934 1847 2037 1895 quod
2067 1848 2214 1885 traditio
2245 1849 2371 1886 divina
2400 1851 2447 1888 de

1387 1898 1600 1945 cognitione
1629 1898 1821 1936 Trinitatis
1850 1899 1896 1936 sit
1922 1901 2126 1948 superflua.
2156 1902 2258 1950 Ergo
2283 1902 2447 1940 Trinitas

1385 1951 1642 1988 Personarum
1671 1952 1814 1989 ratione
1842 1953 2011 1990 humana
2040 1954 2217 2002 cognosci
2243 1962 2378 2003 potest.

1440 2005 1514 2041 SED
1544 2016 1690 2042 CONTRA
1717 2017 1783 2042 Esr
1811 2006 1915 2054 quod
1936 2006 2101 2043 Hilarius
2122 2007 2220 2055 dicit,
2240 2008 2279 2045 in
2298 2008 2392 2046 libro
2414 2010 2445 2046 II

1384 2057 1430 2093 de
1461 2059 1497 2094 T
1493 2058 1564 2094 rin.
1585 2057 1622 2094 *ε
1650 2058 1741 2095 Non
1765 2064 1873 2107 putet
1897 2060 2010 2096 homo
2029 2072 2098 2096 sua
2121 2060 2362 2110 intelligentia
2380 2074 2445 2111 ge-

1385 2111 1588 2147 nerationis
1610 2117 1888 2148 sacramentum
1902 2124 2013 2160 posse
2032 2113 2209 2162 consequi
2226 2111 2250 2150 ³.
2280 2115 2447 2151 Ambro-

1385 2163 1460 2200 sius
1498 2164 1610 2200 etiam
1649 2164 1737 2201 dicit
1762 2163 1803 2201 *ε
1841 2166 2074 2213 Impossibile
2110 2172 2164 2203 est
2192 2167 2446 2216 generationis

1382 2217 1479 2253 scire
1509 2223 1709 2263 secretum,
1739 2229 1844 2254 mens
1871 2218 2010 2266 deficit,
2038 2230 2118 2255 vox
2143 2219 2234 2256 silet.
2274 2220 2350 2257 Sed
2377 2233 2447 2269 per

1383 2269 1568 2317 originem
1587 2270 1838 2318 generationis
1867 2278 1903 2307 et
1930 2271 2182 2319 processionis
2211 2272 2447 2321 distinguitur

1383 2322 1524 2359 trinitas
1552 2322 1590 2360 in
1618 2323 1790 2372 personis
1815 2329 1826 2344 ⁸
1853 2323 2001 2371 divinis,
2030 2332 2072 2362 ut
2095 2337 2141 2362 ex
2160 2337 2273 2374 supra
2292 2325 2312 2348 ²¹⁶
2340 2326 2446 2364 dictis

1382 2383 1496 2424 patet.
1528 2376 1627 2412 Cum
1656 2389 1745 2424 ergo
1773 2377 1863 2414 illud
1890 2377 2009 2415 homo
2039 2390 2117 2415 non
2145 2379 2266 2426 possit
2292 2380 2386 2416 scire
2412 2387 2447 2417 et

1382 2429 1624 2476 intelligentia
1653 2430 1853 2478 consequi,
1884 2430 1933 2466 ad
1966 2431 2071 2479 quod
2105 2431 2198 2468 ratio
2235 2432 2447 2469 necessaria

1382 2482 1515 2518 haberi
1542 2494 1621 2519 non
1648 2490 1774 2531 potest
1793 2483 1817 2529 ζ,
1845 2483 2013 2531 sequitur
2041 2484 2145 2542 quod
2165 2484 2329 2521 Trinitas
2357 2486 2446 2522 Per-

1383 2547 1565 2572 sonarum
1593 2547 1663 2583 per
1691 2535 1875 2572 rationem
1905 2537 2081 2583 cognosci
2109 2549 2187 2573 non
2215 2537 2345 2585 possit.

1436 2589 1661 2625 Responzo
1689 2600 1871 2626 DICENDUM
1900 2590 2005 2636 quod
2028 2589 2266 2648 ‘impossibile
2295 2598 2351 2627 est
2378 2603 2446 2639 per

1383 2640 1567 2677 rationem
1595 2642 1806 2678 naturalem
1827 2641 1876 2678 ad
1901 2642 2156 2689 cognitionem
2176 2642 2369 2680 Trinitatis
2393 2643 2445 2680 di-

1381 2693 1558 2730 vinarum
1592 2695 1850 2731 Personarum
1890 2695 2103 2744 pervenire.
2145 2696 2352 2733 ostensum
2390 2703 2446 2734 est

1383 2747 1484 2783 enim
1513 2759 1628 2795 supra
1646 2746 1666 2768 ‘¹‘
1694 2747 1799 2795 quod
1830 2748 1949 2784 homo
1982 2760 2051 2797 per
2083 2748 2268 2786 rationem
2297 2757 2445 2786 natura-

1381 2800 1457 2836 lem
1491 2799 1820 2849 incognitionem
1858 2801 1930 2837 Dei
1968 2801 2168 2850 pervenire
2206 2815 2284 2839 non
2321 2810 2445 2851 potest

1382 2852 1452 2889 nisi
1480 2858 1494 2876 η
1524 2866 1568 2890 ex
1597 2853 1786 2890 creaturis.
1818 2853 2023 2891 Creaturae
2060 2862 2188 2892 autem
2226 2855 2370 2892 ducunt
2406 2855 2444 2892 in

1382 2905 1454 2942 Dei
1483 2906 1751 2954 cognitionem,
1778 2905 1873 2943 sicut
1901 2906 2057 2944 effectus
2086 2907 2124 2944 in
2161 2920 2327 2945 causam.
2358 2909 2445 2945 Hoc

1381 2958 1492 3006 igitur
1528 2959 1655 2996 solum
1693 2959 1836 2996 ratione
1866 2961 2024 2997 naturali
2063 2961 2111 2998 de
2144 2961 2228 2998 Deo
2267 2961 2444 3008 cognosci

1380 3019 1516 3060 potest,
1537 3012 1641 3060 quod
1661 3019 1879 3061 competere
1909 3012 1942 3050 ei
1966 3026 2121 3050 necesse
2152 3021 2207 3051 est
2234 3014 2445 3052 secundum

1382 3065 1487 3114 quod
1507 3072 1563 3101 est
1582 3065 1756 3101 omnium
1777 3065 1918 3103 entium
1936 3066 2184 3115 principium:
2215 3075 2252 3103 et
2269 3068 2343 3104 hoc
2362 3067 2445 3104 fun-

1362 3159 1364 3161 ,
1383 3118 1563 3155 damento
1583 3117 1640 3154 usi
1660 3130 1793 3155 sumus
1813 3131 1927 3168 supra
1941 3119 1961 3141 ’¹‘
1980 3119 2018 3156 in
2038 3119 2339 3157 consideratione
2358 3120 2442 3158 Dei.

1381 3171 1507 3208 Virtus
1536 3178 1664 3208 autem
1703 3171 1867 3209 creativa
1894 3170 1907 3192 ⁰
1934 3173 2007 3209 Dei
2042 3181 2097 3209 est
2130 3173 2345 3210 communis
2378 3173 2444 3210 toti

1383 3224 1574 3261 Trinitati:
1609 3223 1713 3261 unde
1748 3224 1910 3273 pertinet
1946 3226 1995 3262 ad
2027 3225 2208 3262 unitatem
2243 3226 2443 3273 essentiae,

1385 3290 1463 3314 non
1491 3277 1539 3314 ad
1569 3276 1846 3314 distinctionem
1869 3290 2131 3326 personarum.
2162 3280 2235 3315 Per
2258 3279 2444 3316 rationem

1384 3331 1493 3378 igitur
1512 3331 1722 3367 naturalem
1744 3331 1921 3379 cognosci
1939 3339 2099 3380 possunt
2119 3331 2166 3369 de
2182 3333 2266 3368 Deo
2284 3344 2328 3369 ea
2346 3345 2443 3382 quae

1437 3460 1461 3493 ὃ)
1481 3461 1613 3493 consequi.
1631 3474 1650 3480 -
1667 3468 1695 3486 se
1712 3462 1837 3494 consequi
1855 3462 1989 3487 CDEFsA.

1438 3496 1460 3528 ε)
1477 3496 1607 3528 personis.
1625 3510 1644 3515 -
1663 3497 1724 3521 Om.
1743 3497 1889 3522 ABCDEG.

1437 3531 1462 3563 ζ)
1484 3539 1534 3556 non
1550 3531 1671 3563 possit...
1685 3539 1736 3556 non
1753 3535 1850 3564 potest.
1869 3546 1887 3551 -
1900 3533 1988 3564 possit
2034 3536 2124 3564 potest
2141 3533 2241 3559 ACDE.

1438 3568 1464 3598 η)
1484 3567 1542 3591 nisi.
1560 3581 1579 3586 —
1598 3567 1658 3591 Om.
1678 3567 1731 3591 BD.

1438 3600 1462 3634 θ)
1481 3602 1608 3627 creativa.
1626 3616 1645 3621 -
1663 3603 1801 3627 causativa
1820 3602 1939 3627 BCDEF.

2501 1486 2537 1508 De
2552 1487 2628 1515 Trin.,
2642 1488 2683 1510 lib.

2475 1513 2516 1540 IX,
2531 1519 2581 1541 cap.
2597 1504 2628 1536 ιγ’
2634 1521 2686 1543 sqq.

2476 1625 2483 1640 1

2474 1593 2548 1648 ⁴(32u.
2558 1600 2628 1621 xxvu,
2643 1597 2686 1616 art.

2472 2081 2482 2092 ⁸
2496 2080 2566 2102 Num.
2584 2087 2606 2108 9.

2571 2121 2585 2146 ὃ

2472 2183 2483 2194 ⁸
2493 2183 2528 2204 De
2537 2183 2601 2210 Fide,
2612 2183 2653 2205 lib.
2663 2183 2681 2209 1,

2473 2216 2524 2237 cap.
2540 2216 2563 2232 x.

2575 2339 2586 2355 ε

2475 2366 2483 2374 ·
2495 2364 2541 2392 Qu.
2550 2371 2604 2392 xxx,
2613 2367 2655 2386 art.
2662 2370 2683 2386 2.

2571 2495 2586 2525 ζ

2470 2764 2482 2775 ⁸
2493 2764 2540 2791 Qu.
2551 2770 2592 2791 xu,
2603 2767 2646 2786 art.
2655 2771 2678 2791 4,

2512 2796 2541 2812 12.

2569 2878 2584 2901 η

2473 3133 2532 3181 :2Cfi
2543 3139 2630 3161 qil-xii,
2640 3136 2683 3155 art.

2573 3186 2586 3211 θ
