2768 4178
63 387 74 397 ·
81 385 277 412 Pulm.uxx‚13.

166 441 178 458 ε

68 486 79 502 ¹-
91 485 159 508 Vers.
174 490 197 512 9.

62 701 72 711 ·
91 699 159 723 Vm.
174 705 192 722 1.

66 2457 78 2469 ⁸
91 2456 160 2480 Vm.
174 2461 192 2479 ι.

992 241 1259 288 QUAESTIO
1289 241 1415 287 xxii,
1444 241 1741 279 ARTICULUS
1772 243 1803 278 11

305 321 446 359 cialiter
470 321 571 367 mali,
597 321 810 358 secundum
838 321 950 357 illud:
981 321 1120 357 dimisit
1141 320 1223 356 illos
1246 331 1376 356 secun-

305 376 394 413 dum
423 375 607 411 desideria
635 375 757 411 cordis
785 386 917 411 eorum
936 373 967 411 ⁵¹⁶.
995 374 1086 410 Non
1111 373 1220 421 igitur
1246 372 1376 408 omnia

306 427 460 466 divinae
486 427 752 477 providentiae
781 427 942 464 subsunt
960 432 982 462 ¹.

364 482 396 519 5.
418 482 654 528 PRAETEREA,
674 480 894 530 Apostolus,
916 480 930 515 I
957 479 1044 516 Cor.
1062 491 1097 515 tx
1110 478 1141 525 ³¹⁸,
1164 477 1252 515 dicit
1271 477 1376 526 quod

307 547 382 572 non
416 540 471 571 est
501 535 584 571 Deo
613 546 707 571 cura
740 533 786 570 de
818 533 953 569 bobus.-
983 539 1020 568 et
1054 532 1191 569 eadem
1216 530 1374 577 ratione,

308 588 356 625 de
376 587 454 624 aliis
474 586 653 624 creaturis
671 585 957 623 irrationalibus.
987 585 1079 621 Non
1106 584 1217 632 igitur
1245 584 1376 620 omnia

308 641 469 678 subsunt
487 640 501 666 ζ
530 640 682 677 divinae
711 638 986 687 providentiae.

362 694 437 731 SED
470 705 617 730 CONTRA
644 703 711 729 EST
744 691 851 739 quod
889 691 1024 728 dicitur
1056 691 1144 738 Sap.
1173 689 1293 737 V111*‚
1329 689 1375 727 de

309 746 436 784 divina
463 745 668 794 sapientia,
698 744 805 793 quod
842 744 994 794 attingit
1018 756 1042 780 a
1060 745 1146 792 fine
1174 755 1290 792 usque
1326 744 1378 780 ad

296 801 420 848 finem
438 798 607 846 fortiter,
636 803 673 834 et
698 797 860 846 disponit
885 798 1013 834 omnia
1041 797 1217 834 suaviter.

361 853 588 889 RESPONDEO
602 862 787 888 DICENDUM
807 850 913 898 quod
933 850 1091 899 quidam
1110 850 1272 887 totaliter
1286 862 1375 898 pro—

306 904 519 943 videntiam
548 911 796 952 negaverunt,
827 903 923 941 sicut
949 904 1192 941 Democritus
1223 910 1258 940 et
1286 903 1374 952 Epi-

308 957 411 995 curei
438 963 474 1004 η,
511 964 700 1007 ponentes
738 957 928 994 mundum
971 957 1112 994 factum
1151 969 1233 994 esse
1272 969 1373 993 casu.

308 1011 478 1059 Quidam
512 1023 607 1048 vero
643 1018 856 1060 posuerunt
892 1010 1191 1059 incorruptibilia
1227 1017 1375 1047 tantum

305 1064 571 1114 providentiae
608 1063 824 1110 subiacere3
860 1063 1116 1112 corruptibilia
1146 1076 1262 1110 vero,
1297 1075 1376 1100 non

307 1119 520 1156 secundum
548 1117 761 1165 individua,
791 1118 859 1155 sed
879 1117 1093 1154 secundum
1122 1117 1289 1165 species3
1323 1116 1376 1153 sic

307 1171 412 1208 enirn
448 1171 747 1219 incorruptibilia
785 1178 882 1208 sunt.
922 1171 980 1207 Ex
1018 1182 1184 1219 quorum
1210 1181 1376 1219 persona

307 1224 443 1262 dicitur
464 1225 535 1261 Iob
562 1224 690 1262 xxi1*:
721 1225 837 1261 nubes
865 1223 1059 1261 latibulum
1089 1224 1178 1269 eius,
1213 1228 1250 1259 et
1274 1222 1376 1259 circa

306 1277 479 1316 cardines
508 1278 603 1315 caeli
623 1277 877 1326 perambulat,
907 1288 1027 1325 neque
1054 1282 1183 1314 nostra
1211 1275 1377 1312 conside-

306 1337 378 1369 rat.
398 1332 434 1368 A
454 1330 756 1380 corruptibilium
784 1337 912 1367 autem
936 1329 1175 1378 generalitate
1200 1329 1347 1378 excepit
1365 1326 1378 1349 ⁰

262 1406 278 1438 -3
307 1384 433 1422 Rabbi
453 1385 611 1433 Moyses
629 1383 649 1405 '¹‘
666 1383 855 1429 homines,
876 1390 1034 1431 propter
1052 1382 1299 1431 splendorem
1323 1382 1377 1419 in-

306 1438 495 1485 tellectus,
530 1449 647 1486 quern
680 1436 922 1485 participant:
951 1436 990 1473 in
1018 1436 1099 1473 aliis
1127 1443 1255 1473 autem
1283 1435 1378 1473 indi-

305 1491 431 1529 viduis
461 1489 779 1539 corruptibilibus,
801 1489 962 1526 aliorum
987 1489 1211 1538 opinionem
1240 1497 1297 1527 est
1321 1502 1378 1526 se-

307 1551 428 1581 cutus.

361 1596 439 1634 Sed
471 1608 627 1633 necesse
657 1603 713 1633 est
741 1595 866 1633 dicere
896 1595 1027 1633 omnia
1060 1595 1212 1633 divinae
1249 1595 1377 1644 provi-

306 1649 456 1688 dentiae
485 1649 693 1695 subiacere,
715 1661 793 1686 non
812 1650 873 1687 ‘in
901 1648 1105 1686 universali
1128 1656 1288 1697 tantum,
1309 1650 1376 1687 sed

306 1702 421 1740 etiam
448 1702 488 1740 in
516 1702 705 1751 singulari.
746 1703 863 1749 Quod
900 1702 952 1740 sic
984 1709 1097 1751 patet.
1138 1702 1238 1739 Cum
1273 1704 1375 1741 enim

306 1768 423 1794 omne
451 1768 568 1804 agens
597 1763 682 1804 agat
709 1764 866 1805 propter
899 1756 1037 1803 finem,
1067 1762 1215 1793 tantum
1244 1769 1285 1793 se
1314 1770 1377 1804 ex7

305 1809 426 1848 tendit
454 1808 641 1847 ordinatio
671 1808 879 1846 effectuum
908 1809 947 1846 in
974 1809 1106 1856 finem,
1128 1817 1315 1859 quantum
1334 1823 1375 1847 se

307 1862 472 1900 extendit
506 1862 703 1900 causalitas
740 1862 851 1911 primi
889 1862 1044 1910 agentis.
1083 1863 1141 1899 Ex
1169 1863 1245 1899 hoe
1274 1863 1375 1901 enim

307 1916 488 1964 contingit
506 1915 544 1952 in
564 1915 742 1964 operibus
758 1922 771 1936 ³²
790 1915 947 1952 alicuius
967 1915 1110 1964 agentis
1129 1916 1271 1964 aliquid
1289 1930 1378 1966 pro-

305 1969 438 2006 venire
473 1981 553 2006 non
586 1968 634 2006 ad
668 1968 788 2006 finem
827 1968 1065 2016 ordinatum,
1100 1968 1189 2017 quia
1218 1970 1376 2007 effectus

306 2022 368 2060 ille
398 2021 644 2071 consequitur
673 2033 718 2058 ex
746 2021 872 2071 aliqua
900 2022 972 2059 alia
997 2034 1123 2070 causa,
1143 2031 1295 2072 praeter
1321 2023 1376 2061 in-

306 2076 518 2114 tentionem
547 2074 701 2123 agentis.
733 2075 944 2112 Causalitas
972 2083 1102 2112 autern
1130 2077 1215 2124 Dei,
1237 2077 1302 2126 qui
1322 2084 1378 2114 est

306 2129 477 2179 primum
514 2140 650 2176 agens,
689 2141 729 2165 se
765 2128 932 2166 extendit
960 2127 972 2149 ³
999 2141 1121 2177 usque
1159 2130 1208 2167 ad
1246 2131 1377 2168 omnia

309 2183 421 2229 entia,
450 2194 530 2219 non
558 2182 683 2218 solum
711 2190 898 2230 quantum
926 2182 974 2219 ad
1001 2182 1187 2231 principia
1215 2184 1376 2232 speciei,

308 2236 377 2274 sed
406 2235 518 2272 etiam
542 2242 727 2284 quantum
747 2234 796 2272 ad
816 2235 1063 2272 individualia
1081 2236 1278 2285 principia,
1299 2250 1378 2274 non

308 2289 434 2327 solum
463 2287 817 2336 incorruptibilium,
839 2287 907 2326 sed
927 2287 1042 2325 etiam
1063 2289 1376 2338 corruptibilium.

307 2341 421 2380 Unde
448 2353 604 2378 necesse
625 2348 681 2378 est
699 2341 830 2379 omnia
849 2349 948 2390 quae
968 2342 1111 2379 habent
1129 2355 1378 2393 quocumque

309 2394 428 2433 modo
459 2407 555 2442 esse,
577 2394 749 2432 ordinata
778 2407 860 2432 esse
881 2407 904 2432 a
923 2396 1008 2432 Deo
1029 2395 1067 2432 in
1092 2396 1223 2443 finem,
1245 2409 1377 2434 secun-

309 2449 404 2486 dum
433 2447 524 2485 illud
552 2448 737 2496 Apostoli,
767 2449 819 2485 ad
845 2448 957 2485 Rom.
978 2461 1038 2485 x111
1057 2448 1097 2486 *ε
1127 2461 1224 2498 quae
1251 2462 1275 2487 a
1294 2451 1377 2487 Deo

296 2507 405 2550 sunt,
435 2501 609 2538 ordinata
636 2507 733 2538 sunt.
764 2502 865 2538 Cum
884 2513 973 2549 ergo
1003 2501 1092 2539 nihil
1120 2502 1222 2539 aliud
1242 2503 1287 2540 sit
1305 2503 1378 2540 Dei

309 2554 551 2605 providentia
569 2566 687 2602 quam
708 2554 801 2591 ratio
822 2554 965 2592 ordinis
985 2567 1112 2592 rerum
1131 2557 1171 2592 in
1190 2556 1322 2604 finem,
1337 2564 1380 2593 ut

311 2608 455 2646 dictum
481 2615 536 2644 est
549 2606 581 2653 ²¹³,
602 2619 759 2644 necesse
779 2615 835 2644 est
858 2607 1001 2655 omnia,
1022 2608 1248 2658 inquantum
1268 2610 1380 2659 parti-

311 2661 438 2710 cipant
453 2673 536 2697 esse
550 2666 581 2705 fl,
597 2660 785 2698 intantum
805 2661 916 2699 subdi
932 2661 1083 2699 divinae
1102 2662 1377 2711 providentiae.

365 2713 545 2751 Similiter
572 2719 584 2733 ⁹
612 2713 726 2750 etiam
764 2726 879 2763 supra
905 2713 926 2736 ’⁸
954 2723 1150 2753 ostensum
1185 2723 1240 2753 est
1274 2717 1380 2766 quod

311 2768 418 2805 Deus
446 2766 577 2804 omnia
605 2767 809 2815 cognoscit,
837 2775 874 2805 et
900 2768 1128 2806 universalia
1158 2776 1193 2805 et
1217 2770 1380 2818 particu-

311 2820 403 2858 laria
421 2819 453 2858 ²¹⁶.
479 2820 528 2857 Et
557 2833 645 2857 cum
675 2820 837 2868 cognitio
867 2821 949 2859 eius
978 2833 1220 2872 comparetur
1248 2825 1295 2861 ad
1321 2837 1381 2861 res

312 2874 408 2911 sicut
436 2873 600 2921 cognitio
630 2873 717 2910 artis
736 2873 786 2910 ad
806 2873 1000 2912 artificiata
1015 2875 1046 2922 ³¹⁸,
1074 2883 1115 2912 ut
1139 2890 1253 2927 supra
1267 2877 1307 2899 *⁹⁸
1327 2877 1381 2914 di-

313 2934 417 2964 ctum
447 2934 519 2974 est,
550 2939 706 2964 necesse
727 2934 782 2963 est
801 2928 907 2975 quod
926 2929 1057 2966 omnia
1085 2937 1350 2981 supponantur
1369 2927 1382 2954 ξ

313 2993 383 3018 suo
413 2980 552 3029 ordini,
582 2980 678 3017 sicut
701 2979 832 3017 omnia
859 2981 1054 3019 artificiata
1082 2985 1296 3022 subduntur
1324 2996 1383 3020 or-

314 3033 392 3071 dini
421 3033 520 3070 artis.

366 3088 425 3122 AD
453 3098 591 3123 PmMUM
618 3098 716 3123 ERGO
745 3098 930 3124 DICENDUM
968 3089 1071 3137 quod
1105 3090 1211 3127 aliter
1245 3097 1301 3127 est
1335 3089 1383 3127 de

315 3151 429 3176 causa
455 3138 682 3187 universali,
713 3147 749 3176 et
777 3141 825 3177 de
858 3153 972 3178 causa
1008 3142 1234 3191 particulari.
1271 3143 1383 3180 Ordi—

2420 247 2493 283 265

1433 331 1523 356 nem
1544 319 1645 356 enim
1667 332 1804 356 causae
1828 322 2061 369 particularis
2080 323 2220 371 aliquid
2235 332 2361 372 potest
2380 325 2495 362 exire:

1433 384 1512 408 non
1549 380 1678 409 autem
1716 373 1892 410 ordinem
1924 380 1936 394 ⁰
1970 388 2106 412 causae
2140 376 2376 414 universalis.
2406 378 2498 415 Non

1434 424 1535 461 enim
1565 426 1786 463 subducitur
1814 426 1954 475 aliquid
1983 429 2031 464 ab
2061 428 2195 465 ordine
2224 442 2360 466 causae
2386 431 2497 479 parti-

1434 478 1579 525 cularis,
1600 478 1671 515 nisi
1699 491 1768 527 per
1795 479 1961 528 aliquam
1991 480 2102 517 aliam
2124 494 2278 518 causam
2296 483 2497 531 particula-

1433 543 1516 568 rem
1535 531 1825 580 impedientem:
1852 532 1948 569 sicut
1966 533 2108 580 lignum
2128 534 2333 583 impeditur
2351 548 2374 572 a
2393 549 2498 574 corn-

1433 584 1609 621 bustione
1636 597 1706 633 per
1733 585 1923 622 actionem
1944 598 2078 634 aquae.
2100 588 2223 635 Unde,
2245 601 2332 625 cum
2361 602 2498 627 omnes

1433 649 1569 674 causae
1597 638 1842 686 particulares
1880 640 2155 677 concludantur
2186 643 2256 678 sub
2293 642 2498 680 universali

1434 703 1559 737 causa,
1580 690 1812 740 impossibile
1842 699 1897 729 est
1925 692 2090 741 aliquem
2116 694 2293 731 effectum
2323 696 2497 733 ordinem

1434 756 1570 780 causae
1598 744 1822 782 universalis
1843 745 2022 793 effugere.
2045 747 2275 794 Inquantum
2303 748 2414 796 igitur
2432 750 2497 786 ali-

1434 797 1517 846 quis
1546 798 1703 835 effectus
1723 798 1898 835 ordinem
1927 798 2082 835 alicuius
2103 812 2238 837 causae
2266 802 2498 849 particularis

1434 850 1574 899 effugit,
1597 851 1732 888 dicitur
1760 863 1843 888 esse
1873 853 2022 888 casuale
2042 853 2104 889 vel
2133 853 2340 901 fortuitum,
2371 867 2498 903 respe-

1433 911 1495 940 ctu
1524 916 1660 941 causae
1687 904 1942 953 particularis:
1968 905 2036 942 sed
2057 914 2231 955 respectu
2260 919 2397 944 causae
2415 908 2498 945 uni·

1431 957 1601 1004 versalis‚
1623 969 1645 994 a
1673 957 1779 995 cuius
1808 958 1941 995 ordine
1970 958 2138 995 subtrahi
2167 972 2245 996 non
2273 968 2416 1009 potest,
2445 961 2498 998 di·
2523 954 2526 959 ¹

1433 1010 1528 1047 citur
1555 1023 1638 1047 esse
1666 1011 1878 1060 provisum.
1900 1011 2005 1049 Sicut
2034 1018 2070 1048 et
2097 1025 2304 1050 concursus
2333 1014 2498 1052 duorum

1433 1076 1654 1111 servorum,
1683 1063 1770 1101 licet
1803 1064 1849 1101 sit
1878 1065 2037 1102 casualis
2066 1073 2252 1114 quantum
2281 1072 2299 1088 π
2332 1067 2381 1104 ad
2410 1080 2497 1115 eos,

1434 1124 1490 1154 est
1516 1124 1646 1154 tamen
1678 1117 1856 1166 provisus
1884 1130 1907 1155 a
1936 1118 2116 1166 domino,
2147 1119 2212 1167 qui
2241 1132 2307 1156 eos
2340 1120 2500 1158 scienter

1433 1170 1487 1206 sic
1506 1170 1556 1207 ad
1574 1182 1696 1207 unum
1717 1171 1844 1208 locum
1863 1171 1985 1219 mittit,
2005 1179 2048 1208 ut
2065 1184 2165 1209 unus
2185 1173 2232 1210 de
2252 1173 2325 1210 alio
2344 1174 2497 1211 nesciat.

1487 1225 1546 1260 AD
1575 1235 1764 1261 SECUNDUM
1792 1236 1976 1262 DICENDUM
2013 1227 2118 1273 quod
2156 1225 2260 1263 aliter
2292 1227 2340 1264 de
2369 1240 2415 1264 eo
2446 1235 2501 1264 est

1433 1276 1498 1324 qui
1524 1277 1640 1313 habet
1668 1289 1799 1314 curam
1827 1277 1983 1314 alicuius
2006 1278 2251 1326 particularis,
2273 1287 2309 1316 et
2337 1280 2384 1317 de
2412 1293 2500 1329 pro-

1433 1329 1560 1366 visore
1580 1329 1798 1367 universali.
1828 1330 1929 1377 Quia
1954 1331 2132 1379 provisor
2150 1338 2165 1363 Ρ
2183 1332 2414 1380 particularis
2440 1346 2500 1370 ex-

1435 1382 1549 1420 cludit
1576 1383 1767 1419 defectum
1787 1383 1836 1419 ab
1867 1396 1912 1420 eo
1946 1384 2051 1432 quod
2071 1384 2151 1421 eius
2176 1398 2288 1422 curae
2317 1387 2498 1434 subditur,

1434 1443 1620 1484 quantum
1639 1443 1794 1485 potestz·
1814 1437 1882 1473 sed
1910 1437 2085 1485 provisor
2103 1438 2326 1475 universalis
2345 1440 2500 1488 pemit-

1432 1489 1474 1525 tit
1502 1489 1669 1538 aliquem
1708 1489 1896 1526 defectum
1932 1490 1970 1526 in
1999 1490 2125 1540 aliquo
2163 1491 2375 1540 particulari
2407 1493 2500 1530 acci-

1434 1542 1536 1590 dere,
1566 1555 1614 1579 ne
1642 1542 1871 1591 impediatur
1890 1543 2047 1595 ‚bonum
2074 1544 2199 1581 totius.
2227 1545 2339 1582 Unde
2373 1558 2500 1583 corru-

1432 1595 1581 1644 ptiones
1607 1603 1643 1632 et
1667 1596 1834 1633 defectus
1862 1596 1901 1633 in
1925 1596 2037 1633 rebus
2061 1597 2304 1645 naturalibus,
2326 1599 2502 1636 dicuntur

1433 1661 1515 1686 esse
1536 1657 1667 1686 contra
1687 1657 1861 1686 naturam
1880 1649 2164 1698 particularem;
2186 1651 2252 1688 sed
2271 1659 2398 1689 tamen
2414 1660 2508 1690 sunt-

1433 1702 1481 1739 de
1509 1702 1717 1739 intentione
1741 1710 1898 1740 naturae
1926 1703 2159 1750 universalis,
2180 1704 2405 1753 inquantum
2435 1706 2498 1742 de-

1431 1756 1550 1793 fectus
1578 1755 1691 1792 unius
1721 1755 1819 1793 cedit
1842 1762 1855 1776 ⁰
1879 1755 1918 1793 in
1945 1756 2093 1794 bonum
2113 1757 2275 1805 alterius,
2294 1759 2357 1796 vel
2387 1758 2499 1802 etiam

1431 1809 1544 1846 totius
1572 1809 1758 1855 universi;
1792 1821 1883 1846 nam
1914 1810 2103 1858 corruptio
2128 1811 2241 1848 unius
2266 1818 2321 1848 est
2346 1824 2500 1860 genera-

1430 1862 1482 1899 tio
1512 1862 1674 1909 alterius,
1694 1874 1764 1911 per
1791 1875 1908 1912 quam
1937 1863 2082 1912 species
2111 1872 2367 1902 conservatur.
2399 1866 2498 1902 Cum

1431 1915 1540 1963 igitur
1568 1917 1674 1952 Deus
1703 1915 1749 1952 sit
1775 1915 1999 1952 universalis
2036 1916 2213 1965 provisor
2244 1918 2356 1954 totius
2386 1919 2497 1966 entis,

1430 1968 1480 2006 ad
1498 1968 1616 2018 ipsius
1634 1968 1917 2018 providentiam
1935 1969 2096 2018 pertinet
2113 1977 2155 2006 ut
2171 1970 2363 2019 permittat
2386 1983 2497 2020 quos-

1431 2022 1521 2059 dam
1551 2022 1719 2059 defectus
1748 2034 1831 2059 esse
1859 2022 1898 2060 in
1921 2022 2110 2070 aliquibus
2138 2023 2422 2072 particularibus
2441 2038 2498 2062 re-

1431 2076 1523 2123 bus,
1553 2087 1601 2112 ne
1629 2075 1859 2124 impediatur
1896 2076 2042 2113 bonum
2080 2076 2247 2114 universi
2273 2078 2496 2126 perfectum.

1433 2128 1473 2165 Si
1501 2128 1603 2166 enim
1633 2128 1763 2165 omnia
1792 2129 1894 2166 mala
1930 2128 2222 2178 impedirentur,
2249 2132 2368 2167 multa
2396 2132 2498 2168 bona

1433 2182 1608 2219 deessent
1643 2182 1848 2219 universo:
1882 2194 1960 2219 non
1989 2182 2092 2219 enim
2126 2191 2224 2220 esset
2250 2183 2328 2221 vita
2356 2185 2495 2232 leonis,

1432 2235 1462 2272 si
1489 2247 1569 2272 non
1588 2242 1687 2272 esset
1715 2235 1855 2272 occisio
1876 2235 2119 2282 animalium;
2149 2248 2220 2273 nec
2240 2245 2338 2274 esset
2355 2237 2497 2286 patien-

1432 2288 1483 2325 tia
1511 2296 1741 2336 martyrum,
1771 2289 1802 2325 si
1830 2301 1908 2325 non
1943 2296 2041 2326 esset
2067 2290 2282 2337 persecutio
2321 2298 2499 2338 tyranno-

1433 2354 1532 2379 rum.
1553 2341 1665 2379 Unde
1695 2341 1783 2379 dicit
1806 2342 2050 2390 Augustinus,
2071 2342 2110 2379 in
2127 2344 2321 2381 Enchirid.
2338 2343 2375 2381 *ε
2395 2346 2499 2381 Deus

1434 2396 1667 2443 omnipotens
1703 2394 1806 2431 nullo
1843 2395 1955 2432 modo
1995 2396 2135 2432 sineret
2167 2396 2310 2433 malum
2348 2398 2502 2445 aliquod

1433 2461 1512 2485 esse
1539 2449 1575 2484 in
1596 2448 1770 2496 operibus
1797 2448 1885 2494 suis,
1906 2448 1979 2485 nisi
2006 2461 2121 2497 usque
2147 2450 2242 2485 adeo
2261 2456 2354 2486 esset
2380 2452 2498 2488 omni-

1427 2503 1562 2550 potens
1590 2507 1626 2538 et
1652 2502 1782 2547 bonus,
1814 2507 1855 2537 ut
1880 2501 1972 2538 bene
1987 2503 2141 2550 faceret
2167 2503 2277 2539 etiam
2306 2504 2351 2540 de
2384 2504 2496 2541 malo.

1434 2576 1458 2582 -
1479 2556 1537 2592 Ex
1564 2554 1621 2591 his
1655 2562 1783 2591 autem
1813 2554 1962 2591 duabus
1989 2560 2005 2575 f
2032 2555 2240 2592 rationibus
2269 2569 2364 2605 quas
2397 2570 2499 2594 nunc

1435 2608 1634 2655 solvimus,
1659 2607 1838 2644 videntur
1861 2607 1955 2644 moti
1982 2607 2113 2655 fuisse,
2139 2608 2205 2657 qui
2233 2609 2383 2647 divinae
2411 2623 2498 2659 pro-

1432 2661 1623 2699 videntiae
1652 2661 1917 2697 subtraxerunt
1945 2661 2210 2710 corruptibilia,
2226 2662 2264 2699 in
2288 2663 2425 2712 quibus
2444 2664 2498 2700 in-

1433 2714 1638 2752 veniuntur
1665 2713 1828 2750 casualia
1857 2721 1894 2750 et
1921 2715 2032 2752 mala.

1488 2769 1547 2804 An
1575 2778 1735 2804 TERTIUM
1763 2778 1948 2804 mcENDUM
1977 2767 2081 2816 quod
2109 2768 2229 2805 homo
2258 2781 2337 2806 non
2365 2777 2422 2806 est
2444 2770 2499 2807 in-

1436 2821 1583 2858 stitutor
1611 2828 1783 2857 naturae:
1814 2820 1882 2857 sed
1917 2820 2033 2857 utitur
2060 2821 2098 2858 in
2133 2822 2311 2870 operibus
2348 2822 2435 2859 artis
2465 2831 2500 2860 et

1435 2874 1594 2922 virtutis,
1615 2874 1664 2910 ad
1693 2885 1805 2910 suum
1833 2885 1960 2921 usum,
1981 2874 2095 2911 rebus
2114 2875 2358 2912 naturalibus.
2388 2876 2499 2913 Unde

1436 2927 1676 2978 providentia
1703 2927 1875 2963 humana
1902 2939 1981 2963 non
2001 2939 2041 2964 se
2062 2928 2227 2965 extendit
2255 2928 2304 2965 ad
2327 2940 2499 2966 necessa-

1437 2982 1502 3028 ria,
1519 2993 1617 3030 quae
1638 2992 1682 3016 ex
1701 2987 1835 3016 natura
1854 2980 2096 3028 proveniunt.
2116 2981 2177 3018 Ad
2197 2994 2295 3030 quae
2315 2989 2443 3018 tamen
2458 2995 2498 3019 se

1439 3034 1604 3072 extendit
1625 3033 1864 3082 providentia
1890 3033 1972 3080 Dei,
1998 3034 2062 3082 qui
2091 3042 2146 3071 est
2164 3036 2308 3071 Auctor
2328 3042 2496 3073 naturae.

1438 3110 1461 3116 -
1482 3089 1531 3125 Et
1551 3099 1595 3124 ex
1614 3087 1686 3123 hac
1705 3086 1848 3123 ratione
1866 3085 2045 3124 videntur
2062 3087 2155 3123 moti
2175 3087 2300 3134 fuisse,
2322 3088 2386 3136 qui
2416 3101 2497 3125 cur-

1439 3154 1525 3178 sum
1554 3152 1681 3177 rerum
1701 3139 1928 3176 naturalium
1957 3141 2223 3177 subtraxerunt
2242 3140 2390 3178 divinae
2410 3154 2497 3190 pro-

367 3290 388 3321 ε)
407 3289 527 3314 subsunt.
543 3302 564 3308 -
580 3289 731 3314 subduntur
749 3289 896 3314 ABCDEG.

366 3324 392 3357 ζ)
411 3325 531 3349 subsunt.
548 3337 566 3343 -
583 3325 735 3350 subduntur
754 3326 784 3350 B.

366 3360 394 3392 η)
414 3359 547 3392 Epicurei.
565 3373 585 3378 -
603 3360 715 3391 Epicuri
733 3360 887 3390 ACDEFab,
909 3360 1051 3393 Epicurius
1069 3362 1104 3392 Β;
1123 3361 1192 3386 sicut
1211 3361 1381 3387 Democritus

314 3399 340 3421 et
360 3394 486 3427 Epicurei
503 3401 556 3419 om.
576 3394 610 3420 G.

367 3429 392 3463 θ)
412 3430 527 3462 excepit.
545 3444 565 3448 -
582 3429 684 3462 excipit
701 3431 848 3456 ABCDEG.

368 3466 386 3499 ι)
406 3473 467 3491 non.
481 3478 501 3484 -
515 3472 567 3490 non
580 3465 666 3490 solum
681 3466 771 3491 BsAc.
782 3480 801 3485 -
813 3470 917 3492 tantum
931 3475 984 3491 om.
999 3467 1073 3491 codd.
1084 3480 1104 3486 —
1116 3467 1198 3492 etiam
1212 3475 1266 3492 om.
1281 3467 1379 3492 CEFG.

366 3502 392 3534 κ)
412 3501 542 3534 operibus.
560 3514 579 3519 —
597 3501 795 3532 operationibus
812 3502 885 3527 FGa.
903 3517 922 3521 —
941 3503 991 3527 Pro
1004 3503 1150 3534 provenire
1169 3509 1231 3534 non,
1247 3510 1299 3528 non
1315 3510 1379 3535 per-

314 3537 404 3562 venire
421 3538 451 3562 B.

366 3571 394 3605 λ)
414 3571 546 3597 extendit.
558 3584 576 3590 -
590 3574 700 3596 extense
712 3572 836 3597 extendit
850 3573 890 3598 ed.
910 3573 932 3598 b.
941 3588 961 3592 -
975 3581 1056 3606 usque
1074 3581 1127 3598 om.
1142 3573 1173 3598 G.
1187 3587 1206 3593 -
1219 3573 1270 3598 Pro
1289 3573 1380 3599 omnia

314 3608 394 3638 entia,
414 3607 470 3632 alia
488 3606 579 3632 omnia
596 3606 670 3631 entia
688 3606 742 3636 FG,
761 3607 833 3632 entia
851 3609 940 3633 omnia
959 3609 1000 3634 ed.
1017 3617 1043 3634 a.

457 3662 566 3686 Summis
585 3660 686 3684 Timor..
706 3660 737 3685 D.
750 3660 865 3685 Tamum.
883 3661 915 3686 T.
928 3661 946 3686 1.

1489 3290 1517 3324 μ)
1536 3296 1599 3314 esse.
1617 3302 1636 3307 -
1654 3289 1686 3314 de
1704 3296 1760 3314 esse
1778 3288 1959 3314 ABDEFGab.

1488 3326 1511 3357 v)
1532 3325 1669 3349 Similiter.
1687 3338 1707 3343 —
1725 3324 1812 3349 Simul
1830 3324 1973 3352 ABCDEa,·
1992 3324 2032 3348 uel
2049 3324 2172 3349 similiter
2190 3331 2280 3355 margo
2298 3324 2329 3348 Α.

1489 3359 1513 3393 ξ)
1537 3360 1607 3393 quod
1629 3360 1719 3384 omnia
1743 3362 1939 3391 supponantur.
1957 3373 1975 3378 -
1993 3359 2065 3391 quod
2089 3359 2178 3384 omnia
2203 3363 2354 3390 supponant
2372 3360 2408 3388 D,
2427 3359 2499 3391 quod

1434 3397 1524 3421 omnia
1542 3398 1675 3427 supponat
1693 3396 1778 3419 ceteri.

1488 3432 1513 3464 o)
1534 3431 1663 3456 ordinem.
1680 3444 1699 3449 -
1717 3430 1778 3455 Om.
1797 3430 1894 3454 ABCE.

1487 3467 1516 3499 π)
1536 3469 1673 3498 quantum.
1690 3479 1710 3485 -
1728 3465 1886 3497 inquantum
1906 3465 1935 3489 P.
1951 3478 1971 3483 -
1988 3465 2026 3490 sic
2043 3472 2096 3489 om.
2115 3465 2213 3489 ACDE.

1488 3502 1512 3535 ρ)
1534 3501 1603 3532 Quia
1617 3500 1752 3533 provisor.
1769 3513 1789 3520 —-
1807 3501 1935 3525 Provisor
1948 3501 2017 3525 enim
2031 3500 2181 3532 ABCDFG3
2200 3503 2226 3525 et
2244 3501 2308 3526 de...
2321 3500 2499 3533 particularis

1434 3545 1487 3562 om.
1506 3537 1536 3562 E.

1487 3573 1513 3604 σ)
1534 3572 1650 3605 defectus
1670 3571 1747 3596 unius
1766 3571 1844 3596 cedit.
1863 3585 1881 3589 -
1900 3570 2029 3604 defectum
2050 3570 2127 3594 unius
2146 3570 2221 3595 dedit
2239 3571 2268 3595 F.

1488 3608 1513 3640 τ)
1534 3608 1580 3632 Er
1599 3607 1639 3632 his
1658 3610 1746 3631 autem
1766 3606 1877 3631 duabus.
1895 3620 1913 3635 .-
1934 3606 1980 3630 Ex
1999 3606 2100 3631 duabus
2118 3609 2206 3631 autem
2226 3606 2270 3631 Pb.

2325 3659 2357 3691 34

2527 2354 2535 2361 “
2551 2352 2608 2380 Cap.
2624 2359 2658 2374 11.
