2768 4178
283 288 331 323 28

140 379 152 403 ρ
280 366 652 426 sitionist’ignorant.
683 365 733 401 Et
751 363 838 401 ideo
869 364 1062 412 contingit,
1083 371 1125 400 ut
1146 363 1234 401 dicit
1253 365 1351 401 Boe-

39 426 252 473 uAgastj’ggvggfi
279 421 352 457 tius
380 419 419 456 in
448 419 543 455 libro
571 419 617 455 de
644 417 958 455 Hebdomadibus
976 417 1007 465 *,
1031 417 1137 466 quod
1158 417 1351 465 quaedam

39 457 367 532 33‘2'41539u30331153sunt
404 484 629 509 communes
665 471 784 508 animi
813 470 1118 520 conceptiones'
1148 478 1185 507 et
1212 482 1281 518 per
1309 482 1350 507 se

40 511 254 559 ²3‚T⁸1¹‡,¹,?,55‚,¹,em
277 534 402 573 notae,
424 525 527 574 apud
547 524 737 574 sapientes
765 532 926 573 tantum,
956 532 997 561 ut
1025 523 1282 572 incorporalia
1311 524 1348 560 in

279 581 359 617 loco
389 591 463 615 non
493 590 571 615 esse
589 578 621 615 *.

332 631 430 669 Dico
446 643 537 679 ergo
554 631 659 680 quod
674 631 770 668 haec
787 629 1013 679 propositio,
1029 631 1134 666 Deus
1149 635 1214 676 est,
1230 641 1350 678 quan-

278 694 360 722 tum
380 685 423 722 in·
439 697 479 722 se
509 692 576 733 est,
592 697 662 733 per
681 696 722 721 se
741 691 833 721 nota
863 691 938 720 est:
969 683 1059 732 quia
1086 682 1350 731 praedicatum

140 744 154 760 τ
280 746 335 775 est
363 738 466 775 idem
497 750 585 775 cum
610 744 626 758 '
654 737 847 783 subiecto;
877 738 984 774 Deus
1013 735 1116 773 enim
1145 743 1202 773 est
1235 748 1350 773 suum

39 796 108 824 ⁸Qu·
121 799 241 823 “hart-4·
279 804 374 838 esse,
395 799 437 828 ut
460 791 555 828 infra
582 791 727 840 patebit
744 790 775 828 ’¹‘.
808 790 886 827 Sed
905 790 995 838 quia
1015 802 1086 827 nos
1106 801 1185 826 non
1207 788 1349 826 scimus

38 850 48 860 ⁸
63 849 91 871 D·
102 849 153 877 4⁵⁸2
164 855 215 877 4⁵9·
279 845 326 882 de
346 846 432 882 Deo
452 844 545 894 quid
565 852 632 891 est,
654 856 733 881 non
753 851 809 881 est
827 843 939 880 nobis
958 855 1027 892 per
1046 854 1086 879 se
1107 849 1198 879 nota
1216 842 1254 879 *z
1280 842 1348 879 sed

278 898 417 946 indiget
445 897 699 935 demonstrari
725 909 796 946 per
817 909 862 933 ea
882 909 981 946 quae
1001 904 1088 933 sunt
1107 895 1229 944 magis
1257 902 1348 932 nota

138 962 151 976 υ
279 952 407 1001 q'uoad
435 964 524 998 nos,
555 958 591 988 et
611 951 738 988 minus
762 958 853 987 nota
877 949 1007 998 quoad
1026 957 1202 987 naturam
1224 955 1248 996 ¹¹,
1280 948 1349 986 sci-

278 1005 364 1042 licet
391 1017 460 1054 per
488 1004 658 1041 effectus.

151 1083 157 1089 -
331 1059 391 1094 Au
430 1070 566 1095 Palmum
608 1069 707 1094 ERGO
745 1068 929 1093 DICENDUM
968 1055 1075 1104 quod
1113 1067 1348 1103 cognoscere

135 1120 150 1144 φ
278 1113 407 1149 Deum
428 1123 511 1148 esse
526 1111 564 1148 in
579 1110 707 1158 aliquo
729 1109 940 1157 communi,
956 1110 1027 1146 sub
1042 1114 1058 1138 P
1072 1110 1241 1159 quadam
1258 1122 1348 1147 con-

277 1165 438 1212 fusione,
457 1171 512 1201 est
531 1164 643 1201 nobis
666 1162 884 1200 naturaliter
902 1162 1098 1210 insertum,
1119 1163 1348 1211 inquantum

38 1225 46 1233 ·
62 1223 90 1245 D·
105 1230 153 1252 933·
278 1218 418 1255 scilicet
444 1219 550 1255 Deus
570 1224 627 1254 est
645 1216 813 1254 hominis
834 1216 1029 1254 beatitudo
1045 1215 1081 1253 *z
1102 1217 1223 1254 homo
1245 1217 1348 1255 enim

136 1279 154 1304 χ
277 1271 495 1308 naturaliter
515 1270 706 1308 desiderat
729 1269 1017 1318 beatitudinem,
1044 1277 1081 1307 et
1108 1270 1215 1318 quod
1238 1275 1255 1297 χ
1284 1283 1349 1308 na-

276 1325 442 1362 turaliter
479 1324 714 1362 desideratur
747 1324 795 1360 ab
828 1323 1007 1371 homine,
1038 1323 1258 1360 naturaliter
1287 1337 1350 1361 co-

277 1378 469 1425 gnoscitur
488 1379 536 1415 ab
567 1377 719 1415 eodem.
751 1377 829 1414 Sed
853 1377 928 1414 hoc
954 1389 1034 1414 non
1055 1385 1110 1414 est
1129 1377 1350 1426 simpliciter

278 1443 509 1479 cognoscere
529 1432 657 1468 Deum
687 1442 788 1477 esse3
818 1430 913 1467 sicut
934 1442 1166 1478 cognoscere
1191 1430 1348 1467 venien-

40 594 152 621 ’,1)737
169 594 217 615 822.

331 1609 355 1642 ρ)
369 1608 571 1641 propositionis.
590 1622 609 1628 -
627 1608 688 1633 Om.
703 1607 731 1632 C.

330 1645 356 1676 σ)
375 1651 526 1669 communes
549 1643 634 1668 animi
657 1643 849 1675 conceptiones.
867 1656 886 1662 —
903 1649 1055 1668 communes
1073 1643 1196 1668 omittunt
1215 1642 1308 1675 DFpA.
1326 1656 1346 1663 -

277 1681 328 1705 Pro
347 1683 434 1708 notae,
454 1682 518 1704 nota
537 1679 700 1703 BDEFGsA.

330 1716 355 1747 τ)
375 1723 444 1740 cum.
462 1728 481 1734 -
499 1715 560 1739 Om.
573 1714 676 1739 codices
695 1719 721 1738 et
739 1721 756 1738 α
767 1714 790 1739 b.

330 1751 355 1782 u)
374 1751 464 1783 quoad
482 1753 619 1774 naturam.
633 1763 652 1770 -
665 1749 810 1774 secundum
825 1753 952 1774 naturam
967 1749 1129 1774 ACDEFsA.
1145 1761 1166 1768 —-
1183 1749 1284 1774 scilicet
1294 1755 1346 1781 per

276 1786 383 1819 effectus
402 1786 496 1810 omittit
516 1785 545 1810 C.

330 1822 357 1854 φ)
376 1821 432 1846 sub.
449 1835 466 1840 —
486 1824 513 1846 et
530 1821 577 1846 sub
597 1820 640 1845 sC.

328 1858 357 1891 χ)
377 1857 456 1889 quod.
474 1870 493 1875 -
511 1857 575 1889 quia
593 1856 625 1880 D.

329 1891 357 1926 ψ)
377 1892 506 1925 quamvis.
524 1905 544 1912 -
560 1898 715 1924 quanquam
735 1891 788 1916 BD.

1017 285 1287 332 QUAEs‘rlo
1318 286 1369 333 11,

1399 285 1700 324 ARTICULUS
1731 287 1745 323 I

1405 372 1497 411 tem,
1527 377 1607 401 non
1637 372 1692 402 est
1720 377 1955 414 cognoscere
1985 367 2161 413 Petrum,
2192 365 2374 414 quamvis
2394 365 2410 394 Ψ
2439 366 2485 403 sit

1406 418 1542 454 Petrus
1570 418 1752 455 veniens:
1793 418 1902 456 multi
1936 418 2039 455 enirn
2076 419 2289 468 perfectum
2317 419 2486 456 hominis

1407 471 1572 518 bonum,
1603 471 1709 520 quod
1730 478 1786 508 est
1805 471 2015 520 beatitudo,
2047 471 2262 509 existimant
2276 479 2294 493 ⁶·
2316 472 2485 518 divitias;

1406 523 1565 573 quidam
1600 537 1696 561 vero
1723 525 1963 575 voluptates;
1994 525 2151 574 quidam
2181 533 2311 562 autem
2341 525 2484 574 aliquid

1407 577 1523 614 aliud.

1459 633 1519 667 An
1539 642 1733 668 SECUNDUM
1752 643 1939 669 DICENDUM
1959 632 2067 681 quod
2086 632 2183 669 forte
2203 631 2264 668 ille
2294 631 2359 680 qui
2379 631 2485 669 audit

1404 684 1480 720 hoc
1509 696 1657 721 nomen
1675 685 1791 730 Deus,
1821 697 1901 722 non
1921 685 2089 733 intelligit
2108 685 2312 733 significari
2341 684 2482 734 aliquid

1405 749 1483 786 quo
1511 737 1636 774 maius
1670 737 1826 786 cogitari
1844 744 1879 759 ἀ
1909 750 1988 775 non
2024 738 2167 787 possit,
2198 750 2286 775 cum
2324 738 2482 787 quidam

1405 789 1635 827 crediderint
1654 791 1782 827 Deum
1805 803 1888 828 esse
1905 803 2057 840 corpus.
2079 793 2181 829 Dato
2199 792 2315 829 etiarn
2325 791 2361 821 ¹³ss
2376 792 2483 840 quod

1403 842 1562 891 quilibet
1580 843 1762 892 intelligat
1780 844 1856 881 hoc
1879 845 2039 882 nomine
2058 846 2165 882 Deus
2184 845 2388 894 significari
2406 846 2483 882 hoc

1403 897 1510 945 quod
1539 896 1687 944 dicitur,
1709 897 1850 934 scilicet
1868 898 1963 935 illud
1981 911 2061 947 quo
2081 899 2207 936 maius
2227 898 2383 947 cogitari
2403 911 2483 936 non

1401 956 1549 998 potest;
1585 961 1667 986 non
1704 957 1835 988 tamen
1869 958 2028 1001 propter
2062 953 2138 989 hoc
2172 952 2344 1001 sequitur
2376 953 2482 1001 quod

1402 1002 1584 1051 intelligat
1610 1002 1650 1040 id
1679 1004 1787 1052 quod
1815 1003 2050 1052 significatur
2069 1018 2139 1054 per
2167 1018 2326 1053 nomen,
2351 1018 2436 1042 esse
2451 1011 2483 1033 ⁷⁷

1402 1057 1441 1094 in
1461 1068 1589 1093 rerum
1610 1064 1762 1102 natura3
1793 1058 1862 1095 sed
1881 1057 1920 1095 in
1940 1059 2249 1107 apprehensione
2269 1059 2482 1096 intellectus

1401 1117 1563 1147 tantum.
1596 1111 1680 1147 Nec
1707 1117 1836 1160 potest
1863 1111 1971 1159 argui
1999 1113 2107 1160 quod
2136 1112 2185 1149 sit
2201 1109 2231 1134 ³⁸
2258 1112 2298 1149 in
2325 1125 2379 1160 re,
2410 1113 2483 1150 nisi

1403 1163 1558 1202 daretur
1585 1164 1693 1212 quod
1722 1164 1768 1201 sit
1796 1163 1835 1201 in
1855 1177 1895 1201 re
1916 1164 2060 1213 aliquid
2080 1177 2159 1214 quo
2179 1165 2305 1202 maius
2326 1166 2482 1214 cogitari

1402 1230 1482 1255 non
1510 1225 1657 1266 potest:
1688 1217 1794 1267 quod
1828 1230 1908 1255 non
1944 1225 2001 1255 est
2034 1218 2167 1255 datum
2197 1231 2220 1255 a
2247 1219 2482 1267 ponentibus

1402 1272 1533 1308 Deum
1562 1283 1642 1308 non
1671 1283 1767 1308 esse.

1455 1325 1515 1361 AD
1543 1336 1706 1361 TERTlUM
1739 1336 1924 1362 DiCENDuM
1954 1325 2061 1373 quod
2092 1325 2296 1362 veritatem
2329 1337 2414 1362 esse
2442 1324 2481 1362 in

1403 1377 1616 1424 communi,
1637 1385 1694 1415 est
1711 1390 1782 1427 per
1810 1390 1851 1415 se
1875 1385 2030 1416 notum:
2061 1379 2130 1416 sed
2157 1378 2323 1428 primam
2341 1377 2481 1416 verita·

1401 1438 1480 1468 tem
1501 1443 1598 1478 esse,
1615 1432 1726 1468 hoc⁸'
1746 1443 1824 1468 non
1840 1438 1897 1468 est
1911 1444 1981 1480 per
1999 1444 2040 1469 se
2061 1439 2196 1470 notum
2217 1431 2348 1482 quoad
2364 1431 2480 1471 nos‘.
2507 1439 2518 1450 ⁸

1452 1607 1485 1640 ω)
1505 1607 1674 1633 existimant.
1686 1621 1705 1627 —
1717 1608 1864 1633 aestimant
1882 1608 1986 1633 codices
2001 1613 2027 1633 et
2045 1616 2062 1633 a
2073 1608 2096 1633 b.
2113 1622 2134 1628 -
2153 1615 2216 1634 vero
2230 1616 2286 1634 om.
2302 1608 2447 1634 ABCDEF.
2459 1622 2480 1628 -

1399 1646 1490 1668 autem
1509 1651 1564 1668 om.
1577 1643 1695 1668 codices.

1453 1678 1499 1710 αα)
1518 1678 1644 1712 cogitari.
1663 1693 1682 1698 —
1699 1678 1856 1712 excogitari
1874 1679 1904 1704 C.
1922 1693 1940 1698 —
1959 1679 2011 1704 Pro
2024 1679 2201 1707 crediderint,
2219 1679 2396 1704 crediderunt
2409 1679 2479 1704 ABD

1445 1713 1496 1781 (gg)
1514 1749 1606 1774 etiam.
1623 1761 1643 1769 -
1659 1753 1751 1775 autem
1776 1749 1881 1775 codices
1901 1755 1926 1775 et
1949 1751 1990 1775 ed.
2007 1757 2034 1774 α.
2052 1763 2071 1770 -
2088 1750 2138 1776 hoc
2156 1750 2229 1783 quod
2254 1750 2356 1776 dicitur
2378 1750 2480 1776 scilieet

1400 1792 1454 1809 om.
1473 1785 1503 1809 B.
1520 1798 1539 1803 -
1558 1784 1609 1809 Pro
1628 1792 1688 1817 quo,
1707 1786 1781 1818 quod
1798 1786 1829 1810 E.

1453 1819 1496 1853 γγ)
1515 1827 1579 1845 esse.
1598 1834 1616 1839 -
1634 1820 1696 1846 Om.
1711 1821 1742 1845 E.
1759 1835 1779 1840 —
1798 1821 1862 1846 Post
1881 1821 2031 1847 intellectus
2050 1822 2072 1846 D
2092 1821 2163 1846 addit
2182 1822 2279 1847 nostri.

1453 1854 1493 1887 δό)
1512 1855 1557 1880 sit.
1574 1869 1594 1875 -
1610 1856 1647 1881 sit
1664 1856 1770 1889 aliquid
1787 1857 1817 1881 B.
1836 1870 1854 1876 -
1872 1856 1925 1882 Pro
1943 1857 2069 1890 cogitari,
2092 1857 2249 1891 excogitari
2266 1858 2297 1882 A.

1453 1889 1487 1925 εε)
1507 1890 1565 1916 hoc.
1583 1904 1603 1911 -
1621 1891 1684 1916 Om.
1699 1891 1731 1916 G.

955 1995 1287 2028 Commentario»
1311 1993 1561 2027 cardinalis
1584 1995 1785 2028 Caietam

303 2120 322 2140 N
342 2109 436 2140 titulo
460 2108 555 2139 huius
578 2106 672 2148 primi
695 2106 834 2142 articuli,
859 2106 891 2147 ly
909 2116 973 2147 per
995 2116 1046 2145 se,
1071 2116 1138 2137 non
1162 2116 1219 2147 per
1242 2106 1342 2137 alium

277 2123 449 2184 Imedium
479 2151 670 2183 terminum:
695 2151 727 2192 ly
752 2156 881 2188 notum,
911 2151 1024 2182 notitia
1047 2150 1195 2182 evidenti.
1220 2151 1342 2191 Propo-

273 2199 345 2229 sitio
361 2197 447 2228 enirn
462 2206 518 2237 per
533 2206 566 2227 se
589 2202 666 2226 nota
688 2195 811 2231 dicitur,
832 2205 914 2236 quae
934 2206 971 2226 ex
990 2195 1068 2226 solis
1084 2196 1221 2236 propriis
1237 2195 1342 2226 termi-

273 2243 322 2274 nis
345 2249 391 2273 est
414 2248 490 2272 nota
506 2240 662 2271 evidentia
677 2247 759 2271 certa
775 2247 805 2271 et
824 2239 988 2277 infallibili,
1005 2247 1041 2271 ut
1057 2247 1143 2281 patet
1158 2240 1170 2271 1
1187 2241 1300 2271 Poster
1314 2240 1342 2271 *.

273 2288 329 2318 Est
348 2296 422 2326 ergo
437 2296 548 2316 sensus
563 2285 661 2316 tituli:
688 2285 805 2316 Utrum
820 2284 897 2315 haec
912 2284 1103 2326 propositio,
1120 2285 1211 2316 Deus
1225 2289 1283 2323 est,
1304 2284 1344 2316 sit

274 2342 329 2372 per
352 2341 385 2362 se
408 2338 494 2361 nota.

329 2375 366 2406 11.
389 2376 423 2406 ln
449 2383 582 2415 corpore
606 2374 672 2404 duo
695 2372 792 2404 fiunt:
814 2373 918 2413 primo
943 2373 1147 2414 distinguitur
1165 2373 1343 2414 propositio

273 2430 328 2461 per
352 2430 385 2450 se
407 2426 497 2455 nota;
522 2418 662 2449 secundo
686 2418 895 2458 respondetur
923 2417 1068 2458 quaesito
1088 2417 1115 2448 *.
1140 2417 1258 2455 Quoad
1281 2417 1342 2458 pri-

273 2474 374 2501 mum,
399 2463 557 2494 distinctio
572 2469 631 2494 est:
657 2461 887 2503 propositionis
910 2472 966 2503 per
982 2472 1015 2493 se
1035 2469 1139 2499 notae,
1156 2462 1216 2493 alia
1231 2472 1342 2493 secun—

275 2511 354 2540 dum
377 2519 410 2539 se
429 2515 566 2544 tantum;
586 2507 646 2538 alia
662 2506 839 2538 secundum
863 2516 895 2537 se
919 2513 951 2538 et
973 2507 1082 2548 quoad
1100 2515 1174 2538 nos:
1201 2513 1231 2538 et
1254 2506 1341 2543 haec,

275 2561 330 2585 aut
352 2553 460 2594 quoad
483 2563 542 2583 nos
573 2561 702 2588 omnes,
734 2557 789 2582 aut
815 2551 924 2592 quoad
957 2551 1113 2592 sapientes
1136 2558 1272 2583 tantum.
1302 2552 1343 2582 Et

274 2599 318 2629 sic
340 2597 422 2628 fiunt
444 2597 502 2628 tria
526 2597 669 2627 membra
690 2595 723 2626 in
746 2595 858 2626 littera.
1286 2633 1290 2638 .

329 2642 512 2673 Declaratur
535 2640 703 2676 distinctio,
725 2650 800 2671 curn
823 2639 888 2671 suis
912 2640 1072 2676 membris,
1091 2650 1128 2671 ex
1151 2650 1215 2672 una
1238 2640 1342 2671 radice

276 2685 503 2727 propositionis
527 2695 582 2725 per
605 2695 637 2715 se
661 2690 754 2715 notae
772 2684 804 2715 in
828 2684 1004 2716 communi.
1029 2684 1211 2726 Propositio
1235 2694 1291 2725 per
1310 2694 1343 2716 se

276 2737 352 2761 nota
375 2738 436 2766 est,
461 2729 551 2760 cuius
576 2730 790 2770 praedicatum
814 2729 971 2760 clauditur
992 2729 1024 2759 in
1049 2729 1170 2761 ratione
1198 2729 1341 2760 subiecti.

276 2775 360 2815 Ergo
384 2773 562 2815 propositio
587 2784 643 2814 per
667 2784 700 2805 se
723 2780 799 2804 nota
828 2774 1005 2804 secundum
1028 2783 1061 2804 se
1085 2781 1116 2805 et
1145 2774 1255 2815 quoad
1278 2783 1338 2804 nos

276 2826 336 2855 est,
361 2819 451 2850 cuius
474 2817 689 2859 praedicatum
712 2825 759 2849 est
781 2818 813 2848 in
837 2818 958 2849 ratione
982 2818 1123 2855 subiecti,
1141 2825 1173 2849 et
1187 2818 1280 2849 nobis
1297 2825 1343 2850 est

277 2870 353 2894 nota
371 2863 451 2894 ratio
475 2861 605 2893 subiecti
629 2869 660 2894 et
682 2862 866 2903 praedicati,
891 2869 927 2893 ut
949 2863 1110 2903 quodlibet
1127 2868 1175 2895 est
1197 2868 1255 2894 aut
1278 2872 1341 2894 non

277 2913 340 2946 est,
366 2915 424 2938 etc.
449 2907 632 2938 Secundum
655 2917 688 2938 se
712 2914 819 2938 autem
842 2913 981 2942 tantum,
1011 2907 1102 2938 cuius
1125 2907 1342 2948 praedicatum

277 2958 323 2983 est
345 2951 378 2982 in
401 2951 522 2982 ratione
538 2950 678 2987 subiecti,
699 2952 754 2982 sed
773 2951 909 2982 rationes
929 2951 1140 2983 terminorum
1154 2961 1214 2982 nos
1233 2951 1341 2983 latent.

277 2997 362 3036 Ergo
386 2996 563 3027 secundum
582 3005 615 3026 se
639 3002 669 3026 et
691 2996 799 3036 quoad
823 2995 988 3036 sapientes,
1013 2996 1102 3027 cuius
1126 2995 1343 3037 praedicatum

277 3047 323 3071 est
345 3041 377 3071 in
392 3040 512 3071 ratione
532 3039 673 3075 subiecti,
698 3046 728 3071 et
743 3039 880 3071 rationes
895 3040 1105 3071 terminorum
1124 3040 1242 3072 clarent
1257 3041 1343 3082 apud

277 3085 442 3125 sapientes,
460 3088 495 3115 ut
518 3085 736 3124 incorporalia
755 3094 819 3115 non
834 3094 903 3115 esse
925 3085 957 3115 in
976 3085 1054 3116 loco.
1079 3085 1120 3116 Et
1137 3084 1343 3116 confirmatur

276 3129 338 3160 hoc
362 3129 543 3160 membrum
566 3128 749 3160 auctoritate
775 3128 887 3159 Boetii.
997 3165 1005 3169 .

333 3173 384 3204 ΙΙΙ.
409 3172 501 3204 Circa
523 3172 604 3204 hanc
628 3179 760 3213 partem,
780 3173 904 3203 adverte
923 3173 1012 3213 quod
1035 3173 1214 3214 propositio
1237 3182 1294 3214 per
1310 3182 1342 3204 se

278 3223 354 3247 nota
372 3217 444 3248 ideo
468 3217 582 3248 dicitur
598 3226 662 3258 per
684 3226 729 3255 se,
749 3216 830 3248 idest
845 3226 911 3247 non
931 3226 986 3257 per
1002 3217 1100 3248 alium
1124 3216 1268 3249 medium
1283 3223 1342 3248 ter-

278 3261 412 3297 minum,
433 3268 518 3298 nota‚
539 3261 615 3302 quia
637 3260 774 3292 excludit
795 3261 828 3302 ly
840 3271 905 3302 per
925 3270 961 3292 se
983 3271 1220 3304 quemcumque
1243 3261 1343 3293 alium

278 3305 420 3335 medium
436 3305 616 3342 terminum,
637 3312 668 3336 et
687 3312 917 3346 consequenter
933 3315 1170 3348 quamcumque
1193 3306 1342 3347 praemis-

278 3359 356 3384 sam,
373 3349 412 3379 ad
428 3349 658 3380 notificandum
673 3359 752 3381 eam.
778 3349 819 3380 Et
835 3359 909 3380 cum
928 3350 1106 3390 propositio
1122 3350 1228 3392 aliqua
1243 3349 1344 3391 possit

279 3392 433 3424 notificari
457 3404 474 3424 a
493 3393 589 3434 priori
613 3400 643 3424 et
666 3403 684 3424 a
707 3393 888 3434 posteriori,
914 3400 1039 3434 oportet
1062 3394 1151 3436 quod
1173 3395 1206 3436 ly
1225 3404 1287 3436 per
1308 3403 1344 3425 se

280 3436 506 3477 distinguatur:
531 3448 570 3468 an
594 3437 738 3469 excludat
760 3438 904 3469 medium
927 3438 1099 3469 terminum
1122 3449 1140 3470 a
1163 3438 1259 3490 priori
1275 3445 1342 3470 tan-

279 3487 366 3517 tum;
390 3491 430 3511 an
453 3491 471 3511 a
486 3481 583 3522 priori
597 3488 628 3513 et
643 3492 661 3512 a
676 3482 843 3522 posteriori
866 3482 972 3513 simul.
997 3482 1029 3514 Si
1045 3483 1131 3513 enim
1145 3482 1251 3514 omnis
1269 3492 1344 3534 pro-

280 3525 397 3565 positio
430 3535 486 3565 per
509 3535 541 3556 se
571 3532 665 3562 nota,
690 3532 736 3557 est
768 3526 886 3557 habens
919 3526 1134 3567 praedicatum
1165 3527 1199 3558 in
1222 3526 1343 3558 ratione

280 3568 426 3605 subiecti,
452 3576 577 3610 oportet
600 3576 635 3601 ut
658 3580 782 3611 semper
804 3570 837 3612 ly
853 3580 917 3611 per
938 3580 974 3602 se
996 3570 1140 3602 excludat
1162 3570 1306 3602 medium
1325 3581 1343 3601 a

280 3612 395 3653 priori:
426 3613 481 3643 sed
503 3613 658 3654 quoniam
687 3614 840 3654 contingit
867 3614 957 3655 quod
987 3614 1067 3646 inter
1094 3625 1130 3646 ea
1157 3615 1238 3647 inter
1261 3624 1342 3656 quae

281 3657 406 3688 nullum
430 3663 476 3688 est
499 3658 674 3688 secundum
698 3668 730 3689 se
753 3658 915 3696 medium,
945 3665 980 3690 ut
1004 3666 1078 3691 sunt
1102 3659 1227 3700 cognita
1250 3658 1342 3690 nobis

34 2249 159 2302 ciffi:
165 2253 244 2299 ἰέέῐῖζ

33 2308 93 2328 n.7;
109 2291 217 2327 νιι,η..8

35 2425 43 2435 ’
60 2424 95 2446 Cf.
111 2430 174 2446 num.
186 2431 207 2445 v.

1398 2106 1438 2137 sit
1461 2107 1621 2143 medium,
1646 2107 1719 2138 ideo
1752 2117 1818 2137 non
1843 2116 1969 2148 semper
1997 2107 2135 2138 excludit
2158 2107 2303 2138 medium
2326 2117 2344 2138 a
2367 2100 2478 2149 pbste-

1398 2151 1483 2182 riori.
1509 2151 1551 2182 Et
1573 2158 1741 2192 propterea
1764 2151 1797 2182 in
1815 2151 1917 2182 littera
1941 2151 2087 2182 distincta
2103 2158 2150 2182 est
2168 2151 2348 2192 propositio
2367 2161 2425 2194 per
2442 2154 2478 2184 ae

1398 2201 1484 2232 nota,
1501 2205 1539 2226 ex
1554 2195 1727 2226 differentia
1750 2195 1832 2226 inter
1846 2195 2001 2226 terminos
2020 2202 2116 2227 notos
2132 2202 2163 2227 et
2185 2195 2325 2236 ignotos,
2341 2197 2424 2228 idest
2438 2206 2476 2229 ex

1398 2239 1571 2271 differentia
1586 2240 1667 2271 inter
1686 2246 1824 2271 extrema
1843 2240 2103 2280 propositionum
2120 2247 2156 2272 ut
2174 2247 2250 2272 sunt
2269 2241 2364 2272 nobis
2386 2247 2475 2274 nota.

1398 2284 1472 2314 Illae
1488 2284 1575 2315 enim
1590 2294 1728 2325 quarum
1753 2291 1900 2320 extrema,
1925 2294 1992 2315 non
2016 2285 2195 2316 secundum
2217 2294 2251 2316 se
2267 2291 2403 2323 tantum,
2418 2286 2476 2318 ted

1398 2335 1434 2360 ut
1450 2336 1526 2360 nota
1542 2328 1645 2365 nobis,
1666 2335 1741 2359 sunt
1754 2328 1948 2366 immediata,
1974 2336 2048 2360 sunt
2071 2329 2223 2360 omnibus
2242 2339 2299 2371 per
2315 2339 2348 2361 se
2367 2337 2474 2362 notae.

1397 2372 1471 2403 Illae
1494 2383 1570 2404 vero
1594 2382 1732 2414 quarum
1755 2379 1903 2409 extrema,
1918 2372 1992 2404 licet
2015 2373 2193 2405 secundum
2216 2383 2260 2410 se,
2277 2384 2344 2405 non
2366 2381 2474 2407 tamen

1398 2424 1434 2448 ut
1452 2424 1528 2448 nota
1552 2417 1654 2453 nobis,
1679 2424 1754 2448 sunt
1777 2417 1971 2454 immediata,
1992 2424 2066 2448 sunt
2089 2418 2268 2449 secundum
2291 2428 2324 2449 se
2347 2425 2474 2451 tantum

1397 2471 1453 2502 per
1476 2472 1508 2493 se
1533 2469 1642 2498 notae,
1666 2471 1733 2492 non
1757 2462 1860 2493 nobis.
1884 2462 1927 2493 Et
1947 2462 2100 2498 similiter,
2120 2472 2256 2504 quarum
2277 2469 2416 2494 extrema
2438 2470 2476 2495 ut

1397 2513 1474 2537 nota
1497 2506 1708 2547 sapientibus,
1733 2513 1808 2537 sunt
1830 2506 2025 2543 immediata,
2051 2513 2125 2538 sunt
2148 2506 2193 2538 eis
2212 2517 2268 2548 per
2287 2517 2321 2538 se
2339 2514 2444 2540 notae.

1456 2551 1509 2582 IV.
1534 2550 1627 2582 Circa
1650 2550 1731 2582 hanc
1755 2558 1886 2591 partem,
1902 2558 1978 2582 sunt
2000 2551 2103 2582 multa
2125 2551 2222 2582 dubia
2241 2558 2272 2583 et
2287 2559 2475 2593 argumenta

1397 2595 1503 2632 Scoti,
1527 2594 1659 2626 Aureoli
1684 2602 1715 2626 et
1738 2594 1898 2636 Gregoriif:
1923 2595 1979 2626 sed
2010 2595 2166 2638 quoniam
2190 2595 2267 2628 haec
2291 2597 2331 2627 ad
2354 2596 2474 2629 librum

1396 2640 1615 2671 Posteriorum
1640 2645 1782 2680 spectant
1795 2663 1802 2676 ‚
1832 2639 1887 2670 ubi
1915 2639 1948 2670 in
1977 2639 2078 2681 capite
2101 2650 2136 2671 m
2159 2639 2271 2672 diffuse
2295 2641 2377 2672 hanc
2404 2651 2475 2672 ma-

1396 2683 1508 2715 teriam
1530 2683 1668 2719 tractavi,
1693 2683 1820 2720 idcirco,
1841 2684 1960 2725 absque
1977 2694 2090 2716 eorum
2105 2684 2303 2726 repetitione,
2318 2685 2473 2718 videndae

1397 2734 1472 2759 sunt
1494 2728 1538 2759 ibi
1561 2727 1738 2760 solutiones
1766 2735 2048 2768 argumentorum,
2073 2739 2148 2760 cum
2170 2736 2240 2761 toto
2270 2739 2432 2770 processu.
2450 2746 2472 2754 «-

1397 2773 1433 2803 ld
1447 2779 1574 2804 tantum
1587 2772 1638 2804 hic
1662 2778 1783 2808 notato,
1801 2773 1891 2814 quod
1914 2773 1947 2804 in
1971 2773 2072 2804 littera
2089 2783 2155 2805 non
2179 2773 2329 2806 definitur
2350 2783 2472 2816 propo-

1397 2817 1470 2848 sitio
1487 2827 1546 2859 per
1568 2827 1601 2848 se
1625 2823 1710 2853 nota,
1730 2817 1865 2848 dicendo
1885 2818 1975 2859 quod
1998 2825 2045 2849 est
2067 2818 2158 2850 cuius
2177 2818 2395 2859 praedicatum
2411 2828 2471 2860 po·

1397 2861 1483 2894 nitur
1498 2861 1531 2892 in
1546 2861 1668 2893 ratione
1689 2861 1840 2892 subiecti:
1862 2862 1917 2892 sed
1933 2862 2065 2903 ponitur
2079 2862 2222 2899 causalis,
2246 2862 2364 2894 scilicet
2381 2863 2472 2904 quod

1397 2916 1434 2937 ex
1456 2906 1519 2938 hoc
1542 2906 1632 2948 quod
1654 2905 1871 2947 praedicatum
1897 2906 2028 2947 ponitur
2057 2906 2091 2937 in
2114 2906 2237 2938 ratione
2261 2906 2411 2943 subiecti,
2435 2905 2473 2938 fit

1396 2950 1574 2992 propositio
1598 2959 1654 2992 per
1677 2960 1710 2981 se
1726 2957 1816 2986 nota;
1841 2960 1922 2991 quae
1942 2957 1988 2982 est
2004 2958 2191 2983 convertens
2206 2957 2350 2992 respectu
2374 2950 2470 2983 illius.

1396 2995 1437 3026 Et
1459 2995 1523 3026 hoc
1545 2994 1618 3026 ideo
1643 2994 1725 3030 dico,
1749 2995 1826 3036 quia
1848 2995 1927 3026 bene
1951 3005 2063 3026 verum
2083 2995 2135 3026 es?
2148 2995 2235 3036 apud
2253 3005 2277 3026 s.
2294 2994 2469 3032 Thomam,

1396 3039 1486 3081 quod
1509 3039 1615 3070 omnis
1637 3039 1818 3080 propositio
1842 3039 1931 3070 cuius
1955 3040 2171 3080 praedicatum
2195 3039 2278 3071 cadit
2296 3039 2329 3070 in
2347 3039 2470 3071 ratione

1396 3083 1539 3120 subiecti,
1556 3090 1603 3115 est
1617 3093 1674 3124 per
1689 3093 1723 3114 se
1739 3090 1825 3119 nota,
1842 3084 1898 3115 sed
1914 3094 1980 3115 non
1995 3094 2012 3115 e
2027 3092 2198 3116 converso:
2223 3083 2378 3125 quoniam
2394 3093 2470 3116 cum

1397 3138 1501 3160 unum
1515 3127 1789 3168 generalissimum
1805 3135 1938 3169 negatur
1953 3128 1993 3160 de
2009 3128 2083 3165 alio,
2103 3134 2134 3159 et
2153 3137 2228 3159 cum
2243 3127 2346 3168 prima
2361 3128 2469 3169 pusio

1397 3171 1595 3213 praedicatur
1616 3171 1656 3203 de
1679 3171 1786 3213 primo
1810 3172 1967 3209 subiecto,
1991 3171 2074 3204 fiunt
2095 3171 2333 3214 propositiones
2355 3172 2469 3205 imme-

1397 3216 1498 3248 diatae
1522 3216 1700 3247 secundum
1723 3226 1766 3252 se,
1791 3223 1822 3247 et
1844 3222 2076 3258 consequenter
2098 3215 2276 3248 secundum
2299 3226 2333 3247 se
2356 3226 2469 3258 perae

1397 3267 1502 3292 notae.
1527 3260 1560 3292 Si
1576 3267 1683 3292 tamen
1702 3260 1817 3291 alicubi
1832 3261 1850 3281 ¹¹
1873 3261 1917 3292 sic
1933 3259 2061 3292 definita
2076 3260 2238 3301 reperitur,
2255 3261 2413 3301 glossetur
2434 3261 2469 3303 ly
2495 3268 2504 3279 ·

1397 3314 1466 3336 esse
1481 3306 1513 3336 in
1530 3306 1655 3336 ratione
1668 3304 1800 3336 subiecti
1819 3319 1833 3334 α
1846 3304 2028 3341 formaliter,
2041 3304 2091 3336 vel
2102 3304 2274 3336 virtualiter
2289 3305 2463 3346 proxime.»

1396 3350 1471 3380 Non
1490 3355 1596 3380 tamen
1613 3349 1797 3380 extendatur
1815 3349 1885 3380 talis
1903 3349 2035 3385 locutio,
2053 3348 2129 3390 quia
2143 3349 2251 3380 minus
2266 3349 2395 3391 propria
2409 3356 2467 3381 est.

1453 3394 1491 3425 V.
1517 3393 1634 3431 Quoad
1658 3393 1836 3424 secundum
1850 3393 1882 3430 ⁴²,
1908 3393 2071 3424 conclusio
2092 3393 2277 3434 responsiva
2291 3400 2355 3426 est:
2378 3393 2502 3426 Haec·

1397 3437 1592 3479 propositio,
1617 3437 1708 3469 Deus
1729 3443 1795 3475 est,
1820 3444 1866 3468 est
1889 3447 1945 3478 per
1968 3447 2001 3468 se
2025 3443 2101 3468 nota
2124 3438 2302 3469 secundum
2324 3447 2375 3474 ae,
2400 3447 2466 3468 non

1397 3481 1499 3512 nobis.
1517 3499 1536 3504 -
1559 3481 1715 3512 Probatur
1737 3481 1840 3522 prima
1862 3491 1949 3522 pars,
1973 3481 2049 3523 quia
2071 3481 2288 3522 praedicatum
2310 3487 2359 3513 eet
2380 3481 2466 3513 idem

1397 3525 1539 3556 subiecto
1549 3525 1580 3555 *z
1601 3525 1740 3556 secunda
1755 3532 1872 3562 autem,
1889 3525 1965 3566 quia
1979 3535 2039 3556 nos
2053 3526 2213 3558 nescimus
2227 3525 2307 3568 quid
2323 3524 2465 3557 subiecti.
2493 3531 2504 3543 ⁸

1397 3587 1418 3592 -
1433 3570 1474 3601 Et
1497 3579 1534 3600 ex
1557 3569 1620 3600 hoc
1643 3569 1787 3611 sequitur
1809 3569 2026 3601 corollarium:
2048 3570 2134 3611 Ergo
2158 3570 2218 3602 ista
2240 3576 2310 3611 eget
2332 3568 2467 3601 manife-

1397 3613 1470 3645 stari
1487 3623 1543 3654 per
1558 3613 1701 3644 medium
1720 3613 1829 3655 quoad
1848 3623 1917 3650 nos,
1929 3613 2008 3645 idest
2023 3624 2041 3645 a
2056 3614 2224 3655 posteriori
2238 3613 2360 3646 effectu.
2377 3613 2467 3645 Patet

1397 3658 1538 3699 sequela:
1559 3657 1634 3699 quia
1648 3657 1741 3688 nobis
1757 3667 1823 3688 non
1839 3664 1886 3689 est
1901 3658 2038 3695 evidens,
2055 3666 2086 3704 et
2101 3669 2119 3690 a
2133 3658 2231 3700 priori
2247 3664 2330 3690 caret
2345 3657 2463 3689 medio.
