<?xml version="1.0" encoding="UTF-8"?>
<!DOCTYPE html PUBLIC "-//W3C//DTD XHTML 1.0 Transitional//EN"
    "http://www.w3.org/TR/xhtml1/DTD/xhtml1-transitional.dtd">
<html xmlns="http://www.w3.org/1999/xhtml" xml:lang="en" lang="en">
 <head>
  <title>
</title>
<meta http-equiv="Content-Type" content="text/html;charset=utf-8" />
  <meta name='ocr-system' content='tesseract 3.04.00' />
  <meta name='ocr-capabilities' content='ocr_page ocr_carea ocr_par ocr_line ocrx_word'/>
</head>
<body>
  <div class='ocr_page' id='page_1' title='image "./operaomniaiussui04thom/operaomniaiussui04thom_0353.png"; bbox 0 0 2768 4178; ppageno 0'>
   <div class='ocr_carea' id='block_1_1' title="bbox 922 254 1769 301">
    <p class='ocr_par' dir='ltr' id='par_1_1' title="bbox 922 254 1769 301">
     <span class='ocr_line' id='line_1_1' title="bbox 922 254 1769 301; baseline 0.001 -10"><span class='ocrx_word' id='word_1_1' title='bbox 922 254 1188 301; x_wconf 83' lang='lat' dir='ltr'><strong>QUAESTIO</strong></span> <span class='ocrx_word' id='word_1_2' title='bbox 1218 255 1360 301; x_wconf 84' lang='lat' dir='ltr'>XXIX,</span> <span class='ocrx_word' id='word_1_3' title='bbox 1390 255 1687 292; x_wconf 77' lang='lat' dir='ltr'>ARTmULus</span> <span class='ocrx_word' id='word_1_4' title='bbox 1718 256 1769 292; x_wconf 79' lang='lat' dir='ltr'>lv</span> 
     </span>
    </p>
   </div>
   <div class='ocr_carea' id='block_1_2' title="bbox 250 333 1318 2176">
    <p class='ocr_par' dir='ltr' id='par_1_2' title="bbox 253 333 1318 550">
     <span class='ocr_line' id='line_1_2' title="bbox 253 333 1318 374; baseline -0.001 -10"><span class='ocrx_word' id='word_1_5' title='bbox 253 333 334 364; x_wconf 85' lang='lat' dir='ltr'>ficat.</span> <span class='ocrx_word' id='word_1_6' title='bbox 359 334 400 364; x_wconf 92' lang='lat' dir='ltr'>Et</span> <span class='ocrx_word' id='word_1_7' title='bbox 422 333 575 374; x_wconf 86' lang='lat' dir='ltr'>quoniam</span> <span class='ocrx_word' id='word_1_8' title='bbox 593 343 736 373; x_wconf 78' lang='lat' dir='ltr'>persona</span> <span class='ocrx_word' id='word_1_9' title='bbox 755 333 920 365; x_wconf 88' lang='lat' dir='ltr'>manifeste</span> <span class='ocrx_word' id='word_1_10' title='bbox 936 333 1089 373; x_wconf 87' lang='lat' dir='ltr'>significat</span> <span class='ocrx_word' id='word_1_11' title='bbox 1103 343 1159 374; x_wconf 90' lang='lat' dir='ltr'>per</span> <span class='ocrx_word' id='word_1_12' title='bbox 1182 333 1318 363; x_wconf 91' lang='lat' dir='ltr'>modum</span> 
     </span>
     <span class='ocr_line' id='line_1_3' title="bbox 254 377 1317 418; baseline -0.001 -10"><span class='ocrx_word' id='word_1_13' title='bbox 254 377 468 414; x_wconf 87' lang='lat' dir='ltr'>subsistentis,</span> <span class='ocrx_word' id='word_1_14' title='bbox 500 378 539 407; x_wconf 91' lang='lat' dir='ltr'>ad</span> <span class='ocrx_word' id='word_1_15' title='bbox 569 378 772 417; x_wconf 90' lang='lat' dir='ltr'>probandum</span> <span class='ocrx_word' id='word_1_16' title='bbox 799 377 888 418; x_wconf 94' lang='lat' dir='ltr'>quod</span> <span class='ocrx_word' id='word_1_17' title='bbox 916 377 1101 417; x_wconf 87' lang='lat' dir='ltr'>significaret</span> <span class='ocrx_word' id='word_1_18' title='bbox 1132 377 1317 408; x_wconf 85' lang='lat' dir='ltr'>relationem</span> 
     </span>
     <span class='ocr_line' id='line_1_4' title="bbox 253 421 1318 462; baseline -0.001 -10"><span class='ocrx_word' id='word_1_19' title='bbox 253 432 309 462; x_wconf 89' lang='lat' dir='ltr'>per</span> <span class='ocrx_word' id='word_1_20' title='bbox 331 422 468 452; x_wconf 91' lang='lat' dir='ltr'>modum</span> <span class='ocrx_word' id='word_1_21' title='bbox 492 421 697 457; x_wconf 77' lang='lat' dir='ltr'>subsistentis,</span> <span class='ocrx_word' id='word_1_22' title='bbox 722 431 786 451; x_wconf 92' lang='lat' dir='ltr'>non</span> <span class='ocrx_word' id='word_1_23' title='bbox 808 427 872 451; x_wconf 88' lang='lat' dir='ltr'>erat</span> <span class='ocrx_word' id='word_1_24' title='bbox 888 431 970 461; x_wconf 93' lang='lat' dir='ltr'>opus</span> <span class='ocrx_word' id='word_1_25' title='bbox 994 421 1053 451; x_wconf 90' lang='lat' dir='ltr'>nisi</span> <span class='ocrx_word' id='word_1_26' title='bbox 1072 422 1205 461; x_wconf 86' lang='lat' dir='ltr'>probare</span> <span class='ocrx_word' id='word_1_27' title='bbox 1229 421 1318 461; x_wconf 93' lang='lat' dir='ltr'>quod</span> 
     </span>
     <span class='ocr_line' id='line_1_5' title="bbox 254 464 1318 506; baseline -0.001 -10"><span class='ocrx_word' id='word_1_28' title='bbox 254 465 480 506; x_wconf 87' lang='lat' dir='ltr'>significaretur</span> <span class='ocrx_word' id='word_1_29' title='bbox 503 465 612 496; x_wconf 86' lang='lat' dir='ltr'>relatio</span> <span class='ocrx_word' id='word_1_30' title='bbox 625 488 632 501; x_wconf 93' lang='lat'>,</span> <span class='ocrx_word' id='word_1_31' title='bbox 665 472 695 495; x_wconf 87' lang='lat' dir='ltr'>et</span> <span class='ocrx_word' id='word_1_32' title='bbox 717 465 806 506; x_wconf 92' lang='lat' dir='ltr'>quod</span> <span class='ocrx_word' id='word_1_33' title='bbox 828 465 897 505; x_wconf 89' lang='lat' dir='ltr'>ipsa</span> <span class='ocrx_word' id='word_1_34' title='bbox 920 465 1115 496; x_wconf 88' lang='lat' dir='ltr'><strong>subsisteret:</strong></span> <span class='ocrx_word' id='word_1_35' title='bbox 1146 471 1176 496; x_wconf 91' lang='lat' dir='ltr'>et</span> <span class='ocrx_word' id='word_1_36' title='bbox 1197 465 1260 495; x_wconf 81' lang='lat' dir='ltr'>hoc</span> <span class='ocrx_word' id='word_1_37' title='bbox 1282 464 1318 495; x_wconf 91' lang='lat' dir='ltr'>fit</span> 
     </span>
     <span class='ocr_line' id='line_1_6' title="bbox 254 509 608 550; baseline -0.003 -10"><span class='ocrx_word' id='word_1_38' title='bbox 254 510 418 550; x_wconf 88' lang='lat' dir='ltr'>perspicue</span> <span class='ocrx_word' id='word_1_39' title='bbox 442 510 474 540; x_wconf 92' lang='lat' dir='ltr'>in</span> <span class='ocrx_word' id='word_1_40' title='bbox 497 509 608 540; x_wconf 88' lang='lat' dir='ltr'>littera.</span> 
     </span>
    </p>

    <p class='ocr_par' dir='ltr' id='par_1_3' title="bbox 254 552 1317 759">
     <span class='ocr_line' id='line_1_7' title="bbox 311 552 1316 594; baseline -0.002 -10"><span class='ocrx_word' id='word_1_41' title='bbox 311 554 380 584; x_wconf 92' lang='lat' dir='ltr'>Vll.</span> <span class='ocrx_word' id='word_1_42' title='bbox 404 553 495 584; x_wconf 87' lang='lat' dir='ltr'>Circa</span> <span class='ocrx_word' id='word_1_43' title='bbox 517 552 674 594; x_wconf 87' lang='lat' dir='ltr'>praedicta</span> <span class='ocrx_word' id='word_1_44' title='bbox 696 552 802 588; x_wconf 87' lang='lat' dir='ltr'>simul,</span> <span class='ocrx_word' id='word_1_45' title='bbox 819 559 990 582; x_wconf 91' lang='lat' dir='ltr'>occurrunt</span> <span class='ocrx_word' id='word_1_46' title='bbox 1004 552 1196 583; x_wconf 90' lang='lat' dir='ltr'>obiectiones</span> <span class='ocrx_word' id='word_1_47' title='bbox 1221 552 1316 589; x_wconf 86' lang='lat' dir='ltr'>Scoti‚</span> 
     </span>
     <span class='ocr_line' id='line_1_8' title="bbox 254 595 1317 641; baseline -0.001 -14"><span class='ocrx_word' id='word_1_48' title='bbox 254 607 291 627; x_wconf 84' lang='lat' dir='ltr'>ex</span> <span class='ocrx_word' id='word_1_49' title='bbox 315 597 343 641; x_wconf 73' lang='lat'>1,</span> <span class='ocrx_word' id='word_1_50' title='bbox 368 597 438 628; x_wconf 90' lang='lat' dir='ltr'>dist.</span> <span class='ocrx_word' id='word_1_51' title='bbox 458 607 531 627; x_wconf 84' lang='lat' dir='ltr'>xxm</span> <span class='ocrx_word' id='word_1_52' title='bbox 547 603 577 627; x_wconf 92' lang='lat' dir='ltr'>et</span> <span class='ocrx_word' id='word_1_53' title='bbox 594 606 663 627; x_wconf 83' lang='lat' dir='ltr'>xxv.</span> <span class='ocrx_word' id='word_1_54' title='bbox 688 596 802 636; x_wconf 83' lang='lat' dir='ltr'>Arguit</span> <span class='ocrx_word' id='word_1_55' title='bbox 824 595 908 626; x_wconf 90' lang='lat' dir='ltr'>enim</span> <span class='ocrx_word' id='word_1_56' title='bbox 933 596 1022 636; x_wconf 93' lang='lat' dir='ltr'>quod</span> <span class='ocrx_word' id='word_1_57' title='bbox 1044 606 1101 626; x_wconf 89' lang='lat' dir='ltr'>nec</span> <span class='ocrx_word' id='word_1_58' title='bbox 1123 596 1243 632; x_wconf 90' lang='lat' dir='ltr'>relatio,</span> <span class='ocrx_word' id='word_1_59' title='bbox 1259 606 1317 626; x_wconf 87' lang='lat' dir='ltr'>nec</span> 
     </span>
     <span class='ocr_line' id='line_1_9' title="bbox 254 639 1317 681; baseline -0.001 -10"><span class='ocrx_word' id='word_1_60' title='bbox 254 641 427 672; x_wconf 88' lang='lat' dir='ltr'>substantia</span> <span class='ocrx_word' id='word_1_61' title='bbox 442 640 545 681; x_wconf 89' lang='lat' dir='ltr'>prima</span> <span class='ocrx_word' id='word_1_62' title='bbox 567 647 622 671; x_wconf 89' lang='lat' dir='ltr'>aut</span> <span class='ocrx_word' id='word_1_63' title='bbox 645 640 791 676; x_wconf 87' lang='lat' dir='ltr'>secunda,</span> <span class='ocrx_word' id='word_1_64' title='bbox 809 650 867 670; x_wconf 89' lang='lat' dir='ltr'>nec</span> <span class='ocrx_word' id='word_1_65' title='bbox 886 639 1005 680; x_wconf 90' lang='lat' dir='ltr'>aliquid</span> <span class='ocrx_word' id='word_1_66' title='bbox 1028 640 1202 680; x_wconf 90' lang='lat' dir='ltr'>positivum</span> <span class='ocrx_word' id='word_1_67' title='bbox 1226 640 1317 680; x_wconf 92' lang='lat' dir='ltr'>quid-</span> 
     </span>
     <span class='ocr_line' id='line_1_10' title="bbox 254 682 1317 724; baseline -0.001 -9"><span class='ocrx_word' id='word_1_68' title='bbox 254 685 420 715; x_wconf 87' lang='lat' dir='ltr'>ditativum</span> <span class='ocrx_word' id='word_1_69' title='bbox 439 684 552 715; x_wconf 89' lang='lat' dir='ltr'>divinis</span> <span class='ocrx_word' id='word_1_70' title='bbox 568 683 724 724; x_wconf 90' lang='lat' dir='ltr'>personis,</span> <span class='ocrx_word' id='word_1_71' title='bbox 750 682 941 724; x_wconf 88' lang='lat' dir='ltr'>significatur</span> <span class='ocrx_word' id='word_1_72' title='bbox 964 683 1095 714; x_wconf 89' lang='lat' dir='ltr'>nomine</span> <span class='ocrx_word' id='word_1_73' title='bbox 1104 693 1266 724; x_wconf 80' lang='lat' dir='ltr'><strong><em>personae</em></strong></span> <span class='ocrx_word' id='word_1_74' title='bbox 1284 684 1317 714; x_wconf 93' lang='lat' dir='ltr'>in</span> 
     </span>
     <span class='ocr_line' id='line_1_11' title="bbox 254 728 377 759; baseline 0 -1"><span class='ocrx_word' id='word_1_75' title='bbox 254 728 377 759; x_wconf 89' lang='lat' dir='ltr'>divinis.</span> 
     </span>
    </p>

    <p class='ocr_par' dir='ltr' id='par_1_4' title="bbox 252 771 1318 988">
     <span class='ocr_line' id='line_1_12' title="bbox 311 771 1316 813; baseline 0 -11"><span class='ocrx_word' id='word_1_76' title='bbox 311 773 353 803; x_wconf 92' lang='lat' dir='ltr'>Et</span> <span class='ocrx_word' id='word_1_77' title='bbox 374 772 462 813; x_wconf 92' lang='lat' dir='ltr'>quod</span> <span class='ocrx_word' id='word_1_78' title='bbox 486 781 552 802; x_wconf 91' lang='lat' dir='ltr'>non</span> <span class='ocrx_word' id='word_1_79' title='bbox 576 771 684 801; x_wconf 85' lang='lat' dir='ltr'>relatio</span> <span class='ocrx_word' id='word_1_80' title='bbox 713 771 862 812; x_wconf 90' lang='lat' dir='ltr'>quidem,</span> <span class='ocrx_word' id='word_1_81' title='bbox 893 772 1024 812; x_wconf 84' lang='lat' dir='ltr'>probat:</span> <span class='ocrx_word' id='word_1_82' title='bbox 1054 772 1129 812; x_wconf 89' lang='lat' dir='ltr'>quia</span> <span class='ocrx_word' id='word_1_83' title='bbox 1152 773 1191 802; x_wconf 89' lang='lat' dir='ltr'>ad</span> <span class='ocrx_word' id='word_1_84' title='bbox 1215 773 1316 812; x_wconf 93' lang='lat' dir='ltr'>quod-</span> 
     </span>
     <span class='ocr_line' id='line_1_13' title="bbox 254 814 1316 856; baseline 0 -9"><span class='ocrx_word' id='word_1_85' title='bbox 254 825 392 856; x_wconf 88' lang='lat' dir='ltr'>cumque</span> <span class='ocrx_word' id='word_1_86' title='bbox 415 815 528 846; x_wconf 84' lang='lat' dir='ltr'>dicitur</span> <span class='ocrx_word' id='word_1_87' title='bbox 550 814 715 846; x_wconf 84' lang='lat' dir='ltr'>relativum</span> <span class='ocrx_word' id='word_1_88' title='bbox 738 815 879 852; x_wconf 86' lang='lat' dir='ltr'>inferius,</span> <span class='ocrx_word' id='word_1_89' title='bbox 903 816 943 846; x_wconf 87' lang='lat' dir='ltr'>ad</span> <span class='ocrx_word' id='word_1_90' title='bbox 965 816 1051 846; x_wconf 91' lang='lat' dir='ltr'>idem</span> <span class='ocrx_word' id='word_1_91' title='bbox 1075 816 1188 847; x_wconf 90' lang='lat' dir='ltr'>dicitur</span> <span class='ocrx_word' id='word_1_92' title='bbox 1215 816 1316 847; x_wconf 83' lang='lat' dir='ltr'>relati-</span> 
     </span>
     <span class='ocr_line' id='line_1_14' title="bbox 252 859 1318 900; baseline 0.002 -11"><span class='ocrx_word' id='word_1_93' title='bbox 252 870 330 890; x_wconf 87' lang='lat' dir='ltr'>vum</span> <span class='ocrx_word' id='word_1_94' title='bbox 354 859 514 899; x_wconf 85' lang='lat' dir='ltr'>superius,</span> <span class='ocrx_word' id='word_1_95' title='bbox 545 859 617 889; x_wconf 90' lang='lat' dir='ltr'>licet</span> <span class='ocrx_word' id='word_1_96' title='bbox 646 869 712 889; x_wconf 91' lang='lat' dir='ltr'>non</span> <span class='ocrx_word' id='word_1_97' title='bbox 741 859 865 899; x_wconf 88' lang='lat' dir='ltr'>primo;</span> <span class='ocrx_word' id='word_1_98' title='bbox 898 870 991 900; x_wconf 91' lang='lat' dir='ltr'>ergo,</span> <span class='ocrx_word' id='word_1_99' title='bbox 1023 860 1049 890; x_wconf 90' lang='lat' dir='ltr'>si</span> <span class='ocrx_word' id='word_1_100' title='bbox 1079 870 1214 900; x_wconf 90' lang='lat' dir='ltr'>persona</span> <span class='ocrx_word' id='word_1_101' title='bbox 1244 860 1318 891; x_wconf 91' lang='lat' dir='ltr'>dicit</span> 
     </span>
     <span class='ocr_line' id='line_1_15' title="bbox 253 902 1316 945; baseline 0.001 -11"><span class='ocrx_word' id='word_1_102' title='bbox 253 903 448 939; x_wconf 84' lang='lat' dir='ltr'>relationem,</span> <span class='ocrx_word' id='word_1_103' title='bbox 466 902 546 934; x_wconf 88' lang='lat' dir='ltr'>sicut</span> <span class='ocrx_word' id='word_1_104' title='bbox 570 903 660 933; x_wconf 80' lang='lat' dir='ltr'>Pater</span> <span class='ocrx_word' id='word_1_105' title='bbox 683 909 729 933; x_wconf 93' lang='lat' dir='ltr'>est</span> <span class='ocrx_word' id='word_1_106' title='bbox 751 910 839 943; x_wconf 89' lang='lat' dir='ltr'>pater</span> <span class='ocrx_word' id='word_1_107' title='bbox 862 904 933 934; x_wconf 91' lang='lat' dir='ltr'>Filii</span> <span class='ocrx_word' id='word_1_108' title='bbox 956 903 1071 944; x_wconf 88' lang='lat' dir='ltr'>primo,</span> <span class='ocrx_word' id='word_1_109' title='bbox 1088 903 1130 935; x_wconf 88' lang='lat' dir='ltr'>ita</span> <span class='ocrx_word' id='word_1_110' title='bbox 1150 911 1230 935; x_wconf 90' lang='lat' dir='ltr'>esset</span> <span class='ocrx_word' id='word_1_111' title='bbox 1248 915 1316 945; x_wconf 91' lang='lat' dir='ltr'>per-</span> 
     </span>
     <span class='ocr_line' id='line_1_16' title="bbox 253 946 984 988; baseline 0 -10"><span class='ocrx_word' id='word_1_112' title='bbox 253 946 332 978; x_wconf 81' lang='lat' dir='ltr'>sona</span> <span class='ocrx_word' id='word_1_113' title='bbox 354 947 426 977; x_wconf 81' lang='lat' dir='ltr'>Filii</span> <span class='ocrx_word' id='word_1_114' title='bbox 449 957 515 977; x_wconf 91' lang='lat' dir='ltr'>non</span> <span class='ocrx_word' id='word_1_115' title='bbox 538 946 653 987; x_wconf 89' lang='lat' dir='ltr'>primo,</span> <span class='ocrx_word' id='word_1_116' title='bbox 679 947 767 988; x_wconf 93' lang='lat' dir='ltr'>quod</span> <span class='ocrx_word' id='word_1_117' title='bbox 791 953 837 978; x_wconf 89' lang='lat' dir='ltr'>est</span> <span class='ocrx_word' id='word_1_118' title='bbox 859 947 984 978; x_wconf 88' lang='lat' dir='ltr'>falsum.</span> 
     </span>
    </p>

    <p class='ocr_par' dir='ltr' id='par_1_5' title="bbox 253 991 1317 1208">
     <span class='ocr_line' id='line_1_17' title="bbox 306 991 1316 1032; baseline 0.001 -11"><span class='ocrx_word' id='word_1_119' title='bbox 306 991 404 1029; x_wconf 92' lang='lat' dir='ltr'>Quod</span> <span class='ocrx_word' id='word_1_120' title='bbox 420 1001 495 1021; x_wconf 91' lang='lat' dir='ltr'>vero</span> <span class='ocrx_word' id='word_1_121' title='bbox 515 991 594 1021; x_wconf 90' lang='lat' dir='ltr'>nihil</span> <span class='ocrx_word' id='word_1_122' title='bbox 617 991 790 1031; x_wconf 89' lang='lat' dir='ltr'>positivum</span> <span class='ocrx_word' id='word_1_123' title='bbox 814 992 1058 1032; x_wconf 88' lang='lat' dir='ltr'>quidditativum</span> <span class='ocrx_word' id='word_1_124' title='bbox 1075 992 1227 1032; x_wconf 89' lang='lat' dir='ltr'>personis,</span> <span class='ocrx_word' id='word_1_125' title='bbox 1244 1002 1316 1032; x_wconf 92' lang='lat' dir='ltr'>pro-</span> 
     </span>
     <span class='ocr_line' id='line_1_18' title="bbox 253 1035 1315 1076; baseline 0.002 -11"><span class='ocrx_word' id='word_1_126' title='bbox 253 1036 321 1066; x_wconf 87' lang='lat' dir='ltr'>bat:</span> <span class='ocrx_word' id='word_1_127' title='bbox 345 1035 420 1076; x_wconf 88' lang='lat' dir='ltr'>quia</span> <span class='ocrx_word' id='word_1_128' title='bbox 434 1036 473 1065; x_wconf 88' lang='lat' dir='ltr'>ab</span> <span class='ocrx_word' id='word_1_129' title='bbox 489 1035 609 1066; x_wconf 86' lang='lat' dir='ltr'>ultimis</span> <span class='ocrx_word' id='word_1_130' title='bbox 629 1035 811 1066; x_wconf 89' lang='lat' dir='ltr'>distinctivis</span> <span class='ocrx_word' id='word_1_131' title='bbox 831 1042 862 1066; x_wconf 90' lang='lat' dir='ltr'>et</span> <span class='ocrx_word' id='word_1_132' title='bbox 880 1036 1089 1067; x_wconf 88' lang='lat' dir='ltr'>constitutivis</span> <span class='ocrx_word' id='word_1_133' title='bbox 1109 1046 1315 1076; x_wconf 90' lang='lat' dir='ltr'>personarum</span> 
     </span>
     <span class='ocr_line' id='line_1_19' title="bbox 253 1079 1317 1121; baseline 0.001 -11"><span class='ocrx_word' id='word_1_134' title='bbox 253 1079 331 1110; x_wconf 89' lang='lat' dir='ltr'>nihil</span> <span class='ocrx_word' id='word_1_135' title='bbox 354 1086 459 1119; x_wconf 91' lang='lat' dir='ltr'>potest</span> <span class='ocrx_word' id='word_1_136' title='bbox 482 1080 617 1110; x_wconf 84' lang='lat' dir='ltr'>abstrahi</span> <span class='ocrx_word' id='word_1_137' title='bbox 642 1090 814 1111; x_wconf 92' lang='lat' dir='ltr'>commune</span> <span class='ocrx_word' id='word_1_138' title='bbox 831 1080 952 1110; x_wconf 92' lang='lat' dir='ltr'>dictum</span> <span class='ocrx_word' id='word_1_139' title='bbox 968 1080 1006 1110; x_wconf 94' lang='lat' dir='ltr'>de</span> <span class='ocrx_word' id='word_1_140' title='bbox 1023 1080 1066 1110; x_wconf 92' lang='lat' dir='ltr'>eis</span> <span class='ocrx_word' id='word_1_141' title='bbox 1086 1081 1118 1110; x_wconf 87' lang='lat' dir='ltr'>in</span> <span class='ocrx_word' id='word_1_142' title='bbox 1137 1081 1224 1121; x_wconf 84' lang='lat' dir='ltr'>quid,</span> <span class='ocrx_word' id='word_1_143' title='bbox 1242 1081 1317 1121; x_wconf 88' lang='lat' dir='ltr'>quia</span> 
     </span>
     <span class='ocr_line' id='line_1_20' title="bbox 253 1124 1315 1165; baseline 0.001 -12"><span class='ocrx_word' id='word_1_144' title='bbox 253 1130 327 1154; x_wconf 92' lang='lat' dir='ltr'>sunt</span> <span class='ocrx_word' id='word_1_145' title='bbox 343 1125 452 1164; x_wconf 84' lang='lat' dir='ltr'>primo</span> <span class='ocrx_word' id='word_1_146' title='bbox 477 1124 610 1160; x_wconf 85' lang='lat' dir='ltr'>diversa;</span> <span class='ocrx_word' id='word_1_147' title='bbox 635 1124 778 1165; x_wconf 86' lang='lat' dir='ltr'>alioquin</span> <span class='ocrx_word' id='word_1_148' title='bbox 801 1132 908 1164; x_wconf 90' lang='lat' dir='ltr'>posset</span> <span class='ocrx_word' id='word_1_149' title='bbox 932 1124 971 1154; x_wconf 90' lang='lat' dir='ltr'>de</span> <span class='ocrx_word' id='word_1_150' title='bbox 994 1124 1038 1154; x_wconf 89' lang='lat' dir='ltr'>eis</span> <span class='ocrx_word' id='word_1_151' title='bbox 1062 1124 1170 1165; x_wconf 87' lang='lat' dir='ltr'>quaeri</span> <span class='ocrx_word' id='word_1_152' title='bbox 1193 1124 1226 1154; x_wconf 90' lang='lat' dir='ltr'>in</span> <span class='ocrx_word' id='word_1_153' title='bbox 1249 1134 1315 1165; x_wconf 93' lang='lat' dir='ltr'>quo</span> 
     </span>
     <span class='ocr_line' id='line_1_21' title="bbox 253 1167 847 1208; baseline 0 -10"><span class='ocrx_word' id='word_1_154' title='bbox 253 1168 466 1203; x_wconf 87' lang='lat' dir='ltr'>conveniunt,</span> <span class='ocrx_word' id='word_1_155' title='bbox 491 1174 521 1198; x_wconf 89' lang='lat' dir='ltr'>et</span> <span class='ocrx_word' id='word_1_156' title='bbox 544 1168 576 1198; x_wconf 93' lang='lat' dir='ltr'>in</span> <span class='ocrx_word' id='word_1_157' title='bbox 601 1178 667 1208; x_wconf 91' lang='lat' dir='ltr'>quo</span> <span class='ocrx_word' id='word_1_158' title='bbox 691 1167 847 1198; x_wconf 81' lang='lat' dir='ltr'>differunt.</span> 
     </span>
    </p>

    <p class='ocr_par' dir='ltr' id='par_1_6' title="bbox 251 1211 1315 1289">
     <span class='ocr_line' id='line_1_22' title="bbox 311 1211 1315 1252; baseline 0 -10"><span class='ocrx_word' id='word_1_159' title='bbox 311 1212 410 1249; x_wconf 88' lang='lat' dir='ltr'>Quod</span> <span class='ocrx_word' id='word_1_160' title='bbox 432 1218 540 1242; x_wconf 88' lang='lat' dir='ltr'>autem</span> <span class='ocrx_word' id='word_1_161' title='bbox 563 1222 620 1242; x_wconf 92' lang='lat' dir='ltr'>nec</span> <span class='ocrx_word' id='word_1_162' title='bbox 643 1211 816 1242; x_wconf 88' lang='lat' dir='ltr'>substantia</span> <span class='ocrx_word' id='word_1_163' title='bbox 838 1211 956 1252; x_wconf 90' lang='lat' dir='ltr'>prima,</span> <span class='ocrx_word' id='word_1_164' title='bbox 986 1212 1114 1252; x_wconf 89' lang='lat' dir='ltr'>probat:</span> <span class='ocrx_word' id='word_1_165' title='bbox 1144 1211 1219 1252; x_wconf 90' lang='lat' dir='ltr'>quia</span> <span class='ocrx_word' id='word_1_166' title='bbox 1241 1212 1315 1242; x_wconf 87' lang='lat' dir='ltr'>sub-</span> 
     </span>
     <span class='ocr_line' id='line_1_23' title="bbox 251 1255 1160 1289; baseline -0.001 -2"><span class='ocrx_word' id='word_1_167' title='bbox 251 1257 367 1287; x_wconf 76' lang='lat' dir='ltr'>sistens</span> <span class='ocrx_word' id='word_1_168' title='bbox 389 1255 568 1289; x_wconf 73' lang='lat' dir='ltr'>indifferens</span> <span class='ocrx_word' id='word_1_169' title='bbox 592 1263 639 1287; x_wconf 89' lang='lat' dir='ltr'>est</span> <span class='ocrx_word' id='word_1_170' title='bbox 662 1256 702 1286; x_wconf 88' lang='lat' dir='ltr'>ad</span> <span class='ocrx_word' id='word_1_171' title='bbox 724 1256 908 1286; x_wconf 86' lang='lat' dir='ltr'>absolutum</span> <span class='ocrx_word' id='word_1_172' title='bbox 931 1263 961 1286; x_wconf 89' lang='lat' dir='ltr'>et</span> <span class='ocrx_word' id='word_1_173' title='bbox 983 1255 1160 1286; x_wconf 86' lang='lat' dir='ltr'>relativum.</span> 
     </span>
    </p>

    <p class='ocr_par' dir='ltr' id='par_1_7' title="bbox 250 1299 1317 2000">
     <span class='ocr_line' id='line_1_24' title="bbox 290 1299 1315 1340; baseline 0 -11"><span class='ocrx_word' id='word_1_174' title='bbox 290 1300 392 1331; x_wconf 23' lang='lat' dir='ltr'>cxlii.</span> <span class='ocrx_word' id='word_1_175' title='bbox 404 1300 469 1330; x_wconf 44' lang='lat' dir='ltr'>aad</span> <span class='ocrx_word' id='word_1_176' title='bbox 490 1299 547 1330; x_wconf 87' lang='lat' dir='ltr'>has</span> <span class='ocrx_word' id='word_1_177' title='bbox 570 1299 780 1336; x_wconf 71' lang='lat' dir='ltr'>obiecfiones,</span> <span class='ocrx_word' id='word_1_178' title='bbox 806 1300 969 1340; x_wconf 90' lang='lat' dir='ltr'>loquendo</span> <span class='ocrx_word' id='word_1_179' title='bbox 986 1299 1024 1329; x_wconf 92' lang='lat' dir='ltr'>de</span> <span class='ocrx_word' id='word_1_180' title='bbox 1034 1309 1177 1339; x_wconf 78' lang='lat' dir='ltr'>persona</span> <span class='ocrx_word' id='word_1_181' title='bbox 1195 1299 1315 1337; x_wconf 84' lang='lat' dir='ltr'>divina,</span> 
     </span>
     <span class='ocr_line' id='line_1_25' title="bbox 253 1343 1315 1384; baseline -0.001 -10"><span class='ocrx_word' id='word_1_182' title='bbox 253 1344 292 1375; x_wconf 91' lang='lat' dir='ltr'>de</span> <span class='ocrx_word' id='word_1_183' title='bbox 315 1353 380 1384; x_wconf 91' lang='lat' dir='ltr'>qua</span> <span class='ocrx_word' id='word_1_184' title='bbox 401 1343 526 1375; x_wconf 90' lang='lat' dir='ltr'>videtur</span> <span class='ocrx_word' id='word_1_185' title='bbox 553 1343 647 1374; x_wconf 90' lang='lat' dir='ltr'>etiam</span> <span class='ocrx_word' id='word_1_186' title='bbox 670 1343 783 1374; x_wconf 91' lang='lat' dir='ltr'>Scotus</span> <span class='ocrx_word' id='word_1_187' title='bbox 807 1343 916 1383; x_wconf 90' lang='lat' dir='ltr'>loqui,</span> <span class='ocrx_word' id='word_1_188' title='bbox 947 1351 983 1374; x_wconf 90' lang='lat' dir='ltr'>ut</span> <span class='ocrx_word' id='word_1_189' title='bbox 1005 1349 1091 1382; x_wconf 91' lang='lat' dir='ltr'>patet</span> <span class='ocrx_word' id='word_1_190' title='bbox 1115 1353 1151 1373; x_wconf 82' lang='lat' dir='ltr'>ex</span> <span class='ocrx_word' id='word_1_191' title='bbox 1174 1344 1315 1374; x_wconf 92' lang='lat' dir='ltr'>secundo</span> 
     </span>
     <span class='ocr_line' id='line_1_26' title="bbox 252 1387 1317 1427; baseline -0.001 -8"><span class='ocrx_word' id='word_1_192' title='bbox 252 1387 376 1419; x_wconf 88' lang='lat' dir='ltr'>motivo</span> <span class='ocrx_word' id='word_1_193' title='bbox 398 1387 546 1424; x_wconf 83' lang='lat' dir='ltr'>adducto,</span> <span class='ocrx_word' id='word_1_194' title='bbox 571 1387 704 1418; x_wconf 92' lang='lat' dir='ltr'>breviter</span> <span class='ocrx_word' id='word_1_195' title='bbox 727 1387 897 1418; x_wconf 87' lang='lat' dir='ltr'>dicendum</span> <span class='ocrx_word' id='word_1_196' title='bbox 920 1394 985 1423; x_wconf 88' lang='lat' dir='ltr'>est,</span> <span class='ocrx_word' id='word_1_197' title='bbox 1009 1393 1139 1427; x_wconf 90' lang='lat' dir='ltr'>propter</span> <span class='ocrx_word' id='word_1_198' title='bbox 1161 1387 1317 1418; x_wconf 88' lang='lat' dir='ltr'>rationem</span> 
     </span>
     <span class='ocr_line' id='line_1_27' title="bbox 253 1430 1316 1472; baseline -0.001 -9"><span class='ocrx_word' id='word_1_199' title='bbox 253 1432 424 1463; x_wconf 73' lang='lat' dir='ltr'>adductam</span> <span class='ocrx_word' id='word_1_200' title='bbox 437 1431 472 1462; x_wconf 88' lang='lat' dir='ltr'>in</span> <span class='ocrx_word' id='word_1_201' title='bbox 487 1431 596 1468; x_wconf 88' lang='lat' dir='ltr'>littera,</span> <span class='ocrx_word' id='word_1_202' title='bbox 621 1432 711 1472; x_wconf 88' lang='lat' dir='ltr'>quod</span> <span class='ocrx_word' id='word_1_203' title='bbox 732 1431 801 1472; x_wconf 91' lang='lat' dir='ltr'>ipsa</span> <span class='ocrx_word' id='word_1_204' title='bbox 816 1430 969 1471; x_wconf 87' lang='lat' dir='ltr'>significat</span> <span class='ocrx_word' id='word_1_205' title='bbox 985 1431 1170 1462; x_wconf 80' lang='lat' dir='ltr'>relationem</span> <span class='ocrx_word' id='word_1_206' title='bbox 1188 1431 1316 1472; x_wconf 88' lang='lat' dir='ltr'>originis</span> 
     </span>
     <span class='ocr_line' id='line_1_28' title="bbox 251 1475 1315 1516; baseline 0 -10"><span class='ocrx_word' id='word_1_207' title='bbox 251 1475 287 1507; x_wconf 85' lang='lat' dir='ltr'>in</span> <span class='ocrx_word' id='word_1_208' title='bbox 309 1475 492 1512; x_wconf 88' lang='lat' dir='ltr'>communi,</span> <span class='ocrx_word' id='word_1_209' title='bbox 516 1485 582 1506; x_wconf 90' lang='lat' dir='ltr'>non</span> <span class='ocrx_word' id='word_1_210' title='bbox 605 1485 661 1516; x_wconf 90' lang='lat' dir='ltr'>per</span> <span class='ocrx_word' id='word_1_211' title='bbox 683 1475 817 1506; x_wconf 87' lang='lat' dir='ltr'>modum</span> <span class='ocrx_word' id='word_1_212' title='bbox 842 1475 1018 1512; x_wconf 87' lang='lat' dir='ltr'>relationis,</span> <span class='ocrx_word' id='word_1_213' title='bbox 1049 1475 1103 1505; x_wconf 91' lang='lat' dir='ltr'>sed</span> <span class='ocrx_word' id='word_1_214' title='bbox 1126 1475 1315 1516; x_wconf 83' lang='lat' dir='ltr'>hypostasis.</span> 
     </span>
     <span class='ocr_line' id='line_1_29' title="bbox 251 1517 1316 1561; baseline -0.002 -10"><span class='ocrx_word' id='word_1_215' title='bbox 251 1517 293 1551; x_wconf 86' lang='lat' dir='ltr'>Et</span> <span class='ocrx_word' id='word_1_216' title='bbox 315 1519 391 1561; x_wconf 89' lang='lat' dir='ltr'>quia</span> <span class='ocrx_word' id='word_1_217' title='bbox 413 1519 523 1550; x_wconf 83' lang='lat' dir='ltr'>relatio</span> <span class='ocrx_word' id='word_1_218' title='bbox 547 1519 676 1560; x_wconf 83' lang='lat' dir='ltr'>originis</span> <span class='ocrx_word' id='word_1_219' title='bbox 699 1519 902 1550; x_wconf 88' lang='lat' dir='ltr'>constitutiva</span> <span class='ocrx_word' id='word_1_220' title='bbox 925 1519 1048 1549; x_wconf 88' lang='lat' dir='ltr'>divinae</span> <span class='ocrx_word' id='word_1_221' title='bbox 1062 1529 1225 1560; x_wconf 82' lang='lat' dir='ltr'>personae,</span> <span class='ocrx_word' id='word_1_222' title='bbox 1250 1529 1316 1550; x_wconf 91' lang='lat' dir='ltr'>non</span> 
     </span>
     <span class='ocr_line' id='line_1_30' title="bbox 252 1562 1316 1604; baseline -0.003 -8"><span class='ocrx_word' id='word_1_223' title='bbox 252 1563 360 1596; x_wconf 73' lang='lat' dir='ltr'>solum</span> <span class='ocrx_word' id='word_1_224' title='bbox 381 1563 415 1594; x_wconf 89' lang='lat' dir='ltr'>in</span> <span class='ocrx_word' id='word_1_225' title='bbox 439 1562 582 1604; x_wconf 89' lang='lat' dir='ltr'>speciali,</span> <span class='ocrx_word' id='word_1_226' title='bbox 607 1570 643 1595; x_wconf 90' lang='lat' dir='ltr'>ut</span> <span class='ocrx_word' id='word_1_227' title='bbox 665 1563 848 1604; x_wconf 87' lang='lat' dir='ltr'>paternitas,</span> <span class='ocrx_word' id='word_1_228' title='bbox 873 1563 928 1594; x_wconf 91' lang='lat' dir='ltr'>sed</span> <span class='ocrx_word' id='word_1_229' title='bbox 951 1563 1045 1594; x_wconf 85' lang='lat' dir='ltr'>etiam</span> <span class='ocrx_word' id='word_1_230' title='bbox 1070 1563 1246 1594; x_wconf 90' lang='lat' dir='ltr'>secundum</span> <span class='ocrx_word' id='word_1_231' title='bbox 1269 1574 1316 1594; x_wconf 87' lang='lat' dir='ltr'>ra-</span> 
     </span>
     <span class='ocr_line' id='line_1_31' title="bbox 251 1607 1317 1648; baseline -0.001 -10"><span class='ocrx_word' id='word_1_232' title='bbox 251 1607 374 1640; x_wconf 88' lang='lat' dir='ltr'>tionem</span> <span class='ocrx_word' id='word_1_233' title='bbox 404 1607 564 1638; x_wconf 72' lang='lat' dir='ltr'>relationis</span> <span class='ocrx_word' id='word_1_234' title='bbox 596 1607 812 1648; x_wconf 84' lang='lat' dir='ltr'>hypostaticae</span> <span class='ocrx_word' id='word_1_235' title='bbox 826 1631 833 1644; x_wconf 95' lang='lat'>,</span> <span class='ocrx_word' id='word_1_236' title='bbox 865 1607 1020 1638; x_wconf 87' lang='lat' dir='ltr'>clauditur</span> <span class='ocrx_word' id='word_1_237' title='bbox 1050 1607 1256 1647; x_wconf 88' lang='lat' dir='ltr'>quidditative</span> <span class='ocrx_word' id='word_1_238' title='bbox 1283 1607 1317 1637; x_wconf 91' lang='lat' dir='ltr'>in</span> 
     </span>
     <span class='ocr_line' id='line_1_32' title="bbox 250 1650 1316 1692; baseline -0.001 -9"><span class='ocrx_word' id='word_1_239' title='bbox 250 1650 372 1683; x_wconf 78' lang='lat' dir='ltr'>mione</span> <span class='ocrx_word' id='word_1_240' title='bbox 395 1651 518 1682; x_wconf 85' lang='lat' dir='ltr'>divinae</span> <span class='ocrx_word' id='word_1_241' title='bbox 547 1661 716 1692; x_wconf 80' lang='lat' dir='ltr'>personae,</span> <span class='ocrx_word' id='word_1_242' title='bbox 741 1658 819 1692; x_wconf 90' lang='lat' dir='ltr'>puta</span> <span class='ocrx_word' id='word_1_243' title='bbox 840 1651 956 1688; x_wconf 88' lang='lat' dir='ltr'>Patris,</span> <span class='ocrx_word' id='word_1_244' title='bbox 985 1661 1024 1681; x_wconf 90' lang='lat' dir='ltr'>eo</span> <span class='ocrx_word' id='word_1_245' title='bbox 1047 1651 1147 1681; x_wconf 91' lang='lat' dir='ltr'>modo</span> <span class='ocrx_word' id='word_1_246' title='bbox 1175 1661 1241 1692; x_wconf 91' lang='lat' dir='ltr'>quo</span> <span class='ocrx_word' id='word_1_247' title='bbox 1266 1662 1316 1682; x_wconf 91' lang='lat' dir='ltr'>su-</span> 
     </span>
     <span class='ocr_line' id='line_1_33' title="bbox 251 1694 1316 1737; baseline -0.001 -10"><span class='ocrx_word' id='word_1_248' title='bbox 251 1695 358 1737; x_wconf 67' lang='lat' dir='ltr'>perius</span> <span class='ocrx_word' id='word_1_249' title='bbox 373 1694 530 1726; x_wconf 76' lang='lat' dir='ltr'>clauditur</span> <span class='ocrx_word' id='word_1_250' title='bbox 552 1695 586 1725; x_wconf 89' lang='lat' dir='ltr'>in</span> <span class='ocrx_word' id='word_1_251' title='bbox 609 1695 729 1726; x_wconf 87' lang='lat' dir='ltr'>ratione</span> <span class='ocrx_word' id='word_1_252' title='bbox 745 1695 919 1732; x_wconf 86' lang='lat' dir='ltr'>inferioris;</span> <span class='ocrx_word' id='word_1_253' title='bbox 943 1702 975 1726; x_wconf 92' lang='lat' dir='ltr'>et</span> <span class='ocrx_word' id='word_1_254' title='bbox 989 1695 1058 1735; x_wconf 88' lang='lat' dir='ltr'>ipsa</span> <span class='ocrx_word' id='word_1_255' title='bbox 1081 1695 1191 1725; x_wconf 87' lang='lat' dir='ltr'>eadem</span> <span class='ocrx_word' id='word_1_256' title='bbox 1207 1695 1316 1726; x_wconf 84' lang='lat' dir='ltr'>relatio</span> 
     </span>
     <span class='ocr_line' id='line_1_34' title="bbox 252 1739 1316 1781; baseline -0.001 -11"><span class='ocrx_word' id='word_1_257' title='bbox 252 1746 300 1771; x_wconf 69' lang='lat' dir='ltr'>ut</span> <span class='ocrx_word' id='word_1_258' title='bbox 321 1739 494 1771; x_wconf 78' lang='lat' dir='ltr'>substantia</span> <span class='ocrx_word' id='word_1_259' title='bbox 516 1739 637 1779; x_wconf 84' lang='lat' dir='ltr'>prima,</span> <span class='ocrx_word' id='word_1_260' title='bbox 666 1749 722 1770; x_wconf 89' lang='lat' dir='ltr'>seu</span> <span class='ocrx_word' id='word_1_261' title='bbox 745 1739 924 1781; x_wconf 85' lang='lat' dir='ltr'>hypostasis</span> <span class='ocrx_word' id='word_1_262' title='bbox 948 1739 1071 1769; x_wconf 88' lang='lat' dir='ltr'>divinae</span> <span class='ocrx_word' id='word_1_263' title='bbox 1099 1746 1246 1778; x_wconf 87' lang='lat' dir='ltr'>naturae;</span> <span class='ocrx_word' id='word_1_264' title='bbox 1270 1739 1316 1769; x_wconf 92' lang='lat' dir='ltr'>id-</span> 
     </span>
     <span class='ocr_line' id='line_1_35' title="bbox 252 1783 1314 1824; baseline -0.002 -9"><span class='ocrx_word' id='word_1_265' title='bbox 252 1783 336 1816; x_wconf 82' lang='lat' dir='ltr'>circo</span> <span class='ocrx_word' id='word_1_266' title='bbox 349 1783 541 1824; x_wconf 87' lang='lat' dir='ltr'>oppositum</span> <span class='ocrx_word' id='word_1_267' title='bbox 553 1783 702 1814; x_wconf 88' lang='lat' dir='ltr'>omnium</span> <span class='ocrx_word' id='word_1_268' title='bbox 717 1783 814 1814; x_wconf 89' lang='lat' dir='ltr'>trium</span> <span class='ocrx_word' id='word_1_269' title='bbox 830 1784 991 1814; x_wconf 88' lang='lat' dir='ltr'>illatorum</span> <span class='ocrx_word' id='word_1_270' title='bbox 1008 1793 1026 1813; x_wconf 92' lang='lat' dir='ltr'>a</span> <span class='ocrx_word' id='word_1_271' title='bbox 1040 1783 1147 1819; x_wconf 92' lang='lat' dir='ltr'>Scoto,</span> <span class='ocrx_word' id='word_1_272' title='bbox 1159 1790 1314 1814; x_wconf 89' lang='lat' dir='ltr'>tenemus.</span> 
     </span>
     <span class='ocr_line' id='line_1_36' title="bbox 255 1826 1315 1867; baseline -0.001 -8"><span class='ocrx_word' id='word_1_273' title='bbox 255 1838 257 1840; x_wconf 89' lang='lat'>·</span> <span class='ocrx_word' id='word_1_274' title='bbox 309 1827 363 1859; x_wconf 86' lang='lat' dir='ltr'>l&#39;X.</span> <span class='ocrx_word' id='word_1_275' title='bbox 387 1827 429 1858; x_wconf 86' lang='lat' dir='ltr'>Et</span> <span class='ocrx_word' id='word_1_276' title='bbox 450 1827 491 1857; x_wconf 90' lang='lat' dir='ltr'>ad</span> <span class='ocrx_word' id='word_1_277' title='bbox 513 1826 649 1867; x_wconf 86' lang='lat' dir='ltr'>primam</span> <span class='ocrx_word' id='word_1_278' title='bbox 673 1827 886 1859; x_wconf 90' lang='lat' dir='ltr'>obiectionem</span> <span class='ocrx_word' id='word_1_279' title='bbox 908 1834 994 1867; x_wconf 90' lang='lat' dir='ltr'>patet</span> <span class='ocrx_word' id='word_1_280' title='bbox 1017 1827 1182 1867; x_wconf 91' lang='lat' dir='ltr'>responsio</span> <span class='ocrx_word' id='word_1_281' title='bbox 1206 1837 1243 1858; x_wconf 85' lang='lat' dir='ltr'>ex</span> <span class='ocrx_word' id='word_1_282' title='bbox 1265 1827 1315 1858; x_wconf 90' lang='lat' dir='ltr'>lit-</span> 
     </span>
     <span class='ocr_line' id='line_1_37' title="bbox 251 1871 1316 1911; baseline -0.002 -8"><span class='ocrx_word' id='word_1_283' title='bbox 251 1877 325 1903; x_wconf 81' lang='lat' dir='ltr'>tera.</span> <span class='ocrx_word' id='word_1_284' title='bbox 349 1871 514 1910; x_wconf 83' lang='lat' dir='ltr'>Quoniam</span> <span class='ocrx_word' id='word_1_285' title='bbox 537 1871 590 1901; x_wconf 87' lang='lat' dir='ltr'>illa</span> <span class='ocrx_word' id='word_1_286' title='bbox 613 1871 715 1901; x_wconf 86' lang='lat' dir='ltr'>maior</span> <span class='ocrx_word' id='word_1_287' title='bbox 738 1882 804 1902; x_wconf 92' lang='lat' dir='ltr'>non</span> <span class='ocrx_word' id='word_1_288' title='bbox 823 1878 870 1902; x_wconf 93' lang='lat' dir='ltr'>est</span> <span class='ocrx_word' id='word_1_289' title='bbox 891 1881 973 1907; x_wconf 90' lang='lat' dir='ltr'>vera,</span> <span class='ocrx_word' id='word_1_290' title='bbox 998 1871 1127 1911; x_wconf 88' lang='lat' dir='ltr'>quando</span> <span class='ocrx_word' id='word_1_291' title='bbox 1151 1871 1316 1902; x_wconf 90' lang='lat' dir='ltr'>relativum</span> 
     </span>
     <span class='ocr_line' id='line_1_38' title="bbox 251 1914 1314 1956; baseline 0 -10"><span class='ocrx_word' id='word_1_292' title='bbox 251 1914 444 1956; x_wconf 81' lang='lat' dir='ltr'>significatur</span> <span class='ocrx_word' id='word_1_293' title='bbox 465 1925 521 1955; x_wconf 91' lang='lat' dir='ltr'>per</span> <span class='ocrx_word' id='word_1_294' title='bbox 536 1915 671 1946; x_wconf 88' lang='lat' dir='ltr'>modum</span> <span class='ocrx_word' id='word_1_295' title='bbox 695 1915 840 1952; x_wconf 89' lang='lat' dir='ltr'>absoluti,</span> <span class='ocrx_word' id='word_1_296' title='bbox 856 1922 893 1946; x_wconf 88' lang='lat' dir='ltr'>ut</span> <span class='ocrx_word' id='word_1_297' title='bbox 908 1914 1062 1955; x_wconf 89' lang='lat' dir='ltr'>contingit</span> <span class='ocrx_word' id='word_1_298' title='bbox 1079 1914 1112 1945; x_wconf 91' lang='lat' dir='ltr'>in</span> <span class='ocrx_word' id='word_1_299' title='bbox 1128 1915 1314 1955; x_wconf 89' lang='lat' dir='ltr'>proposito:</span> 
     </span>
     <span class='ocr_line' id='line_1_39' title="bbox 251 1959 765 2000; baseline 0 -10"><span class='ocrx_word' id='word_1_300' title='bbox 251 1965 284 1990; x_wconf 83' lang='lat' dir='ltr'>et</span> <span class='ocrx_word' id='word_1_301' title='bbox 305 1959 422 1990; x_wconf 87' lang='lat' dir='ltr'>idcirco</span> <span class='ocrx_word' id='word_1_302' title='bbox 447 1959 576 2000; x_wconf 83' lang='lat' dir='ltr'>sequela</span> <span class='ocrx_word' id='word_1_303' title='bbox 599 1966 645 1990; x_wconf 91' lang='lat' dir='ltr'>est</span> <span class='ocrx_word' id='word_1_304' title='bbox 668 1959 765 1990; x_wconf 87' lang='lat' dir='ltr'>nulla.</span> 
     </span>
    </p>

    <p class='ocr_par' dir='ltr' id='par_1_8' title="bbox 251 2003 1317 2176">
     <span class='ocr_line' id='line_1_40' title="bbox 309 2003 1317 2043; baseline 0 -9"><span class='ocrx_word' id='word_1_305' title='bbox 309 2003 361 2034; x_wconf 85' lang='lat' dir='ltr'>Ad</span> <span class='ocrx_word' id='word_1_306' title='bbox 380 2003 552 2034; x_wconf 88' lang='lat' dir='ltr'>secundam</span> <span class='ocrx_word' id='word_1_307' title='bbox 574 2013 650 2034; x_wconf 92' lang='lat' dir='ltr'>vero</span> <span class='ocrx_word' id='word_1_308' title='bbox 674 2003 886 2034; x_wconf 87' lang='lat' dir='ltr'>obiectionem</span> <span class='ocrx_word' id='word_1_309' title='bbox 909 2003 1032 2038; x_wconf 89' lang='lat' dir='ltr'>dicitur,</span> <span class='ocrx_word' id='word_1_310' title='bbox 1057 2003 1146 2043; x_wconf 92' lang='lat' dir='ltr'>quod</span> <span class='ocrx_word' id='word_1_311' title='bbox 1165 2003 1252 2034; x_wconf 89' lang='lat' dir='ltr'>aliud</span> <span class='ocrx_word' id='word_1_312' title='bbox 1271 2010 1317 2034; x_wconf 89' lang='lat' dir='ltr'>est</span> 
     </span>
     <span class='ocr_line' id='line_1_41' title="bbox 251 2047 1316 2088; baseline 0.001 -11"><span class='ocrx_word' id='word_1_313' title='bbox 251 2047 342 2088; x_wconf 90' lang='lat' dir='ltr'>loqui</span> <span class='ocrx_word' id='word_1_314' title='bbox 365 2047 403 2078; x_wconf 91' lang='lat' dir='ltr'>de</span> <span class='ocrx_word' id='word_1_315' title='bbox 426 2047 532 2085; x_wconf 82' lang='lat' dir='ltr'>rebus,</span> <span class='ocrx_word' id='word_1_316' title='bbox 558 2053 587 2078; x_wconf 88' lang='lat' dir='ltr'>et</span> <span class='ocrx_word' id='word_1_317' title='bbox 610 2047 696 2078; x_wconf 90' lang='lat' dir='ltr'>aliud</span> <span class='ocrx_word' id='word_1_318' title='bbox 719 2048 758 2078; x_wconf 91' lang='lat' dir='ltr'>de</span> <span class='ocrx_word' id='word_1_319' title='bbox 781 2048 991 2088; x_wconf 83' lang='lat' dir='ltr'>conceptibus.</span> <span class='ocrx_word' id='word_1_320' title='bbox 1016 2047 1170 2084; x_wconf 84' lang='lat' dir='ltr'>Quamvis</span> <span class='ocrx_word' id='word_1_321' title='bbox 1194 2047 1279 2078; x_wconf 91' lang='lat' dir='ltr'>enim</span> <span class='ocrx_word' id='word_1_322' title='bbox 1298 2057 1316 2078; x_wconf 88' lang='lat' dir='ltr'>a</span> 
     </span>
     <span class='ocr_line' id='line_1_42' title="bbox 251 2091 1317 2132; baseline -0.001 -10"><span class='ocrx_word' id='word_1_323' title='bbox 251 2091 345 2122; x_wconf 87' lang='lat' dir='ltr'>rebus</span> <span class='ocrx_word' id='word_1_324' title='bbox 368 2091 427 2122; x_wconf 92' lang='lat' dir='ltr'>sub</span> <span class='ocrx_word' id='word_1_325' title='bbox 452 2091 656 2132; x_wconf 88' lang='lat' dir='ltr'>conceptibus</span> <span class='ocrx_word' id='word_1_326' title='bbox 680 2091 824 2122; x_wconf 87' lang='lat' dir='ltr'>ultimate</span> <span class='ocrx_word' id='word_1_327' title='bbox 848 2091 1042 2127; x_wconf 88' lang='lat' dir='ltr'>distinctivis,</span> <span class='ocrx_word' id='word_1_328' title='bbox 1062 2100 1128 2122; x_wconf 89' lang='lat' dir='ltr'>non</span> <span class='ocrx_word' id='word_1_329' title='bbox 1147 2091 1248 2132; x_wconf 90' lang='lat' dir='ltr'>possit</span> <span class='ocrx_word' id='word_1_330' title='bbox 1264 2091 1317 2121; x_wconf 90' lang='lat' dir='ltr'>ab·</span> 
     </span>
     <span class='ocr_line' id='line_1_43' title="bbox 251 2135 1316 2176; baseline 0 -10"><span class='ocrx_word' id='word_1_331' title='bbox 251 2135 348 2166; x_wconf 80' lang='lat' dir='ltr'>strahi</span> <span class='ocrx_word' id='word_1_332' title='bbox 371 2145 543 2166; x_wconf 90' lang='lat' dir='ltr'>commune</span> <span class='ocrx_word' id='word_1_333' title='bbox 566 2135 685 2176; x_wconf 87' lang='lat' dir='ltr'>aliquid</span> <span class='ocrx_word' id='word_1_334' title='bbox 715 2135 835 2166; x_wconf 85' lang='lat' dir='ltr'>dictum</span> <span class='ocrx_word' id='word_1_335' title='bbox 859 2137 891 2166; x_wconf 89' lang='lat' dir='ltr'>in</span> <span class='ocrx_word' id='word_1_336' title='bbox 915 2136 992 2176; x_wconf 83' lang='lat' dir='ltr'>quid</span> <span class='ocrx_word' id='word_1_337' title='bbox 1015 2136 1054 2165; x_wconf 92' lang='lat' dir='ltr'>de</span> <span class='ocrx_word' id='word_1_338' title='bbox 1074 2135 1135 2166; x_wconf 91' lang='lat' dir='ltr'>illis</span> <span class='ocrx_word' id='word_1_339' title='bbox 1159 2135 1316 2176; x_wconf 90' lang='lat' dir='ltr'>concepti-</span> 
     </span>
    </p>
   </div>
   <div class='ocr_carea' id='block_1_3' title="bbox 2359 258 2432 294">
    <p class='ocr_par' dir='ltr' id='par_1_9' title="bbox 2359 258 2432 294">
     <span class='ocr_line' id='line_1_44' title="bbox 2359 258 2432 294; baseline 0 0"><span class='ocrx_word' id='word_1_340' title='bbox 2359 258 2432 294; x_wconf 88' lang='lat'>335</span> 
     </span>
    </p>
   </div>
   <div class='ocr_carea' id='block_1_4' title="bbox 1365 334 2435 1868">
    <p class='ocr_par' dir='ltr' id='par_1_10' title="bbox 1372 334 2435 770">
     <span class='ocr_line' id='line_1_45' title="bbox 1372 334 2432 376; baseline 0.004 -13"><span class='ocrx_word' id='word_1_341' title='bbox 1372 334 1441 370; x_wconf 92' lang='lat' dir='ltr'>bus,</span> <span class='ocrx_word' id='word_1_342' title='bbox 1466 342 1587 374; x_wconf 83' lang='lat' dir='ltr'>praeter</span> <span class='ocrx_word' id='word_1_343' title='bbox 1609 334 1876 370; x_wconf 85' lang='lat' dir='ltr'>transcendentia;</span> <span class='ocrx_word' id='word_1_344' title='bbox 1902 345 1920 364; x_wconf 92' lang='lat' dir='ltr'>a</span> <span class='ocrx_word' id='word_1_345' title='bbox 1943 336 2035 366; x_wconf 89' lang='lat' dir='ltr'>rebus</span> <span class='ocrx_word' id='word_1_346' title='bbox 2059 344 2164 367; x_wconf 84' lang='lat' dir='ltr'>tamen</span> <span class='ocrx_word' id='word_1_347' title='bbox 2184 336 2260 376; x_wconf 92' lang='lat' dir='ltr'>ipsis</span> <span class='ocrx_word' id='word_1_348' title='bbox 2280 337 2432 373; x_wconf 88' lang='lat' dir='ltr'>absolute,</span> 
     </span>
     <span class='ocr_line' id='line_1_46' title="bbox 1372 378 2435 420; baseline 0.004 -13"><span class='ocrx_word' id='word_1_349' title='bbox 1372 385 1669 419; x_wconf 86' lang='lat' dir='ltr'>quantumcumque</span> <span class='ocrx_word' id='word_1_350' title='bbox 1692 378 1901 418; x_wconf 87' lang='lat' dir='ltr'>simplicibus,</span> <span class='ocrx_word' id='word_1_351' title='bbox 1928 386 2031 419; x_wconf 89' lang='lat' dir='ltr'>potest</span> <span class='ocrx_word' id='word_1_352' title='bbox 2062 380 2196 411; x_wconf 82' lang='lat' dir='ltr'>abstrahi</span> <span class='ocrx_word' id='word_1_353' title='bbox 2220 380 2435 420; x_wconf 85' lang='lat' dir='ltr'>praedicatum</span> 
     </span>
     <span class='ocr_line' id='line_1_47' title="bbox 1372 421 2435 464; baseline 0.004 -13"><span class='ocrx_word' id='word_1_354' title='bbox 1372 421 1502 462; x_wconf 90' lang='lat' dir='ltr'>aliquod</span> <span class='ocrx_word' id='word_1_355' title='bbox 1526 432 1699 452; x_wconf 90' lang='lat' dir='ltr'>commune</span> <span class='ocrx_word' id='word_1_356' title='bbox 1722 422 1896 452; x_wconf 90' lang='lat' dir='ltr'>univocum</span> <span class='ocrx_word' id='word_1_357' title='bbox 1920 423 2009 463; x_wconf 84' lang='lat' dir='ltr'>quasi</span> <span class='ocrx_word' id='word_1_358' title='bbox 2033 424 2153 463; x_wconf 90' lang='lat' dir='ltr'>generis</span> <span class='ocrx_word' id='word_1_359' title='bbox 2177 424 2226 454; x_wconf 87' lang='lat' dir='ltr'>vel</span> <span class='ocrx_word' id='word_1_360' title='bbox 2250 424 2379 464; x_wconf 90' lang='lat' dir='ltr'>speciei,</span> <span class='ocrx_word' id='word_1_361' title='bbox 2405 432 2435 456; x_wconf 91' lang='lat' dir='ltr'>et</span> 
     </span>
     <span class='ocr_line' id='line_1_48' title="bbox 1372 466 2435 509; baseline 0.004 -14"><span class='ocrx_word' id='word_1_362' title='bbox 1372 475 1438 495; x_wconf 90' lang='lat' dir='ltr'>non</span> <span class='ocrx_word' id='word_1_363' title='bbox 1463 466 1568 496; x_wconf 88' lang='lat' dir='ltr'>solum</span> <span class='ocrx_word' id='word_1_364' title='bbox 1592 466 1682 507; x_wconf 87' lang='lat' dir='ltr'>quasi</span> <span class='ocrx_word' id='word_1_365' title='bbox 1705 466 1881 506; x_wconf 89' lang='lat' dir='ltr'>proprium.</span> <span class='ocrx_word' id='word_1_366' title='bbox 1906 467 2015 503; x_wconf 90' lang='lat' dir='ltr'>Modo,</span> <span class='ocrx_word' id='word_1_367' title='bbox 2041 468 2127 498; x_wconf 88' lang='lat' dir='ltr'>nulla</span> <span class='ocrx_word' id='word_1_368' title='bbox 2142 478 2236 499; x_wconf 89' lang='lat' dir='ltr'>causa</span> <span class='ocrx_word' id='word_1_369' title='bbox 2252 475 2298 498; x_wconf 89' lang='lat' dir='ltr'>est</span> <span class='ocrx_word' id='word_1_370' title='bbox 2313 469 2344 498; x_wconf 93' lang='lat' dir='ltr'>in</span> <span class='ocrx_word' id='word_1_371' title='bbox 2361 478 2435 509; x_wconf 91' lang='lat' dir='ltr'>pro-</span> 
     </span>
     <span class='ocr_line' id='line_1_49' title="bbox 1372 509 2435 552; baseline 0.003 -12"><span class='ocrx_word' id='word_1_372' title='bbox 1372 509 1478 549; x_wconf 92' lang='lat' dir='ltr'>posito</span> <span class='ocrx_word' id='word_1_373' title='bbox 1494 510 1592 550; x_wconf 92' lang='lat' dir='ltr'>quod,</span> <span class='ocrx_word' id='word_1_374' title='bbox 1610 510 1635 540; x_wconf 89' lang='lat' dir='ltr'>si</span> <span class='ocrx_word' id='word_1_375' title='bbox 1645 520 1786 550; x_wconf 79' lang='lat' dir='ltr'>persona</span> <span class='ocrx_word' id='word_1_376' title='bbox 1810 510 1917 541; x_wconf 84' lang='lat' dir='ltr'>divina</span> <span class='ocrx_word' id='word_1_377' title='bbox 1940 511 2093 550; x_wconf 88' lang='lat' dir='ltr'>significat</span> <span class='ocrx_word' id='word_1_378' title='bbox 2116 512 2246 552; x_wconf 87' lang='lat' dir='ltr'>aliquod</span> <span class='ocrx_word' id='word_1_379' title='bbox 2263 522 2435 543; x_wconf 85' lang='lat' dir='ltr'>commune</span> 
     </span>
     <span class='ocr_line' id='line_1_50' title="bbox 1372 553 2435 596; baseline 0.004 -13"><span class='ocrx_word' id='word_1_380' title='bbox 1372 553 1587 593; x_wconf 87' lang='lat' dir='ltr'>praedicatum</span> <span class='ocrx_word' id='word_1_381' title='bbox 1603 555 1635 584; x_wconf 87' lang='lat' dir='ltr'>in</span> <span class='ocrx_word' id='word_1_382' title='bbox 1651 554 1728 595; x_wconf 82' lang='lat' dir='ltr'>quid</span> <span class='ocrx_word' id='word_1_383' title='bbox 1750 554 1789 584; x_wconf 90' lang='lat' dir='ltr'>de</span> <span class='ocrx_word' id='word_1_384' title='bbox 1810 554 1922 584; x_wconf 90' lang='lat' dir='ltr'>divinis</span> <span class='ocrx_word' id='word_1_385' title='bbox 1937 556 2088 594; x_wconf 90' lang='lat' dir='ltr'>personis,</span> <span class='ocrx_word' id='word_1_386' title='bbox 2105 557 2194 596; x_wconf 92' lang='lat' dir='ltr'>quod</span> <span class='ocrx_word' id='word_1_387' title='bbox 2210 556 2289 586; x_wconf 92' lang='lat' dir='ltr'>illud</span> <span class='ocrx_word' id='word_1_388' title='bbox 2308 563 2435 596; x_wconf 85' lang='lat' dir='ltr'>oportet</span> 
     </span>
     <span class='ocr_line' id='line_1_51' title="bbox 1372 598 2434 640; baseline 0.004 -13"><span class='ocrx_word' id='word_1_389' title='bbox 1372 607 1438 627; x_wconf 90' lang='lat' dir='ltr'>esse</span> <span class='ocrx_word' id='word_1_390' title='bbox 1455 607 1628 628; x_wconf 88' lang='lat' dir='ltr'>commune</span> <span class='ocrx_word' id='word_1_391' title='bbox 1644 598 1852 629; x_wconf 88' lang='lat' dir='ltr'>constitutivis</span> <span class='ocrx_word' id='word_1_392' title='bbox 1867 608 2074 638; x_wconf 88' lang='lat' dir='ltr'>personarum</span> <span class='ocrx_word' id='word_1_393' title='bbox 2089 600 2195 640; x_wconf 88' lang='lat' dir='ltr'>quoad</span> <span class='ocrx_word' id='word_1_394' title='bbox 2212 600 2342 630; x_wconf 84' lang='lat' dir='ltr'>ultimos</span> <span class='ocrx_word' id='word_1_395' title='bbox 2358 610 2434 631; x_wconf 91' lang='lat' dir='ltr'>suos</span> 
     </span>
     <span class='ocr_line' id='line_1_52' title="bbox 1373 642 2433 683; baseline 0.004 -12"><span class='ocrx_word' id='word_1_396' title='bbox 1373 649 1554 681; x_wconf 88' lang='lat' dir='ltr'>conceptus,</span> <span class='ocrx_word' id='word_1_397' title='bbox 1579 642 1730 673; x_wconf 87' lang='lat' dir='ltr'>abstracte</span> <span class='ocrx_word' id='word_1_398' title='bbox 1754 649 1784 672; x_wconf 89' lang='lat' dir='ltr'>et</span> <span class='ocrx_word' id='word_1_399' title='bbox 1807 642 1945 682; x_wconf 88' lang='lat' dir='ltr'>praecise</span> <span class='ocrx_word' id='word_1_400' title='bbox 1969 643 2112 683; x_wconf 89' lang='lat' dir='ltr'>sumptis.</span> <span class='ocrx_word' id='word_1_401' title='bbox 2138 644 2229 674; x_wconf 88' lang='lat' dir='ltr'>Hanc</span> <span class='ocrx_word' id='word_1_402' title='bbox 2253 644 2337 674; x_wconf 90' lang='lat' dir='ltr'>enim</span> <span class='ocrx_word' id='word_1_403' title='bbox 2357 655 2433 675; x_wconf 92' lang='lat' dir='ltr'>con-</span> 
     </span>
     <span class='ocr_line' id='line_1_53' title="bbox 1372 685 2435 728; baseline 0.004 -13"><span class='ocrx_word' id='word_1_404' title='bbox 1372 685 1557 716; x_wconf 88' lang='lat' dir='ltr'>ditionalem</span> <span class='ocrx_word' id='word_1_405' title='bbox 1585 686 1738 726; x_wconf 91' lang='lat' dir='ltr'>supponit</span> <span class='ocrx_word' id='word_1_406' title='bbox 1764 686 1844 716; x_wconf 91' lang='lat' dir='ltr'>illud</span> <span class='ocrx_word' id='word_1_407' title='bbox 1871 686 2050 717; x_wconf 89' lang='lat' dir='ltr'>motivum:</span> <span class='ocrx_word' id='word_1_408' title='bbox 2083 697 2180 727; x_wconf 90' lang='lat' dir='ltr'>quam</span> <span class='ocrx_word' id='word_1_409' title='bbox 2210 698 2275 718; x_wconf 94' lang='lat' dir='ltr'>non</span> <span class='ocrx_word' id='word_1_410' title='bbox 2308 695 2435 728; x_wconf 86' lang='lat' dir='ltr'>oportet</span> 
     </span>
     <span class='ocr_line' id='line_1_54' title="bbox 1373 729 2054 770; baseline 0.003 -11"><span class='ocrx_word' id='word_1_411' title='bbox 1373 739 1438 759; x_wconf 89' lang='lat' dir='ltr'>esse</span> <span class='ocrx_word' id='word_1_412' title='bbox 1462 739 1582 766; x_wconf 87' lang='lat' dir='ltr'>veram,</span> <span class='ocrx_word' id='word_1_413' title='bbox 1608 740 1665 760; x_wconf 92' lang='lat' dir='ltr'>nec</span> <span class='ocrx_word' id='word_1_414' title='bbox 1689 731 1726 760; x_wconf 90' lang='lat' dir='ltr'>ab</span> <span class='ocrx_word' id='word_1_415' title='bbox 1750 729 1821 770; x_wconf 91' lang='lat' dir='ltr'>ipso</span> <span class='ocrx_word' id='word_1_416' title='bbox 1846 736 1892 760; x_wconf 91' lang='lat' dir='ltr'>est</span> <span class='ocrx_word' id='word_1_417' title='bbox 1914 731 2054 770; x_wconf 83' lang='lat' dir='ltr'>probata.</span> 
     </span>
    </p>

    <p class='ocr_par' dir='ltr' id='par_1_11' title="bbox 1365 773 2434 1296">
     <span class='ocr_line' id='line_1_55' title="bbox 1430 773 2433 815; baseline 0.003 -12"><span class='ocrx_word' id='word_1_418' title='bbox 1430 774 1480 803; x_wconf 88' lang='lat' dir='ltr'>Ad</span> <span class='ocrx_word' id='word_1_419' title='bbox 1497 773 1619 804; x_wconf 87' lang='lat' dir='ltr'>tertiam</span> <span class='ocrx_word' id='word_1_420' title='bbox 1636 780 1742 804; x_wconf 89' lang='lat' dir='ltr'>autem</span> <span class='ocrx_word' id='word_1_421' title='bbox 1766 773 1987 810; x_wconf 75' lang='lat' dir='ltr'>obiectionem,</span> <span class='ocrx_word' id='word_1_422' title='bbox 2007 782 2138 814; x_wconf 89' lang='lat' dir='ltr'>negatur</span> <span class='ocrx_word' id='word_1_423' title='bbox 2160 775 2248 815; x_wconf 91' lang='lat' dir='ltr'>quod</span> <span class='ocrx_word' id='word_1_424' title='bbox 2265 776 2343 806; x_wconf 89' lang='lat' dir='ltr'>ratio</span> <span class='ocrx_word' id='word_1_425' title='bbox 2360 777 2433 806; x_wconf 93' lang='lat' dir='ltr'>sub-</span> 
     </span>
     <span class='ocr_line' id='line_1_56' title="bbox 1373 815 2434 860; baseline 0.003 -13"><span class='ocrx_word' id='word_1_426' title='bbox 1373 817 1506 848; x_wconf 92' lang='lat' dir='ltr'>sistentis</span> <span class='ocrx_word' id='word_1_427' title='bbox 1530 815 1727 859; x_wconf 90' lang='lat' dir='ltr'>(accipiendo</span> <span class='ocrx_word' id='word_1_428' title='bbox 1750 818 1923 848; x_wconf 87' lang='lat' dir='ltr'>subsistens</span> <span class='ocrx_word' id='word_1_429' title='bbox 1946 828 2001 858; x_wconf 90' lang='lat' dir='ltr'>per</span> <span class='ocrx_word' id='word_1_430' title='bbox 2023 819 2159 849; x_wconf 89' lang='lat' dir='ltr'>modum</span> <span class='ocrx_word' id='word_1_431' title='bbox 2182 819 2374 860; x_wconf 86' lang='lat' dir='ltr'>hypostasis,</span> <span class='ocrx_word' id='word_1_432' title='bbox 2398 827 2434 850; x_wconf 94' lang='lat' dir='ltr'>ut</span> 
     </span>
     <span class='ocr_line' id='line_1_57' title="bbox 1371 861 2433 902; baseline 0.003 -11"><span class='ocrx_word' id='word_1_433' title='bbox 1371 868 1437 892; x_wconf 90' lang='lat' dir='ltr'>tam</span> <span class='ocrx_word' id='word_1_434' title='bbox 1460 861 1492 891; x_wconf 91' lang='lat' dir='ltr'>in</span> <span class='ocrx_word' id='word_1_435' title='bbox 1517 861 1699 892; x_wconf 88' lang='lat' dir='ltr'>definitione</span> <span class='ocrx_word' id='word_1_436' title='bbox 1720 861 1823 892; x_wconf 92' lang='lat' dir='ltr'>Boetii</span> <span class='ocrx_word' id='word_1_437' title='bbox 1853 872 1950 902; x_wconf 86' lang='lat' dir='ltr'>quam</span> <span class='ocrx_word' id='word_1_438' title='bbox 1974 862 2007 892; x_wconf 95' lang='lat' dir='ltr'>in</span> <span class='ocrx_word' id='word_1_439' title='bbox 2031 861 2212 893; x_wconf 88' lang='lat' dir='ltr'>definitione</span> <span class='ocrx_word' id='word_1_440' title='bbox 2236 863 2360 894; x_wconf 88' lang='lat' dir='ltr'>Ricardi</span> <span class='ocrx_word' id='word_1_441' title='bbox 2384 874 2433 894; x_wconf 86' lang='lat' dir='ltr'>ex-</span> 
     </span>
     <span class='ocr_line' id='line_1_58' title="bbox 1372 904 2434 948; baseline 0.003 -13"><span class='ocrx_word' id='word_1_442' title='bbox 1372 904 1546 948; x_wconf 85' lang='lat' dir='ltr'>primitur),</span> <span class='ocrx_word' id='word_1_443' title='bbox 1571 905 1759 946; x_wconf 89' lang='lat' dir='ltr'>applicando</span> <span class='ocrx_word' id='word_1_444' title='bbox 1783 906 1823 935; x_wconf 90' lang='lat' dir='ltr'>ad</span> <span class='ocrx_word' id='word_1_445' title='bbox 1846 906 1967 942; x_wconf 89' lang='lat' dir='ltr'>divina,</span> <span class='ocrx_word' id='word_1_446' title='bbox 1993 906 2148 937; x_wconf 87' lang='lat' dir='ltr'>abstrahat</span> <span class='ocrx_word' id='word_1_447' title='bbox 2171 907 2209 936; x_wconf 87' lang='lat' dir='ltr'>ab</span> <span class='ocrx_word' id='word_1_448' title='bbox 2233 907 2379 938; x_wconf 90' lang='lat' dir='ltr'>absoluto</span> <span class='ocrx_word' id='word_1_449' title='bbox 2404 914 2434 938; x_wconf 92' lang='lat' dir='ltr'>et</span> 
     </span>
     <span class='ocr_line' id='line_1_59' title="bbox 1369 949 2433 991; baseline 0.002 -12"><span class='ocrx_word' id='word_1_450' title='bbox 1369 949 1556 990; x_wconf 79' lang='lat' dir='ltr'>respective.</span> <span class='ocrx_word' id='word_1_451' title='bbox 1582 950 1651 980; x_wconf 91' lang='lat' dir='ltr'>Imo</span> <span class='ocrx_word' id='word_1_452' title='bbox 1676 956 1721 980; x_wconf 92' lang='lat' dir='ltr'>est</span> <span class='ocrx_word' id='word_1_453' title='bbox 1744 950 1930 989; x_wconf 80' lang='lat' dir='ltr'>respectiva;</span> <span class='ocrx_word' id='word_1_454' title='bbox 1955 950 2100 990; x_wconf 87' lang='lat' dir='ltr'>quamvis</span> <span class='ocrx_word' id='word_1_455' title='bbox 2124 950 2223 991; x_wconf 89' lang='lat' dir='ltr'>possit</span> <span class='ocrx_word' id='word_1_456' title='bbox 2239 961 2256 980; x_wconf 91' lang='lat' dir='ltr'>a</span> <span class='ocrx_word' id='word_1_457' title='bbox 2271 951 2362 981; x_wconf 90' lang='lat' dir='ltr'>nobis</span> <span class='ocrx_word' id='word_1_458' title='bbox 2379 952 2433 981; x_wconf 88' lang='lat' dir='ltr'>ab·</span> 
     </span>
     <span class='ocr_line' id='line_1_60' title="bbox 1372 993 2434 1034; baseline 0.002 -11"><span class='ocrx_word' id='word_1_459' title='bbox 1372 993 1475 1024; x_wconf 93' lang='lat' dir='ltr'>solute</span> <span class='ocrx_word' id='word_1_460' title='bbox 1506 993 1648 1034; x_wconf 89' lang='lat' dir='ltr'>concipi,</span> <span class='ocrx_word' id='word_1_461' title='bbox 1673 1000 1709 1024; x_wconf 91' lang='lat' dir='ltr'>ut</span> <span class='ocrx_word' id='word_1_462' title='bbox 1732 993 1770 1023; x_wconf 91' lang='lat' dir='ltr'>de</span> <span class='ocrx_word' id='word_1_463' title='bbox 1794 993 1876 1024; x_wconf 90' lang='lat' dir='ltr'>facto</span> <span class='ocrx_word' id='word_1_464' title='bbox 1900 993 2091 1034; x_wconf 87' lang='lat' dir='ltr'>significatur</span> <span class='ocrx_word' id='word_1_465' title='bbox 2114 1004 2276 1034; x_wconf 81' lang='lat' dir='ltr'>personae</span> <span class='ocrx_word' id='word_1_466' title='bbox 2306 995 2434 1026; x_wconf 76' lang='lat' dir='ltr'>divinae</span> 
     </span>
     <span class='ocr_line' id='line_1_61' title="bbox 1371 1037 2433 1078; baseline 0.002 -11"><span class='ocrx_word' id='word_1_467' title='bbox 1371 1037 1511 1068; x_wconf 90' lang='lat' dir='ltr'>nomine.</span> <span class='ocrx_word' id='word_1_468' title='bbox 1543 1038 1584 1068; x_wconf 92' lang='lat' dir='ltr'>Et</span> <span class='ocrx_word' id='word_1_469' title='bbox 1611 1037 1766 1078; x_wconf 89' lang='lat' dir='ltr'>quoniam</span> <span class='ocrx_word' id='word_1_470' title='bbox 1790 1037 1867 1068; x_wconf 89' lang='lat' dir='ltr'>nihil</span> <span class='ocrx_word' id='word_1_471' title='bbox 1890 1038 1975 1068; x_wconf 89' lang='lat' dir='ltr'>aliud</span> <span class='ocrx_word' id='word_1_472' title='bbox 1999 1045 2045 1068; x_wconf 90' lang='lat' dir='ltr'>est</span> <span class='ocrx_word' id='word_1_473' title='bbox 2073 1038 2174 1078; x_wconf 80' lang='lat' dir='ltr'>prima</span> <span class='ocrx_word' id='word_1_474' title='bbox 2203 1039 2378 1069; x_wconf 86' lang='lat' dir='ltr'>substantia</span> <span class='ocrx_word' id='word_1_475' title='bbox 2400 1039 2433 1069; x_wconf 93' lang='lat' dir='ltr'>in</span> 
     </span>
     <span class='ocr_line' id='line_1_62' title="bbox 1371 1081 2432 1122; baseline 0.002 -11"><span class='ocrx_word' id='word_1_476' title='bbox 1371 1081 1483 1111; x_wconf 91' lang='lat' dir='ltr'>divinis</span> <span class='ocrx_word' id='word_1_477' title='bbox 1500 1091 1598 1122; x_wconf 88' lang='lat' dir='ltr'>quam</span> <span class='ocrx_word' id='word_1_478' title='bbox 1613 1081 1797 1112; x_wconf 91' lang='lat' dir='ltr'>huiusmodi</span> <span class='ocrx_word' id='word_1_479' title='bbox 1817 1091 1864 1112; x_wconf 92' lang='lat' dir='ltr'>res</span> <span class='ocrx_word' id='word_1_480' title='bbox 1883 1082 2054 1121; x_wconf 89' lang='lat' dir='ltr'>respectiva</span> <span class='ocrx_word' id='word_1_481' title='bbox 2070 1082 2250 1119; x_wconf 84' lang='lat' dir='ltr'>subsistens,</span> <span class='ocrx_word' id='word_1_482' title='bbox 2268 1090 2336 1119; x_wconf 90' lang='lat' dir='ltr'>etc.,</span> <span class='ocrx_word' id='word_1_483' title='bbox 2360 1083 2432 1113; x_wconf 92' lang='lat' dir='ltr'>ideo</span> 
     </span>
     <span class='ocr_line' id='line_1_63' title="bbox 1365 1124 2431 1166; baseline 0.002 -11"><span class='ocrx_word' id='word_1_484' title='bbox 1365 1135 1508 1165; x_wconf 86' lang='lat' dir='ltr'>persona</span> <span class='ocrx_word' id='word_1_485' title='bbox 1530 1125 1659 1162; x_wconf 86' lang='lat' dir='ltr'>divina,</span> <span class='ocrx_word' id='word_1_486' title='bbox 1684 1124 1890 1165; x_wconf 88' lang='lat' dir='ltr'>significando</span> <span class='ocrx_word' id='word_1_487' title='bbox 1914 1136 1980 1156; x_wconf 91' lang='lat' dir='ltr'>rem</span> <span class='ocrx_word' id='word_1_488' title='bbox 2004 1126 2209 1166; x_wconf 85' lang='lat' dir='ltr'>respectivam</span> <span class='ocrx_word' id='word_1_489' title='bbox 2237 1127 2431 1162; x_wconf 91' lang='lat' dir='ltr'>huiusmodi,</span> 
     </span>
     <span class='ocr_line' id='line_1_64' title="bbox 1371 1168 2432 1211; baseline 0.002 -12"><span class='ocrx_word' id='word_1_490' title='bbox 1371 1168 1524 1208; x_wconf 87' lang='lat' dir='ltr'>significat</span> <span class='ocrx_word' id='word_1_491' title='bbox 1546 1169 1753 1200; x_wconf 85' lang='lat' dir='ltr'>substantiam</span> <span class='ocrx_word' id='word_1_492' title='bbox 1781 1170 1916 1210; x_wconf 88' lang='lat' dir='ltr'>primam</span> <span class='ocrx_word' id='word_1_493' title='bbox 1940 1170 2062 1200; x_wconf 87' lang='lat' dir='ltr'>divinae</span> <span class='ocrx_word' id='word_1_494' title='bbox 2093 1177 2237 1206; x_wconf 86' lang='lat' dir='ltr'>naturae;</span> <span class='ocrx_word' id='word_1_495' title='bbox 2263 1178 2293 1201; x_wconf 93' lang='lat' dir='ltr'>et</span> <span class='ocrx_word' id='word_1_496' title='bbox 2316 1170 2432 1211; x_wconf 84' lang='lat' dir='ltr'>signifi-</span> 
     </span>
     <span class='ocr_line' id='line_1_65' title="bbox 1372 1213 2432 1255; baseline 0.003 -13"><span class='ocrx_word' id='word_1_497' title='bbox 1372 1213 1472 1243; x_wconf 89' lang='lat' dir='ltr'>cando</span> <span class='ocrx_word' id='word_1_498' title='bbox 1497 1213 1703 1243; x_wconf 84' lang='lat' dir='ltr'>substantiam</span> <span class='ocrx_word' id='word_1_499' title='bbox 1728 1213 1862 1253; x_wconf 85' lang='lat' dir='ltr'>primam</span> <span class='ocrx_word' id='word_1_500' title='bbox 1886 1214 2009 1244; x_wconf 86' lang='lat' dir='ltr'>divinae</span> <span class='ocrx_word' id='word_1_501' title='bbox 2031 1221 2169 1250; x_wconf 87' lang='lat' dir='ltr'>naturae,</span> <span class='ocrx_word' id='word_1_502' title='bbox 2187 1214 2338 1255; x_wconf 86' lang='lat' dir='ltr'>significat</span> <span class='ocrx_word' id='word_1_503' title='bbox 2357 1215 2432 1245; x_wconf 90' lang='lat' dir='ltr'>rela-</span> 
     </span>
     <span class='ocr_line' id='line_1_66' title="bbox 1372 1256 1982 1296; baseline 0.003 -10"><span class='ocrx_word' id='word_1_504' title='bbox 1372 1256 1493 1286; x_wconf 91' lang='lat' dir='ltr'>tionem</span> <span class='ocrx_word' id='word_1_505' title='bbox 1516 1257 1645 1296; x_wconf 86' lang='lat' dir='ltr'>originis</span> <span class='ocrx_word' id='word_1_506' title='bbox 1669 1257 1900 1293; x_wconf 88' lang='lat' dir='ltr'>subsistentem,</span> <span class='ocrx_word' id='word_1_507' title='bbox 1925 1264 1982 1291; x_wconf 86' lang='lat' dir='ltr'>etc.</span> 
     </span>
    </p>

    <p class='ocr_par' dir='ltr' id='par_1_12' title="bbox 1371 1301 2433 1605">
     <span class='ocr_line' id='line_1_67' title="bbox 1424 1301 2429 1341; baseline 0.003 -11"><span class='ocrx_word' id='word_1_508' title='bbox 1424 1301 1463 1330; x_wconf 89' lang='lat' dir='ltr'>X.</span> <span class='ocrx_word' id='word_1_509' title='bbox 1481 1301 1599 1337; x_wconf 86' lang='lat' dir='ltr'>Quoad</span> <span class='ocrx_word' id='word_1_510' title='bbox 1614 1306 1764 1340; x_wconf 84' lang='lat' dir='ltr'>quartum</span> <span class='ocrx_word' id='word_1_511' title='bbox 1779 1301 1805 1337; x_wconf 92' lang='lat'>*,</span> <span class='ocrx_word' id='word_1_512' title='bbox 1826 1301 1905 1331; x_wconf 88' lang='lat' dir='ltr'>redit</span> <span class='ocrx_word' id='word_1_513' title='bbox 1920 1302 1959 1331; x_wconf 91' lang='lat' dir='ltr'>ad</span> <span class='ocrx_word' id='word_1_514' title='bbox 1976 1301 2143 1341; x_wconf 90' lang='lat' dir='ltr'>opiniones</span> <span class='ocrx_word' id='word_1_515' title='bbox 2159 1302 2374 1341; x_wconf 89' lang='lat' dir='ltr'>praerecitatas</span> <span class='ocrx_word' id='word_1_516' title='bbox 2386 1302 2429 1333; x_wconf 90' lang='lat'>**.</span> 
     </span>
     <span class='ocr_line' id='line_1_68' title="bbox 1372 1344 2433 1384; baseline 0.002 -10"><span class='ocrx_word' id='word_1_517' title='bbox 1372 1344 1413 1374; x_wconf 91' lang='lat' dir='ltr'>Et</span> <span class='ocrx_word' id='word_1_518' title='bbox 1435 1344 1539 1384; x_wconf 92' lang='lat' dir='ltr'>primo</span> <span class='ocrx_word' id='word_1_519' title='bbox 1563 1345 1603 1374; x_wconf 89' lang='lat' dir='ltr'>ad</span> <span class='ocrx_word' id='word_1_520' title='bbox 1626 1344 1768 1381; x_wconf 89' lang='lat' dir='ltr'>tertiam,</span> <span class='ocrx_word' id='word_1_521' title='bbox 1800 1345 1839 1375; x_wconf 96' lang='lat' dir='ltr'>de</span> <span class='ocrx_word' id='word_1_522' title='bbox 1862 1345 2013 1375; x_wconf 89' lang='lat' dir='ltr'>relatione</span> <span class='ocrx_word' id='word_1_523' title='bbox 2043 1345 2075 1375; x_wconf 94' lang='lat' dir='ltr'>in</span> <span class='ocrx_word' id='word_1_524' title='bbox 2106 1353 2190 1376; x_wconf 89' lang='lat' dir='ltr'>recto</span> <span class='ocrx_word' id='word_1_525' title='bbox 2215 1352 2245 1376; x_wconf 91' lang='lat' dir='ltr'>et</span> <span class='ocrx_word' id='word_1_526' title='bbox 2268 1352 2378 1376; x_wconf 86' lang='lat' dir='ltr'>natura</span> <span class='ocrx_word' id='word_1_527' title='bbox 2400 1347 2433 1376; x_wconf 93' lang='lat' dir='ltr'>in</span> 
     </span>
     <span class='ocr_line' id='line_1_69' title="bbox 1372 1387 2431 1428; baseline 0.002 -10"><span class='ocrx_word' id='word_1_528' title='bbox 1372 1387 1516 1428; x_wconf 86' lang='lat' dir='ltr'>obliquo.</span> <span class='ocrx_word' id='word_1_529' title='bbox 1541 1387 1687 1428; x_wconf 92' lang='lat' dir='ltr'>Dicitque</span> <span class='ocrx_word' id='word_1_530' title='bbox 1705 1388 1767 1418; x_wconf 90' lang='lat' dir='ltr'>hoc</span> <span class='ocrx_word' id='word_1_531' title='bbox 1782 1387 1933 1418; x_wconf 88' lang='lat' dir='ltr'>verificari</span> <span class='ocrx_word' id='word_1_532' title='bbox 1949 1389 1988 1419; x_wconf 94' lang='lat' dir='ltr'>de</span> <span class='ocrx_word' id='word_1_533' title='bbox 2004 1389 2164 1426; x_wconf 84' lang='lat' dir='ltr'>relatione,</span> <span class='ocrx_word' id='word_1_534' title='bbox 2181 1399 2246 1419; x_wconf 93' lang='lat' dir='ltr'>non</span> <span class='ocrx_word' id='word_1_535' title='bbox 2262 1396 2298 1420; x_wconf 92' lang='lat' dir='ltr'>ut</span> <span class='ocrx_word' id='word_1_536' title='bbox 2312 1390 2431 1426; x_wconf 86' lang='lat' dir='ltr'>relatio,</span> 
     </span>
     <span class='ocr_line' id='line_1_70' title="bbox 1372 1431 2433 1473; baseline 0.002 -11"><span class='ocrx_word' id='word_1_537' title='bbox 1372 1432 1427 1462; x_wconf 91' lang='lat' dir='ltr'>sed</span> <span class='ocrx_word' id='word_1_538' title='bbox 1449 1439 1486 1462; x_wconf 93' lang='lat' dir='ltr'>ut</span> <span class='ocrx_word' id='word_1_539' title='bbox 1503 1431 1685 1463; x_wconf 86' lang='lat' dir='ltr'>subsistens.</span> <span class='ocrx_word' id='word_1_540' title='bbox 1709 1432 1831 1463; x_wconf 86' lang='lat' dir='ltr'>Relatio</span> <span class='ocrx_word' id='word_1_541' title='bbox 1851 1432 1936 1462; x_wconf 91' lang='lat' dir='ltr'>enim</span> <span class='ocrx_word' id='word_1_542' title='bbox 1951 1433 2117 1473; x_wconf 84' lang='lat' dir='ltr'>dupliciter</span> <span class='ocrx_word' id='word_1_543' title='bbox 2132 1433 2216 1463; x_wconf 90' lang='lat' dir='ltr'>sumi</span> <span class='ocrx_word' id='word_1_544' title='bbox 2232 1440 2351 1473; x_wconf 90' lang='lat' dir='ltr'>potest:</span> <span class='ocrx_word' id='word_1_545' title='bbox 2376 1434 2433 1464; x_wconf 86' lang='lat' dir='ltr'>sci-</span> 
     </span>
     <span class='ocr_line' id='line_1_71' title="bbox 1371 1475 2432 1518; baseline 0.002 -12"><span class='ocrx_word' id='word_1_546' title='bbox 1371 1475 1443 1506; x_wconf 91' lang='lat' dir='ltr'>licet</span> <span class='ocrx_word' id='word_1_547' title='bbox 1466 1483 1502 1507; x_wconf 94' lang='lat' dir='ltr'>ut</span> <span class='ocrx_word' id='word_1_548' title='bbox 1524 1475 1644 1512; x_wconf 88' lang='lat' dir='ltr'>relatio,</span> <span class='ocrx_word' id='word_1_549' title='bbox 1668 1483 1746 1516; x_wconf 91' lang='lat' dir='ltr'>puta</span> <span class='ocrx_word' id='word_1_550' title='bbox 1769 1476 1951 1516; x_wconf 88' lang='lat' dir='ltr'>paternitas,</span> <span class='ocrx_word' id='word_1_551' title='bbox 1977 1486 2032 1507; x_wconf 88' lang='lat' dir='ltr'>seu</span> <span class='ocrx_word' id='word_1_552' title='bbox 2056 1487 2119 1518; x_wconf 89' lang='lat' dir='ltr'>qua</span> <span class='ocrx_word' id='word_1_553' title='bbox 2142 1477 2260 1518; x_wconf 89' lang='lat' dir='ltr'>aliquid</span> <span class='ocrx_word' id='word_1_554' title='bbox 2284 1478 2324 1507; x_wconf 89' lang='lat' dir='ltr'>ad</span> <span class='ocrx_word' id='word_1_555' title='bbox 2347 1477 2432 1508; x_wconf 88' lang='lat' dir='ltr'>aliud</span> 
     </span>
     <span class='ocr_line' id='line_1_72' title="bbox 1372 1519 2433 1561; baseline 0.002 -11"><span class='ocrx_word' id='word_1_556' title='bbox 1372 1519 1520 1556; x_wconf 61' lang='lat' dir='ltr'>refertum</span> <span class='ocrx_word' id='word_1_557' title='bbox 1545 1526 1576 1550; x_wconf 91' lang='lat' dir='ltr'>et</span> <span class='ocrx_word' id='word_1_558' title='bbox 1598 1526 1634 1551; x_wconf 93' lang='lat' dir='ltr'>ut</span> <span class='ocrx_word' id='word_1_559' title='bbox 1652 1520 1839 1560; x_wconf 88' lang='lat' dir='ltr'>hypostasis,</span> <span class='ocrx_word' id='word_1_560' title='bbox 1857 1530 1912 1551; x_wconf 91' lang='lat' dir='ltr'>seu</span> <span class='ocrx_word' id='word_1_561' title='bbox 1929 1521 2018 1561; x_wconf 94' lang='lat' dir='ltr'>quod</span> <span class='ocrx_word' id='word_1_562' title='bbox 2029 1521 2047 1539; x_wconf 91' lang='lat'><em>*</em></span> <span class='ocrx_word' id='word_1_563' title='bbox 2065 1521 2155 1561; x_wconf 89' lang='lat' dir='ltr'>quasi</span> <span class='ocrx_word' id='word_1_564' title='bbox 2170 1521 2367 1551; x_wconf 90' lang='lat' dir='ltr'>denominari</span> <span class='ocrx_word' id='word_1_565' title='bbox 2385 1521 2433 1552; x_wconf 90' lang='lat' dir='ltr'>in-</span> 
     </span>
     <span class='ocr_line' id='line_1_73' title="bbox 1371 1564 2367 1605; baseline 0.001 -11"><span class='ocrx_word' id='word_1_566' title='bbox 1371 1564 1522 1603; x_wconf 82' lang='lat' dir='ltr'>telligitur</span> <span class='ocrx_word' id='word_1_567' title='bbox 1545 1564 1719 1600; x_wconf 87' lang='lat' dir='ltr'>relativum,</span> <span class='ocrx_word' id='word_1_568' title='bbox 1744 1570 1780 1594; x_wconf 92' lang='lat' dir='ltr'>ut</span> <span class='ocrx_word' id='word_1_569' title='bbox 1802 1564 1834 1605; x_wconf 93' lang='lat' dir='ltr'>ly</span> <span class='ocrx_word' id='word_1_570' title='bbox 1857 1565 1954 1594; x_wconf 84' lang='lat' dir='ltr'>Pater</span> <span class='ocrx_word' id='word_1_571' title='bbox 1976 1565 2168 1595; x_wconf 87' lang='lat' dir='ltr'>substantive</span> <span class='ocrx_word' id='word_1_572' title='bbox 2191 1571 2367 1605; x_wconf 88' lang='lat' dir='ltr'>sumptum.</span> 
     </span>
    </p>

    <p class='ocr_par' dir='ltr' id='par_1_13' title="bbox 1372 1607 2433 1776">
     <span class='ocr_line' id='line_1_74' title="bbox 1430 1607 2433 1648; baseline 0.001 -10"><span class='ocrx_word' id='word_1_573' title='bbox 1430 1607 1552 1638; x_wconf 91' lang='lat' dir='ltr'>Deinde</span> <span class='ocrx_word' id='word_1_574' title='bbox 1575 1608 1614 1638; x_wconf 87' lang='lat' dir='ltr'>ad</span> <span class='ocrx_word' id='word_1_575' title='bbox 1638 1608 1810 1638; x_wconf 89' lang='lat' dir='ltr'>secundam</span> <span class='ocrx_word' id='word_1_576' title='bbox 1833 1608 2037 1648; x_wconf 86' lang='lat' dir='ltr'>opinionem,</span> <span class='ocrx_word' id='word_1_577' title='bbox 2067 1609 2106 1639; x_wconf 91' lang='lat' dir='ltr'>de</span> <span class='ocrx_word' id='word_1_578' title='bbox 2133 1609 2265 1639; x_wconf 87' lang='lat' dir='ltr'>essentia</span> <span class='ocrx_word' id='word_1_579' title='bbox 2292 1609 2325 1639; x_wconf 89' lang='lat' dir='ltr'>in</span> <span class='ocrx_word' id='word_1_580' title='bbox 2348 1617 2433 1640; x_wconf 91' lang='lat' dir='ltr'>recto</span> 
     </span>
     <span class='ocr_line' id='line_1_75' title="bbox 1373 1651 2431 1693; baseline 0.001 -11"><span class='ocrx_word' id='word_1_581' title='bbox 1373 1658 1403 1682; x_wconf 90' lang='lat' dir='ltr'>et</span> <span class='ocrx_word' id='word_1_582' title='bbox 1425 1652 1575 1683; x_wconf 91' lang='lat' dir='ltr'>relatione</span> <span class='ocrx_word' id='word_1_583' title='bbox 1599 1652 1632 1682; x_wconf 90' lang='lat' dir='ltr'>in</span> <span class='ocrx_word' id='word_1_584' title='bbox 1655 1652 1799 1693; x_wconf 92' lang='lat' dir='ltr'>obliquo.</span> <span class='ocrx_word' id='word_1_585' title='bbox 1823 1652 1864 1683; x_wconf 91' lang='lat' dir='ltr'>Et</span> <span class='ocrx_word' id='word_1_586' title='bbox 1887 1652 1962 1683; x_wconf 89' lang='lat' dir='ltr'>dicit</span> <span class='ocrx_word' id='word_1_587' title='bbox 1984 1653 2046 1683; x_wconf 92' lang='lat' dir='ltr'>hoc</span> <span class='ocrx_word' id='word_1_588' title='bbox 2069 1651 2217 1683; x_wconf 82' lang='lat' dir='ltr'>verificari</span> <span class='ocrx_word' id='word_1_589' title='bbox 2237 1653 2276 1683; x_wconf 90' lang='lat' dir='ltr'>de</span> <span class='ocrx_word' id='word_1_590' title='bbox 2290 1653 2431 1689; x_wconf 88' lang='lat' dir='ltr'>essentia,</span> 
     </span>
     <span class='ocr_line' id='line_1_76' title="bbox 1372 1695 2433 1737; baseline 0.001 -11"><span class='ocrx_word' id='word_1_591' title='bbox 1372 1706 1439 1726; x_wconf 92' lang='lat' dir='ltr'>non</span> <span class='ocrx_word' id='word_1_592' title='bbox 1462 1695 1650 1732; x_wconf 84' lang='lat' dir='ltr'>formaliter,</span> <span class='ocrx_word' id='word_1_593' title='bbox 1679 1696 1734 1726; x_wconf 90' lang='lat' dir='ltr'>sed</span> <span class='ocrx_word' id='word_1_594' title='bbox 1764 1696 1916 1734; x_wconf 83' lang='lat' dir='ltr'>identice,</span> <span class='ocrx_word' id='word_1_595' title='bbox 1940 1696 2020 1727; x_wconf 90' lang='lat' dir='ltr'>idest</span> <span class='ocrx_word' id='word_1_596' title='bbox 2043 1703 2078 1727; x_wconf 94' lang='lat' dir='ltr'>ut</span> <span class='ocrx_word' id='word_1_597' title='bbox 2101 1696 2309 1727; x_wconf 88' lang='lat' dir='ltr'>identificatur</span> <span class='ocrx_word' id='word_1_598' title='bbox 2331 1696 2433 1737; x_wconf 89' lang='lat' dir='ltr'>hypo-</span> 
     </span>
     <span class='ocr_line' id='line_1_77' title="bbox 1372 1739 2022 1776; baseline 0 -6"><span class='ocrx_word' id='word_1_599' title='bbox 1372 1740 1462 1776; x_wconf 88' lang='lat' dir='ltr'>stasi;</span> <span class='ocrx_word' id='word_1_600' title='bbox 1487 1747 1517 1771; x_wconf 95' lang='lat' dir='ltr'>et</span> <span class='ocrx_word' id='word_1_601' title='bbox 1540 1740 1580 1770; x_wconf 90' lang='lat' dir='ltr'>de</span> <span class='ocrx_word' id='word_1_602' title='bbox 1602 1739 1753 1770; x_wconf 86' lang='lat' dir='ltr'>relatione</span> <span class='ocrx_word' id='word_1_603' title='bbox 1776 1747 1812 1770; x_wconf 92' lang='lat' dir='ltr'>ut</span> <span class='ocrx_word' id='word_1_604' title='bbox 1835 1740 1943 1771; x_wconf 88' lang='lat' dir='ltr'>relatio</span> <span class='ocrx_word' id='word_1_605' title='bbox 1967 1747 2022 1770; x_wconf 91' lang='lat' dir='ltr'>est.</span> 
     </span>
    </p>

    <p class='ocr_par' dir='ltr' id='par_1_14' title="bbox 1372 1783 2433 1868">
     <span class='ocr_line' id='line_1_78' title="bbox 1424 1783 2433 1825; baseline 0 -11"><span class='ocrx_word' id='word_1_606' title='bbox 1424 1784 1565 1814; x_wconf 89' lang='lat' dir='ltr'>Demum</span> <span class='ocrx_word' id='word_1_607' title='bbox 1588 1784 1627 1814; x_wconf 92' lang='lat' dir='ltr'>ad</span> <span class='ocrx_word' id='word_1_608' title='bbox 1646 1784 1783 1824; x_wconf 88' lang='lat' dir='ltr'>primam</span> <span class='ocrx_word' id='word_1_609' title='bbox 1798 1784 1994 1824; x_wconf 90' lang='lat' dir='ltr'>opinionem,</span> <span class='ocrx_word' id='word_1_610' title='bbox 2011 1784 2049 1814; x_wconf 94' lang='lat' dir='ltr'>de</span> <span class='ocrx_word' id='word_1_611' title='bbox 2065 1783 2323 1825; x_wconf 88' lang='lat' dir='ltr'>aequivocatione</span> <span class='ocrx_word' id='word_1_612' title='bbox 2339 1790 2370 1814; x_wconf 94' lang='lat' dir='ltr'>et</span> <span class='ocrx_word' id='word_1_613' title='bbox 2384 1794 2433 1814; x_wconf 90' lang='lat' dir='ltr'>ac-</span> 
     </span>
     <span class='ocr_line' id='line_1_79' title="bbox 1372 1827 2433 1868; baseline 0 -10"><span class='ocrx_word' id='word_1_614' title='bbox 1372 1828 1639 1858; x_wconf 89' lang='lat' dir='ltr'>commodatione.</span> <span class='ocrx_word' id='word_1_615' title='bbox 1663 1828 1704 1858; x_wconf 87' lang='lat' dir='ltr'>Et</span> <span class='ocrx_word' id='word_1_616' title='bbox 1727 1827 1801 1859; x_wconf 89' lang='lat' dir='ltr'>dicit</span> <span class='ocrx_word' id='word_1_617' title='bbox 1823 1828 1896 1858; x_wconf 85' lang='lat' dir='ltr'>tria:</span> <span class='ocrx_word' id='word_1_618' title='bbox 1921 1828 2035 1868; x_wconf 90' lang='lat' dir='ltr'>primo,</span> <span class='ocrx_word' id='word_1_619' title='bbox 2053 1827 2315 1868; x_wconf 88' lang='lat' dir='ltr'>significationem</span> <span class='ocrx_word' id='word_1_620' title='bbox 2337 1828 2433 1858; x_wconf 86' lang='lat' dir='ltr'>fuisse</span> 
     </span>
    </p>
   </div>
   <div class='ocr_carea' id='block_1_5' title="bbox 2459 1303 2661 1352">
    <p class='ocr_par' dir='ltr' id='par_1_15' title="bbox 2459 1303 2661 1352">
     <span class='ocr_line' id='line_1_80' title="bbox 2459 1303 2630 1326; baseline 0.006 -2"><span class='ocrx_word' id='word_1_621' title='bbox 2459 1304 2470 1314; x_wconf 77' lang='lat'>⁴¹</span> <span class='ocrx_word' id='word_1_622' title='bbox 2484 1303 2520 1325; x_wconf 90' lang='lat' dir='ltr'>Cf.</span> <span class='ocrx_word' id='word_1_623' title='bbox 2535 1309 2600 1326; x_wconf 84' lang='lat' dir='ltr'>num.</span> <span class='ocrx_word' id='word_1_624' title='bbox 2615 1310 2630 1325; x_wconf 84' lang='grc' dir='ltr'>ι.</span> 
     </span>
     <span class='ocr_line' id='line_1_81' title="bbox 2459 1330 2661 1352; baseline 0.005 -1"><span class='ocrx_word' id='word_1_625' title='bbox 2459 1330 2482 1341; x_wconf 71' lang='grc'>“’</span> <span class='ocrx_word' id='word_1_626' title='bbox 2496 1330 2532 1352; x_wconf 87' lang='lat' dir='ltr'>Cf.</span> <span class='ocrx_word' id='word_1_627' title='bbox 2547 1336 2612 1352; x_wconf 88' lang='lat' dir='ltr'>num.</span> <span class='ocrx_word' id='word_1_628' title='bbox 2627 1336 2661 1352; x_wconf 74' lang='lat' dir='ltr'>m.</span> 
     </span>
    </p>
   </div>
   <div class='ocr_carea' id='block_1_6' title="bbox 2461 1522 2570 1550">
    <p class='ocr_par' dir='ltr' id='par_1_16' title="bbox 2461 1522 2570 1550">
     <span class='ocr_line' id='line_1_82' title="bbox 2461 1522 2570 1550; baseline -0.009 -6"><span class='ocrx_word' id='word_1_629' title='bbox 2461 1524 2469 1532; x_wconf 94' lang='grc'>·</span> <span class='ocrx_word' id='word_1_630' title='bbox 2485 1528 2530 1550; x_wconf 82' lang='lat' dir='ltr'>quo</span> <span class='ocrx_word' id='word_1_631' title='bbox 2544 1522 2570 1544; x_wconf 87' lang='lat' dir='ltr'>P.</span> 
     </span>
    </p>
   </div>
   <div class='ocr_carea' id='block_1_7' title="bbox 1370 1871 2473 1908">
    <p class='ocr_par' dir='ltr' id='par_1_17' title="bbox 1370 1871 2473 1908">
     <span class='ocr_line' id='line_1_83' title="bbox 1370 1871 2473 1908; baseline 0 -6"><span class='ocrx_word' id='word_1_632' title='bbox 1370 1872 1449 1902; x_wconf 91' lang='lat' dir='ltr'>olim</span> <span class='ocrx_word' id='word_1_633' title='bbox 1465 1872 1623 1902; x_wconf 88' lang='lat' dir='ltr'>occultam</span> <span class='ocrx_word' id='word_1_634' title='bbox 1629 1881 1636 1908; x_wconf 88' lang='lat'>;</span> <span class='ocrx_word' id='word_1_635' title='bbox 1653 1872 1803 1908; x_wconf 77' lang='lat' dir='ltr'>secundo,</span> <span class='ocrx_word' id='word_1_636' title='bbox 1820 1871 1953 1902; x_wconf 86' lang='lat' dir='ltr'>affirmat</span> <span class='ocrx_word' id='word_1_637' title='bbox 1968 1872 2312 1908; x_wconf 85' lang='lat' dir='ltr'>accommodationem;</span> <span class='ocrx_word' id='word_1_638' title='bbox 2329 1871 2431 1907; x_wconf 91' lang='lat' dir='ltr'>tertio,</span> <span class='ocrx_word' id='word_1_639' title='bbox 2470 1890 2473 1892; x_wconf 39' lang='lat' dir='ltr'>v</span> 
     </span>
    </p>
   </div>
   <div class='ocr_carea' id='block_1_8' title="bbox 1370 1915 2431 2176">
    <p class='ocr_par' dir='ltr' id='par_1_18' title="bbox 1370 1915 2431 2000">
     <span class='ocr_line' id='line_1_84' title="bbox 1370 1915 2431 1956; baseline 0 -10"><span class='ocrx_word' id='word_1_640' title='bbox 1370 1917 1459 1956; x_wconf 91' lang='lat' dir='ltr'>quod</span> <span class='ocrx_word' id='word_1_641' title='bbox 1483 1926 1577 1947; x_wconf 86' lang='lat' dir='ltr'>causa</span> <span class='ocrx_word' id='word_1_642' title='bbox 1600 1916 1902 1955; x_wconf 79' lang='lat' dir='ltr'>accommodationis</span> <span class='ocrx_word' id='word_1_643' title='bbox 1926 1926 1992 1946; x_wconf 88' lang='lat' dir='ltr'>non</span> <span class='ocrx_word' id='word_1_644' title='bbox 2016 1923 2062 1946; x_wconf 91' lang='lat' dir='ltr'>est</span> <span class='ocrx_word' id='word_1_645' title='bbox 2085 1926 2175 1952; x_wconf 90' lang='lat' dir='ltr'>usus,</span> <span class='ocrx_word' id='word_1_646' title='bbox 2201 1922 2236 1946; x_wconf 91' lang='lat' dir='ltr'>ut</span> <span class='ocrx_word' id='word_1_647' title='bbox 2258 1916 2360 1956; x_wconf 87' lang='lat' dir='ltr'>prima</span> <span class='ocrx_word' id='word_1_648' title='bbox 2384 1915 2431 1946; x_wconf 92' lang='lat' dir='ltr'>di-</span> 
     </span>
     <span class='ocr_line' id='line_1_85' title="bbox 1371 1959 2430 2000; baseline 0 -10"><span class='ocrx_word' id='word_1_649' title='bbox 1371 1960 1459 1990; x_wconf 91' lang='lat' dir='ltr'>cebat</span> <span class='ocrx_word' id='word_1_650' title='bbox 1482 1959 1603 2000; x_wconf 90' lang='lat' dir='ltr'>opinio,</span> <span class='ocrx_word' id='word_1_651' title='bbox 1628 1960 1683 1990; x_wconf 91' lang='lat' dir='ltr'>sed</span> <span class='ocrx_word' id='word_1_652' title='bbox 1700 1959 1769 1999; x_wconf 88' lang='lat' dir='ltr'>ipsa</span> <span class='ocrx_word' id='word_1_653' title='bbox 1786 1970 1860 1990; x_wconf 91' lang='lat' dir='ltr'>vera</span> <span class='ocrx_word' id='word_1_654' title='bbox 1875 1966 1906 1990; x_wconf 93' lang='lat' dir='ltr'>et</span> <span class='ocrx_word' id='word_1_655' title='bbox 1920 1960 2049 2000; x_wconf 90' lang='lat' dir='ltr'>propria</span> <span class='ocrx_word' id='word_1_656' title='bbox 2071 1959 2257 1999; x_wconf 87' lang='lat' dir='ltr'>significatio</span> <span class='ocrx_word' id='word_1_657' title='bbox 2281 1959 2430 1990; x_wconf 89' lang='lat' dir='ltr'>nominis.</span> 
     </span>
    </p>

    <p class='ocr_par' dir='ltr' id='par_1_19' title="bbox 1370 2003 2431 2176">
     <span class='ocr_line' id='line_1_86' title="bbox 1426 2003 2431 2044; baseline 0 -10"><span class='ocrx_word' id='word_1_658' title='bbox 1426 2004 1467 2034; x_wconf 89' lang='lat' dir='ltr'>Et</span> <span class='ocrx_word' id='word_1_659' title='bbox 1489 2004 1533 2034; x_wconf 92' lang='lat' dir='ltr'>sic</span> <span class='ocrx_word' id='word_1_660' title='bbox 1556 2010 1642 2044; x_wconf 88' lang='lat' dir='ltr'>patet</span> <span class='ocrx_word' id='word_1_661' title='bbox 1665 2003 1783 2034; x_wconf 93' lang='lat' dir='ltr'>solutio</span> <span class='ocrx_word' id='word_1_662' title='bbox 1807 2003 1883 2034; x_wconf 90' lang='lat' dir='ltr'>nodi</span> <span class='ocrx_word' id='word_1_663' title='bbox 1906 2004 2062 2044; x_wconf 92' lang='lat' dir='ltr'>propositi</span> <span class='ocrx_word' id='word_1_664' title='bbox 2084 2003 2118 2034; x_wconf 92' lang='lat' dir='ltr'>in</span> <span class='ocrx_word' id='word_1_665' title='bbox 2140 2003 2295 2044; x_wconf 91' lang='lat' dir='ltr'>principio</span> <span class='ocrx_word' id='word_1_666' title='bbox 2320 2013 2431 2044; x_wconf 89' lang='lat' dir='ltr'>corpo-</span> 
     </span>
     <span class='ocr_line' id='line_1_87' title="bbox 1371 2047 2431 2088; baseline 0 -11"><span class='ocrx_word' id='word_1_667' title='bbox 1371 2047 1412 2077; x_wconf 90' lang='lat' dir='ltr'>ris</span> <span class='ocrx_word' id='word_1_668' title='bbox 1427 2047 1460 2077; x_wconf 87' lang='lat'>*:</span> <span class='ocrx_word' id='word_1_669' title='bbox 1485 2058 1560 2078; x_wconf 86' lang='lat' dir='ltr'>nam</span> <span class='ocrx_word' id='word_1_670' title='bbox 1577 2057 1738 2088; x_wconf 83' lang='lat' dir='ltr'>personae</span> <span class='ocrx_word' id='word_1_671' title='bbox 1761 2057 1895 2083; x_wconf 91' lang='lat' dir='ltr'>nomen,</span> <span class='ocrx_word' id='word_1_672' title='bbox 1920 2048 2041 2079; x_wconf 91' lang='lat' dir='ltr'>ratione</span> <span class='ocrx_word' id='word_1_673' title='bbox 2064 2047 2108 2078; x_wconf 91' lang='lat' dir='ltr'>rei</span> <span class='ocrx_word' id='word_1_674' title='bbox 2132 2047 2334 2088; x_wconf 85' lang='lat' dir='ltr'>significatae,</span> <span class='ocrx_word' id='word_1_675' title='bbox 2359 2048 2431 2088; x_wconf 93' lang='lat' dir='ltr'>plu-</span> 
     </span>
     <span class='ocr_line' id='line_1_88' title="bbox 1370 2090 2431 2132; baseline 0 -11"><span class='ocrx_word' id='word_1_676' title='bbox 1370 2091 1507 2123; x_wconf 87' lang='lat' dir='ltr'>rificatur</span> <span class='ocrx_word' id='word_1_677' title='bbox 1529 2091 1651 2122; x_wconf 88' lang='lat' dir='ltr'>realiter</span> <span class='ocrx_word' id='word_1_678' title='bbox 1673 2091 1706 2121; x_wconf 90' lang='lat' dir='ltr'>in</span> <span class='ocrx_word' id='word_1_679' title='bbox 1729 2091 1858 2128; x_wconf 89' lang='lat' dir='ltr'>divinis;</span> <span class='ocrx_word' id='word_1_680' title='bbox 1883 2091 2003 2122; x_wconf 90' lang='lat' dir='ltr'>ratione</span> <span class='ocrx_word' id='word_1_681' title='bbox 2026 2102 2100 2122; x_wconf 91' lang='lat' dir='ltr'>vero</span> <span class='ocrx_word' id='word_1_682' title='bbox 2120 2091 2208 2122; x_wconf 89' lang='lat' dir='ltr'>modi</span> <span class='ocrx_word' id='word_1_683' title='bbox 2227 2090 2431 2132; x_wconf 89' lang='lat' dir='ltr'>significandi,</span> 
     </span>
     <span class='ocr_line' id='line_1_89' title="bbox 1370 2135 1791 2176; baseline 0 -10"><span class='ocrx_word' id='word_1_684' title='bbox 1370 2145 1436 2166; x_wconf 91' lang='lat' dir='ltr'>non</span> <span class='ocrx_word' id='word_1_685' title='bbox 1461 2135 1575 2166; x_wconf 91' lang='lat' dir='ltr'>dicitur</span> <span class='ocrx_word' id='word_1_686' title='bbox 1597 2135 1640 2166; x_wconf 84' lang='lat' dir='ltr'>ad</span> <span class='ocrx_word' id='word_1_687' title='bbox 1661 2135 1791 2176; x_wconf 79' lang='lat' dir='ltr'>aliquid.</span> 
     </span>
    </p>
   </div>
   <div class='ocr_carea' id='block_1_9' title="bbox 912 2742 1774 2978">
    <p class='ocr_par' dir='ltr' id='par_1_20' title="bbox 912 2742 1774 2978">
     <span class='ocr_line' id='line_1_90' title="bbox 912 2742 1774 2978; baseline 0 1200"><span class='ocrx_word' id='word_1_688' title='bbox 912 2742 1774 2978; x_wconf 95' lang='lat' dir='ltr'> </span> 
     </span>
    </p>
   </div>
   <div class='ocr_carea' id='block_1_10' title="bbox 2460 2053 2645 2076">
    <p class='ocr_par' dir='ltr' id='par_1_21' title="bbox 2460 2053 2645 2076">
     <span class='ocr_line' id='line_1_91' title="bbox 2460 2053 2645 2076; baseline 0.005 -1"><span class='ocrx_word' id='word_1_689' title='bbox 2460 2054 2469 2063; x_wconf 80' lang='grc'><strong>”</strong></span> <span class='ocrx_word' id='word_1_690' title='bbox 2484 2053 2520 2075; x_wconf 84' lang='lat' dir='ltr'>Cf.</span> <span class='ocrx_word' id='word_1_691' title='bbox 2535 2060 2599 2076; x_wconf 85' lang='lat' dir='ltr'>num.</span> <span class='ocrx_word' id='word_1_692' title='bbox 2613 2060 2645 2076; x_wconf 86' lang='lat' dir='ltr'>n.</span> 
     </span>
    </p>
   </div>
  </div>
 </body>
</html>
