2768 4178
323 249 373 285 70

1039 241 1308 288 QUAESTIO
1337 240 1402 288 VI,
1432 240 1730 278 ARTICULUS
1761 241 1811 277 IV

1114 386 1433 429 ARTICULUS
1462 385 1737 438 QUARTUS

924 482 1081 514 UTRUM
1105 481 1246 512 OMNIA
1270 481 1368 512 smT
1391 480 1510 512 BONA
1533 480 1758 511 BON1TATE
1783 479 1932 511 D1V1NA

749 570 759 594 1
778 569 861 600 Sent„
883 570 940 594 dist.
953 577 1003 598 xxx.
1023 576 1067 601 qu.
1079 576 1104 598 ν,
1125 572 1171 593 art.
1186 575 1210 597 2,
1230 568 1261 592 ad
1282 567 1312 599 33
1332 567 1342 591 1
1359 567 1434 592 Cont.
1461 568 1548 597 Geni„
1568 575 1625 600 cap.
1643 575 1688 598 ης
1709 567 1751 592 De
1774 567 1865 598 Verit„
1885 575 1930 600 qu.
1949 575 1998 599 xxx,
2019 573 2065 592 art.
2084 575 2110 599 4.

360 679 426 710 χρ(
443 680 484 710 „s
510 659 565 696 *n
586 670 760 702 QUARTUM
777 670 830 696 sm
850 669 1089 695 PROCEDITUR.
1119 655 1279 693 Videtur
1297 655 1403 703 quod

354 691 518 782 (33¹⁵ssss
539 710 676 751 ¹omnia
704 712 777 749 sint
805 712 908 750 bona
943 710 1110 748 bonitate
1132 709 1281 783 diVinass
1303 708 1402 745 Dicit

377 768 381 775 ’
406 785 460 804 *ae
538 780 564 804 ε
594 767 647 804 im
677 768 738 803 Au
792 766 909 803 stinus
950 765 1037 801 VIII
1058 764 1103 800 de
1135 763 1239 799 Trin.
1288 775 1296 798 :
1325 763 1403 798 Βο-

347 774 636 858 15›Qq'fianm
665 778 809 856 hocgisst
835 795 973 856 bonicm
1004 817 1114 862 illud,
1153 815 1239 852 tolle
1270 816 1342 851 hoc
1370 820 1405 851 et

332 876 418 914 tolle
446 876 557 921 illud,
596 880 631 910 et
656 873 741 910 vide
778 873 898 921 ipsum
934 873 1095 916 bonum,
1133 870 1168 906 si
1188 874 1316 917 potes.-
1352 868 1402 905 ita

332 931 457 967 Deum
486 928 641 972 videbis,
672 938 746 963 non
775 925 850 963 alio
870 927 968 962 bono
988 925 1141 969 honum,
1170 923 1236 959 sed
1262 923 1402 958 bonum

189 990 205 1005 α
333 983 455 1020 omnis
483 982 573 1019 boni
589 987 618 1017 α.
650 980 726 1017 Sed
755 978 1062 1027 unumquodque
1084 984 1139 1013 est
1159 977 1306 1013 bonum
1331 986 1401 1011 suo

190 1032 205 1066 β
332 1037 449 1073 bono.
472 1036 574 1083 Ergo
589 1032 607 1063 β
626 1032 934 1081 unumquodque
951 1038 1007 1068 est
1025 1031 1173 1068 bonum
1197 1029 1281 1078 ipso
1298 1028 1402 1065 bono

333 1089 439 1138 quod
468 1096 523 1126 est
550 1089 668 1125 Deus.
763 1119 766 1122 Δ

389 1155 423 1179 2.
455 1143 694 1187 Pmmnm,
724 1140 819 1176 sicut
848 1138 936 1175 dicit
963 1136 1136 1184 Boetius,
1166 1136 1204 1173 in
1234 1135 1330 1172 libro
1359 1135 1405 1172 de

92 1194 305 1243 iv.S'T¹¹·¹⁴³⁰¹‘¹¹¹’
332 1195 572 1233 Hebdomad.
599 1194 637 1242 ³¹⁸,
667 1193 799 1230 omnia
833 1192 1008 1229 dicuntur
1036 1191 1139 1227 bona
1176 1189 1404 1238 inquantum

334 1249 558 1287 ordinantur
586 1247 635 1285 ad
654 1248 803 1293 Deum,
835 1253 872 1282 et
890 1246 965 1282 hoc
985 1243 1131 1282 ratione
1152 1243 1330 1280 bonitatis
1351 1242 1404 1280 di-

333 1303 458 1340 vinae.
494 1303 597 1350 Ergo
627 1300 758 1338 omnia
786 1307 873 1337 sunt
901 1299 1004 1336 bona
1031 1297 1200 1335 bonitate
1230 1296 1369 1334 divina.

390 1357 464 1393 SED
493 1367 640 1393 CONTRA
674 1366 740 1391 EST
778 1353 883 1402 quod
921 1351 1053 1389 omnia
1087 1358 1175 1388 sunt
1212 1351 1315 1387 bona
1351 1349 1405 1387 in-

335 1417 522 1458 quantum
547 1415 644 1445 sunt.
676 1407 753 1445 Sed
773 1419 852 1444 non
873 1406 1049 1443 dicuntur
1068 1404 1199 1442 omnia
1219 1403 1319 1441 entia
1336 1415 1407 1452 per

336 1475 419 1500 esse
449 1462 636 1509 divinum,
657 1461 725 1498 sed
752 1473 822 1510 per
852 1472 934 1497 esse
961 1459 1173 1508 proprium.
1205 1458 1307 1506 Ergo
1328 1469 1407 1494 non

337 1516 467 1554 omnia
496 1524 582 1553 sunt
615 1515 718 1552 bona
755 1513 922 1551 bonitate
962 1512 1112 1561 divina,
1143 1511 1211 1549 sed
1239 1510 1407 1548 bonitate

336 1570 502 1619 propria.

391 1625 617 1660 RESPONDEO
636 1633 821 1659 DlCENDUM
841 1621 948 1669 quod
977 1619 1068 1657 nihil
1095 1618 1274 1668 prohibet
1292 1618 1330 1655 in
1349 1617 1407 1655 his

338 1689 436 1726 quae
466 1676 690 1713 relationem
719 1675 937 1724 important,
959 1673 1098 1722 aliquid
1127 1673 1176 1710 ab
1197 1672 1407 1709 extrinseco

339 1730 579 1767 denominari
597 1729 631 1776 *3
663 1728 758 1765 sicut
777 1728 917 1777 aliquid
947 1726 1217 1765 denominatur
1239 1726 1407 1763 locatum

338 1796 360 1820 a
379 1784 478 1831 loco,
501 1791 536 1820 et
561 1789 825 1820 mensuratum
846 1794 868 1819 a
888 1793 1079 1818 mensura.
1111 1779 1221 1817 Circa
1239 1791 1333 1816 vero
1364 1791 1408 1816 ea

338 1849 437 1886 quae
463 1837 636 1874 absolute
657 1835 843 1883 dicuntur,
866 1835 1017 1873 diversa
1037 1834 1105 1871 fuit
1124 1833 1268 1883 opini0.
1299 1833 1407 1869 Plato

339 1890 440 1928 enim
464 1890 594 1939 posuit
612 1889 788 1927 omnium
809 1901 936 1926 rerum
966 1888 1112 1937 species
1133 1894 1326 1936 separatas
1342 1891 1356 1913 ⁷
1370 1885 1407 1931 *3

339 1952 375 1981 et
402 1944 509 1993 quod
537 1944 586 1980 ab
621 1943 675 1980 eis
710 1942 908 1980 individua
945 1941 1261 1987 denominantur,
1302 1940 1409 1989 quasi

337 1997 484 2047 species
513 2004 705 2046 separatas
727 1996 1013 2046 participando;
1044 2003 1085 2032 ut
1102 2002 1194 2043 puta
1214 1994 1319 2043 quod
1340 1994 1410 2031 So-

338 2059 459 2088 crates
479 2050 614 2088 dicitur
631 2051 752 2087 homo
782 2049 995 2087 secundum
1016 2048 1143 2086 ideam
1164 2047 1331 2085 hominis
1352 2059 1408 2084 se-

337 2111 523 2153 paratam.
554 2105 604 2141 Et
622 2103 718 2141 sicut
735 2103 907 2152 ponebat
925 2103 1052 2140 ideam
1078 2101 1246 2139 hominis
1267 2110 1303 2139 et
1323 2101 1410 2150 equi

339 2166 568 2207 separatam,
590 2170 706 2206 quam
726 2157 894 2194 vocabat
915 2168 988 2205 per
1014 2168 1054 2193 se
1078 2156 1267 2193 hominem
1289 2163 1325 2192 et
1339 2167 1411 2203 per

91 776 102 786 ⁸
118 775 175 802 Cap.
191 781 226 796 ιιι.

97 1736 105 1744 ·
121 1734 149 1755 D.
164 1741 215 1762 45⁰·

101 1926 108 1933 ¹
124 1923 185 1945 Vide
195 1899 284 1950 YArist„
301 1923 310 1944 Ῑ

99 1950 211 1978 ΜειαρΙι.,
220 1956 271 1978 cap.
278 1956 309 1977 vi,

99 1983 122 1998 n.
144 1983 165 1999 2.
190 1989 200 1993 -
222 1977 246 1999 S.
264 1976 309 1998 Th.

98 2004 149 2025 lect.
160 2010 182 2024 x.

395 2299 422 2331 α)
443 2299 512 2324 boni.
529 2312 549 2318 -
567 2298 607 2323 rei
625 2298 815 2330 ABCDEGpF,
840 2298 886 2322 sed
906 2305 996 2330 margo
1015 2297 1038 2322 G
1058 2305 1072 2321 a
1092 2298 1217 2329 scriptore
1242 2297 1282 2322 νεῖ
1305 2296 1374 2321 boni.
1393 2310 1411 2315 -
1436 2296 1440 2336 Ι

341 2335 427 2402 sed&
441 2370 524 2403 Ergo.
538 2384 556 2388 -
575 2369 630 2394 Sed
648 2369 696 2402 pC.
714 2383 733 2388 -
751 2369 808 2401 ipso
827 2377 881 2394 om.
900 2369 923 2393 G
944 2374 969 2393 et
988 2369 1029 2393 ed.
1041 2376 1067 2393 a.

393 2406 420 2447 γ’)
440 2409 588 2438 separatas.
601 2419 620 2424 —-
635 2411 690 2430 esse
705 2408 846 2436 separatas
859 2404 981 2429 ABCDE.
995 2417 1013 2423 -—
1026 2404 1105 2429 Iidem
1125 2411 1173 2437 pro
1193 2403 1411 2432 denominantur,

341 2444 525 2509 nongsce'riisin:
537 2476 633 2501 bonum
653 2476 841 2505 ACDEFGsB,·
860 2482 905 2500 ens
920 2478 946 2500 et
961 2482 1012 2507 per
1030 2482 1058 2500 se
1076 2483 1130 2500 om.
1145 2475 1184 2508 pB
1199 2480 1224 2499 et
1237 2475 1277 2500 ed.
1293 2475 1316 2500 b.
1329 2489 1348 2493 —
1362 2475 1412 2499 Pro

340 2520 471 2538 summum
493 2513 598 2543 bonum,
618 2519 749 2537 summum
770 2512 857 2536 Deum
877 2511 995 2543 AEGpF‚
1015 2519 1146 2536 summum
1167 2511 1263 2536 bonum
1280 2511 1366 2536 Deum
1383 2511 1411 2540 C,

341 2549 386 2573 sed
406 2548 501 2573 bonum
522 2547 652 2580 expungit.

437 2353 443 2359 .
462 2342 510 2360 suo
530 2334 597 2359 bono
616 2341 669 2358 om.
689 2333 822 2358 ABCDEF
843 2339 868 2358 et
887 2334 927 2358 ed.
947 2340 972 2357 a.

1456 669 1496 694 se
1515 668 1665 705 equum,
1686 657 1736 694 ita
1755 658 1926 707 ponebat
1948 658 2076 695 ideam
2097 657 2192 694 entis
2213 665 2249 694 et
2267 657 2396 695 ideam
2415 658 2528 696 unius

1457 718 1692 759 separatam,
1723 723 1841 760 quam
1880 711 2031 748 dicebat
2061 723 2135 760 per
2169 723 2210 748 se
2238 723 2302 748 ens
2332 719 2368 761 et
2390 724 2463 761 per
2490 724 2530 749 se

1458 776 1598 801 unum.-
1627 771 1664 801 et
1697 764 1778 802 eius
1806 764 2094 814 participatione
2128 765 2437 815 unumquodque
2476 766 2530 803 di-

1457 816 1552 853 citur
1582 829 1649 854 ens
1676 818 1740 854 vel
1767 830 1902 855 unum.
1933 819 2020 855 Hoc
2048 825 2178 856 autern
2199 819 2306 868 quod
2325 826 2382 856 est
2401 831 2470 869 per
2489 832 2529 856 se

1458 882 1525 906 ens
1545 867 1560 891 ὅ
1588 878 1624 907 et
1650 882 1721 919 per
1749 883 1789 907 se
1821 883 1965 918 unum,
2003 872 2174 920 ponebat
2211 884 2294 909 esse
2333 885 2531 910 summum

1457 924 1618 960 bonum.
1656 924 1705 960 Et
1733 923 1823 973 quia
1850 925 1998 961 bonum
2028 925 2262 962 convertitur
2300 938 2389 963 cum
2419 933 2529 974 ente,

1457 976 1552 1013 sicut
1581 984 1618 1013 et
1641 988 1782 1024 unum,
1811 976 1939 1026 ipsum
1957 989 2028 1026 per
2046 991 2088 1015 se
2107 979 2256 1016 bonum
2277 979 2429 1016 dicebat
2448 991 2530 1017 esse

1457 1031 1587 1067 Deum
1606 1037 1635 1077 ε,
1665 1042 1687 1066 a
1706 1042 1785 1078 quo
1806 1031 1938 1068 omnia
1966 1031 2140 1069 dicuntur
2159 1032 2262 1069 bona
2280 1045 2350 1081 per
2368 1033 2531 1070 modum

1457 1083 1768 1133 participationis.
1789 1104 1814 1112 -
1834 1084 1885 1120 Et
1908 1084 2087 1133 quamvis
2114 1086 2211 1122 haec
2231 1086 2362 1135 opinio
2386 1086 2532 1124 irratio-

1458 1137 1595 1174 nabilis
1621 1137 1800 1174 videatur
1827 1145 2014 1186 quantum
2044 1138 2094 1175 ad
2121 1138 2209 1186 hoc,
2229 1139 2336 1188 quod
2360 1140 2534 1190 ponebat

1459 1190 1606 1240 species
1635 1203 1764 1228 rerum
1798 1190 2028 1228 naturalium
2057 1199 2250 1240 separatas
2277 1205 2348 1242 per
2375 1205 2415 1230 se
2443 1194 2533 1231 sub-

1459 1245 1653 1292 sistentes,
1682 1251 1725 1281 ut
1752 1244 1975 1282 Aristoteles
2013 1244 2268 1294 multipliciter
2299 1246 2440 1295 probat
2458 1246 2473 1274 ἴ
2491 1247 2532 1292 *3

1458 1306 1591 1336 tamen
1618 1299 1694 1335 hoc
1722 1298 1896 1335 absolute
1915 1310 2054 1336 verum
2085 1306 2152 1346 est,
2173 1298 2280 1347 quod
2308 1299 2450 1348 aliquid
2478 1308 2536 1338 est

1458 1352 1642 1401 primum,
1662 1351 1769 1400 quod
1788 1364 1858 1401 per
1877 1364 1989 1389 suam
2019 1351 2224 1389 essentiam
2245 1357 2302 1390 eSt
2322 1365 2389 1390 ens
2410 1361 2447 1390 et
2465 1354 2534 1391 bo—

1460 1418 1554 1443 num
1574 1414 1605 1453 ⁷¹,
1637 1406 1743 1455 quod
1763 1405 1926 1443 dicimus
1946 1406 2088 1453 Deum,
2108 1413 2150 1442 ut
2170 1417 2215 1442 ex
2235 1406 2497 1456 superioribus
2515 1407 2536 1429 *

1459 1466 1574 1509 patet.
1597 1459 1696 1496 Huic
1717 1459 1830 1496 etiam
1849 1459 2057 1496 sententiae
2074 1459 2283 1497 concordat
2297 1459 2534 1499 Aristoteles.

1515 1514 1549 1549 A
1577 1512 1704 1562 primo
1742 1512 1854 1561 igitur
1879 1525 1950 1562 per
1986 1525 2097 1550 suam
2134 1513 2337 1550 essentiam
2377 1521 2464 1552 ente
2500 1522 2537 1552 et

1461 1567 1588 1614 bono,
1618 1566 1927 1615 unumquodque
1954 1573 2081 1616 potest
2109 1566 2182 1604 dici
2211 1567 2361 1604 bonum
2390 1575 2426 1605 et
2455 1579 2536 1616 ens,

1460 1620 1690 1668 inquantum
1727 1619 1927 1669 participat
1962 1620 2090 1669 ipsum
2120 1632 2189 1669 per
2216 1620 2382 1658 modum
2413 1621 2538 1659 cuius-

1462 1673 1553 1711 dam
1582 1673 1876 1721 assimilationis,
1895 1673 1983 1710 licet
2002 1681 2147 1710 remote
2177 1680 2214 1710 et
2241 1673 2476 1723 deficienter,
2496 1682 2539 1712 ut

1462 1740 1507 1765 ex
1536 1727 1797 1777 superioribus
1816 1726 1836 1748 *
1862 1734 1978 1776 patet.
2015 1727 2078 1764 Sic
2108 1739 2198 1776 ergo
2227 1728 2539 1778 unumquodque

1462 1781 1598 1819 dicitur
1617 1781 1765 1818 bonum
1786 1780 1956 1818 bonitate
1977 1780 2107 1818 divina
2121 1781 2152 1828 *,
2173 1780 2270 1818 sicut
2287 1781 2415 1830 primo
2435 1781 2538 1832 prin-

1462 1834 1562 1884 cipio
1583 1834 1804 1883 exemplari,
1826 1833 2005 1871 effectivo
2026 1842 2062 1871 et
2081 1834 2185 1872 finali
2209 1834 2324 1872 totius
2344 1835 2536 1873 bonitatis.

1462 1887 1722 1925 Nihilominus
1741 1895 1872 1924 tamen
1895 1887 2206 1937 unumquodque
2226 1888 2361 1926 dicitur
2388 1889 2537 1927 bonum

1462 1940 1706 1979 similitudine
1744 1940 1897 1979 divinae
1925 1938 1939 1960 ⁰
1967 1940 2146 1978 bonitatis
2184 1941 2255 1978 sibi
2291 1941 2536 1990 inhaerente,

1463 2007 1562 2045 quae
1579 2002 1635 2032 est
1649 1994 1860 2032 formaliter
1875 2006 1945 2031 sua
1959 1993 2111 2031 bonitas
2128 1994 2383 2033 denominans
2397 1995 2537 2045 ipsum.

1464 2049 1513 2086 Et
1531 2048 1585 2086 sic
1606 2055 1661 2085 est
1680 2047 1831 2085 bonitas
1850 2060 1928 2085 una
1942 2054 1950 2068 ‘
1971 2048 2167 2094 omnium;
2180 2052 2183 2053 ’
2198 2056 2235 2086 et
2264 2047 2377 2086 etiam
2397 2049 2539 2087 multae

1464 2101 1667 2139 bonitates.

1518 2156 1566 2192 Et
1594 2167 1663 2204 per
1692 2155 1766 2191 hoc
1795 2162 1899 2202 patet
1927 2154 2127 2203 responsio
2158 2154 2207 2192 ad
2235 2155 2399 2192 obiecta.

1520 2296 1542 2328 ι)
1564 2296 1599 2321 Et
1618 2296 1729 2328 quia...
1751 2296 1847 2320 Deum.
1865 2309 1884 2314 -
1902 2295 1965 2320 Om.
1984 2295 2087 2320 codices
2106 2300 2132 2320 et
2151 2295 2192 2320 ed.
2207 2302 2234 2320 a.

1519 2331 1544 2364 ζ)
1562 2332 1669 2364 probat.
1688 2346 1706 2351 -
1724 2331 1859 2363 improbat
1877 2331 1945 2356 PFG
1964 2336 1988 2356 et
2007 2331 2066 2356 edd.
2084 2331 2134 2356 ab.

1518 2368 1545 2399 η)
1565 2367 1638 2400 quod
1655 2367 1760 2400 aliquid
1828 2367 1933 2392 bonum.
1946 2381 1964 2386 -
1979 2366 2051 2399 quod
2069 2370 2108 2392 est
2126 2366 2238 2399 aliquod
2251 2366 2372 2399 primum
2388 2374 2440 2399 per
2453 2374 2540 2393 essen·-

1466 2403 1531 2428 tiam
1550 2410 1626 2428 suam
1641 2402 1783 2434 (summum
1798 2403 1827 2434 Β,
1841 2409 1917 2428 suam
1932 2409 1978 2427 ens
1992 2405 2018 2427 et
2033 2401 2068 2435 G)
2083 2402 2180 2428 bonum
2200 2403 2310 2431 codices.
2325 2402 2397 2435 quod
2411 2406 2452 2428 est
2465 2403 2541 2428 aliud

1461 2439 1626 2471 principium
1642 2445 1694 2470 per
1712 2445 1788 2464 suam
1808 2438 1949 2463 essentiam
1969 2439 2065 2463 bonum
2085 2438 2126 2463 ed.
2141 2445 2166 2463 a.

1519 2472 1543 2506 0)
1564 2474 1678 2499 divinae.
1697 2488 1716 2493 -
1736 2474 1798 2499 Om.
1818 2474 1910 2499 ABsG.
1928 2487 1947 2493 —
1965 2474 2016 2498 Pro
2037 2474 2198 2503 inhaerente,
2219 2473 2384 2499 inhaerentis
2402 2474 2432 2499 B.

1482 2509 1539 2570 ddi)
1559 2517 1622 2570 ugia.
1641 2524 1658 2528 -
1677 2510 1752 2535 unita
1774 2508 1826 2543 (vel
1847 2509 1936 2543 unica)
1958 2510 1994 2540 D,
2014 2509 2107 2534 divina
2126 2509 2155 2534 E.
2175 2523 2193 2528 -
2211 2509 2293 2534 etiam
2315 2517 2368 2534 om.
2389 2510 2492 2535 codices
2512 2515 2540 2534 et

1466 2554 1479 2571 c
1517 2564 1524 2570 .
1543 2553 1560 2570 a
1589 2564 1595 2570 .

1025 2635 1358 2668 commentaria
1381 2634 1633 2668 cardinalis
1656 2633 1860 2667 Caietam

373 2737 394 2759 N
419 2727 522 2762 titulo,
540 2726 675 2761 adverte,
698 2726 827 2761 novitie,
846 2726 934 2766 quod
958 2735 1025 2756 non
1049 2725 1210 2767 quaeritur
1234 2725 1283 2756 hic
1305 2731 1412 2755 utrum

345 2740 483 2803 Iomnia
515 2771 576 2801 sint
607 2771 691 2801 bona
714 2781 734 2801 a
759 2770 898 2801 bonitate
922 2770 1051 2808 divina,
1084 2770 1139 2801 sed
1170 2776 1279 2801 utrum
1303 2769 1412 2800 omnia

342 2817 403 2847 sint
426 2816 511 2846 bona
525 2816 663 2846 bonitate
678 2815 796 2846 divina.
822 2815 866 2845 lta
885 2815 974 2855 quod
993 2824 1103 2845 sensus
1127 2813 1322 2855 quaestionis
1345 2823 1410 2844 non

342 2868 398 2897 est,
421 2867 530 2891 utrum
553 2859 662 2890 omnia
686 2859 821 2890 habeant
843 2859 933 2900 quod
956 2859 1018 2890 sint
1042 2859 1136 2895 bona,
1154 2869 1171 2889 a
1189 2858 1295 2890 divina
1318 2858 1408 2889 boni-

342 2912 418 2937 tate:
444 2905 498 2935 sed
518 2914 629 2934 sensus
646 2911 701 2940 est,
719 2910 827 2935 utrum
847 2903 971 2934 bonitas
987 2903 1091 2934 divina
1106 2903 1146 2934 sit
1161 2914 1225 2945 qua
1241 2913 1289 2934 res
1308 2903 1412 2933 bonae

342 2949 590 2980 denominantur
611 2949 722 2984 bonae,
741 2948 822 2979 sicut
840 2948 984 2979 albedine
999 2947 1246 2979 denominantur
1261 2948 1340 2982 alba,
1358 2954 1413 2978 aut

341 2995 414 3025 loco
438 2994 549 3024 locata.
1019 2997 1022 3000 ⁴

399 3039 436 3069 II.
462 3039 496 3068 In
527 3048 660 3078 corpore
691 3043 830 3078 quatuor
859 3036 948 3067 facit:
984 3037 1088 3077 primo
1119 3037 1211 3077 ponit
1239 3037 1317 3067 duas
1348 3036 1410 3066 dis-

342 3083 527 3118 tinctiones,
553 3083 649 3113 simul
678 3082 815 3112 innuens
839 3081 871 3111 in
896 3091 962 3122 quo
996 3081 1185 3112 conveniant
1209 3088 1239 3112 et
1269 3080 1412 3111 differant

342 3127 543 3169 philosophi;
569 3126 708 3158 secundo
740 3125 831 3166 ponit
862 3125 1049 3166 opinionem
1080 3125 1221 3157 Platonis
1242 3125 1274 3162 *;
1299 3124 1410 3160 tertio,

342 3172 519 3203 Aristotelis
538 3171 568 3208 *;
594 3178 708 3213 quarto
732 3171 903 3211 respondet
925 3170 1068 3211 quaesito
1085 3170 1128 3201 **.

399 3217 449 3247 llI.
470 3217 579 3246 Prima
603 3216 761 3247 distinctio
781 3222 842 3245 est:
869 3214 1039 3245 nominum
1056 3215 1214 3256 quaedam
1238 3214 1412 3254 important

343 3261 541 3298 absolutum,
567 3267 598 3291 et
621 3260 778 3301 quaedam
803 3259 1001 3290 relationem.
1018 3277 1037 3281 —
1054 3259 1202 3290 Secunda
1227 3265 1288 3289 est:
1315 3258 1411 3288 deno-

343 3305 474 3336 minatio
499 3312 544 3336 est
568 3305 701 3345 duplex,
726 3304 885 3345 quaedam
909 3305 1095 3341 intrinseca,
1120 3311 1150 3334 et
1173 3303 1332 3345 quaedam
1355 3312 1411 3332 ex-

343 3351 491 3380 trinseca.
519 3350 657 3380 Vocatur
685 3348 903 3379 denominatio
935 3349 1128 3386 intrinseca,
1154 3348 1284 3389 quando
1309 3346 1412 3377 forma

344 3394 570 3425 denominativi
595 3401 639 3424 est
663 3393 695 3423 in
713 3403 751 3423 eo
771 3392 860 3434 quod
877 3392 1110 3428 denominatur,
1127 3399 1162 3423 ut
1176 3393 1295 3428 album,
1312 3401 1411 3432 quan-

343 3444 423 3474 tum,
440 3445 514 3469 etc.:
542 3438 759 3469 denominatio
776 3447 850 3468 vero
875 3438 1066 3473 extrinseca,
1087 3437 1217 3477 quando
1238 3436 1341 3467 forma
1358 3436 1411 3466 de-

343 3482 530 3513 nominativi
556 3493 620 3513 non
645 3489 690 3513 est
714 3482 746 3512 in
771 3482 988 3517 denominato,
1014 3488 1048 3512 ut
1072 3481 1223 3517 locatum,
1249 3490 1412 3511 mensura-

343 3533 422 3562 tum,
445 3534 474 3557 et
497 3526 620 3557 similia.
641 3544 659 3549 —
681 3526 886 3557 Conveniunt
910 3532 1016 3556 autem
1041 3536 1153 3556 omnes
1178 3526 1209 3556 in
1233 3525 1305 3561 hoc,
1322 3524 1412 3565 quod

344 3572 520 3602 secundum
540 3571 671 3601 nomina
694 3570 897 3610 importantia
921 3570 1115 3605 relationem,
1142 3577 1245 3610 potest
1268 3569 1334 3600 fieri
1359 3569 1413 3599 de-

345 3615 521 3646 nominatio
553 3615 740 3651 extrinseca;
774 3622 808 3646 ut
832 3621 916 3655 patet
949 3615 987 3645 de
1016 3614 1120 3645 locato
1154 3622 1183 3645 et
1217 3619 1410 3645 mensurato.

103 3136 112 3145 “
129 3134 166 3156 cf.
182 3140 246 3156 num.
261 3141 291 3155 iv.

104 3175 112 3183 ·
130 3173 167 3195 Cf.
183 3179 247 3195 num.
258 3180 279 3195 v.

103 3201 123 3210 '¹
143 3200 178 3222 cf.
194 3206 258 3222 num.
274 3206 314 3221 vn.

1466 2723 1647 2755 Differentia
1671 2734 1745 2755 vero
1770 2731 1815 2755 est
1839 2724 1919 2754 inter
1942 2724 2109 2755 Platonem
2137 2730 2167 2754 et
2190 2723 2404 2760 Aristotelem,
2429 2733 2470 2755 an
2493 2734 2540 2756 se-

1467 2769 1610 2800 cundum
1629 2768 1762 2798 nomina
1785 2768 1990 2809 importantia
2013 2768 2207 2804 absolutum¹
2224 2767 2326 2809 possit
2348 2767 2415 2799 fieri
2439 2769 2539 2800 deno-

1467 2813 1600 2844 minatio
1625 2813 1663 2844 ab
1680 2813 1864 2844 extrinseco.
1890 2813 1930 2844 Et
1944 2813 2006 2844 hoc
2030 2820 2076 2844 est
2099 2813 2139 2843 ad
2158 2819 2304 2844 nostrum
2319 2812 2538 2853 propositum:

1466 2858 1542 2900 quia
1565 2858 1690 2889 bonum
1714 2864 1760 2888 est
1783 2867 1902 2888 nomen
1936 2858 2137 2894 absolutum,
2162 2864 2192 2888 et
2215 2857 2339 2888 bonitas
2363 2856 2470 2887 divina
2492 2864 2539 2888 est

1467 2902 1637 2934 extrinseca
1661 2903 1754 2933 rebus
1778 2901 1856 2932 aliis.

1522 2947 1574 2978 IV.
1593 2946 1710 2985 Quoad
1730 2947 1907 2977 secundum
1919 2946 1945 2982 *,
1962 2946 2018 2977 ibi:
2039 2947 2143 2985 Plato,
2160 2945 2251 2987 ponit
2266 2952 2404 2986 quatuor
2419 2955 2539 2987 propo-

1467 2991 1597 3025 sitiones
1613 2990 1762 3022 Platonis.
1788 2990 1893 3021 Prima
1910 2998 1970 3021 est:
1997 2990 2116 3031 species
2139 2999 2245 3021 rerum
2269 2996 2343 3020 sunt
2365 2996 2538 3030 separatae.

1467 3036 1612 3067 Secunda
1628 3042 1684 3072 est,
1701 3035 1791 3076 quod
1808 3035 2005 3075 particularia
2022 3034 2269 3066 denominantur
2284 3035 2323 3064 ab
2340 3033 2411 3064 illis.
2432 3034 2539 3066 Tertia

1467 3087 1523 3117 est,
1540 3080 1629 3121 quod
1653 3079 1812 3110 invenitur
1835 3079 1903 3110 idea
1920 3080 2008 3116 entis,
2035 3079 2130 3110 unius
2149 3085 2179 3110 et
2203 3078 2290 3115 boni,
2307 3079 2350 3110 ita
2373 3079 2462 3119 quod
2486 3079 2540 3110 illa

1467 3132 1513 3156 est
1529 3125 1626 3155 Deus.
1647 3125 1783 3162 Quarta:
1804 3125 1842 3155 ab
1859 3124 1911 3154 illa
1927 3124 2035 3155 omnia
2050 3123 2297 3154 denominantur
2313 3124 2406 3154 bona.
2427 3123 2468 3155 Et
2483 3123 2538 3160 sic,

1467 3170 1644 3200 secundum
1668 3169 1844 3204 Platonem,
1862 3169 2070 3209 respondetur
2089 3167 2129 3198 ad
2148 3167 2329 3208 quaesitum
2344 3167 2538 3199 affirmative.

1521 3213 1560 3244 V.
1579 3213 1696 3251 Quoad
1713 3213 1840 3244 tertium
1856 3213 1882 3249 *,
1907 3213 1964 3244 ibi:
1989 3213 2033 3243 Et
2047 3213 2203 3253 quamvis,
2222 3212 2340 3252 positio
2360 3211 2538 3243 Aristotelis

1467 3258 1499 3288 in
1524 3257 1634 3298 primis
1653 3258 1776 3288 duabus
1801 3257 2073 3298 propositionibus
2098 3256 2269 3292 discordat;
2295 3257 2327 3286 in
2352 3256 2441 3288 tertia
2461 3266 2536 3287 vero

1467 3303 1654 3338 concordat;
1680 3302 1718 3332 de
1742 3309 1854 3343 quarta
1877 3301 1956 3332 nihil
1980 3300 2103 3332 dicitur.

1522 3347 1575 3377 VI.
1594 3346 1685 3378 Circa
1709 3347 1790 3377 hanc
1814 3353 1936 3387 partem
1959 3345 2094 3376 dubium
2119 3345 2264 3380 occurrit,
2282 3355 2348 3386 quo
2373 3352 2467 3385 pacto
2486 3355 2537 3375 ve-

1466 3401 1538 3422 rum
1562 3391 1601 3422 sit
1624 3391 1826 3422 Aristotelem
1852 3389 2027 3421 consentire
2047 3389 2171 3420 Platoni
2195 3390 2234 3420 de
2254 3390 2323 3420 idea
2347 3389 2438 3425 boni,
2463 3399 2538 3420 cum

1467 3446 1610 3475 expresse
1633 3436 1665 3466 in
1691 3435 1701 3465 1
1726 3435 1829 3466 Ethic.
1846 3434 1864 3452 '
1887 3434 2055 3474 impugnet
2078 3444 2158 3464 eam.

1523 3480 1573 3510 Ad
1597 3479 1659 3510 hoc
1682 3479 1816 3510 breviter
1846 3478 1972 3514 dieitur,
2004 3488 2078 3509 cum
2103 3478 2262 3510 Eustratio
2287 3485 2317 3509 et
2341 3489 2364 3509 s.
2379 3477 2507 3508 Thoma
2522 3477 2539 3496 *

1466 3524 1498 3554 in
1524 3524 1535 3554 I
1559 3524 1682 3562 Ethic.‚
1707 3523 1796 3564 quod
1820 3522 1900 3554 inter
1925 3522 2127 3554 Aristotelem
2152 3530 2182 3554 et
2205 3522 2372 3553 Platonem
2401 3532 2466 3552 non
2492 3528 2538 3553 est

1467 3568 1517 3598 hic
1542 3567 1713 3598 differentia
1743 3567 1801 3597 nisi
1825 3567 1967 3597 verbalis.
2001 3567 2214 3607 Reprehendit
2244 3566 2330 3597 enim
2353 3566 2538 3597 Aristoteles

1467 3613 1537 3647 hoc,
1563 3612 1689 3646 scilicet,
1715 3612 1828 3642 bonum
1849 3621 1912 3652 per
1935 3613 2103 3642 essentiam
2129 3612 2218 3643 debet
2236 3612 2315 3652 poni
2327 3620 2391 3651 per
2408 3610 2535 3642 modum

2559 1275 2571 1287 ³
2585 1274 2597 1296 1
2605 1241 2711 1303 Μεωζρὶι.
2722 1281 2765 1303 cap

2560 1307 2598 1323 rx·
2615 1301 2637 1324 11
2647 1318 2654 1329 ,
2672 1307 2724 1330 etp.
2739 1308 2762 1324 vn

2561 1318 2766 1378 &servet

2561 1387 2610 1409 xrv,
2617 1387 2660 1407 xv:
2674 1372 2715 1409 ni,
2723 1382 2768 1404 lect

2562 1414 2613 1456 :nvn
2622 1407 2767 1436 vn‚1ect.xsv

2661 1471 2678 1496 η

2562 1497 2574 1508 “
2589 1496 2638 1525 Qu.
2650 1502 2675 1524 ιι,
2689 1500 2732 1519 art.
2742 1504 2764 1527 3.

2563 1738 2574 1749 ⁸
2588 1736 2637 1765 Qu.
2651 1743 2683 1764 tv,
2697 1741 2740 1760 m.
2749 1743 2768 1767 3.

2565 1792 2574 1801 ·
2590 1790 2619 1813 D.
2634 1790 2688 1819 ²8⁴·

2568 2954 2576 2963 ·
2592 2953 2629 2976 Cf.
2643 2959 2709 2976 num.
2721 2960 2751 2976 n.

2566 3221 2574 3229 “
2590 3219 2626 3242 cf.
2642 3219 2698 3241 ibid.

2565 3432 2576 3441 '⁸
2591 3431 2649 3459 Cap.
2659 3437 2690 3453 νι.

2567 3486 2574 3495 ·
2590 3484 2653 3506 Lect.
2664 3489 2709 3506 vu.
