2768 4178
26 1832 44 1868 ,⁶
55 1833 130 1859 Nu·-
139 1840 220 1864 praee.

130 1939 141 1949 ,,

27 1966 118 1991 *mm

31 2885 46 2913 ,⁴
58 2886 127 2916 Infit,
137 2894 177 2917 qu.
186 2894 246 2916 mv,

27 2916 158 2970 .·¹·'c‘i-¹tm‚
169 2945 212 2964 m.
221 2948 238 2964 ι.

993 220 1261 268 QUAESTIO
1290 223 1360 270 Vl,
1391 223 1687 261 ARTICULUS
1719 226 1766 261 111

2427 225 2477 273 69

960 352 1295 386 Commentariis.
1317 353 1569 386 Cardinalis
1591 354 1794 387 Caietam

311 462 331 482 N
347 451 452 488 titulo,
473 451 506 492 ly
524 452 694 492 proprium
719 450 923 490 distinguitur
946 458 1055 482 contra
1074 461 1250 482 commune.
1269 469 1287 474 -
1305 452 1352 492 Ly

283 465 370 537 Iper
383 497 553 527 essentiam
570 501 675 536 potest
690 494 897 525 determinare
916 495 1105 532 subiectum,
1128 502 1158 526 et
1177 503 1282 537 potest
1301 496 1352 526 de-

280 541 448 572 terminare
463 539 688 581 praedicatum.
713 539 755 570 Et
769 539 796 569 si
812 538 945 580 quidem
959 540 1148 571 determinat
1162 541 1350 576 subiectum,

280 593 357 616 tunc
379 586 412 626 ly
430 594 494 626 per
516 585 684 615 essentiam
714 583 918 623 distinguitur
942 590 1051 614 contra
1074 595 1171 615 omne
1202 585 1234 615 id
1263 585 1352 626 quod

280 637 328 661 est
351 636 436 661 extra
465 627 597 659 subiecti
623 627 802 659 essentiam.
834 627 874 659 Et
898 634 944 659 est
967 638 1093 659 sensus:
1119 630 1235 660 Utrum
1264 629 1351 660 solus

279 675 368 705 Deus
391 683 447 714 per
470 671 648 708 essentiam,
664 671 707 703 ita
731 671 820 713 quod
844 682 911 702 non
934 682 990 712 per
1009 673 1129 714 aliquid
1152 681 1237 705 extra
1260 684 1351 704 suam

279 717 458 753 essentiam,
475 717 515 748 sit
538 715 729 747 sufficienter
751 717 855 747 bonus
880 716 1062 748 formaliter.
1088 718 1120 749 Si
1138 728 1215 749 vero
1239 718 1271 759 ly
1289 728 1352 759 per

278 763 448 794 essentiam
473 760 660 792 determinat
676 760 902 801 praedicatum,
919 768 996 793 tunc
1016 762 1219 803 distinguitur
1242 769 1352 794 contra

277 816 347 838 esse
369 806 431 837 tale
455 815 511 846 per
534 804 820 846 participationem.
844 805 886 836 Et
909 812 956 837 est
970 816 1096 837 sensus:
1123 808 1239 838 Utrum
1263 807 1351 838 solus

278 852 367 882 Deus
390 850 430 881 sit
453 851 558 881 bonus
581 859 638 890 per
660 849 839 886 essentiam,
856 850 946 886 idest,
974 851 1014 882 sit
1038 852 1142 883 bonus
1165 862 1230 883 non
1255 852 1350 892 parti-

278 895 394 936 pative.
412 912 433 917 —
447 894 589 926 Vocatur
612 900 720 925 autem
737 895 966 935 participative
988 896 1059 932 tale,
1077 896 1235 938 quidquid
1257 897 1351 927 habet

277 940 420 981 aliquam
433 938 590 970 rationem
614 938 792 975 formalem,
809 949 875 970 non
899 941 1076 971 secundum
1097 948 1198 973 totam
1213 941 1350 982 plenitu-

279 984 388 1015 dinem
403 982 605 1024 perfectionis
629 982 789 1024 possibilis
814 984 982 1015 convenire
1005 985 1059 1016 tali
1083 985 1197 1016 rationi
1213 986 1349 1016 formali.

276 1029 417 1070 Oportet
439 1027 526 1059 enim
548 1027 638 1068 quod
670 1027 857 1058 huiusmodi
884 1036 945 1065 est,
970 1036 1094 1069 partem
1116 1030 1201 1061 illius
1225 1037 1350 1061 tantum

277 1073 407 1104 habere:
432 1079 463 1104 et
479 1078 646 1113 propterea
661 1072 877 1112 participative
893 1073 954 1104 tale
969 1074 1091 1105 dicitur.
1116 1075 1157 1105 Et
1171 1084 1226 1115 per
1246 1084 1349 1114 oppo-

277 1118 386 1154 situm,
406 1117 468 1148 tale
483 1126 549 1157 per
571 1118 741 1148 essentiam
766 1117 887 1154 dicitur,
905 1119 995 1159 quod
1018 1129 1055 1149 ex
1077 1119 1148 1159 ipso
1172 1129 1233 1149 suo
1249 1119 1350 1149 modo

277 1161 402 1194 essendi
421 1171 554 1192 ornnem
569 1161 802 1202 plenitudinem
820 1161 866 1192 illi
889 1162 1002 1194 rationi
1019 1162 1146 1194 formali
1164 1163 1350 1203 possibilem

277 1206 461 1239 naturaliter
484 1205 618 1242 claudit;
643 1212 679 1236 ut
703 1205 797 1242 calor,
823 1206 848 1236 si
872 1216 928 1247 per
951 1217 984 1237 se
1008 1207 1199 1238 subsisteret.

272 1280 276 1282 ,
291 1275 307 1279 Α
330 1249 627 1291 Ἠκῐπῴὼροείῐο
651 1255 768 1285 autem,
786 1250 933 1291 quamvis
949 1251 1048 1291 gratia
1071 1251 1219 1282 materiae
1234 1252 1267 1282 hi
1283 1251 1349 1282 duo

276 1295 369 1327 modi
385 1294 574 1330 coincidant,
588 1294 752 1335 sequendo
765 1294 943 1325 doctrinam
957 1305 982 1326 s.
991 1295 1139 1326 Thomae
1156 1293 1245 1338 (quia
1261 1297 1350 1336 quod

276 1347 326 1372 est
347 1349 404 1381 per
426 1338 596 1370 essentiam
618 1338 723 1378 primo
747 1338 847 1369 modo
871 1339 1012 1376 bonum,
1037 1346 1084 1371 est
1107 1340 1203 1371 etiam
1226 1341 1350 1371 bonum

277 1395 335 1426 per
358 1384 527 1416 essentiam
550 1382 692 1413 secundo
711 1383 823 1418 modo,
844 1390 875 1414 et
899 1394 915 1414 e
939 1382 1125 1427 converso);
1149 1385 1226 1426 quia
1244 1391 1350 1416 tamen

276 1428 453 1460 formaliter
483 1434 515 1458 et
544 1426 762 1458 universaliter
791 1427 824 1458 hi
854 1428 920 1459 duo
951 1429 1040 1459 modi
1069 1439 1136 1460 non
1166 1429 1351 1470 coincidunt

275 1471 448 1521 (quoniam
463 1471 607 1503 Socrates
632 1477 679 1502 est
698 1481 755 1512 per
773 1482 865 1502 suam
885 1472 1053 1504 essentiam
1069 1473 1180 1510 homo,
1198 1481 1228 1505 et
1244 1481 1349 1505 tamen

276 1527 344 1548 non
368 1523 416 1548 est
437 1516 538 1547 homo
557 1525 615 1556 per
630 1516 808 1552 essentiam,
826 1517 880 1547 sed
899 1517 1131 1558 participative:
1157 1518 1245 1549 solus
1265 1518 1350 1549 enim

276 1561 379 1592 homo
393 1561 587 1596 Platonicus,
605 1560 631 1591 si
647 1560 849 1597 inveniretur,
867 1569 948 1593 esset
966 1562 1068 1593 homo
1084 1572 1141 1603 per
1156 1561 1349 1604 essentiam),

271 1613 310 1638 et
330 1615 479 1646 praesens
495 1605 640 1646 quaestio
660 1612 750 1636 mota
763 1612 810 1636 est
833 1606 872 1636 de
895 1606 967 1647 ipso
990 1607 1078 1637 bono
1094 1617 1150 1648 per
1171 1608 1348 1642 essentiam,

276 1657 309 1682 et
331 1660 398 1681 non
421 1650 539 1681 directe
562 1650 601 1680 de
623 1649 693 1690 ipsa
716 1649 850 1681 essentia
874 1651 981 1682 divina
1005 1650 1175 1694 (quoniam
1197 1652 1230 1682 in
1254 1662 1350 1693 quae-

275 1695 380 1727 stione
396 1694 486 1726 tertia
501 1693 570 1725 iani*
589 1694 725 1726 stabilita
744 1701 791 1726 est
805 1694 890 1726 illius
910 1695 1104 1736 simplicitas,
1121 1704 1151 1727 et
1166 1697 1256 1738 quod
1272 1697 1350 1727 nihil

277 1739 426 1770 convenit
448 1739 508 1770 sibi
531 1748 588 1780 per
611 1738 731 1780 aliquid
754 1738 899 1770 additum
918 1749 994 1771 suae
1013 1739 1196 1784 essentiae):
1221 1741 1293 1772 ideo
1318 1741 1350 1782 ly

270 1793 336 1826 per
358 1785 527 1815 essentiam
552 1793 584 1814 se
608 1790 694 1814 tenet
718 1793 754 1814 ex
777 1791 865 1824 parte
886 1784 1070 1825 praedicati,
1094 1792 1124 1816 et
1147 1785 1351 1826 distinguitur

277 1835 387 1860 contra
392 1838 457 1869 per
462 1829 742 1869 participationem
748 1838 763 1866 ,·
778 1835 810 1859 et
825 1835 872 1859 est
888 1839 998 1860 sensus
1014 1836 1049 1860 ut
1065 1830 1187 1870 supra*
1201 1830 1348 1861 diximus.

330 1873 372 1904 Et
394 1873 457 1904 hoc
481 1879 640 1914 quantum
664 1879 711 1903 est
734 1882 771 1903 ex
794 1880 881 1913 parte
911 1874 1097 1914 exponentis
1126 1874 1347 1905 affirmativae:

276 1927 353 1949 nam
376 1927 414 1948 ex
436 1924 524 1959 parte
539 1917 711 1958 negativae,
731 1917 764 1957 ly
782 1927 847 1957 per
869 1919 1038 1949 essentiam
1058 1929 1091 1949 se
1107 1925 1193 1950 tenet
1209 1929 1245 1949 ex
1262 1926 1349 1959 parte

275 1961 418 1998 subiecti,
441 1968 472 1992 et
495 1968 542 1992 est
565 1971 675 1992 sensus
700 1968 735 1992 ut
758 1971 853 2002 supra
870 1962 886 1980 *
910 1962 1056 1993 diximus.
1082 1963 1123 1993 Et
1145 1963 1220 1994 huic
1244 1963 1349 1994 sensui

276 2006 383 2038 favent
405 2006 515 2037 omnia
538 2012 724 2046 argumenta
745 2005 878 2042 litterae,
904 2013 934 2038 et
957 2007 1037 2038 ratio
1061 2007 1093 2037 in
1118 2017 1251 2048 corpore
1275 2007 1348 2038 assi-

274 2057 379 2092 gnata.
410 2051 502 2082 Unde
526 2050 578 2081 hic
601 2050 758 2090 exclusive
783 2050 996 2091 principaliter
1018 2051 1197 2092 disputatur
1220 2059 1350 2092 propter

275 2095 454 2136 negativam
478 2101 710 2135 exponentem,
742 2095 832 2135 quasi
863 2094 1048 2126 affirmativa
1076 2106 1113 2126 ex
1140 2095 1230 2127 tertia
1253 2106 1349 2137 quae-

275 2140 377 2171 stione
401 2139 508 2170 habita
531 2138 580 2170 sit.

332 2183 384 2214 111.
403 2183 438 2214 ln
454 2193 587 2223 corpore
604 2182 698 2213 unica
715 2183 889 2219 conclusio,
908 2184 1091 2224 responsiva
1107 2184 1251 2225 quaesito
1268 2184 1350 2215 affir-

275 2228 406 2259 mative:
427 2227 522 2259 Solus
534 2228 621 2258 Deus
637 2234 683 2258 est
695 2228 799 2258 bonus
813 2238 869 2268 per
884 2228 1062 2259 essentiam.
1073 2247 1092 2251 -
1102 2229 1258 2260 Probatur
1274 2229 1350 2260 haec

274 2272 433 2304 exclusiva
457 2272 565 2313 quoad
589 2279 758 2313 utramque
782 2280 994 2312 exponentem
1017 2273 1122 2309 simul,
1141 2273 1194 2311 sic.
1219 2273 1350 2314 Triplex

274 2316 444 2358 perfectio,
474 2316 591 2348 scilicet
613 2317 791 2347 secundum
814 2317 904 2358 quod
928 2327 976 2348 res
1000 2317 1033 2348 in
1057 2328 1117 2348 suo
1142 2327 1209 2348 esse
1234 2318 1349 2349 consti-

275 2361 390 2398 tuitur„
415 2368 489 2397 etc.,
515 2361 575 2392 soli
599 2361 669 2392 Deo
695 2361 843 2392 convenit
866 2372 923 2402 per
946 2372 1038 2393 suam
1062 2363 1248 2393 essentiam:
1274 2373 1349 2403 ergo

274 2415 344 2436 esse
366 2405 558 2446 perfectum:
584 2415 659 2446 ergo
693 2416 760 2437 esse
783 2406 917 2437 bonum.
952 2407 1038 2447 Ergo
1062 2407 1151 2438 solus
1175 2414 1222 2438 est
1244 2408 1349 2438 bonus

275 2460 332 2491 per
356 2457 535 2481 essentiam.

327 2495 526 2525 Antecedens
551 2494 744 2531 declaratur,
775 2495 1000 2535 distinguendo
1031 2495 1186 2536 triplicem
1214 2496 1350 2536 gradum

276 2538 478 2580 perfectionis
500 2539 552 2574 rei,
578 2546 610 2570 et
632 2539 830 2570 ostendendo
854 2539 1036 2580 singillatim
1061 2540 1121 2570 soli
1145 2541 1215 2571 Deo
1235 2550 1349 2571 conve-

276 2583 343 2614 nire
359 2583 582 2624 quidditative:
607 2583 682 2624 quia
706 2583 737 2613 in
762 2584 867 2624 primo
892 2584 1048 2616 clauditur
1065 2594 1142 2620 esse,
1160 2585 1192 2615 in
1208 2586 1348 2616 secundo

276 2627 458 2663 accidentia,
478 2627 511 2658 in
528 2627 620 2658 tertio
639 2627 711 2658 finis
735 2628 877 2659 ultimus.
894 2647 914 2651 —
930 2628 1036 2659 Prima
1051 2629 1279 2670 consequentia
1302 2635 1349 2659 re-

276 2671 430 2712 linquitur
451 2682 508 2712 per
524 2682 557 2714 se
573 2678 649 2702 nota
665 2682 702 2702 ex
726 2672 893 2703 sufficienti
917 2673 1082 2704 divisione.
1107 2674 1252 2705 Secunda
1276 2684 1349 2714 pro-

275 2716 382 2747 batur:
403 2716 478 2757 quia
494 2717 752 2757 unumquodque
768 2716 927 2748 intantum
942 2724 989 2748 est
1006 2718 1140 2754 bonum,
1157 2719 1349 2760 inquantum

276 2760 465 2801 perfectum.
491 2760 599 2791 Tertia
621 2760 811 2802 relinquitur
834 2771 890 2802 per
913 2771 946 2792 se
969 2769 1056 2794 nota.

334 2805 387 2836 IV.
409 2804 502 2836 Circa
526 2805 723 2841 antecedens,
746 2805 881 2837 dubium
898 2808 1008 2847 primo
1032 2814 1087 2843 est,
1113 2808 1202 2849 quod
1226 2817 1293 2838 esse
1317 2807 1348 2837 in

1407 458 1585 491 quaeretur.
1611 469 1630 474 -
1654 451 1706 482 Ad
1729 452 1932 492 propositum
1962 457 2068 483 tamen
2100 454 2177 485 scito
2202 454 2360 491 sufficere,
2386 456 2474 496 quod

1408 505 1474 525 esse
1499 502 1529 526 et
1551 495 1704 536 principia
1735 496 1928 536 operationis
1956 497 2017 527 sint
2042 505 2125 528 extra
2155 499 2303 529 essentias
2327 499 2474 530 omnium

1407 540 1655 571 substantiarum
1678 540 1869 571 formaliter:
1900 541 1933 571 in
1957 541 2016 571 Dei
2039 549 2147 573 autem
2170 543 2343 574 substantia
2367 543 2474 574 omnia

1407 584 1594 615 claudantur
1616 584 1798 615 formaliter.
1825 585 1960 616 Intentio
1984 593 2090 616 tamen
2112 586 2231 618 litterae
2255 595 2302 618 est
2317 588 2355 618 de
2374 588 2473 619 inclu-

1406 628 1495 659 sione
1519 636 1550 660 et
1572 629 1752 660 exclusione
1775 629 1859 666 reali,
1885 636 1915 660 et
1938 639 2004 660 non
2027 637 2152 661 tantum
2176 631 2312 662 formali.

1462 673 1500 704 V.
1533 672 1624 704 Circa
1654 673 1792 714 primam
1822 674 2084 715 consequentiam
2108 675 2124 694 *
2153 676 2288 706 dubium
2319 676 2471 707 occurrit:

1405 717 1481 758 quia
1504 728 1570 749 non
1594 718 1718 749 videtur
1740 717 1857 749 efficax.
1882 719 1970 749 Tum
1993 719 2068 760 quia
2091 719 2251 760 quaelibet
2272 730 2320 751 res
2342 726 2389 751 est
2403 730 2473 761 per-

1406 762 1485 793 fecta
1507 762 1715 803 quidditative
1738 772 1794 803 per
1818 773 1909 793 suam
1933 763 2110 800 essentiam,
2128 766 2163 795 ut
2178 771 2279 804 patet:
2304 774 2362 796 nec
2378 765 2473 796 huius

1405 807 1594 847 oppositum
1617 807 1760 848 sequitur
1784 817 1820 837 ex
1842 807 1899 838 illo
1916 808 2129 839 antecedente.
2153 809 2242 839 Tum
2264 809 2340 849 quia
2363 819 2473 840 conse-

1405 851 1534 892 quentia
1557 851 1634 882 haec
1658 851 1812 891 supponit
1834 852 1924 892 quod
1947 862 2014 883 esse
2038 852 2078 883 sit
2101 853 2139 883 de
2162 853 2337 893 integritate
2353 853 2473 893 primae

1404 895 1606 936 perfectionis
1629 895 1683 932 rei,
1709 902 1744 926 ut
1767 902 1867 936 patet:
1892 896 1954 927 hoc
1977 903 2085 927 autem
2109 907 2176 928 non
2198 897 2320 928 videtur
2343 908 2471 933 verum,

1404 940 1559 980 quoniam
1578 950 1645 970 esse
1662 947 1708 971 est
1724 947 1807 971 extra
1823 940 2034 981 integritatem
2057 941 2295 972 substantialem
2319 941 2473 983 cuiusque

1404 984 1447 1015 rei
1471 985 1547 1015 citra
1570 984 1691 1020 Deum,
1716 984 1749 1014 in
1765 985 1856 1015 cuius
1872 985 2009 1025 signum,
2028 985 2115 1016 nulla
2131 985 2271 1017 definitio
2295 986 2371 1017 dicit
2393 996 2471 1024 esse,

1404 1036 1440 1060 ut
1464 1029 1578 1060 dicitur
1600 1029 1611 1059 Ι
1631 1029 1753 1060 Poster.
1765 1029 1783 1047 '⁸‘

1457 1074 1510 1104 VI.
1531 1074 1583 1104 Ad
1603 1073 1665 1104 hoc
1689 1073 1803 1104 dicitur
1826 1073 1968 1110 breviter,
1987 1074 2075 1115 quod
2095 1084 2143 1104 res
2159 1081 2263 1115 potest
2287 1074 2348 1105 dici
2371 1074 2471 1115 perfe-

1404 1124 1452 1148 cta
1477 1117 1660 1158 dupliciter,
1692 1117 1808 1149 scilicet
1838 1119 2041 1158 simpliciter,
2067 1125 2097 1149 et
2119 1119 2294 1150 secundum
2318 1120 2412 1160 quid:
2442 1126 2472 1150 et

1403 1162 1494 1202 quod
1517 1162 1659 1203 quandiu
1684 1172 1732 1192 res
1755 1172 1822 1192 non
1845 1169 1892 1193 est
1914 1162 1947 1192 in
1971 1173 2077 1193 rerum
2101 1170 2221 1199 natura,
2242 1164 2472 1206 qUodcumque

1404 1216 1470 1236 esse
1494 1206 1623 1242 habeat,
1649 1205 1713 1236 sive
1738 1206 1947 1243 obiectivum,
1974 1207 2038 1237 sive
2066 1207 2325 1248 quidditativum,
2351 1208 2416 1239 sive
2438 1208 2471 1239 in

1404 1260 1506 1286 causa,
1532 1260 1598 1281 non
1622 1250 1735 1281 dicitur
1758 1260 1824 1280 esse
1848 1250 1985 1291 perfecta
2004 1251 2196 1292 simpliciter,
2217 1252 2272 1282 sed
2295 1253 2472 1283 secundum

1404 1295 1500 1335 quid,
1526 1295 1606 1325 idest
1628 1294 1662 1324 in
1684 1294 1739 1325 tali
1769 1304 1845 1325 esse.
1876 1294 2059 1325 Secundum
2090 1302 2198 1326 autem
2221 1306 2287 1326 esse
2311 1296 2343 1326 in
2366 1307 2472 1327 rerum

1403 1346 1524 1375 natura,
1542 1339 1656 1370 dicitur
1670 1338 1806 1379 perfecta
1821 1339 2015 1379 simpliciter,
2032 1340 2139 1380 quoad
2156 1340 2383 1380 perfectionem
2402 1342 2473 1372 sub-

1403 1383 1591 1415 stantialem.
1617 1383 1658 1414 Et
1673 1390 1838 1423 propterea
1862 1393 1929 1414 esse
1953 1391 1999 1415 est
2015 1385 2054 1414 de
2069 1384 2244 1424 integritate
2261 1385 2382 1425 primae
2404 1396 2472 1426 per-

1404 1428 1550 1459 fectionis
1566 1428 1721 1468 cuiusque
1738 1427 1792 1464 rei,
1809 1437 1875 1458 non
1892 1434 1927 1459 ut
1942 1438 2014 1468 pars
2032 1429 2226 1469 quidditatis,
2244 1430 2299 1460 sed
2317 1437 2354 1460 ut
2369 1437 2473 1461 actua-

1404 1473 1474 1503 litas
1498 1473 1651 1503 eiusdem.
1668 1490 1687 1494 —
1705 1472 1745 1503 Et
1768 1482 1824 1512 per
1846 1472 1923 1503 haec
1943 1480 2028 1513 patet
2051 1473 2218 1514 responsio
2243 1474 2282 1504 ad
2306 1474 2428 1506 obiecta

1460 1517 1528 1548 Vll.
1554 1517 1593 1548 Et
1617 1516 1641 1547 si
1666 1523 1775 1547 contra
1798 1516 1859 1547 hoc
1883 1517 2025 1553 instetur,
2046 1528 2084 1548 eo
2109 1518 2198 1558 quod
2222 1528 2279 1554 res,
2297 1519 2473 1550 secundum

1404 1572 1477 1592 suas
1501 1561 1650 1592 essentias
1673 1568 1883 1601 comparatae,
1899 1562 2093 1602 graduantur
2110 1562 2292 1603 simpliciter
2315 1573 2351 1594 ex
2374 1563 2473 1604 perfe-

1404 1606 1562 1637 ctionibus
1578 1605 1795 1636 essentialibus
1815 1604 1871 1647 (ita
1887 1606 1976 1647 quod
1993 1616 2075 1647 aqua
2092 1614 2138 1637 est
2154 1607 2358 1638 essentialiter
2373 1608 2473 1648 perfe-

1404 1651 1483 1682 ctior
1498 1660 1597 1692 quam
1613 1657 1703 1686 terra,
1720 1657 1750 1681 et
1766 1660 1818 1680 aer
1833 1660 1932 1691 quam
1948 1661 2041 1691 aqua,
2055 1658 2085 1682 et
2101 1651 2182 1691 ignis
2197 1662 2296 1692 quam
2312 1662 2373 1688 aer,
2385 1651 2473 1695 etc.);

1403 1696 1499 1736 igitur
1522 1705 1588 1726 esse
1612 1694 1788 1735 perfectum
1819 1694 2019 1736 simpliciter,
2049 1696 2198 1726 convenit
2220 1696 2264 1727 rei
2288 1706 2324 1727 ex
2348 1707 2405 1727 sua
2428 1707 2474 1727 es-

1404 1740 1519 1771 sentia:
1537 1758 1557 1762 -
1576 1740 1616 1770 ad
1632 1739 1694 1770 hoc
1714 1746 1759 1770 est
1776 1739 1946 1770 dicendum
1962 1740 2060 1780 quod,
2079 1750 2153 1771 curn
2170 1740 2293 1777 dicitur,
2311 1741 2401 1772 nulla
2421 1751 2474 1772 res

1403 1785 1470 1815 alia
1493 1795 1514 1815 a
1537 1785 1607 1815 Deo
1636 1789 1683 1815 est
1699 1794 1764 1825 per
1786 1793 1878 1815 suam
1903 1786 2071 1815 essentiam
2097 1784 2247 1826 perfecta
2274 1786 2471 1826 simpliciter,

1403 1828 1588 1869 intelligitur
1618 1829 1708 1870 quod
1731 1828 1763 1869 ly
1788 1838 1852 1869 per
1881 1828 2011 1859 denotat
2042 1838 2170 1860 causam
2199 1829 2382 1866 formalem,
2407 1840 2473 1860 non

1403 1874 1683 1914 qualemcumque,
1702 1873 1756 1903 sed
1772 1872 1997 1914 sufficientem,
2016 1874 2105 1904 omni
2126 1873 2188 1904 alio
2212 1874 2362 1914 praeciso.
2387 1874 2475 1905 Licet

1403 1917 1489 1948 enim
1513 1917 1593 1957 ignis
1617 1917 1751 1948 essentia
1774 1917 1822 1953 sit,
1841 1927 1904 1958 qua
1925 1916 2098 1949 formaliter
2116 1918 2197 1958 ignis
2213 1919 2306 1949 habet
2330 1920 2473 1950 substan-

1403 1962 1511 1992 tialem
1534 1961 1780 2002 perfectionem;
1806 1971 1872 1992 non
1895 1969 2002 1993 tamen
2025 1969 2072 1993 est
2099 1962 2257 1993 sufficiens
2281 1963 2360 1993 ratio
2384 1964 2473 2004 quod

1404 2006 1484 2046 ignis
1510 2006 1548 2037 sit
1571 2006 1604 2036 in
1627 2016 1684 2036 sua
1708 2006 1904 2037 substantiali
1927 2006 2135 2047 perfectione;
2161 2007 2215 2037 sed
2235 2014 2362 2047 oportet
2384 2008 2473 2049 quod

1404 2057 1548 2082 actuetur
1570 2061 1626 2091 per
1649 2051 1755 2091 ipsum
1772 2060 1848 2082 esse.
1874 2051 1966 2082 Unde
1985 2051 2025 2081 ad
2049 2051 2230 2082 instantiam
2245 2052 2367 2088 dicitur,
2384 2052 2472 2093 quod

1403 2105 1451 2125 res
1475 2095 1669 2135 graduantur
1693 2105 1729 2125 ex
1753 2095 1817 2126 suis
1842 2095 1983 2126 essentiis
2006 2095 2039 2125 in
2063 2095 2255 2135 perfectione
2279 2096 2471 2136 simpliciter,

1404 2149 1469 2170 non
1493 2140 1689 2180 completive,
1714 2140 1769 2170 sed
1793 2140 1991 2170 radicaliter.
2017 2157 2035 2162 -
2059 2140 2118 2171 Vel
2142 2140 2263 2171 dicatur
2286 2140 2336 2183 (et
2359 2151 2472 2181 parum

1404 2182 1529 2226 differt),
1545 2184 1634 2224 quod
1650 2184 1698 2214 re's
1717 2184 1911 2224 graduantur
1930 2194 1966 2214 ex
1983 2185 2048 2214 suis
2072 2185 2213 2215 essentiis
2232 2185 2264 2214 in
2281 2185 2473 2225 perfectione

1403 2228 1596 2268 simpliciter,
1622 2238 1688 2258 non
1712 2228 1962 2268 praescindendo
1987 2229 2025 2258 ab
2050 2238 2159 2259 earum
2183 2239 2259 2265 esse,
2282 2229 2348 2259 imo
2373 2230 2473 2260 inclu—

1404 2272 1509 2303 dendo
1533 2272 1660 2303 ordines
1675 2273 1715 2302 ad
1733 2273 1817 2312 ipsa:
1842 2272 2007 2313 quoniam,
2028 2280 2064 2304 ut
2083 2272 2195 2304 diffuse
2220 2274 2416 2304 ostendimus
2440 2274 2473 2305 in

1404 2317 1640 2348 commentariis
1656 2317 1696 2348 de
1709 2317 1793 2347 Ente
1809 2322 1839 2348 et
1854 2317 2003 2348 Essentia
2017 2318 2043 2354 *,
2066 2316 2238 2348 differentia
2261 2318 2473 2349 substantialis

1403 2362 1541 2393 sumitur
1556 2362 1595 2392 ab
1612 2361 1723 2392 ordine
1739 2362 1778 2391 ad
1795 2371 1875 2398 esse;
1897 2369 1932 2392 ut
1946 2361 2041 2393 etiam
2056 2362 2252 2403 Porphyrius
2266 2363 2437 2394 insinuavit
2446 2363 2472 2399 *‚

1403 2406 1436 2436 in
1460 2406 1572 2437 ultima
1602 2416 1638 2437 ac
1669 2405 1780 2437 intima
1813 2406 2003 2437 differentiae
2032 2405 2215 2437 definitione
2246 2407 2352 2438 dicens
2384 2408 2472 2448 quod

1404 2451 1551 2482 conducit
1575 2451 1619 2481 ad
1641 2460 1719 2488 esse,
1746 2457 1781 2481 ut
1804 2450 1922 2481 ibidem
1945 2450 2123 2491 posuimus.

1459 2495 1541 2526 VIII.
1559 2495 1651 2526 Circa
1675 2495 1822 2526 ultimam
1840 2495 2099 2535 consequentiam
2115 2495 2142 2531 *,
2167 2495 2291 2526 adverte
2315 2496 2413 2536 quod,
2438 2504 2474 2527 ut

1405 2540 1541 2570 diximus
1558 2540 1590 2570 in
1605 2540 1699 2570 titulo
1712 2540 1737 2574 *,
1755 2539 1830 2580 quia
1849 2539 1946 2580 gratia
1963 2540 2110 2570 materiae
2126 2540 2203 2570 haec
2219 2540 2284 2570 duo
2309 2547 2424 2571 mutuo
2441 2551 2474 2571 se

1404 2584 1552 2620 inferunt,
1570 2586 1596 2614 A
1613 2590 1659 2615 est
1667 2594 1732 2624 per
1749 2593 1842 2614 suam
1859 2585 2027 2615 essentiam
2048 2585 2175 2622 bonum,
2194 2591 2233 2620 et,
2250 2586 2277 2614 A
2295 2590 2341 2615 est
2357 2585 2471 2615 bonum

1398 2639 1462 2670 per
1478 2630 1647 2660 essentiam
1655 2638 1669 2667 ,·
1689 2628 1762 2658 ideo
1779 2628 1880 2659 littera
1897 2639 1962 2659 non
1980 2628 2124 2659 discrevit
2139 2628 2219 2659 inter
2234 2628 2326 2664 haec;
2351 2636 2381 2659 et
2397 2639 2473 2660 con-

1404 2674 1492 2704 cluso
1513 2674 1601 2715 quod
1626 2673 1713 2703 solus
1728 2673 1814 2703 Deus
1832 2683 1888 2713 per
1903 2673 2070 2703 essentiam
2086 2680 2131 2703 est
2151 2674 2264 2709 bonus,
2286 2674 2473 2704 conclusum

1404 2728 1471 2749 esse
1495 2718 1597 2749 voluit
1620 2717 1709 2758 quod
1733 2717 1820 2747 solus
1844 2717 1931 2748 Deus
1956 2724 2001 2748 est
2024 2718 2129 2748 bonus
2153 2727 2209 2758 per
2232 2717 2409 2748 essentiam.

1460 2763 1512 2794 lx.
1539 2762 1573 2792 In
1598 2761 1804 2802 responsione
1836 2761 1876 2792 ad
1898 2761 2057 2802 primurn,
2083 2762 2207 2793 adverte
2230 2769 2265 2793 tu
2289 2762 2472 2798 Thomista‚

1404 2808 1494 2848 quod
1521 2807 1570 2838 hic
1595 2816 1738 2846 expresse
1771 2806 1867 2836 habes
1892 2806 1980 2847 quod
2005 2816 2107 2837 unum
2132 2816 2197 2836 non
2222 2806 2296 2837 dicit
2320 2806 2474 2838 rationem

276 2849 428 2880 omnibus
459 2849 534 2880 citra
558 2849 682 2886 Deum,
716 2849 756 2880 sit
783 2849 868 2881 aliud
892 2851 931 2881 ab
956 2852 1099 2883 essentia.
1133 2852 1194 2883 Sed
1217 2852 1279 2883 hoc
1304 2858 1351 2882 est
1404 2851 1618 2892 perfectionis:
1644 2860 1679 2881 ac
1703 2857 1933 2891 consequenter
1956 2860 2014 2881 nec
2038 2851 2158 2887 unitas,
2183 2861 2241 2882 nec
2265 2850 2331 2881 eius
2355 2851 2473 2891 species

277 2893 350 2924 alibi
373 2893 391 2913 *
418 2894 628 2925 tractandum.
655 2911 673 2917 -
698 2894 843 2925 Dubium
872 2895 1013 2926 secundo
1044 2903 1145 2932 esset,
1180 2897 1349 2938 quomodo

276 2938 365 2969 nulla
384 2938 517 2970 essentia
533 2945 581 2970 est
599 2938 792 2979 principium
807 2939 1016 2979 operationis:
1042 2941 1097 2971 sed
1113 2941 1175 2971 hoc
1191 2940 1322 2972 inferius
1332 2940 1350 2959 *

1404 2896 1513 2927 dicunt
1544 2894 1770 2936 perfectionem
1795 2894 1995 2936 simpliciter,
2020 2895 2193 2932 formaliter
2215 2895 2394 2936 loquendo;
2421 2896 2475 2926 sed

1374 2923 1378 2974 Ι
1405 2940 1589 2971 abstrahunt
1612 2949 1629 2970 a
1653 2939 1845 2979 perfectione
1869 2946 1899 2970 et
1922 2939 2171 2979 imperfectione.

2501 686 2510 695 ‘
2526 685 2562 708 Cf.
2577 692 2640 708 num.
2654 693 2690 708 ιιι.

2501 1032 2509 1040 ·
2526 1030 2583 1058 Cap.
2598 1037 2624 1057 n,
2639 1037 2712 1058 n.14;

2501 1063 2550 1085 cap.
2562 1064 2585 1085 x,
2600 1063 2623 1079 n.
2634 1064 2656 1085 9.

2501 2366 2510 2375 ⁶
2526 2365 2583 2393 Cap.
2593 2372 2625 2387 vr.

2500 2415 2510 2425 ⁸
2525 2414 2563 2436 lsa
2582 2421 2596 2436 o
2616 2430 2621 2436 .
2633 2420 2683 2442 cap.
2695 2421 2711 2436 ιι

2502 2441 2538 2465 (de
2579 2441 2584 2446 “
2601 2442 2709 2467 erential.

2500 2503 2511 2513 ⁸
2526 2502 2562 2524 Cf.
2578 2508 2642 2524 num.
2654 2508 2686 2524 ιιι.

2502 2548 2509 2556 ”
2525 2546 2600 2574 Supra
2611 2552 2674 2568 num.
2686 2552 2712 2567 ιι.
