2768 4178
990 297 1257 345 QUAESTIO
1287 298 1411 343 XXII,
1441 297 1739 334 ARTICULUS
1769 297 1819 332 III

311 379 344 410 in
360 377 471 411 ordine
495 379 535 409 ad
559 384 705 409 naturam
729 386 758 409 et
780 377 990 408 intentionem
1014 384 1159 413 creatam,
1180 387 1245 407 non
1270 376 1378 406 incon·
1430 376 1528 416 phys.
1545 375 1563 394 ⁴*
1587 376 1740 406 Deessent
1764 385 1838 415 ergo
1863 376 1980 406 multae
2005 375 2211 416 perfectiones
2234 375 2397 406 universo:
2422 381 2500 415 puta
2529 382 2604 430 {Capi
2613 382 2739 404 vnn-nid.

311 423 397 454 venit
413 423 502 464 quod
516 424 549 453 in
566 423 676 454 ordine
695 423 735 453 ad
750 422 890 452 divinam
905 421 1125 457 intentionem,
1141 431 1207 450 non
1222 420 1379 456 fortuitae,
1434 420 1552 451 iustitia
1567 420 1720 461 punitiva,
1736 419 1885 460 patientia
1901 427 2085 460 martyrum,
2103 427 2132 450 et
2149 419 2271 450 similia.
2285 437 2305 442 -
2318 420 2398 455 Iino,
2411 419 2499 460 quod
2526 408 2579 457 ff„
2602 407 2625 435 1,
2640 414 2692 436 ὂψ·
2707 415 2740 436 ¹¹⁹

2422 295 2495 343 267

73 730 84 740 '
94 729 115 751 11
124 728 228 757 physic„
236 734 260 760 c.
264 735 286 750 v.

169 761 224 810 '⁶¹:51
232 755 287 804 3³5¹·

11 753 12 756 Ἴ
73 755 116 804 ἷῖι).
126 762 163 810 xi’,

27 1423 31 1426 γ
78 1397 91 1408 ⁴
102 1395 152 1424 Qu.
161 1401 208 1424 xix,
218 1399 261 1418 ιη.
269 1401 293 1424 9.

31 3158 33 3163 ¹
88 3131 97 3140 ¹
113 3129 171 3157 Cap.
184 3134 242 3150 xvii.

24 3299 28 3313 2
88 3288 99 3298 '
109 3286 243 3309 s.Th.1ect.
253 3291 299 3307 xi.-

85 3312 141 3336 md.
148 3312 188 3335 lib.
197 3312 237 3340 XI,
247 3318 299 3340 cap.

90 3345 123 3367 rx,
139 3345 161 3362 ii.
171 3346 192 3368 3.

2 459 16 486 γ’
313 468 368 498 sed
383 478 440 508 per
455 477 488 498 se
503 467 641 498 intentae
660 467 722 497 sint
741 473 771 497 et
789 466 942 496 dicantur.
968 465 1012 495 Ita
1029 472 1135 495 tamen
1151 465 1249 506 quod,
1271 474 1380 494 secun-

314 512 393 542 dum
417 522 449 542 se
465 519 620 552 sumptae,
646 510 829 551 simpliciter
853 509 991 540 casuales
1015 519 1070 539 seu
1095 508 1242 539 fortuitae
1266 515 1296 538 et
1319 508 1381 539 sint

314 563 345 587 et
368 556 527 587 dicantur:
553 566 589 586 ea
613 555 744 590 ratione,
769 554 845 595 quia
868 563 1078 594 unaquaeque
1102 563 1150 582 res
1174 559 1220 583 est
1244 559 1274 583 et
1296 552 1380 582 iudi-

315 607 402 631 catur
425 600 602 631 secundum
625 598 769 639 proprias
792 604 823 628 et
845 597 1005 637 proximas
1030 607 1148 627 causas.

368 645 410 675 Et
432 654 488 684 per
511 644 573 674 hoc
596 650 682 683 patet
712 652 778 672 non
802 641 1014 672 contradicere
1039 641 1217 671 doctrinam
1239 640 1320 671 hanc
1344 640 1382 671 de

315 688 513 729 providentia
536 687 651 723 divina,
675 686 836 717 doctrinae
855 685 985 716 traditae
1008 685 1041 715 in
1064 684 1269 725 philosophia
1292 691 1382 715 natu-

315 733 372 763 rali
387 732 419 769 *,
444 739 475 762 et
492 732 535 762 Vl
555 731 739 771 Metaphys.
754 729 789 748 **
813 729 977 767 Quoniam
1001 728 1171 770 utrobique
1194 739 1242 759 res
1267 728 1382 759 exami-

315 783 406 808 natae
429 775 647 815 iudicataeque
671 781 754 811 sunt,
779 774 956 804 secundum
980 774 1068 814 quod
1092 773 1231 813 pendent
1253 783 1290 803 ex
1310 783 1382 813 pro-

314 820 417 856 ximis,
441 820 491 850 vel
514 819 625 850 saltem
649 818 889 858 particularibus
914 818 1024 854 causis,
1050 817 1159 858 quales
1178 824 1252 848 sunt
1271 827 1383 848 omnes

316 873 428 895 causae
447 870 580 899 creatae;
605 873 742 903 quarum
758 873 816 893 nec
831 862 1059 892 intentionibus
1078 871 1135 892 nec
1151 861 1383 892 causalitatibus

316 909 424 939 subest
438 907 555 938 modus
579 917 645 947 quo
669 907 796 938 effectus
821 913 975 942 causatur,
1001 906 1117 936 scilicet
1140 906 1315 936 necessario
1334 906 1384 936 vel

316 952 543 992 contingenter.
569 952 641 982 Hoc
665 951 750 982 enim
773 951 941 991 proprium
957 957 1003 981 est
1021 950 1141 991 primae
1161 960 1282 987 causae,
1302 960 1384 991 quae

315 996 442 1037 respicit
465 1006 520 1027 ens
543 996 577 1026 in
601 1006 640 1026 eo
664 996 754 1036 quod
778 1006 842 1026 ens·

372 1041 426 1072 Vl.
451 1041 486 1071 In
506 1040 712 1080 responsione
735 1040 775 1070 ad
799 1040 985 1075 secundum,
1006 1039 1141 1070 dubium
1163 1039 1299 1069 occurrit
1317 1048 1384 1079 quo

316 1091 411 1125 pacto
427 1085 511 1115 mala
527 1085 639 1124 culpae
658 1084 721 1115 sint
735 1083 887 1124 permissa
900 1094 917 1113 a
929 1084 999 1114 Deo
1015 1090 1144 1123 propter
1157 1082 1385 1123 perfectionem

318 1129 467 1160 universi.
492 1129 581 1159 Tum
605 1128 690 1169 quia,
708 1128 733 1159 si
750 1129 837 1159 Deus
861 1134 1049 1168 cooperatus
1068 1127 1178 1158 fuisset
1199 1137 1272 1157 cum
1287 1126 1386 1166 gratia

318 1184 376 1204 sua
402 1180 468 1204 tam
493 1173 612 1213 angelis
636 1183 734 1213 quam
757 1172 943 1203 hominibus
966 1171 1022 1212 qui
1045 1171 1125 1212 lapsi
1149 1168 1232 1207 su'nt,
1259 1172 1298 1200 ad
1317 1180 1384 1210 per-

318 1225 449 1259 petuam
465 1217 497 1247 in
514 1218 601 1248 bono
614 1217 887 1258 perseverantiam,
901 1223 936 1246 ut
952 1215 1102 1256 possibile
1119 1215 1187 1251 fuit,
1201 1215 1385 1245 universum

319 1262 423 1301 multo
446 1261 561 1293 melius
586 1268 683 1292 esset:
718 1271 756 1292 eo
780 1261 869 1301 quod
893 1260 971 1290 nihil
999 1260 1038 1289 ab
1063 1259 1173 1289 ordine
1202 1258 1385 1299 respiciente

319 1305 460 1336 divinam
475 1306 674 1336 voluntatem
698 1305 875 1336 secundum
898 1314 940 1340 se,
965 1303 1020 1344 qui
1045 1310 1091 1334 est
1114 1313 1282 1343 supremus
1306 1302 1385 1332 ordo

319 1350 353 1381 in
370 1350 528 1387 universo,
546 1349 723 1386 defecisset;
748 1349 903 1390 quoniam
918 1348 951 1378 in
967 1347 1020 1378 tali
1044 1347 1167 1378 defectu
1186 1347 1310 1378 malurn
1325 1347 1388 1377 cul-

320 1405 379 1436 pae
403 1394 555 1430 consistit,
579 1401 616 1425 ut
638 1393 762 1434 supra*
781 1393 902 1423 dictum
925 1391 994 1422 fuit.
1012 1408 1031 1415 -
1047 1392 1136 1422 Tum
1160 1391 1235 1432 quia
1257 1391 1387 1422 virtutes

321 1449 403 1480 quae
420 1449 457 1469 ex
473 1438 558 1468 malo
578 1438 690 1478 culpae
714 1437 966 1472 occasionantur,
984 1442 1020 1466 ut
1034 1435 1183 1476 patientia
1201 1442 1386 1476 martyrum,

321 1490 351 1514 et
374 1482 578 1524 poenitentia,
596 1489 664 1518 etc„
686 1491 752 1511 non
775 1482 919 1511 deessent
941 1480 1104 1510 universo:
1129 1480 1286 1521 quoniam
1301 1480 1388 1510 inve-

320 1527 463 1558 nirentur
481 1526 658 1557 secundum
676 1525 949 1566 praeparationem
968 1524 1075 1554 animi.

379 1571 446 1603 VII.
471 1571 523 1601 Ad
550 1570 612 1600 hoc
644 1570 778 1607 dicitur,
812 1570 902 1610 quod
930 1568 1090 1609 integritas
1121 1568 1258 1599 universi
1286 1568 1389 1598 maius

321 1616 446 1646 bonum
462 1621 508 1645 est
523 1624 622 1655 quarn
637 1614 867 1655 quodcumque
890 1613 1076 1653 particulare
1095 1613 1220 1643 bonurn
1239 1619 1388 1649 creatum,

321 1666 357 1691 ut
380 1665 466 1700 patet
491 1658 605 1690 Genes.
622 1669 633 1688 1
649 1656 675 1690 *.
700 1658 806 1699 Exigit
828 1665 935 1688 autem
960 1657 1096 1687 universi
1115 1657 1275 1697 integritas
1293 1656 1390 1687 virtu-

321 1710 378 1740 tes,
395 1710 426 1734 et
442 1703 467 1734 si
483 1713 547 1744 qua
570 1709 645 1733 sunt
668 1703 728 1733 alia
748 1712 785 1733 ex
800 1702 886 1732 malo
902 1701 1140 1732 occasionaliter
1163 1701 1389 1741 provenientia,

321 1758 388 1779 non
404 1748 511 1778 solum
527 1747 560 1778 in
577 1754 658 1778 statu
682 1746 879 1787 imperfecto,
904 1746 959 1776 sed
974 1745 1008 1776 iri
1024 1753 1106 1776 statu
1126 1745 1281 1786 perfecto.
1305 1745 1393 1776 Con-

201 1825 209 1837 ,
243 1825 250 1832 ,
287 1815 294 1836 3
322 1799 385 1824 stat
407 1798 515 1823 autem
538 1791 714 1832 perfectum
736 1791 860 1822 virtutis
884 1797 1002 1821 statum
1026 1790 1195 1821 consistere
1211 1790 1243 1820 in
1259 1796 1330 1820 actu
1347 1799 1393 1820 se-

323 1837 440 1873 cundo,
466 1843 496 1867 et
519 1846 585 1867 non
609 1835 642 1866 iri
665 1835 784 1872 habitu,
810 1842 845 1866 ut
868 1841 954 1875 patet
973 1834 1104 1865 IEthic.
1119 1834 1137 1853 *
1161 1841 1191 1865 et
1213 1834 1270 1864 XII
1288 1835 1392 1864 Meta-

1436 464 1572 495 maxime
1596 464 1839 504 ponderandum
1863 470 1918 499 est,
1944 464 2063 494 deesset
2085 464 2232 494 universo
2249 463 2352 494 hostia
2374 463 2427 493 illa
2451 463 2498 493 di-

1435 509 1500 539 vini
1524 508 1690 549 suppositi,
1715 518 1812 549 quam
1837 508 1869 538 in
1893 517 1983 538 cruce
2007 508 2136 544 obtulit;
2162 508 2250 548 quod
2274 508 2353 538 adeo
2376 508 2499 537 bonum

1436 553 1496 583 fuit
1515 560 1545 583 et
1564 559 1619 589 est,
1637 560 1672 583 ut
1688 553 1815 583 excedat
1830 552 1863 582 in
1879 551 2018 582 bonitate
2042 562 2138 582 omne
2154 552 2276 582 malum
2296 552 2416 592 culpae,
2433 561 2499 581 non

1437 598 1544 627 solum
1567 597 1754 633 hominum,
1781 596 1835 626 sed
1859 596 2064 626 daemonum.
2096 597 2188 627 Unde
2212 603 2242 627 et
2264 596 2331 636 ipse
2355 596 2434 626 ordo
2466 595 2499 625 in

1438 641 1577 671 divinam
1601 641 1777 671 bonitatem
1800 640 1976 670 secundum
2001 650 2042 676 se,
2067 641 2211 680 quamvis
2230 650 2266 670 ex
2285 640 2370 670 malo
2388 640 2500 679 culpae

1438 686 1477 716 sit
1499 686 1617 722 laesus;
1641 692 1766 716 tantum
1796 691 1903 715 tamen
1934 684 2011 714 boni
2040 684 2078 714 ad
2103 685 2239 714 eundem
2263 684 2408 714 ordinem
2430 693 2499 724 spe-

1438 729 1558 766 ctantis,
1575 740 1611 760 ex
1627 729 1712 761 malo
1733 729 1843 769 culpae
1862 729 1948 759 Deus
1968 727 2077 764 effecit,
2094 735 2130 758 ut
2145 728 2273 758 feliciter
2296 735 2402 759 actum
2426 738 2500 758 cum

1438 774 1585 804 universo
1603 774 1703 804 dicere
1723 773 1893 814 possimus,
1912 782 1986 802 cum
2005 772 2091 802 Deus
2107 772 2191 802 mala
2214 772 2324 812 culpae
2340 772 2499 812 permisit;

1437 818 1523 849 iuxta
1546 818 1624 848 illud
1648 817 1792 857 Gregorii
1806 816 1843 847 *z
1873 816 1901 847 Ο
1914 816 2007 857 felix
2029 817 2135 856 culpa,
2161 823 2218 847 etc.

1495 863 1577 893 VIII.
1602 862 1716 893 Subest
1744 861 1839 892 etiam
1866 861 2015 891 naturalis
2047 860 2126 891 ratio
2157 870 2213 890 cur
2240 860 2361 891 malurn
2390 861 2500 900 culpae

1438 906 1628 947 permissum
1651 906 1754 942 fuerit,
1779 905 1895 936 scilicet
1914 905 2017 935 suavis
2036 914 2142 935 rerum
2158 904 2333 945 dispositio.
2357 904 2502 935 Potentia

1439 961 1577 991 namque
1593 950 1744 990 peccandi
1759 950 1798 980 ab
1813 949 1960 980 universo
1978 948 2118 979 subtrahi
2134 959 2200 979 non
2216 949 2322 988 potuit
2337 949 2402 979 sine
2418 949 2501 980 illius

1439 995 1577 1025 maxima
1599 995 1727 1031 iactura,
1744 994 1776 1024 in
1793 993 1962 1024 amissione
1986 993 2133 1023 omnium
2149 1000 2361 1023 creaturarum
2383 993 2501 1024 intelle-

1440 1039 1602 1075 ctualium,
1614 1045 1650 1069 ut
1666 1038 1768 1069 alibi*
1780 1045 1873 1078 patet.
1888 1040 1986 1068 Actus
2002 1044 2109 1068 autem
2121 1037 2248 1077 peccati,
2262 1038 2300 1067 ab
2317 1037 2502 1068 huiusmodi

1440 1083 1581 1123 potentia
1596 1082 1809 1123 progrediens,
1827 1082 1971 1123 quamvis
1991 1081 2159 1122 prohiberi,
2176 1081 2256 1112 idest
2271 1092 2338 1112 non
2354 1082 2501 1122 permitti,

1440 1127 1610 1167 potuisset;
1635 1127 1739 1157 suavis
1762 1134 1869 1157 tamen
1892 1126 2057 1166 dispositio
2076 1125 2166 1156 liberi
2185 1126 2300 1156 arbitrii
2325 1126 2417 1156 creau'
2439 1126 2502 1157 hoc

1440 1181 1507 1201 nori
1531 1171 1633 1210 exigit,
1658 1171 1713 1201 sed
1736 1171 1836 1211 magis
1855 1177 1891 1201 ut
1906 1181 1963 1201 sua
1978 1170 2009 1200 vi
2025 1170 2165 1210 seipsum
2188 1177 2268 1210 agat.
2292 1171 2334 1200 Et
2349 1170 2503 1211 quoniam

1441 1216 1480 1245 ad
1496 1215 1727 1255 providentiam
1750 1215 1890 1245 divinam
1913 1221 2032 1255 spectat
2050 1215 2217 1254 disponere
2233 1214 2342 1245 omnia
2357 1214 2501 1251 suaviter,

1441 1259 1669 1299 sapientissime
1693 1259 1786 1299 elegit
1808 1260 1894 1289 Deus
1918 1258 2159 1298 permissionem
2182 1258 2342 1289 malorum
2365 1258 2486 1299 culpae.

1495 1303 1548 1333 IX.
1565 1304 1630 1333 Nec
1646 1303 1770 1339 fallaris,
1788 1313 1862 1333 cum
1885 1303 1961 1342 legis
1980 1303 2013 1332 in
2032 1302 2142 1339 littera,
2158 1303 2242 1333 mala
2264 1313 2331 1333 esse
2347 1303 2386 1333 de
2401 1303 2503 1333 inten-

1441 1347 1528 1378 tione
1552 1354 1680 1377 naturae
1700 1347 1900 1383 universalis;
1925 1357 1960 1377 ac
1983 1346 2112 1386 perinde
2135 1347 2218 1377 mala
2242 1347 2352 1387 culpae
2376 1357 2442 1377 esse
2465 1347 2503 1377 de

1441 1391 1617 1421 intentione
1640 1391 1734 1431 primi
1758 1397 1788 1421 et
1806 1390 2062 1421 universalissimi
2084 1391 2211 1431 agentis.
2228 1391 2315 1421 Haec
2338 1391 2423 1421 enim
2438 1401 2504 1421 non

1442 1435 1485 1466 ita
1507 1442 1581 1466 sunt
1604 1435 1816 1475 intelligenda,
1841 1442 1877 1465 ut
1895 1435 1963 1474 ipsa
1986 1434 2069 1464 mala
2092 1435 2153 1465 sint
2175 1435 2273 1465 volita
2297 1445 2352 1465 seu
2375 1435 2503 1472 intenta,

1443 1480 1507 1510 sive
1522 1490 1578 1520 per
1594 1489 1626 1510 se
1646 1479 1710 1509 sive
1729 1489 1785 1519 per
1800 1479 1943 1510 accidens
1968 1477 2135 1521 (quoniam
2151 1479 2212 1509 hoc
2229 1489 2295 1509 esse
2310 1479 2506 1519 impossibile

1445 1524 1483 1554 de
1507 1524 1592 1554 malo
1617 1523 1738 1563 culpae,
1756 1533 1851 1563 supra
1864 1523 1881 1542 *
1900 1523 2135 1554 manifestatum
2155 1521 2232 1565 est):
2258 1524 2312 1554 sed
2336 1524 2424 1564 quod
2439 1524 2506 1564 ipsa

1445 1568 1528 1598 mala
1558 1578 1624 1598 non
1649 1574 1722 1598 sunt
1745 1569 1863 1605 nolita,
1888 1577 1943 1598 seu
1972 1567 2112 1604 exclusa,
2142 1578 2197 1608 per
2219 1567 2428 1598 intentionem
2451 1578 2506 1598 seu

1445 1612 1633 1643 volitionem
1650 1622 1761 1642 causae
1777 1611 1912 1652 primae;
1937 1618 1967 1642 et
1983 1612 2071 1652 quod
2082 1612 2252 1652 permissio
2268 1612 2427 1642 malorum
2443 1612 2506 1642 cul-

1445 1667 1504 1697 pae
1528 1663 1574 1687 est
1597 1656 1726 1692 intenta,
1746 1663 1876 1696 propter
1898 1656 2107 1695 integritatem
2131 1666 2166 1686 ac
2189 1652 2415 1696 perfectionem
2438 1656 2508 1686 uni-

1446 1701 1536 1732 versi.
1568 1701 1609 1731 Et
1632 1701 1809 1731 secundum
1832 1699 2074 1740 permissionem
2097 1700 2193 1736 hanc,
2222 1707 2307 1731 tenet
2335 1700 2508 1731 similitudo

1447 1744 1693 1786 proportionalis
1709 1744 1790 1775 inter
1803 1744 2012 1775 intentionem
2029 1751 2157 1775 naturae
2173 1744 2354 1775 universalis
2366 1751 2509 1784 respectu

1447 1790 1607 1820 malorum
1631 1789 1833 1825 naturalium,
1854 1796 1884 1820 et
1902 1789 2112 1819 intentionem
2135 1789 2193 1819 Dei
2217 1789 2346 1829 gloriosi
2367 1795 2509 1829 respectu

1447 1834 1607 1864 malorum
1633 1834 1754 1873 culpae.

1131 1998 1450 2040 ARTICULUS
1479 1997 1708 2040 TERTIUS

896 2101 1052 2132 UTRUM
1075 2101 1187 2132 DEUS
1212 2100 1457 2131 IMMEDIATE
1483 2100 1674 2132 OMNIBUS
1697 2099 1945 2131 PROVIDEAT

629 2188 704 2217 Infra,
725 2196 768 2221 qu.
784 2195 837 2217 eiii,
851 2193 898 2213 art.
911 2187 940 2218 6;
961 2188 992 2212 111
1014 2188 1091 2212 Cont-
1105 2189 1192 2216 Gent„
1213 2195 1268 2219 cap.
1284 2195 1364 2219 cxxvi,
1379 2195 1470 2218 Lxxvn,
1483 2195 1584 2217 Lxxxm,
1599 2195 1672 2219 xoiv;
1695 2187 1838 2219 Compend.
1855 2187 1953 2217 Tneol„
1968 2195 2023 2220 cap.
2037 2195 2109 2216 cm,
2123 2194 2210 2218 cxxxi;

1170 2223 1269 2255 Opus-c.
1284 2223 1339 2253 XV,
1361 2223 1402 2247 De
1419 2223 1538 2256 Angelis,
1554 2231 1609 2255 cap.
1622 2231 1672 2248 xxv.

376 2339 426 2372 2‘2'
442 2339 499 2367 th

368 2373 376 2380 .

478 2366 488 2373 .
538 2334 560 2358 D
589 2333 749 2358 TERTmM
777 2333 831 2358 sic
850 2332 1089 2357 PROCEDlTUR.
1110 2319 1270 2357 Videtur
1289 2321 1393 2368 quod

457 2364 518 2425 ’ἒῆ
539 2376 644 2412 Deus
660 2387 738 2411 non
753 2374 973 2411 immediate
989 2374 1169 2410 omnibus
1180 2373 1391 2422 provideat.

343 2413 736 2479 ‘l'fqussQuidquid
766 2427 868 2464 enim
898 2435 954 2464 est
987 2427 1193 2475 dignitatis,
1223 2428 1308 2463 Deo
1340 2435 1395 2464 est

384 2457 474 2511 ξ’ἳῖἤ
498 2474 833 2519 Χειῐῐτίὺιιεηάυῑῐ).
847 2481 924 2518 Sed
939 2481 988 2517 ad
1004 2480 1221 2528 dignitatem
1237 2480 1393 2517 alicuius

325 2534 422 2582 regis
450 2535 623 2582 pertinet,
645 2535 749 2583 quod
768 2534 908 2571 habeat
932 2534 1133 2581 ministros,
1154 2533 1294 2583 quibus
1314 2546 1394 2570 me-

325 2587 513 2625 diantibus
542 2587 699 2624 subditis
722 2594 739 2608 “
766 2587 978 2636 provideat.
1000 2588 1102 2635 Ergo
1132 2588 1252 2624 multo
1273 2587 1393 2635 magis

325 2641 432 2677 Deus
460 2653 540 2677 non
568 2641 786 2678 immediate
815 2640 995 2677 omnibus
1023 2640 1212 2689 providet.

381 2705 415 2730 2.
437 2694 670 2740 PRAETEREA,
691 2694 740 2731 ad
767 2693 1051 2742 providentiam
1077 2694 1240 2742 pertinet
1267 2706 1327 2730 res
1355 2693 1393 2730 in

326 2747 446 2784 finem
485 2747 672 2784 ordinare.
703 2747 807 2783 Finis
844 2755 972 2783 autem
1011 2746 1210 2784 cuiuslibet
1247 2747 1299 2784 rei
1339 2754 1394 2783 est

327 2800 407 2837 eius
434 2799 451 2829 fl
479 2799 659 2849 perfectio
681 2807 718 2836 et
745 2800 904 2837 bonurn.
938 2800 1001 2837 Ad
1029 2800 1237 2849 quamlibet
1265 2807 1392 2836 autern

327 2865 483 2890 causam
511 2853 674 2902 pertinet
709 2853 888 2890 effectum
924 2865 1036 2890 suum
1063 2853 1272 2902 perducere
1301 2859 1315 2879 ⁷
1344 2853 1393 2890 ad

326 2907 486 2944 bonum.
522 2906 724 2954 Quaelibet
751 2906 861 2954 igitur
899 2919 1012 2943 causa
1041 2919 1156 2954 agens
1190 2914 1246 2943 est
1279 2919 1393 2943 causa

327 2960 484 2997 effectus
511 2959 780 3009 providentiae
804 2956 828 2996 δ.
858 2959 897 2996 Si
925 2959 1035 3007 igitur
1074 2961 1179 2996 Deus
1213 2959 1394 2997 omnibus

326 3013 544 3051 immediate
572 3013 764 3062 providet,
792 3013 1064 3050 subtrahuntur
1092 3025 1228 3050 omnes
1257 3025 1393 3050 causae

327 3067 530 3103 secundae.

383 3120 417 3156 3.
440 3120 671 3165 PRAETEREA,
693 3118 927 3167 Augustinus
956 3119 1054 3166 dicit,
1076 3119 1114 3156 in
1139 3119 1332 3156 Enchirid.
1352 3119 1392 3166 ⁹¹⁴,

328 3172 434 3220 quod
462 3172 594 3209 melius
622 3179 675 3210 est
702 3173 888 3221 quaedam
917 3173 1060 3209 nescire
1085 3184 1199 3220 quam
1227 3172 1334 3218 scire,
1354 3179 1396 3208 ut

326 3224 436 3262 vilia:
472 3232 508 3261 et
541 3225 643 3263 idem
677 3225 764 3262 dicit
797 3225 1069 3274 Philosophus,
1098 3225 1137 3262 in
1171 3226 1241 3262 XII
1270 3226 1395 3261 Meta-

321 3279 436 3327 phys.
455 3277 476 3299 ’¹‘
496 3278 573 3316 Sed
603 3291 717 3315 omne
746 3278 851 3327 quod
885 3285 942 3315 est
968 3278 1117 3325 melius,
1143 3279 1228 3315 Deo
1259 3285 1314 3315 est
1342 3286 1394 3315 at-

327 3331 584 3368 tribuendum.
619 3332 722 3380 Ergo
765 3333 869 3368 Deus
905 3343 983 3368 non
1021 3332 1136 3368 habet
1176 3331 1395 3368 immediate

328 3383 609 3433 providentiam
637 3386 880 3432 quorundam
901 3391 910 3404 ²
938 3384 1072 3421 vilium
1101 3391 1138 3420 et
1165 3384 1368 3421 malorum.

365 3514 550 3575 ¹oquubbditisi.
568 3527 588 3533 —
605 3514 727 3540 subiectis
741 3516 772 3547 A,
786 3516 909 3541 subiectis
926 3516 982 3541 suis
1002 3517 1079 3541 ceteri
1098 3520 1123 3541 et
1142 3516 1182 3541 ed.
1195 3523 1220 3545 a,
1240 3516 1395 3541 substantiis

328 3558 383 3576 suis
402 3559 416 3575 e
436 3569 442 3575 .
472 3567 478 3574 .

383 3585 408 3619 β)
427 3586 491 3611 eius.
509 3599 528 3605 -
547 3585 607 3609 Om.
621 3585 767 3610 ABCDEG.

382 3622 409 3655 γ)
424 3621 581 3653 perducere.
599 3634 618 3639 —
631 3621 783 3652 producere
801 3621 965 3646 ACDEFGa.

383 3656 408 3690 ὃ)
423 3656 619 3689 providentiae.
637 3669 657 3674 -
675 3655 701 3680 in
717 3655 886 3687 providendo
905 3656 973 3682 DsB.

1501 2320 1577 2356 SED
1595 2331 1740 2356 CONTRA
1760 2331 1825 2356 EST
1844 2319 1950 2367 quod
1970 2319 2102 2356 dicitur
2115 2319 2195 2356 Iob.
2212 2331 2320 2356 xxxiv
2334 2319 2371 2356 *ε
2395 2320 2513 2361 Quem

1447 2373 1634 2410 constituit
1650 2373 1767 2409 alium
1786 2384 1898 2421 super
1917 2372 2087 2409 terram?
2105 2378 2171 2409 aut
2189 2384 2298 2420 quem
2312 2374 2439 2420 posuit
2455 2386 2515 2410 su-

1442 2438 1515 2475 per
1542 2427 1671 2463 orbem
1696 2438 1806 2474 quem
1824 2427 2041 2474 fabricatus
2068 2425 2148 2462 est?
2172 2427 2296 2474 Super
2320 2438 2397 2474 quo
2428 2426 2515 2463 dicit

1449 2479 1654 2529 Gregorius
1681 2479 1718 2515 ²¹²:
1748 2480 1930 2515 mundum
1962 2491 2034 2527 per
2069 2479 2228 2527 seipsum
2258 2480 2374 2528 regit,
2405 2491 2513 2527 quem

1443 2529 1515 2582 pei·
1541 2533 1702 2581 seipsum
1732 2532 1903 2568 condidit.

1502 2587 1727 2622 RESPONDEO
1747 2597 1931 2622 DICENDUM
1947 2585 2051 2633 quod
2071 2584 2119 2621 ad
2134 2584 2415 2633 providentiam
2436 2585 2512 2622 duo

1448 2639 1658 2687 pertinent:
1689 2638 1828 2675 scilicet
1848 2639 1942 2675 ratio
1964 2638 2106 2674 ordiniS
2127 2650 2253 2674 rerum
2273 2638 2513 2687 provisarum

1447 2692 1486 2729 in
1505 2692 1642 2737 finem;
1673 2699 1709 2728 et
1728 2691 1898 2728 executio
1927 2691 2039 2727 huius
2069 2691 2223 2738 ordinis,
2250 2703 2347 2739 quae
2375 2693 2513 2741 guber-

1449 2745 1549 2782 natio
1570 2744 1714 2782 dicitur.
1745 2745 1943 2791 Quantum
1972 2744 2084 2792 igitur
2106 2745 2153 2782 ad
2172 2744 2340 2793 primum
2360 2745 2510 2792 horum,

1448 2800 1554 2835 Deus
1578 2797 1796 2834 immediate
1817 2797 1996 2834 omnibus
2016 2797 2200 2846 providet.
2232 2797 2332 2845 Quia
2347 2797 2361 2823 ζ
2384 2798 2421 2834 in
2442 2811 2510 2835 suo

1447 2851 1636 2888 intellectu
1664 2851 1778 2887 habet
1811 2851 1997 2887 rationem
2026 2851 2220 2898 omnium,
2256 2851 2367 2887 etiam
2402 2851 2511 2888 mini-

1449 2917 1618 2941 morum:
1658 2911 1693 2941 et
1730 2916 1992 2952 quascumque
2029 2917 2162 2941 causas
2198 2904 2384 2953 aliquibus
2423 2904 2512 2941 effe-

1450 2958 1569 2994 ctibus
1597 2957 1786 3006 praefecit,
1810 2957 1912 2994 dedit
1940 2957 1992 2994 eis
2024 2957 2203 2994 virtutem
2233 2957 2282 2994 ad
2309 2957 2391 2994 illos
2420 2957 2510 2993 effe-

1450 3019 1530 3047 ctus
1558 3010 1839 3059 producendos.
1869 3010 1981 3048 Unde
1992 3010 2159 3060 'oportet
2178 3010 2282 3058 quod
2303 3010 2477 3048 ordinem
2493 3016 2510 3034 ’¹

1449 3065 1600 3101 illorum
1638 3063 1843 3100 effectuum
1882 3063 1920 3100 in
1954 3076 2023 3100 sua
2051 3063 2194 3100 ratione
2230 3063 2507 3112 praehabuerit.

1449 3139 1473 3145 -
1504 3118 1701 3164 Quantum
1735 3124 1862 3153 autem
1891 3114 1904 3137 ⁰
1933 3118 1981 3154 ad
2009 3117 2241 3163 secundum,
2271 3123 2357 3153 sunt
2385 3115 2511 3166 aliqua

1449 3170 1575 3207 media
1607 3170 1757 3206 divinae
1791 3169 2066 3220 providentiae.
2102 3169 2202 3216 Quia
2235 3169 2412 3206 inferiora
2445 3182 2511 3218 gu-

1450 3225 1582 3261 bernat
1601 3235 1670 3271 per
1689 3223 1901 3271 superiora3
1931 3235 2009 3260 non
2028 3231 2184 3272 propter
2209 3222 2399 3259 defectum
2419 3235 2510 3260 suae

1449 3277 1607 3322 virtutis,
1638 3276 1705 3313 sed
1732 3283 1889 3325 propter
1916 3275 2187 3313 abundantiam
2211 3287 2301 3312 suae
2322 3275 2509 3323 bonitatis,

1450 3338 1492 3367 ut
1529 3329 1747 3377 dignitatem
1784 3329 2007 3366 causalitatis
2041 3329 2153 3365 etiam
2192 3328 2368 3365 creaturis
2407 3341 2511 3366 com-

1450 3390 1627 3420 municet.

1502 3515 1524 3548 ε)
1545 3514 1722 3546 quorundam.
1740 3528 1758 3532 —
1776 3513 1952 3546 quorumlibet
1969 3512 2113 3538 ABCDEF.
2130 3526 2150 3532 -
2167 3513 2218 3537 Pro
2236 3515 2263 3538 et
2281 3514 2421 3545 malorum,
2436 3514 2501 3539 mini

1450 3558 1552 3576 morum
1572 3551 1601 3580 B,
1620 3553 1646 3574 et
1665 3549 1835 3574 minimorum
1855 3549 1930 3574 ceteri
1950 3553 1975 3573 et
1993 3548 2042 3573 ab.

1501 3585 1526 3617 ζ)
1548 3585 1625 3615 Quia.
1644 3599 1662 3603 -
1680 3585 1725 3617 qui
1744 3585 1805 3609 Pab.

1503 3621 1529 3653 η)
1549 3620 1678 3645 ordinem.
1696 3633 1716 3641 -
1733 3627 1835 3645 omnem
1855 3619 1975 3644 ordinem
1994 3619 2024 3644 B.

1504 3654 1528 3688 θ)
1548 3659 1646 3681 autem.
1663 3669 1682 3674 —
1700 3663 1763 3680 vero
1782 3655 1892 3680 codices.
1912 3667 1931 3673 -
1949 3654 1999 3679 Pro
2017 3654 2157 3687 gubernat,
2176 3655 2361 3688 gubernantur
2378 3655 2432 3679 BD.

2528 814 2536 822 ·
2543 813 2568 835 In
2576 813 2690 835 benedict.
2697 813 2741 836 ce-

2529 840 2561 861 rei
2577 840 2658 862 Pasch.

2529 1045 2537 1054 '
2548 1043 2595 1071 Qu.
2605 1049 2669 1071 uin,
2676 1046 2717 1065 art.
2724 1049 2742 1065 i.

2531 1529 2543 1540 ⁸
2555 1530 2604 1557 Qu.
2613 1535 2661 1556 xix,
2674 1532 2715 1550 art.
2724 1534 2746 1556 9.

2540 2330 2552 2341 ⁶
2566 2329 2633 2351 Vers.
2648 2335 2677 2358 13·

2541 2485 2552 2495 ¹·
2569 2484 2661 2506 Moral.
2674 2483 2759 2511 XXIV,

2542 2517 2592 2539 cap.
2606 2518 2637 2532 xx
2654 2511 2692 2537 (al.
2706 2512 2746 2537 xi).
