2768 4178
42 746 54 758 ·
69 746 106 769 Cf.
120 752 184 769 uum.
200 753 231 769 iv.

41 1101 52 1112 ·
66 1101 93 1124 In
106 1107 168 1130 κιρ.
179 1101 208 1124 nd
218 1108 239 1124 2.

37 1673 49 1683 ‘
65 1671 103 1696 G.
117 1678 184 1696 num.
193 1677 230 1697 m*

4 4168 22 4178 τ-
0 3921 26 4148 'meamet—2³2⁴:
0 3892 5 3903 ”·
6 3858 8 3862 ἡ

963 278 1228 324 QUAESTIO
1258 280 1377 327 XXV,
1407 281 1701 318 ARTICULUS
1732 283 1782 319 IV

283 355 424 396 potentia
447 356 617 392 clauditur,
642 357 728 387 Deus
756 356 823 396 ipse
847 357 1058 388 continebitur
1082 359 1140 388 sub
1164 368 1220 388 sua
1244 358 1346 388 omni-

282 399 438 439 potentia:
463 400 616 440 quoniam
640 401 745 431 Deum
769 410 836 431 esse
859 401 897 431 de
921 411 1055 431 numero
1079 402 1196 433 horum
1220 409 1281 439 est,
1311 409 1347 432 ut

282 450 378 483 patet.

339 488 391 518 Ad
405 487 477 524 hoc,
494 494 525 518 et
541 488 663 525 similia,
681 488 851 518 dicendum
868 494 914 518 est
929 489 1027 529 quod,
1048 499 1121 519 curn
1136 500 1239 520 sermo
1257 501 1346 530 prae-

283 541 354 561 sens
377 532 417 562 sit
441 532 478 562 de
503 531 733 573 omnipotentia
758 531 885 567 factiva,
911 542 985 562 cum
1008 532 1141 563 dicimus
1161 544 1253 564 omne
1270 544 1346 574 pos-

281 575 388 613 sibile,
414 586 507 606 omne
530 586 604 613 ens,
629 585 722 606 omne
745 585 807 606 non
842 576 1011 616 implicans
1042 577 1344 616 contradictionem,

282 629 407 659 semper
430 619 672 660 subintelligitur
695 620 856 650 causabile
879 619 1029 659 effective.
1060 620 1111 651 Sic
1134 621 1219 651 enim
1243 622 1345 652 exclu-

283 663 401 694 duntur
424 670 454 694 et
477 663 598 699 divina,
623 670 654 694 et
676 670 812 703 peccata,
837 669 867 694 et
890 673 1111 704 quaecumque
1135 672 1209 696 sunt
1232 673 1344 706 poten-

281 707 398 738 tiarum
421 707 616 747 passivamm
635 714 666 737 et
683 707 949 747 imperfectarum‚
970 715 1006 738 ut
1025 708 1078 738 sic.

339 752 392 782 VI.
411 751 502 782 Circa
521 749 742 791 probationem
760 751 889 781 secundi
900 751 927 787 *,
945 751 1080 782 dubium
1095 753 1246 784 occurrit:
1263 764 1344 794 quo-

282 795 368 826 niam
399 805 464 825 non
494 794 618 825 videtur
648 793 837 826 sufficienter
866 795 980 825 inferre
1010 796 1176 827 intentum.
1209 797 1255 827 Ex
1283 798 1344 828 hoc

282 839 367 870 enim
390 838 479 879 quod
494 838 636 878 potentia
655 839 754 869 activa
777 839 835 869 Dei
859 839 1009 870 fundatur
1028 850 1123 880 super
1138 851 1205 872 esse
1221 841 1343 872 infinito

281 889 312 913 et
334 882 550 913 universaliter
572 882 730 922 perfecto,
755 883 914 914 debuisset
942 884 1065 920 inferri,
1090 895 1168 926 ergo
1191 886 1343 916 obiectum

274 927 439 967 potentiae
454 928 579 957 activae
593 927 656 957 Dei
679 933 725 958 est
742 928 895 967 possibile
910 938 978 959 esse
992 929 1115 969 infinite
1129 935 1160 960 et
1179 931 1343 960 universa·

281 971 355 1002 liter
371 970 518 1011 perfecte
523 981 538 1008 ,·
562 970 642 1001 sicut
665 971 704 1002 de
728 971 867 1011 potentia
891 972 1071 1003 calefactiva
1089 973 1230 1010 infertur,
1255 975 1344 1014 quod

281 1021 327 1046 est
343 1015 562 1056 calefactibile.
588 1015 686 1053 Quod
701 1015 732 1046 in
748 1015 848 1047 littera
872 1026 938 1046 non
953 1016 1003 1047 fit:
1029 1017 1082 1047 sed
1106 1017 1246 1054 infertur,
1264 1028 1343 1059 ergo

280 1059 434 1090 obiectum
459 1061 527 1090 eius
551 1065 597 1090 est
614 1058 762 1100 possibile
785 1069 862 1098 esse,
888 1061 1006 1101 absque
1023 1061 1081 1091 alia
1100 1062 1296 1101 probatione.

335 1103 387 1134 Ad
409 1103 471 1134 hoc
495 1103 609 1134 dicitur
623 1104 722 1144 quod,
747 1111 783 1134 ut
806 1114 842 1134 ex
857 1105 1054 1144 praecedenti
1070 1111 1156 1145 patet
1169 1105 1301 1136 articulo
1316 1106 1342 1142 *,

280 1147 357 1178 haec
377 1154 423 1178 est
441 1147 614 1178 differentia
636 1148 716 1178 inter
739 1158 867 1179 causam
891 1149 1060 1179 univocam
1080 1156 1110 1180 et
1126 1150 1341 1190 aequivocam,

280 1192 369 1233 quod
386 1202 497 1222 causae
514 1192 667 1222 univocae
692 1193 861 1232 respondet
879 1192 1010 1233 aliquod
1029 1193 1240 1233 adaequatum
1256 1193 1343 1224 obie-

281 1243 368 1267 ctum
390 1236 423 1266 in
447 1236 568 1272 effectu,
592 1236 783 1277 aequivocae
806 1246 881 1267 vero
905 1246 981 1267 non.
1005 1237 1047 1267 Et
1069 1244 1243 1277 propterea,
1269 1247 1340 1268 cum

280 1290 348 1311 esse
371 1280 429 1321 Dei
453 1280 531 1313 duas
553 1280 667 1311 habeat
695 1280 892 1311 conditiones
915 1280 955 1310 ad
978 1281 1195 1320 propositum,
1226 1281 1343 1312 scilicet

281 1324 489 1355 elevationem
512 1335 608 1365 supra
629 1334 761 1364 genera,
786 1331 816 1354 et
839 1324 1103 1354 universalitatem
1126 1324 1341 1364 perfectionis,

280 1379 338 1399 nec
354 1368 454 1409 possit
472 1368 548 1409 fingi
571 1368 701 1409 aliquod
724 1367 879 1398 causabile
903 1378 978 1398 curn
993 1368 1041 1398 his
1059 1368 1293 1399 conditionibus
1309 1369 1342 1399 in

281 1412 449 1453 singulari,
482 1422 678 1452 consequens
702 1418 748 1442 est
771 1418 806 1442 ut
829 1418 973 1442 sumatur
999 1412 1032 1442 in
1055 1412 1234 1444 universali.
1264 1413 1342 1444 Tale

281 1463 388 1487 autem
405 1463 450 1487 est
465 1464 549 1487 esse:
571 1456 725 1497 quoniam
747 1456 787 1485 ad
809 1455 935 1486 nullum
960 1456 1203 1487 determinatum
1226 1464 1273 1488 est
1291 1467 1343 1497 ge-

279 1510 351 1537 nus,
368 1507 399 1531 et
413 1501 453 1531 ad
469 1509 581 1530 omnes
597 1509 630 1530 se
646 1499 878 1540 perfectionum
901 1501 1017 1530 modos
1041 1501 1187 1532 extendit.
1212 1501 1253 1532 Et
1269 1511 1342 1541 pro-

279 1551 386 1585 pterea
402 1544 475 1575 satis
489 1543 644 1574 subtiliter
659 1543 692 1574 in
708 1543 810 1574 littera
824 1544 1061 1584 proportionale
1078 1544 1247 1582 obiectum,
1264 1546 1344 1577 sicut

264 1588 429 1629 ¹potentiis
450 1587 603 1624 univocis,
624 1587 818 1628 assignatum
833 1595 879 1618 est
901 1589 1054 1629 quidquid
1070 1594 1176 1629 potest
1191 1591 1273 1620 entis
1288 1600 1342 1620 ra-

279 1633 395 1664 tionem
419 1632 546 1663 habere.

333 1676 402 1708 VII.
425 1676 515 1707 Circa
537 1675 760 1716 probationem
783 1676 865 1707 tertii
889 1676 961 1706 dicti
979 1676 1005 1713 *,
1031 1676 1166 1707 dubium
1190 1678 1340 1708 occurrit:

278 1721 434 1762 quoniam
464 1720 720 1761 praetermissum
742 1719 867 1750 videtur
890 1730 953 1750 non
977 1730 1043 1751 ens.
1071 1722 1118 1751 Ex
1141 1731 1179 1751 eo
1204 1731 1342 1762 namque

276 1765 368 1807 quod
391 1765 470 1795 nihil
493 1764 669 1805 opponitur
692 1764 755 1795 enti
780 1764 839 1794 nisi
863 1774 929 1794 non
953 1774 1024 1801 enS,
1048 1765 1249 1796 inferendum
1268 1773 1340 1802 erat,

279 1819 360 1851 ergo
383 1819 446 1840 non
471 1818 527 1839 ens
549 1809 720 1849 opponitur
736 1809 882 1848 possibili
904 1809 1057 1846 absolute,
1082 1810 1157 1850 quia
1172 1811 1343 1850 opponitur

279 1854 366 1884 enti:
388 1860 419 1884 et
438 1863 503 1883 non
518 1852 651 1883 debebat
665 1858 790 1883 tantum
812 1852 928 1888 inferri,
946 1862 1025 1893 ergo
1048 1863 1265 1894 quaecumque
1288 1855 1342 1884 im-

273 1898 400 1938 plicant
422 1897 520 1927 simul
543 1906 599 1927 ens
622 1901 652 1927 et
675 1906 738 1926 non
763 1905 830 1934 ens,
855 1902 1040 1937 repugnant
1057 1897 1211 1937 possibili.
1235 1915 1254 1920 -
1275 1898 1340 1928 Nec

279 1948 384 1982 potest
406 1941 445 1971 ad
469 1941 530 1971 hoc
554 1940 614 1971 dici
638 1940 726 1981 quod
754 1940 905 1980 implicite
935 1947 1107 1982 utrumque
1138 1941 1261 1972 illatum
1285 1948 1340 1972 est.

279 1985 452 2022 Quoniam,
469 1992 505 2015 ut
524 1991 609 2025 patet
631 1984 664 2014 in
687 1984 797 2020 littera,
817 1984 940 2015 illatum
964 1992 1011 2015 est
1033 1985 1122 2025 quod
1145 1986 1214 2016 sola
1237 1986 1340 2025 impli-

279 2029 380 2061 cantia
410 2029 691 2060 contradictionem
722 2035 900 2069 repugnant
929 2029 1087 2069 possibili:
1113 2036 1234 2060 constat
1257 2029 1341 2060 enim

2382 285 2455 332 295

1401 360 1490 399 quod
1517 370 1582 390 non
1606 361 1688 391 entia
1711 362 1830 402 absque
1858 362 2071 402 implicatione
2095 363 2349 396 contradictionis
2371 363 2458 395 inve-

1401 403 1539 435 niuntur.
1565 405 1656 435 Unde
1679 405 1867 445 ambiguitas
1890 407 2084 447 relinquitur,
2109 409 2285 449 quomodo,
2311 418 2350 439 eo
2373 417 2458 448 prae-

1400 447 1554 484 termisso,
1571 449 1719 479 saltatum
1742 449 1782 480 sit
1804 450 1844 479 ad
1867 460 1923 480 ens
1946 456 1976 481 et
1999 462 2060 482 non
2086 462 2140 483 ens
2163 454 2268 483 simul.

1457 492 1508 521 Ad
1536 492 1598 523 hoc
1628 493 1741 523 dicitur
1770 493 1878 534 quod,
1910 501 1945 524 ut
1972 501 2056 534 patet
2085 496 2114 526 V
2136 497 2317 537 Metaphys.
2337 494 2352 511 *
2376 503 2406 526 et
2430 496 2455 526 ΙΙ

1399 536 1525 576 Physic.
1542 536 1572 572 *,
1597 537 1707 567 eadem
1731 543 1777 567 est
1799 547 1892 567 causa
1916 538 2015 568 activa
2041 539 2153 570 obiecti
2176 547 2207 570 et
2229 540 2278 570 sui
2301 540 2440 580 oppositi
2448 549 2455 576 ;

1400 579 1609 610 diversimode
1632 587 1754 617 tamen,
1779 581 1854 621 quia
1877 581 2038 618 faciendo,
2066 590 2171 614 causat
2193 584 2353 614 obiectum
2382 594 2456 624 pro-

1399 623 1514 662 prium,
1540 634 1605 654 non
1624 624 1768 655 faciendo
1787 631 1903 661 autem,
1924 626 2125 665 oppositum;
2149 634 2185 658 ut
2203 634 2288 667 patet
2307 628 2346 658 de
2361 635 2456 658 nauta

1399 667 1527 698 ibidem.
1552 668 1592 698 Et
1607 668 1650 698 sic
1665 669 1698 698 in
1713 668 1812 699 dubio
1827 679 1892 699 non
1910 676 1983 705 erat,
2001 680 2066 700 non
2081 680 2135 701 ens
2152 672 2259 702 cadere
2283 672 2341 702 sub
2357 672 2457 702 activa

1399 711 1540 751 potentia
1555 712 1622 748 Dei,
1648 712 1736 743 cuius
1752 713 1918 752 proprium
1935 713 2094 744 obiectum
2117 715 2309 755 assignatum
2325 722 2370 746 est
2386 724 2454 746 ens:

1399 762 1524 794 oportet
1538 756 1623 786 enim
1638 756 1735 792 illam,
1753 756 1906 793 faciendo,
1924 767 1988 793 ens,
2005 767 2070 787 non
2087 758 2239 795 faciendo,
2255 769 2320 789 non
2339 769 2394 789 ens
2409 769 2456 789 re-

1399 798 1527 838 spicere.
1552 800 1682 830 Etcum
1704 801 1806 831 multa
1829 810 1895 830 non
1918 801 2000 831 entia
2023 802 2140 842 absque
2155 802 2367 842 implicatione
2382 813 2456 833 con-

1398 843 1591 874 tradictionis
1615 843 1677 874 sint
1699 853 1765 874 non
1783 844 1874 881 entia,
1895 851 1931 875 ut
1946 851 2031 884 patet
2045 845 2077 874 in
2094 846 2222 875 materia
2246 846 2455 886 contingente,

1399 897 1596 927 consequens
1617 894 1663 918 est
1677 888 1766 928 quod
1789 898 1855 918 non
1879 898 1933 918 ens
1957 889 2211 928 praetermissum
2234 900 2299 920 non
2318 890 2386 926 fuit,
2402 891 2456 920 sed

1398 930 1554 962 clauditur
1583 932 1642 962 sub
1666 942 1731 962 non
1753 931 1988 971 implicantibus
2013 933 2302 971 contradictionem.
2326 934 2457 974 Propter

1398 975 1501 1015 quod,
1526 975 1623 1006 saltus
1646 975 1753 1006 nullus
1776 975 1809 1005 in
1832 976 1933 1006 littera
1961 976 2060 1007 factus
2085 984 2143 1007 est:
2169 977 2223 1007 sed
2247 988 2283 1007 ex
2306 987 2344 1007 eo
2368 978 2456 1018 quod

1399 1019 1505 1049 solum
1527 1029 1593 1049 non
1618 1029 1672 1049 ens
1696 1020 1871 1060 opponitur
1894 1020 1973 1056 enti,
2002 1027 2031 1050 et
2055 1027 2176 1051 constat
2199 1021 2287 1062 quod
2310 1031 2375 1051 non
2399 1031 2455 1061 op-

1398 1063 1528 1102 ponitur
1551 1063 1578 1093 ei
1602 1063 1749 1099 divisum,
1774 1064 1828 1093 sed
1852 1063 2058 1094 coniunctum
2075 1065 2106 1094 in
2132 1065 2250 1103 eodem,
2274 1065 2313 1095 de
2335 1065 2454 1102 eodem,

1398 1107 1441 1137 ad
1463 1107 1562 1144 idem,
1588 1113 1656 1143 etc„
1681 1107 1802 1147 optime
1825 1107 1948 1138 illatum
1972 1115 2034 1144 est,
2059 1118 2137 1149 ergo
2161 1110 2325 1139 continens
2347 1119 2403 1139 ens
2426 1114 2456 1139 et

1399 1160 1460 1180 non
1485 1160 1542 1181 ens
1563 1151 1675 1188 simul,
1699 1152 1802 1182 solum
1827 1157 1989 1192 repugnat
2006 1152 2160 1191 possibili.
2185 1153 2225 1183 Et
2248 1163 2313 1182 non
2337 1153 2454 1189 debuit,

1397 1204 1455 1224 nec
1478 1195 1583 1234 potuit
1605 1194 1725 1231 inferri,
1750 1205 1829 1236 ergo
1852 1205 1915 1226 non
1939 1205 1995 1226 ens
2018 1202 2179 1236 repugnat
2196 1197 2359 1236 possibili:
2381 1197 2456 1237 quia

1397 1248 1454 1268 nec
1476 1246 1630 1278 repugnat
1653 1239 1735 1275 enti,
1761 1239 1819 1269 nisi
1844 1239 1992 1270 cumillis
2008 1240 2242 1271 conditionibus
2266 1241 2455 1271 constituen-

1397 1282 1480 1312 tibus
1504 1282 1794 1319 contradictionem,
1815 1290 1851 1313 ut
1874 1284 1912 1313 de
1936 1294 1968 1313 se
1992 1290 2085 1324 patet.

1454 1326 1536 1356 VIII.
1562 1325 1653 1356 Circa
1683 1327 1763 1357 hanc
1794 1327 1988 1366 positionem
2020 1328 2162 1364 adverte,
2189 1328 2277 1368 quod
2300 1328 2454 1368 praesenti

1397 1369 1562 1409 proposito
1580 1369 1702 1406 sufficit,
1723 1371 1812 1411 quod
1835 1371 1989 1411 quidquid
2009 1372 2148 1412 implicat
2164 1368 2453 1408 contradictionem,

1396 1413 1588 1454 inquantum
1611 1414 1819 1450 huiusmodi,
1854 1415 2035 1445 excludatur
2065 1417 2102 1446 ab
2126 1416 2373 1456 omnipotentia:
2398 1426 2456 1446 nec

1396 1457 1458 1488 hoc
1481 1459 1668 1488 vertendum
1689 1458 1782 1489 estin
1799 1459 1943 1490 dubium.
1968 1460 2083 1490 Utrum
2107 1467 2213 1491 autem
2235 1460 2296 1490 hoc
2311 1460 2361 1490 vel
2376 1459 2455 1490 illud

1396 1501 1536 1544 implicet
1559 1502 1856 1539 contradictionem,
1883 1503 2008 1533 alterius
2032 1504 2149 1544 negotii
2174 1510 2228 1534 est.
2253 1504 2293 1534 Et
2316 1504 2456 1534 similiter

1396 1553 1505 1576 utrum
1521 1556 1587 1576 uno
1611 1547 1661 1576 vel
1684 1546 1827 1587 pluribus
1851 1547 1954 1577 modis
1979 1547 2139 1588 contingat
2161 1548 2313 1587 implicari
2333 1554 2454 1578 contra-

1397 1590 1577 1626 dictionem,
1595 1590 1672 1620 nihil
1688 1590 1790 1621 refert.
1815 1590 1933 1621 Omnia
1953 1591 2036 1621 enim
2053 1602 2133 1632 quae
2158 1592 2332 1622 secundum
2348 1601 2380 1622 se
2395 1592 2454 1621 im-

1396 1634 1514 1674 plicant
1544 1634 1843 1671 contradictionem,
1876 1645 1947 1665 vere
1976 1635 2181 1675 impossibilia
2213 1642 2287 1666 sunt
2316 1642 2352 1666 ut
2378 1635 2454 1666 fiant

1396 1678 1490 1708 etiam
1514 1688 1532 1708 a
1555 1679 1635 1709 Deo.
1666 1679 1707 1709 Et
1730 1688 1786 1719 per
1808 1679 1870 1709 hoc
1898 1686 1983 1719 patet
2010 1680 2174 1720 responsio
2205 1681 2243 1709 ad
2272 1686 2455 1719 argumenta

1395 1722 1536 1758 Aureoli,
1553 1723 1639 1762 apud
1654 1722 1857 1763 Capreolum,
1880 1722 1912 1752 in
1932 1723 1954 1759 I,
1972 1723 2042 1754 dist.
2057 1734 2128 1760 an,
2145 1734 2198 1764 qu.
2220 1734 2228 1753 1
2250 1723 2276 1754 *.

1455 1767 1507 1796 IX.
1533 1766 1568 1796 In
1591 1767 1798 1807 responsione
1822 1767 1860 1797 ad
1888 1774 2047 1807 quartum,
2071 1768 2195 1798 adverte
2219 1768 2306 1808 quod
2330 1777 2385 1807 per
2407 1777 2453 1796 sa-

1394 1810 1547 1851 pientiam
1570 1810 1665 1841 huius
1689 1811 1800 1841 mundi
1832 1821 1898 1841 non
1920 1811 2123 1850 intelligimus
2147 1811 2384 1851 philosophiam
2408 1821 2453 1840 se-

1396 1854 1539 1884 cundum
1562 1864 1604 1891 se,
1629 1855 1782 1895 quoniam
1806 1854 1859 1885 illa
1881 1865 1947 1885 non
1970 1855 2086 1886 iudicat
2109 1855 2239 1885 falsum:
2265 1855 2318 1885 sed
2341 1855 2453 1885 intelli-

1395 1898 1479 1938 gitur
1508 1898 1727 1939 philosophia,
1759 1899 1933 1929 secundum
1965 1899 2053 1939 quod
2083 1906 2215 1930 utuntur
2244 1909 2279 1929 ea
2306 1899 2452 1929 homines

1394 1942 1489 1972 huius
1519 1942 1648 1978 mundi;
1681 1952 1717 1973 ex
1745 1953 1885 1983 quorum
1913 1943 2066 1973 defectivo
2099 1943 2219 1974 lumine
2251 1942 2453 1973 temerarium

1394 1985 1512 2030 prodiit
1534 1986 1697 2023 iudicium,
1723 1997 1788 2027 quo
1808 1986 2014 2027 impossibilia
2037 1987 2138 2017 causis
2161 1987 2315 2023 secundis,
2333 1987 2452 2027 impos-

1394 2030 1495 2060 sibilia
1518 2031 1661 2061 absolute
1685 2031 1820 2061 iudicata
1843 2037 1930 2066 sunt,
1956 2038 1991 2061 ut
2015 2031 2188 2062 Incarnatio
2212 2031 2280 2067 Dei,
2305 2037 2362 2061 etc.

1061 2172 1377 2214 ARTICULUS
1407 2173 1678 2224 QUARTUS

651 2266 807 2297 UTRUM
831 2265 942 2296 DEUS
965 2265 1113 2296 POSSIT
1137 2265 1307 2313 FACERE
1331 2266 1454 2303 QUOD
1478 2267 1753 2306 PRAETERITA
1776 2266 1868 2297 NON
1891 2267 2081 2297 FUERINT

499 2346 531 2370 11·
546 2345 597 2375 11··,
617 2353 662 2378 qu.
676 2353 736 2376 cm,
750 2349 798 2369 art.
814 2343 836 2374 3.
850 2345 882 2369 ad
903 2344 929 2374 3;
949 2345 958 2369 Ι
978 2344 1060 2374 Sent„
1077 2344 1135 2369 dist.
1147 2352 1207 2373 xtn.
1221 2352 1266 2377 qu.
1278 2352 1304 2374 11,
1320 2350 1368 2370 art.
1384 2353 1412 2376 25
1431 2345 1452 2369 11
1474 2346 1549 2370 Cont.
1566 2347 1653 2375 Gent„
1669 2353 1725 2378 cap.
1739 2353 1799 2376 xxv3
1820 2346 1861 2370 De
1880 2346 1947 2374 Por„
1963 2354 2007 2378 qu.
2020 2353 2037 2376 1,
2053 2351 2100 2371 art.
2116 2345 2139 2377 3,
2153 2346 2184 2370 ad
2203 2353 2233 2379 9;

1069 2380 1166 2410 Quodl.
1184 2381 1215 2409 V,
1235 2388 1279 2412 qu.
1298 2388 1325 2412 ιι,
1345 2385 1392 2405 att.
1415 2388 1442 2412 ¹3
1460 2381 1495 2405 VI
1513 2381 1609 2410 Ethic„
1630 2382 1688 2405 lect.
1707 2389 1733 2405 11.

314 2486 376 2513 nav«
398 2508 401 2514 ,
472 2481 511 2506 D
532 2480 703 2511 QUARTUM
724 2480 777 2505 sm
797 2479 1035 2505 PROCEDlTUR.
1056 2468 1216 2505 Videtur
1235 2467 1340 2515 quod

306 2502 468 2579 ’ᾒέἵιιη
489 2523 595 2558 Deus
621 2521 741 2570 possit
759 2521 881 2557 facere
911 2521 1016 2569 quod
1043 2521 1243 2570 praeterita
1262 2533 1341 2557 non

296 2572 332 2626 ,J
357 2559 637 2611 v''fuerint.
659 2573 777 2621 Quod
806 2574 908 2611 enim
929 2581 984 2610 est
1011 2574 1244 2624 impossibile
1272 2586 1341 2622 per

335 2601 546 2673 Qse,
577 2627 696 2675 magis
730 2634 784 2663 est
820 2627 1053 2676 impossibile
1081 2640 1198 2676 quam
1236 2627 1340 2676 quod

278 2687 334 2717 est
361 2680 594 2729 impossibile
613 2693 682 2729 per
709 2680 895 2717 accidens.
918 2681 995 2718 Sed
1021 2682 1127 2718 Deus
1146 2688 1271 2729 potest
1289 2681 1340 2716 fa-

278 2745 364 2770 cere
392 2733 431 2770 id
459 2734 564 2782 quod
593 2741 648 2770 est
676 2733 909 2782 impossibile
935 2746 1005 2782 per
1032 2746 1089 2780 se,
1115 2741 1156 2770 ut
1184 2745 1340 2770 caecum

277 2786 490 2824 illuminare
505 2792 533 2833 α,
549 2787 612 2824 vel
630 2794 826 2823 mortuum
846 2786 1077 2824 resuscitare.
1099 2788 1200 2834 Ergo
1221 2787 1339 2823 multo

277 2839 398 2888 magis
425 2847 551 2888 potest
578 2841 683 2876 Deus
712 2840 835 2876 facere
863 2839 953 2877 illud
987 2840 1093 2888 quod
1118 2847 1173 2876 est
1200 2840 1340 2889 impos—

278 2892 384 2930 sibile
412 2905 481 2942 per
508 2893 693 2930 accidens.
721 2892 798 2929 Sed
824 2893 1023 2942 praeterita
1042 2906 1119 2930 non
1139 2892 1265 2940 fuisse,
1286 2900 1341 2929 est

277 2946 511 2996 impossibile
539 2958 607 2995 per
635 2945 828 2983 accidens:
857 2946 992 2983 accidit
1012 2946 1113 2983 enirn
1143 2946 1339 2982 Socratem

277 3011 357 3036 non
385 3012 535 3036 currere
564 3012 645 3036 esse
674 2998 917 3047 impossibile,
939 3012 984 3036 ex
1007 3000 1081 3036 hoc
1101 2998 1205 3047 quod
1234 3011 1340 3049 prae-

277 3052 385 3089 teriit.
415 3053 517 3100 Ergo
546 3054 651 3090 Deus
679 3059 803 3101 potest
839 3052 963 3089 facere
1000 3052 1105 3101 quod
1141 3052 1340 3101 praeterita

279 3117 358 3142 non
386 3105 534 3142 fuerint.

334 3169 368 3195 2.
389 3159 621 3206 Pmsmm,
642 3158 826 3207 quidquid
845 3159 950 3195 Deus
969 3158 1092 3195 facere
1119 3158 1251 3207 potuit,
1271 3170 1340 3206 po-

278 3218 365 3248 test:
391 3223 478 3247 cum
498 3211 578 3248 eius
604 3212 773 3261 potentia
792 3223 870 3248 non
898 3211 1100 3248 minuatur.
1132 3211 1208 3248 Sed
1236 3212 1341 3247 Deus

278 3263 400 3314 potuit
427 3264 562 3311 facere,
584 3273 790 3314 antequam
820 3265 995 3301 Socrates
1024 3271 1205 3311 curreret,
1235 3263 1341 3313 quod

280 3329 359 3354 non
397 3324 573 3354 curreret.
612 3319 735 3366 Ergo,
774 3325 979 3366 postquam
1008 3317 1188 3364 cucurrit,
1217 3324 1343 3366 potest

280 3371 385 3407 Deus
404 3368 422 3398 Ρ
449 3370 572 3407 facere
601 3371 704 3420 quod
733 3383 812 3408 non
841 3370 1057 3407 cucurrerit.

336 3424 369 3460 3.
391 3423 631 3471 PRAETEREA‚
662 3424 794 3461 caritas
834 3431 889 3460 est
925 3423 1048 3460 maior
1074 3422 1193 3460 virtus
1226 3434 1342 3472 quam

279 3476 484 3524 virginitas.
516 3476 593 3513 Sed
629 3477 734 3514 Deus
770 3485 894 3526 potest
931 3488 1105 3525 reparare
1150 3475 1342 3512 caritatem

314 2482 321 2501 )
393 2486 450 2514 075²<

1395 2467 1587 2505 amissam.
1618 2469 1719 2516 Ergo
1756 2477 1791 2505 et
1817 2468 2081 2516 virginitatem.
2117 2470 2216 2516 Ergo
2250 2475 2374 2517 potest
2401 2469 2453 2505 fa-

1395 2533 1481 2557 cere
1500 2521 1604 2570 quod
1634 2521 1693 2557 illa
1726 2533 1822 2570 quae
1844 2529 2019 2569 corrupta
2042 2521 2119 2567 fuit,
2145 2534 2223 2558 non
2242 2522 2352 2558 fuerit
2372 2534 2452 2558 cor-

1396 2581 1517 2622 rupta.

1449 2628 1523 2663 SED
1543 2636 1688 2663 CONTRA
1707 2638 1772 2662 EST
1791 2627 1896 2675 quod
1916 2626 2175 2675 Hieronymus
2196 2626 2281 2663 dicit
2294 2627 2330 2663 *ε
2367 2639 2452 2663 cum

1394 2681 1498 2716 Deus
1526 2680 1653 2716 omnia
1667 2679 1794 2727 possit,
1816 2691 1890 2715 non
1913 2685 2035 2727 potest
2051 2680 2096 2716 de
2123 2685 2300 2727 corrupta
2312 2681 2451 2728 facere

1395 2733 1663 2780 incorruptam.
1685 2733 1787 2779 Ergo
1816 2732 1952 2768 eadem
1981 2732 2124 2769 ratione
2146 2745 2224 2769 non
2251 2741 2375 2781 potest
2399 2734 2451 2770 fa-

1395 2798 1480 2822 cere
1519 2786 1565 2823 de
1603 2795 1848 2833 quocumque
1885 2785 1957 2822 alio
1985 2785 2204 2834 praeterito,
2234 2786 2338 2834 quod
2376 2799 2454 2823 non

1395 2839 1517 2876 fuerit.

1448 2894 1671 2929 RESPONDEO
1691 2902 1874 2927 DlCENDUM
1894 2890 2011 2938 quod,
2032 2891 2127 2928 sicut
2145 2903 2259 2939 supra
2272 2891 2292 2912 ’¹‘
2311 2891 2453 2928 dictum

1395 2953 1461 2992 est,
1482 2945 1561 2981 sub‘
1581 2942 1855 2991 omnipotentia
1874 2943 1947 2980 Dei
1975 2956 2054 2981 non
2074 2944 2172 2981 cadit
2190 2943 2330 2992 aliquid
2349 2945 2455 2992 quod

1390 2997 1731 3035 *contradictionem
1767 2996 1944 3045 implicat.
1971 2997 2175 3034 Praeterita
2212 3004 2339 3033 autem
2376 3009 2454 3034 non

1394 3051 1520 3098 fuisse,
1542 3049 1876 3086 contradictionem
1905 3049 2082 3098 implicat.
2105 3050 2208 3086 Sicut
2236 3050 2336 3086 enim
2364 3062 2455 3087 con-

1394 3103 1656 3141 tradictionem
1676 3102 1844 3151 implicat
1864 3102 1988 3139 dicere
2008 3103 2113 3151 quod
2142 3103 2315 3139 Socrates
2349 3103 2455 3140 sedet

1396 3165 1431 3194 et
1450 3169 1528 3193 non
1548 3155 1665 3202 sedet,
1686 3155 1747 3201 ita,
1778 3156 1882 3203 quod
1902 3156 2039 3192 sederit
2058 3163 2095 3192 et
2122 3168 2200 3192 non
2219 3155 2368 3192 sederit.
2389 3155 2454 3192 Di-

1396 3223 1479 3247 cere
1500 3217 1627 3246 autem
1647 3208 1751 3257 quod
1771 3207 1918 3254 sederit,
1941 3216 1995 3245 est
2015 3209 2137 3246 dicere
2159 3208 2264 3256 quod
2283 3208 2329 3245 sit
2347 3221 2455 3257 prae-

1395 3263 1561 3300 teritum:
1589 3261 1712 3298 dicere
1742 3269 1870 3298 autem
1898 3262 2003 3309 quod
2031 3274 2109 3298 non
2137 3261 2289 3308 sederit,
2318 3269 2374 3298 est
2401 3261 2453 3298 di-

1396 3328 1481 3353 cere
1509 3314 1614 3364 quod
1633 3326 1711 3351 non
1731 3314 1850 3350 fuerit.
1874 3314 1986 3351 Unde
2010 3314 2210 3363 praeterita
2229 3326 2307 3350 non
2327 3314 2452 3360 fuisse,

1396 3382 1474 3406 non
1502 3367 1670 3405 subiacet
1698 3367 1849 3405 divinae
1872 3367 2074 3416 potentiae.
2096 3367 2145 3404 Et
2171 3367 2246 3403 hoc
2265 3374 2320 3403 est
2348 3367 2454 3414 quod

1396 3421 1627 3469 Augustinus
1657 3420 1754 3467 dicit,
1775 3425 1906 3456 contra
1933 3421 2114 3456 Faustum
2133 3419 2173 3456 *z
2208 3420 2380 3468 Quisquis
2404 3421 2454 3457 ita

1397 3475 1504 3512 dicit.-
1534 3489 1553 3507 «
1572 3474 1613 3510 Si
1629 3474 1733 3510 Deus
1752 3473 1982 3521 omnipotens
2002 3478 2064 3518 est,
2072 3473 2202 3521 faciat
2220 3478 2260 3509 ut
2277 3484 2373 3521 quae
2383 3474 2453 3521 fa-

315 3589 362 3648 de.)
383 3589 542 3614 illuminare.
559 3603 578 3608 —
596 3588 745 3614 illuminari
761 3589 883 3614 ABCDE.
901 3603 920 3608 -
937 3590 988 3614 Pro
1007 3590 1180 3619 resuscitare,
1202 3597 1343 3623 resurgere

281 3631 312 3649 co
332 3632 393 3649 ices.

1450 3587 1474 3621 β)
1496 3589 1577 3612 Deus.
1600 3600 1620 3606 —
1643 3586 1772 3611 Omittunt
1795 3587 1905 3611 codices.
1922 3600 1941 3605 -
1958 3586 2009 3611 Pro
2033 3586 2198 3617 cucurrerit,
2220 3586 2339 3611 cucurrit
2361 3586 2453 3611 DEI-*G

1397 3624 1466 3657 pAc.

2483 496 2494 506 ‘⁴
2509 495 2541 517 Ca
2561 511 2566 516 .
2577 501 2601 517 u.
2615 507 2626 512 —
2640 496 2695 519 Did.

2484 522 2523 543 lib.
2575 537 2581 549 ,
2597 528 2647 550 cap.
2662 528 2693 550 ιι,

2483 553 2565 602 P'cZ'p.
2575 581 2608 602 m,
2623 581 2679 601 Μ.

2478 1725 2577 1779 {antra
2584 1725 2678 1747 conclus
2683 1741 2690 1747 .

2493 1767 2498 1778 ,
2530 1767 2536 1772 .

2479 2640 2488 2648 ⁶
2514 2638 2550 2659 De
2574 2637 2688 2660 Custodia

2483 2665 2600 2692 Virginit„
2607 2665 2640 2685 aa
2645 2664 2693 2685 Eu-

2479 2691 2562 2744 }toclt„
2578 2697 2615 2719 ep.
2629 2697 2691 2718 xxu,

2480 2902 2491 2912 ⁸
2498 2900 2660 2928 Art.prneced;
2669 2904 2692 2922 et

2481 2934 2580 2975 gg'hvn’
2601 2931 2644 2949 art.
2663 2933 2691 2954 2,

2480 3432 2489 3441 ·
2511 3431 2562 3452 Lib.
2580 3431 2673 3458 xxvx,

2481 3463 2531 3485 cap.
2547 3464 2568 3479 v-
