2768 4178
71 512 83 524 *
91 512 196 544 ‚Gap-,de
209 511 288 540 oppo-

71 541 135 560 sms.
155 545 159 548 ‘

70 2131 81 2141 '¹
96 2129 154 2158 Cap.
168 2136 200 2152 vr.

69 2557 80 2568 ¹¹
93 2557 164 2579 Num.
180 2563 213 2579 10.

310 255 389 302 416

314 345 390 371 esse,
415 334 570 375 quoniam
594 341 677 366 extra
700 335 806 365 Deum
830 335 1044 366 sunt.-Tum
1068 334 1143 375 quia
1166 334 1244 364 nihil
1266 334 1381 375 imper-

313 379 459 410 fectionis
478 379 570 419 ponit
588 386 643 410 aut
661 379 904 419 praesupponit:
926 386 956 410 et
972 386 1139 420 propterea
1155 378 1265 408 ordine
1281 379 1381 419 perfe-

315 423 426 454 ctionis
444 430 490 454 est
512 423 625 462 prima.
650 424 690 454 Et
713 423 775 453 hoc
798 422 936 463 intellige
960 422 1137 453 ordinando
1166 422 1381 453 distinctiones

313 468 346 498 in
370 467 479 497 ordine
503 467 625 497 entium
649 467 847 507 simpliciter:
880 477 970 497 secus
998 467 1083 496 enim
1112 473 1192 497 esset
1214 466 1246 496 in
1271 467 1381 497 ordine

313 511 554 542 distinctionum
573 518 609 542 ut
628 512 685 548 sic,
711 518 747 542 ut
765 511 798 542 in
813 511 1158 552 Postpraedicamentis
1172 510 1190 530 *
1205 510 1316 541 diffuse
1335 511 1379 541 di-

311 555 426 586 ximus.

370 599 468 630 XVII.
493 599 529 629 In
552 599 760 640 responsione
783 600 823 630 ad
846 607 1010 640 quartum,
1035 599 1132 630 habes
1154 598 1222 630 tria.
1251 599 1378 636 Primo,

313 643 402 684 quod
425 643 534 674 relatio
559 643 731 674 subsistens
762 643 836 675 facit
866 643 1101 674 distinctionem
1130 643 1378 684 suppositalem:

1016 255 1282 302 QUAESTIO
1312 256 1398 304 XL,
1428 257 1725 294 ARTICULUS
1755 257 1805 293 III

1436 342 1467 366 et
1486 336 1524 366 de
1540 336 1602 366 hoc
1624 335 1754 367 inferius
1771 336 1788 355 *
1811 336 1871 367 erit
1894 347 2009 367 sermo.
2026 345 2046 359 Ξ
2061 337 2219 374 Secundo,
2244 339 2334 379 quod
2356 339 2390 380 ly
2412 340 2503 371 aliud

1435 380 1578 420 positum
1608 380 1641 410 in
1665 379 1849 411 defim'tione
1880 381 1923 411 ad
1945 382 2069 422 aliquid
2099 391 2155 412 seu
2185 382 2323 419 relativi,
2355 390 2416 414 stat
2442 394 2502 424 pro

1436 424 1630 455 correlativo.
1655 425 1697 455 Et
1720 435 1756 455 ex
1774 425 1837 455 hoc
1859 425 1956 455 habes
1979 435 2078 466 quam
2102 425 2308 457 conformiter
2331 427 2502 459 dixerimus

1435 468 1468 498 in
1483 478 1538 509 qu.
1554 479 1610 499 xm
1621 467 1639 486 θ’
1655 468 1694 499 de
1710 469 1847 499 termino
1862 469 1991 500 relativi.
2003 487 2024 492 -
2034 469 2159 506 Tertio5
2171 470 2261 510 quod
2278 470 2311 511 ly
2326 471 2418 502 aliud
2436 482 2503 502 non

1435 512 1704 554 praesupponitur
1726 523 1744 543 a
1763 513 1908 550 relative,
1934 514 1988 544 sed
2012 521 2059 545 est
2082 514 2179 544 simul
2202 524 2277 545 cum
2301 524 2350 546 eo.
2373 515 2415 546 Et
2429 515 2504 547 hinc

1434 556 1530 587 habes
1554 567 1653 597 quarn
1676 558 1756 588 bene
1779 567 1910 598 quoque
1934 558 2055 589 dictum
2079 558 2118 589 sit
2137 558 2154 577 *
2177 559 2267 599 quod
2282 569 2386 590 unum
2401 559 2504 590 relati-

1433 611 1512 631 vum
1536 600 1644 632 definit
1667 601 1846 642 reliquum,
1871 612 1938 632 non
1961 609 1998 633 ut
2021 602 2118 643 prius,
2136 603 2192 633 sed
2215 609 2251 634 ut
2273 603 2369 634 simul
2391 610 2504 635 natura

1435 651 1465 676 et
1487 645 1658 676 intellectu.

1121 787 1439 829 ARTICULUS
1468 788 1697 830 TERTIUS

636 872 806 908 UTRUM,
831 871 1098 902 ABSTRACTIS
1121 871 1204 901 PER
1227 870 1541 902 INTELLECTUM
1565 872 1884 904 RELATIONIBUS
1907 876 1937 904 A
1960 874 2180 912 PERSONIS,

1030 915 1183 946 ADHUC
1208 915 1480 946 REMANEANT
1504 915 1782 947 HYPOSTASES

758 985 767 1009 I
788 985 869 1016 Sent„
890 985 948 1010 dist.
963 993 1029 1017 xm,
1049 993 1093 1018 qu.
1106 993 1124 1017 1,
1144 990 1190 1010 art.
1211 992 1240 1015 2;
1261 985 1303 1010 De
1321 985 1388 1016 Por„
1409 992 1455 1018 qu.
1467 992 1521 1016 vm,
1541 990 1589 1010 art.
1602 993 1634 1017 43
1656 986 1800 1018 Compend.
1818 985 1916 1018 neon,
1937 994 1993 1019 cap.
2005 995 2055 1012 Lxx.

365 1103 373 1110 .
398 1078 407 1092 ι
525 1074 547 1098 D
567 1074 726 1099 TERTlUM
750 1074 803 1098 sm
822 1073 1063 1099 PROCEmTUR.
1079 1061 1239 1098 Videtur
1258 1061 1375 1111 quod,

525 1115 719 1151 abstractis
738 1127 807 1164 per
825 1114 1056 1152 intellectum
1084 1114 1377 1163 proprietatibus

344 1208 345 1212 ,
368 1174 444 1216 2¹⁷<
525 1180 592 1204 seu
621 1168 865 1205 relationibus
893 1181 916 1205 a
943 1168 1137 1217 personis,
1166 1168 1292 1205 adhuc
1320 1180 1378 1204 re—

368 1194 705 1258 (NJmaneant
731 1222 968 1270 hypostases.
1000 1222 1042 1259 Id
1071 1222 1172 1258 enirn
1202 1221 1251 1258 ad
1271 1221 1377 1270 quod

312 1272 452 1321 aliquid
480 1285 520 1309 se
548 1274 663 1311 habet
691 1286 736 1311 ex
764 1274 970 1322 additione,
1000 1282 1125 1323 potest
1152 1274 1302 1322 intelligi
1322 1286 1378 1311 re-

311 1333 418 1362 moto
449 1338 495 1363 eo
524 1327 630 1375 quod
654 1327 722 1364 sibi
750 1327 920 1365 additur:
954 1327 1049 1364 sicut
1070 1328 1183 1364 homo
1203 1340 1243 1365 se
1263 1328 1379 1365 habet

312 1379 359 1416 ad
379 1379 523 1416 animal
542 1393 587 1417 ex
606 1380 810 1428 additione,
833 1388 868 1418 et
887 1388 1012 1429 potest
1030 1380 1184 1428 intelligi
1203 1381 1347 1418 animal
1360 1387 1378 1403 ‘²‘

311 1439 460 1469 remoto
489 1434 676 1470 rationali.
707 1434 784 1471 Sed
812 1446 977 1483 persona
1005 1446 1045 1470 se
1073 1434 1189 1471 habet
1209 1447 1253 1471 ex
1273 1434 1377 1471 addi-

311 1485 413 1522 tione
442 1485 491 1522 ad
518 1487 776 1535 hypostasim:
807 1494 863 1524 est
882 1486 984 1524 enirn
1009 1499 1174 1536 persona
1201 1488 1378 1536 hyposta-

221 1554 252 1569 xx
276 1564 283 1575 ,
308 1538 358 1575 sis
371 1539 602 1587 proprietate
629 1540 798 1577 distincta
817 1541 869 1577 ad
885 1540 1104 1590 dignitatem
1126 1541 1332 1589 pertinente
1344 1540 1375 1578 ²¹³.

310 1592 426 1639 Ergo²
445 1599 593 1629 remota
619 1593 849 1642 proprietate
873 1593 1064 1642 personali
1084 1606 1106 1630 a
1124 1606 1302 1642 persona,
1322 1594 1377 1631 in-

310 1645 486 1693 telligitur
513 1646 740 1696 hypostasis.

365 1710 399 1735 2.
421 1699 653 1747 PRAETEREA,
675 1701 787 1747 Pater
810 1712 888 1736 non
908 1700 957 1736 ab
978 1701 1118 1738 eodem
1137 1700 1253 1737 habet
1272 1700 1377 1749 quod

310 1751 354 1787 sit
382 1753 512 1799 Pater,
544 1760 580 1789 et
608 1754 714 1800 quod
742 1753 787 1789 sit
815 1753 959 1801 aliquis.
992 1754 1093 1790 Cum
1123 1753 1225 1790 enim
1253 1761 1376 1802 pater-

309 1804 422 1841 nitate
452 1805 496 1842 sit
523 1806 655 1853 Pater,
686 1805 716 1842 si
743 1805 965 1855 paternitate
1000 1814 1098 1843 esset
1134 1806 1288 1855 aliquis,
1319 1819 1376 1843 se-

310 1865 489 1905 queretur
517 1859 621 1907 quod
651 1858 778 1905 Filius,
799 1859 837 1896 in
866 1871 943 1908 quo
973 1872 1052 1896 non
1081 1867 1136 1896 est
1159 1859 1375 1908 paternitas,

308 1922 388 1947 non
421 1919 519 1948 esset
551 1911 697 1959 aliquis.
734 1913 899 1949 Remota
929 1925 1018 1960 ergo
1046 1924 1116 1961 per
1143 1913 1374 1949 intellectum

308 1963 529 2012 paternitate
559 1977 581 2001 a
608 1965 730 2012 Patre,
761 1965 886 2002 adhuc
915 1973 1086 2002 remanet
1113 1965 1218 2015 quod
1247 1965 1293 2002 sit
1312 1965 1375 2002 ali-

302 2016 410 2066 quis3
440 2017 546 2065 quod
574 2025 630 2054 est
658 2030 740 2055 esse
768 2018 1005 2067 hypostasim
1032 2017 1060 2055 β.
1091 2019 1206 2067 Ergo,
1228 2026 1375 2056 remota

306 2070 535 2119 proprietate
565 2083 587 2107 a
614 2083 792 2120 persona,
822 2080 994 2109 remanet
1021 2072 1248 2121 hypostasis.

363 2124 397 2160 3.
423 2124 655 2172 PRAETEREA,
681 2125 914 2173 Augustinus
944 2124 1108 2173 dicit,·V
1135 2125 1181 2162 de
1212 2124 1249 2162 T
1244 2126 1316 2163 rin.
1337 2125 1372 2162 *z

306 2177 398 2214 Non
427 2177 498 2214 hoc
516 2183 570 2214 est
587 2178 711 2214 dicere
730 2178 950 2227 ingenitum,
971 2178 1073 2227 quod
1090 2184 1145 2215 est
1160 2179 1285 2216 dicere
1302 2180 1375 2216 Pa-

307 2235 423 2266 trem.-
452 2230 540 2278 quia
568 2231 635 2267 etsi
651 2235 666 2257 ⁷
693 2230 832 2267 Filium
862 2243 936 2268 non
959 2232 1159 2281 genuisset,
1179 2232 1271 2269 nihil
1283 2243 1374 2280 pro-

307 2283 450 2319 hiberet
475 2295 560 2320 eum
589 2283 711 2320 dicere
739 2284 957 2333 ingenitum.
989 2284 1067 2321 Sed
1087 2284 1117 2321 si
1137 2284 1275 2321 Filium
1295 2297 1374 2321 non

307 2336 508 2384 genuisset,
529 2349 607 2373 non
634 2336 772 2373 inesset
792 2336 826 2373 ei
843 2336 1060 2386 paternitas.
1090 2338 1205 2385 Ergo,
1227 2344 1375 2374 remota

307 2389 551 2438 paternitate,
581 2390 706 2427 adhuc
734 2397 907 2427 remanet
942 2390 1158 2439 hypostasis
1186 2390 1305 2427 Patris
1334 2398 1375 2427 ut

308 2442 483 2491 ingenita.

363 2497 436 2533 SED
474 2507 620 2533 CONTRA
651 2507 718 2532 EST
754 2495 858 2544 quod
897 2495 1063 2533 Hilarius
1098 2496 1204 2542 dicit,
1240 2497 1292 2534 IV
1328 2496 1375 2533 de

312 2550 348 2586 T
344 2550 414 2586 rin.
435 2549 473 2586 *ε
502 2549 612 2586 Nihil
637 2549 749 2586 habet
765 2548 884 2585 Filius
904 2549 977 2585 nisi
994 2555 1136 2586 natum.
1166 2549 1372 2586 Nativitate

308 2610 435 2639 autem
466 2610 520 2639 est
548 2602 674 2639 Filius.
705 2603 818 2650 Ergo,
839 2609 984 2638 remota
1003 2602 1197 2650 filiatione,
1218 2614 1298 2639 non
1317 2614 1373 2639 re-

308 2663 437 2693 manet
469 2656 682 2704 hypostasis
717 2655 811 2693 Filii.
850 2656 900 2692 Et
938 2654 1075 2692 eadem
1113 2655 1206 2692 ratio
1241 2663 1297 2693 est
1325 2655 1372 2693 de

308 2708 387 2745 aliis
414 2709 598 2758 personis.

361 2763 585 2799 RESPONDEO
613 2774 797 2799 DICENDUM
817 2761 922 2809 quod
952 2761 1091 2810 duplex
1110 2762 1153 2798 fit
1172 2761 1373 2799 abstractio

307 2827 377 2865 per
412 2816 654 2852 intellectum.
692 2815 778 2852 Una
811 2814 987 2864 quidem,
1026 2814 1240 2852 secundum
1269 2815 1374 2864 quod

306 2867 521 2906 universale
541 2868 767 2906 abstrahitur
795 2880 816 2904 a
843 2867 1068 2916 particulari,
1098 2875 1139 2904 ut
1161 2867 1307 2905 animal
1324 2868 1372 2905 ab

307 2922 467 2959 homine.
492 2922 577 2959 Alia
595 2933 701 2968 vero,
723 2921 935 2958 secundum
961 2921 1067 2969 quod
1086 2920 1212 2958 forma
1231 2921 1373 2958 abstra-

307 2974 407 3012 hitur
434 2987 456 3012 a
484 2974 663 3020 materia;
702 2974 797 3011 sicut
824 2974 948 3011 forma
981 2974 1108 3011 circuli
1145 2974 1373 3011 abstrahitur

306 3040 376 3076 per
403 3028 634 3065 intellectum
663 3027 711 3064 ab'
740 3027 845 3063 omni
873 3027 1031 3064 materia
1059 3027 1237 3064 sensibili.
1273 3029 1373 3064 Inter

306 3081 375 3118 has
395 3089 522 3118 autem
543 3080 813 3118 abstractiones
832 3080 928 3117 haec
947 3087 1003 3117 est
1023 3080 1245 3128 differentia,
1266 3080 1371 3129 quod

306 3133 344 3172 in
373 3134 624 3171 abstractione
657 3145 755 3183 quae
783 3133 826 3170 fit
854 3133 1066 3170 secundum
1091 3133 1306 3171 universale
1336 3140 1372 3170 et

305 3187 540 3236 particulare,
570 3199 650 3224 non
678 3193 851 3224 remanet
874 3186 910 3223 id
929 3199 952 3222 a
981 3198 1057 3235 quo
1085 3186 1128 3224 fit
1147 3186 1369 3224 abstractio:

307 3248 454 3277 remota
474 3240 576 3278 enim
596 3241 644 3277 ab
663 3239 819 3277 homine
841 3239 1051 3276 differentia
1079 3239 1261 3286 rationali,
1291 3251 1371 3276 non

307 3301 479 3330 remanet
510 3293 548 3330 in
581 3293 769 3330 intellectu
803 3293 931 3338 homo,
961 3293 1028 3329 sed
1057 3293 1181 3329 solum
1214 3292 1368 3329 animal.

308 3347 350 3382 ln
379 3346 627 3383 abstractione
655 3358 750 3383 vero
788 3357 885 3394 quae
924 3345 1124 3383 attenditur
1157 3345 1370 3382 secundum

306 3399 471 3436 formam
501 3407 536 3436 et
559 3399 756 3436 materiam
777 3395 806 3446 δ,
835 3405 1040 3447 utrumque
1061 3405 1190 3436 manet
1207 3397 1246 3435 in
1266 3397 1370 3435 intel-

356 3504 390 3545 ἀ).
408 3508 508 3545 renioto
527 3511 592 3530 eo...
605 3504 715 3529 animal.
733 3518 752 3523 -
769 3503 905 3529 abstracto
924 3504 983 3535 illo,
1002 3503 1071 3529 sicut
1095 3504 1197 3529 animal
1215 3506 1306 3536 potest
1329 3502 1370 3528 in—

306 3539 389 3607 telltg
405 3540 577 3608 Ῐῗξνΐεθΐῗεὶνη.
595 3588 614 3594 -
631 3574 782 3609 hypostasis
802 3574 911 3599 PFGab.

359 3610 386 3644 γ)
405 3610 462 3635 etsi.
480 3624 498 3629 -
516 3610 539 3635 si
557 3610 602 3635 Pb.

1431 1062 1552 1098 lectu:
1582 1062 1839 1100 abstrahendo
1871 1063 1974 1100 enim
2000 1064 2165 1102 formam
2186 1064 2313 1102 circ-uli
2333 1067 2381 1104 ab
2401 1079 2501 1116 aere,

1432 1122 1604 1152 remanet
1622 1127 1798 1152 seorsum
1817 1115 1856 1153 in
1875 1116 2065 1154 intellectu
2084 1125 2215 1155 nostro
2236 1126 2275 1155 et
2292 1118 2502 1158 intellectus

1433 1167 1559 1205 circuli
1589 1175 1626 1205 et
1652 1168 1863 1207 intellectus
1891 1170 2000 1207 aeris.

1486 1221 1675 1268 Quamvis
1704 1229 1833 1259 autern
1871 1223 1911 1260 in
1939 1223 2077 1260 divinis
2106 1236 2184 1261 non
2213 1224 2259 1261 sit
2286 1224 2502 1263 universale

1432 1286 1557 1324 neque
1585 1275 1821 1324 particulare,
1851 1288 1923 1313 nec
1951 1276 2076 1313 forma
2105 1284 2141 1313 et
2168 1277 2339 1326 materia,
2369 1290 2503 1316 secun-

1433 1327 1525 1364 dum
1546 1340 1646 1375 rem;
1677 1336 1818 1376 tamen,
1840 1329 2054 1367 secundum
2074 1330 2237 1367 modum
2253 1331 2502 1381 significandi,

1432 1380 1623 1418 invenitur
1651 1381 1776 1430 aliqua
1796 1382 2002 1431 similitudo
2022 1383 2163 1420 horum
2190 1383 2230 1421 in
2259 1384 2415 1432 divinis3
2444 1397 2504 1423 se-

1433 1434 1604 1471 cundum
1632 1447 1750 1483 quem
1778 1435 1940 1473 modum
1969 1437 2234 1474 Damascenus
2255 1437 2377 1474 dicit*
2397 1438 2504 1487 quod

1433 1498 1632 1524 commune
1660 1494 1715 1524 est
1742 1489 1969 1536 substantia,
1992 1490 2230 1537 particulare
2255 1501 2347 1528 vero
2383 1492 2503 1541 hypo-

1430 1541 1549 1577 stasis.
1581 1541 1619 1578 Si
1638 1541 1748 1589 igitur
1774 1542 1981 1590 loquamur
2001 1543 2048 1580 de
2068 1543 2320 1580 abstractione
2341 1556 2441 1593 quae
2459 1545 2504 1583 fit

1432 1593 1646 1631 secundum
1664 1594 1879 1632 universale
1909 1603 1947 1632 et
1973 1596 2212 1644 particulare,
2233 1597 2389 1634 remotis
2413 1610 2503 1647 pro—

1430 1646 1670 1695 prietatibus,
1705 1655 1875 1685 remanet
1906 1648 1945 1685 in
1972 1648 2163 1686 intellectu
2196 1650 2358 1687 essentia
2396 1663 2502 1689 com-

1431 1700 1571 1747 munis,
1587 1713 1667 1737 non
1682 1709 1810 1738 autem
1825 1702 2041 1750 hypostasis
2057 1702 2189 1749 Patris,
2206 1715 2306 1751 quae
2321 1710 2378 1740 est
2391 1703 2500 1753 quasi

1430 1753 1666 1802 particulare.
1698 1754 1738 1791 Si
1756 1766 1851 1791 vero
1871 1755 2076 1803 loquamur
2095 1755 2308 1792 secundum
2337 1757 2501 1795 modum

1431 1801 1692 1843 abstractionis
1720 1807 1866 1843 formae
1895 1820 1918 1844 a
1945 1807 2115 1855 materia,
2146 1808 2302 1845 remotis
2329 1809 2501 1859 proprie-

1430 1859 1568 1896 tatibus
1596 1872 1676 1896 non
1703 1859 1981 1908 personalibus,
2011 1868 2185 1898 remanet
2203 1861 2412 1899 intellectus
2431 1863 2501 1912 hy-

1429 1919 1628 1961 postasum
1649 1920 1685 1949 et
1703 1925 1978 1961 personarum:
2008 1913 2113 1961 sicut,
2135 1922 2286 1952 remoto
2305 1927 2375 1964 per
2395 1915 2502 1954 intel-

1429 1966 1570 2002 lectum
1600 1978 1622 2002 a
1650 1967 1761 2002 Patre
1795 1966 1901 2015 quod
1938 1966 1985 2003 sit
2012 1966 2199 2014 ingenitus
2235 1968 2299 2005 vel
2332 1968 2500 2017 spirans,

1430 2026 1602 2056 remanet
1638 2019 1853 2068 hypostasis
1880 2019 1943 2057 vel
1975 2032 2143 2068 persona
2170 2020 2302 2058 Patris.
2338 2021 2415 2059 Sed
2444 2030 2501 2059 re-

1429 2079 1535 2108 mota
1552 2072 1782 2121 proprietate
1800 2073 1994 2121 personali
2008 2085 2078 2122 per
2096 2073 2340 2122 intellectum,
2361 2074 2503 2118 tollitur

1428 2124 1638 2162 intellectus
1658 2125 1884 2174 hypostasis.
1913 2126 2006 2163 Non
2026 2126 2128 2164 enim
2146 2127 2397 2177 proprietates
2416 2140 2501 2178 per-

1429 2179 1580 2215 sonales
1601 2179 1655 2215 sic
1682 2179 1937 2226 intelliguntur
1955 2179 2138 2217 advenire
2157 2181 2429 2230 hypostasibus
2448 2181 2501 2219 di·

1427 2231 1536 2278 vinis,
1566 2231 1662 2268 sicut
1689 2232 1813 2268 forma
1841 2232 2012 2269 subiecto
2042 2233 2323 2281 praeexistenti:
2352 2233 2422 2272 sed
2447 2234 2501 2272 fe-

1429 2291 1515 2320 runt
1534 2296 1666 2320 secum
1687 2297 1755 2321 sua
1775 2284 1983 2333 supposita,
2004 2285 2230 2334 inquantum
2250 2293 2262 2308 ’
2289 2294 2377 2324 sunt
2394 2287 2501 2337 ipsae

1428 2349 1617 2385 personae
1654 2337 1918 2384 subsistentes,
1958 2337 2053 2374 sicut
2081 2339 2285 2387 paternitas
2325 2347 2382 2377 est
2416 2340 2499 2390 ipse

1428 2390 1560 2427 Pater:
1598 2390 1813 2438 hypostasis
1847 2390 1950 2428 enim
1984 2390 2169 2439 significat
2195 2391 2339 2441 aliquid
2371 2392 2499 2431 distin-

1429 2450 1532 2479 ctum
1564 2442 1603 2480 in
1638 2443 1795 2490 divinis,
1835 2456 1924 2480 cum
1962 2444 2178 2492 hypostasis
2212 2445 2258 2482 sit
2290 2445 2500 2484 substantia

1428 2495 1636 2532 individua.
1676 2496 1776 2533 Cum
1805 2493 1915 2544 igitur
1946 2497 2076 2534 relatio
2105 2497 2152 2534 sit
2180 2510 2278 2547 quae
2308 2498 2500 2548 distinguit

1429 2549 1654 2598 hypostases
1674 2556 1711 2586 et
1730 2549 1920 2586 constituit
1945 2561 2008 2586 eas
2024 2550 2050 2598 ς,
2069 2557 2112 2587 ut
2131 2550 2276 2588 dictum
2306 2558 2362 2588 est
2379 2551 2411 2600 ³¹⁸,
2442 2563 2499 2590 re-

1428 2601 1609 2650 linquitur
1637 2602 1755 2650 quod,
1785 2602 2030 2640 relationibus
2057 2604 2323 2652 personalibus
2343 2604 2500 2643 remotis

1427 2667 1497 2704 per
1523 2654 1768 2702 intellectum,
1798 2668 1878 2693 non
1906 2663 2131 2694 remaneant
2161 2658 2399 2707 hypostases.

1484 2708 1572 2756 Sed,
1593 2708 1688 2745 sicut
1716 2708 1858 2746 dictum
1888 2716 1944 2746 est
1961 2709 1992 2756 ³¹⁸,
2022 2709 2136 2759 aliqui
2155 2710 2286 2748 dicunt
2304 2710 2411 2760 quod
2429 2711 2498 2760 hy-

1427 2768 1601 2810 postases
1629 2761 1668 2798 in
1697 2761 1834 2798 divinis
1863 2763 1942 2799 no'n
1963 2762 2246 2811 distinguuntur
2263 2775 2333 2812 per
2352 2764 2499 2801 relatio-

1428 2826 1508 2862 nes,
1530 2814 1597 2852 sed
1617 2826 1686 2863 per
1704 2815 1825 2851 solam
1847 2815 2054 2863 originem;
2083 2823 2125 2852 ut
2142 2815 2367 2865 intelligatur
2386 2817 2499 2855 Pater

1429 2879 1511 2904 esse
1530 2867 1745 2917 hypostasis
1761 2868 1953 2916 quaedam
1967 2881 2038 2918 per
2051 2869 2138 2917 hoc,
2149 2869 2260 2919 quod
2279 2881 2359 2907 non
2379 2877 2434 2907 est
2447 2870 2496 2908 ab

1428 2921 1522 2968 alio;
1553 2920 1667 2958 Filius
1695 2928 1824 2958 autern
1851 2934 1921 2970 per
1949 2922 2036 2970 hoc,
2066 2921 2172 2970 quod
2191 2929 2248 2959 est
2265 2922 2313 2959 ab
2333 2921 2408 2959 alio
2426 2935 2498 2972 per

1427 2974 1725 3021 generationem.
1769 2974 1844 3011 Sed
1882 2974 2084 3012 relationes
2111 2975 2359 3013 advenientes
2388 2975 2497 3025 quasi

1425 3027 1676 3076 proprietates
1696 3026 1744 3064 ad
1765 3026 1984 3075 dignitatem
2003 3026 2246 3076 pertinentes,
2263 3028 2496 3066 constituunt

1426 3080 1612 3117 rationem
1645 3091 1853 3130 personae:
1883 3081 1986 3118 unde
2024 3088 2061 3117 et
2086 3081 2373 3130 personalitates
2397 3086 2413 3106 '¹
2442 3081 2494 3119 di-

1427 3140 1571 3170 cuntur.
1601 3133 1724 3180 Unde,
1747 3132 1902 3170 remotis
1921 3133 2143 3171 huiusmodi
2163 3133 2407 3172 relationibus
2425 3146 2495 3184 per

1425 3185 1668 3234 intellectum,
1685 3194 1884 3224 remanent
1902 3186 2059 3235 quidem
2077 3187 2315 3236 hypostases,
2331 3187 2400 3225 sed
2414 3200 2494 3226 non

1424 3251 1624 3288 personae.

1479 3291 1556 3329 Sed
1583 3292 1659 3329 hoc
1686 3304 1765 3329 non
1792 3299 1918 3340 potest
1941 3304 2036 3339 esse,
2056 3300 2213 3342 propter
2231 3293 2321 3331 duo.
2351 3293 2491 3342 Primo,

1426 3344 1515 3394 quia
1552 3344 1750 3382 relationes
1785 3345 2016 3393 distinguunt
2049 3352 2085 3382 et
2114 3346 2346 3384 constituunt
2371 3346 2494 3396 hypo-

1425 3405 1554 3444 stases,
1582 3405 1625 3435 ut
1652 3405 1849 3435 ostensum
1876 3404 1931 3435 est
1948 3397 1979 3435 ⁸⁸.
2000 3419 2024 3426 -
2046 3399 2238 3448 Secundo,
2260 3399 2348 3449 quia
2367 3398 2493 3436 omnis

1477 3502 1502 3535 δ)
1521 3506 1548 3528 et
1566 3504 1717 3529 materiam.
1733 3517 1754 3523 -
1770 3511 1788 3529 a
1807 3503 1920 3529 materia
1939 3503 1983 3528 Pb.

1478 3538 1500 3570 ε)
1520 3538 1687 3571 inquantum.
1704 3552 1723 3558 -
1741 3541 1768 3563 et
1786 3541 1873 3564 tamen
1894 3538 2005 3564 codices.

1477 3572 1502 3605 ζ)
1522 3580 1575 3598 eas.
1593 3587 1612 3592 -
1630 3573 1692 3598 Om.
1711 3573 1756 3598 Pb.

1478 3608 1506 3642 η)
1521 3608 1736 3640 personalitates.
1754 3622 1774 3628 -
1788 3609 1943 3641 personales
1961 3608 2051 3642 Pffl’).

2529 343 2540 355 ⁴
2554 344 2607 366 Art.
2620 333 2648 371 ζ,
2671 344 2744 367 eom·
2765 346 2768 353 ·

2530 373 2602 425 {zelun
2622 376 2687 393 num.
2701 377 2742 394 vm

2530 471 2538 480 ·
2557 471 2609 493 Art.
2623 477 2650 499 7,
2670 471 2743 494 Com-

2530 501 2601 520 meut.
2616 504 2682 520 num.
2691 504 2722 521 ΣΙ.

2531 563 2618 590 *1bid.,
2626 569 2691 586 num.
2699 569 2743 586 xu.

2530 1447 2540 1456 ·
2548 1445 2585 1468 De
2594 1446 2654 1468 Fide
2661 1446 2743 1474 Orth„

2529 1472 2574 1496 lib.
2587 1473 2627 1501 m,
2642 1479 2693 1502 etp.
2708 1479 2742 1495 vr.

2524 2591 2536 2604 ’
2551 2591 2604 2614 Art.
2618 2591 2724 2620 praeced.

2526 2724 2536 2734 ’
2550 2724 2610 2746 Ibid.

2519 3404 2529 3415 ”
2542 3403 2602 3426 lbid.
