2768 4178
35 638 47 650 '⁴
62 638 99 661 Cf.
114 643 179 660 num.
195 644 217 659 v.

35 727 48 738 ⁸
62 726 100 749 Cf.
114 733 180 748 num.
195 733 226 748 vr.

35 753 58 765 ⁸*
72 753 108 775 Cf.
119 759 184 775 num.
194 760 236 776 vu.

34 1392 97 1416 ‘Ad
111 1393 134 1416 6.

33 1529 112 1552 ‘An-
125 1529 234 1558 pruma.

35 2333 47 2345 ⁴
53 2332 196 2361 neantes.
202 2331 251 2354 No·

35 2360 101 2388 mim,
117 2365 168 2388 cap.
178 2365 219 2381 vu.

38 2550 52 2563 ·
64 2550 136 2573 Nam.
146 2555 188 2572 ιιι.

41 2597 53 2609 ’
67 2597 106 2620 Cf.
121 2602 186 2621 auru.
201 2603 220 2620 1.

38 2862 52 2874 ³
67 2861 104 2885 cf.
118 2867 186 2884 nura.
201 2867 226 2884 u.

968 236 1236 282 QUAESTIO
1266 237 1372 285 XIII,
1402 236 1700 276 ARTICULUS
1728 240 1779 276 VI

2404 240 2471 277 151

958 353 1293 387 Commentario.
1315 354 1568 388 Cardinalis
1590 356 1791 390 Caietam

281 466 461 530 Tirinus,
487 463 523 488 ut
546 456 639 493 iacet,
663 456 697 487 in
720 466 777 487 sua
801 455 1011 496 amplitudine
1035 456 1229 496 intelligitur,
1253 463 1289 487 ut
1312 467 1348 487 ex

339 501 548 542 responsione
571 507 666 542 patet.

1459 458 1542 489 VIII.
1568 458 1660 489 Circa
1682 459 1763 490 illud
1791 459 1911 491 dictum
1941 461 1975 491 in
2004 463 2191 502 probatione
2222 463 2342 504 primae
2373 465 2469 505 partis

1404 502 1635 539 conclusionis,
1661 503 1786 540 scilicet,
1811 505 1993 536 huiusmodi
2016 508 2146 538 nomina
2167 517 2229 538 non
2246 509 2348 539 solum
2367 510 2470 550 signi-

335 545 370 576 In
387 555 520 586 corpore
536 552 688 586 quatuor:
710 544 826 585 primo,
844 544 952 584 regula
968 544 1100 575 traditur
1116 545 1156 575 ad
1172 544 1348 576 discernen-
1393 546 1502 587 ficant
1517 547 1602 587 quod
1623 548 1714 579 Deus
1729 549 1771 579 sit
1794 558 1904 587 causa,
1922 550 1979 580 sed
1997 551 2080 590 quod
2098 552 2138 581 sit
2155 553 2367 584 essentialiter
2382 554 2469 591 talis,

279 590 359 620 dum
382 590 421 620 de
444 600 511 631 quo
530 599 587 630 per
608 589 697 629 prius
713 598 833 619 nomen
850 588 973 625 dicitur,
991 595 1022 619 et
1037 589 1075 619 de
1090 599 1158 629 quo
1173 589 1347 630 posterius;

279 635 430 671 secundo,
443 634 654 674 respondetur
667 633 812 674 quaesito
825 633 934 674 quoad
947 633 1079 664 nomina
1091 634 1344 674 metaphorica*;

278 679 380 715 tertio,
393 679 502 720 quoad
514 676 642 718 proprie
658 677 750 714 dicta,
768 678 946 708 secundum
958 677 1147 718 opinionem
1162 678 1194 708 in
1208 678 1348 709 secundo

277 723 410 754 articulo
434 722 632 753 confutatam
646 722 678 758 *;
702 728 826 763 quarto,
851 723 1030 753 secundum
1051 723 1215 753 veritatem
1230 723 1273 754 **.

334 767 371 798 11.
397 767 515 804 Quoad
536 767 690 807 primum,
710 766 819 806 regula
843 773 903 797 est:
928 767 1112 807 Analogum
1131 767 1219 808 prius
1236 767 1350 798 dicitur

277 812 316 842 de
333 821 371 842 eo
388 811 477 852 quod
492 811 624 851 ponitur
639 810 672 841 in
690 810 827 841 aliorum
852 810 1046 848 definitione,
1071 822 1170 853 quam
1186 813 1224 842 de
1241 812 1349 842 aliis.—

276 856 442 887 Probatur.
461 855 496 885 In
517 855 608 886 omni
632 855 763 886 nornine
782 855 920 896 analogo
944 863 991 886 est
1014 866 1117 887 unum
1134 863 1312 897 respectum
1332 867 1350 887 a

278 900 402 932 ceteris:
427 909 502 940 ergo
532 899 612 930 illud
640 909 744 930 unum
767 900 899 940 ponitur
926 900 959 930 in
986 900 1170 932 definitione
1193 901 1347 932 aliorum:

277 954 352 985 ergo
372 945 454 975 illud
479 953 584 975 unum
599 951 645 975 est
658 944 747 985 prius
763 944 872 975 ceteris
895 946 1072 976 secundum
1091 945 1248 976 rationem
1264 946 1348 976 illius

277 989 414 1030 analogi.
445 988 693 1030 Declaraturque
722 989 784 1020 hoc
816 990 1034 1030 exemplariter
1061 990 1094 1020 in
1119 990 1181 1021 hoc
1212 991 1348 1030 analogo

277 1034 367 1076 quod
391 1039 438 1064 est
459 1043 588 1065 sanum.
606 1050 630 1059 -
651 1034 861 1071 Antecedens,
887 1044 961 1065 curn
984 1034 1088 1075 prima
1111 1034 1347 1076 consequentia,

247 1079 249 1082 ’
276 1088 344 1110 non
368 1078 456 1109 aliter
478 1078 640 1119 probatur.
666 1078 812 1109 Secunda
834 1088 910 1109 vero
934 1079 1162 1119 consequentia
1178 1079 1347 1119 probatur:

277 1123 354 1165 quia
377 1123 456 1154 ratio
473 1133 572 1163 quarn
592 1122 746 1162 significat
764 1133 895 1159 nomen,
913 1130 959 1154 est
975 1122 1134 1159 definitio;
1152 1133 1188 1153 ac
1204 1133 1260 1163 per
1275 1123 1347 1159 hoc,

276 1168 365 1209 prius
390 1167 567 1198 secundum
591 1166 809 1198 definitionem
834 1167 919 1197 illius
943 1167 1094 1203 nominis,
1120 1175 1166 1198 est
1189 1167 1277 1207 prius
1302 1177 1349 1198 se-

277 1212 421 1244 cundum
445 1212 513 1249 eius
536 1212 705 1248 rationem;
731 1212 819 1252 quod
843 1211 922 1242 nihil
941 1212 1029 1242 aliud
1052 1218 1098 1242 est
1121 1221 1220 1252 quarn
1243 1212 1350 1242 analo-

276 1267 356 1298 gum
378 1256 466 1298 prius
491 1256 552 1287 dici
576 1256 615 1287 de
638 1256 693 1286 illo
718 1256 808 1297 quod
830 1255 940 1286 definit
964 1262 1074 1292 cetera,
1100 1265 1197 1296 quam
1215 1255 1254 1286 de
1270 1255 1349 1286 aliis.

334 1301 386 1332 III.
416 1300 509 1332 Circa
539 1300 726 1331 antecedens
754 1306 786 1330 et
809 1300 947 1340 primam
977 1300 1045 1330 eius
1076 1300 1348 1341 consequentiam,

277 1346 412 1377 dubium
429 1355 495 1375 non
513 1344 780 1375 dissimulandum
800 1343 944 1374 occurrit.
966 1344 1086 1382 Primo,
1109 1344 1150 1374 ad
1165 1344 1348 1375 hominem:

277 1390 353 1432 quia
369 1390 504 1431 ipsemet
518 1399 541 1420 s.
553 1389 698 1419 Thomas
714 1388 746 1418 in
765 1388 828 1425 Qu.
841 1388 881 1419 de
899 1388 980 1426 Ver„
999 1398 1053 1429 qu.
1067 1399 1098 1424 11,
1113 1395 1170 1420 art.
1186 1399 1217 1419 xi
1229 1387 1256 1425 *,
1275 1389 1351 1419 dicit

277 1445 344 1466 non
368 1443 435 1465 esse
465 1442 578 1464 verum
607 1432 825 1464 universaliter
854 1433 944 1473 quod
972 1433 1114 1473 primurn
1145 1433 1358 1473 analogatumv

275 1479 355 1520 poni
372 1478 484 1509 debeat
498 1477 532 1507 in
546 1476 723 1508 rationibus
739 1476 876 1507 aliorum
892 1477 1174 1517 analogatorum.-
1189 1478 1348 1515 Secundo,

275 1522 469 1564 simpliciter.
486 1522 575 1552 Tum
591 1521 667 1562 quia
683 1531 720 1552 ex
736 1521 827 1552 dictis
840 1520 859 1539 ⁴‘
875 1528 961 1562 patet
975 1521 1164 1562 sapientiam
1188 1522 1350 1562 analogice

276 1567 338 1600 dici
362 1566 400 1598 de
423 1566 495 1598 Deo
511 1573 542 1597 et
557 1565 642 1596 aliis:
660 1572 691 1597 et
713 1572 820 1597 tamen
840 1573 982 1597 creatura
1003 1576 1070 1596 non
1095 1566 1211 1597 dicitur
1226 1566 1351 1607 sapiens

275 1613 310 1644 in
324 1611 436 1643 ordine
460 1611 500 1641 ad
522 1611 639 1646 Deum,
657 1620 715 1641 nec
739 1620 934 1647 econverSO,
959 1617 995 1641 ut
1018 1617 1113 1651 patet,
1139 1611 1193 1641 sed
1215 1618 1349 1652 uterque

276 1656 391 1688 dicitur
414 1655 538 1696 sapiens
561 1655 716 1686 absolute.
741 1655 830 1685 Tum
854 1654 929 1695 quia
953 1655 985 1685 in
1009 1655 1131 1686 ratione
1155 1655 1295 1686 hominis
1315 1662 1351 1686 ut

276 1701 411 1743 sapiens,
436 1710 503 1731 non
519 1699 676 1730 clauditur
699 1699 853 1740 sapientia
868 1699 944 1735 Dei;
965 1709 1022 1730 nec
1045 1699 1080 1730 in
1098 1699 1220 1730 ratione
1236 1699 1296 1730 Dei
1316 1707 1352 1731 ut

276 1745 403 1787 sapiens
424 1751 480 1781 est,
505 1743 662 1775 clauditur
685 1743 838 1784 sapientia
860 1743 1011 1775 hominis.
1036 1744 1132 1784 Ergo.

284 1815 286 1818 .
332 1790 389 1822 lv.
411 1789 462 1820 Ad
485 1789 548 1820 hoc
569 1788 703 1819 breviter
726 1788 850 1824 dicitur,
875 1789 966 1829 quod
989 1789 1124 1829 analoga
1145 1789 1352 1820 inveniuntur

276 1833 405 1867 duobus
428 1833 543 1865 modis.
573 1833 742 1871 Quaedam
765 1832 852 1864 enim
875 1832 1052 1873 significant
1080 1834 1165 1874 ipsos
1189 1839 1351 1874 respectus

276 1878 316 1911 a'd
331 1879 475 1920 primum
498 1877 714 1918 analogatum‚
739 1884 775 1908 ut
798 1883 885 1918 patet
908 1878 947 1908 de
969 1887 1060 1908 sano.
1087 1878 1255 1915 Quaedam
1273 1888 1349 1908 vero

276 1922 454 1964 significant
459 1922 680 1964 fundamenta
694 1929 819 1952 tantum
835 1922 965 1952 illorum
982 1928 1199 1962 respectuum;
1217 1929 1253 1953 ut
1265 1932 1351 1953 com-

277 1967 417 2000 muniter
438 1966 600 1997 invenitur
630 1967 663 1996 in
692 1966 843 1997 omnibus
866 1976 939 1997 vere
970 1966 1132 2007 analogis,
1167 1966 1296 2008 proprie
1319 1974 1350 1998 et

277 2011 451 2044 formaliter
475 2011 599 2042 salvatis
622 2011 654 2041 in
679 2011 831 2042 omnibus
855 2011 1039 2051 analogatis.
1066 2011 1250 2052 Propositio
1275 2021 1350 2052 ergo

277 2057 331 2088 illa
354 2052 544 2087 'universalis
570 2055 605 2086 in
632 2056 836 2086 antecedente
864 2063 1046 2096 assumpta,
1074 2056 1277 2096 intelligenda
1306 2063 1352 2087 est

259 2100 496 2133 ‘universaliter
519 2100 552 2131 in
576 2100 681 2141 primo
705 2100 806 2130 modo
834 2100 1015 2140 analogiae:
1044 2100 1088 2131 ita
1119 2101 1209 2142 quod
1240 2111 1351 2132 sensus

279 2152 354 2183 est,
373 2145 464 2187 quod
491 2145 522 2175 in
548 2144 698 2175 omnibus
723 2143 909 2175 nominibus
933 2154 1015 2185 quae
1046 2145 1085 2175 de
1109 2145 1254 2186 pluribus
1278 2155 1351 2176 ana-

279 2190 392 2232 logice,
408 2190 489 2220 idest
504 2189 683 2220 secundum
703 2189 843 2219 diversos
859 2195 1030 2230 respectus,
1048 2189 1206 2226 dicuntur,
1224 2197 1351 2230 oportet

278 2235 358 2276 poni
381 2244 495 2266 unum.
520 2234 555 2264 In
579 2233 766 2274 quaestione
790 2240 897 2264 autem
913 2234 953 2264 de
974 2234 1123 2272 Veritate,
1150 2234 1188 2264 de
1210 2234 1352 2265 secundo

278 2279 380 2316 modo
409 2277 573 2318 analogiae
603 2278 681 2309 dixit
709 2278 907 2318 oppositum.
941 2278 983 2309 Et
1006 2278 1084 2309 haec
1115 2279 1282 2319 responsio
1306 2286 1353 2310 est

278 2323 486 2360 universalior
509 2333 546 2354 ea
568 2333 668 2364 quam
691 2320 794 2353 alibi*
810 2323 1051 2363 assignavimus,
1072 2333 1109 2353 ex
1133 2323 1197 2360 Qu.
1215 2324 1255 2354 de
1270 2324 1351 2360 Vera,

279 2367 356 2411 quia
384 2368 444 2399 ista
474 2367 640 2408 responsio
669 2367 764 2398 habet
791 2367 902 2398 locum
938 2367 1032 2398 etiam
1062 2367 1096 2398 in
1131 2367 1273 2407 analogis
1304 2378 1351 2399 se-

279 2413 423 2445 cundum
446 2411 790 2454 proportionalitatem,
816 2411 1032 2452 metaphorice
1056 2419 1163 2442 tamen
1187 2412 1294 2443 dictis:
1320 2413 1352 2443 in

279 2457 328 2488 his
351 2456 438 2488 enim
462 2456 558 2488 etiam
581 2466 685 2487 unum
708 2456 840 2496 ponitur
855 2456 888 2486 in
912 2456 1035 2487 ratione
1059 2456 1196 2493 alterius,
1221 2464 1353 2498 propter

280 2501 473 2543 praedictam
497 2511 635 2532 causam.
649 2519 669 2524 —
683 2501 735 2531 Ad
758 2511 795 2531 ea
817 2510 893 2531 vero
917 2510 999 2541 quae
1019 2501 1160 2531 secundo
1182 2501 1256 2532 loco
1272 2501 1353 2532 obii-

279 2547 416 2582 ciuntur,
441 2546 474 2576 in
498 2552 611 2586 quarta
634 2552 720 2585 parte
745 2545 840 2575 huius
864 2545 986 2576 articuli
1010 2545 1132 2576 dicetur
1146 2543 1172 2577 *.

338 2591 379 2622 V.
390 2590 509 2628 Quoad
522 2590 698 2621 secundum
709 2588 739 2626 ⁴*,
754 2589 919 2620 conclusio
936 2589 1120 2630 responsiva
1135 2598 1195 2621 est:
1212 2591 1354 2621 Nomina

280 2634 496 2675 metaphorice
514 2634 605 2670 dicta,
619 2633 706 2674 prius
724 2632 872 2664 dicuntur
887 2634 926 2664 de
943 2634 1091 2665 creaturis
1103 2645 1202 2676 quam
1218 2636 1256 2666 de
1271 2636 1352 2666 Deo.

281 2698 301 2702 -
316 2679 482 2711 Probatur.
507 2678 601 2709 Ratio
630 2678 748 2708 horum
778 2677 948 2709 nominum
972 2685 1009 2709 ut
1032 2678 1181 2710 dicuntur
1203 2680 1242 2710 de
1266 2681 1352 2716 Deo,

283 2733 350 2755 non
373 2729 479 2764 potest
501 2722 633 2762 intelligi
657 2723 777 2763 absque
800 2722 921 2753 ratione
945 2724 1121 2754 eorundem
1145 2731 1182 2755 ut
1205 2724 1354 2755 dicuntur

282 2769 321 2800 de
337 2767 500 2800 creaturis:
518 2777 604 2807 ergo.
615 2784 636 2790 —
649 2767 849 2798 Antecedens
865 2774 950 2808 patet
967 2765 1198 2808 exemplariter:
1217 2769 1249 2799 in
1267 2779 1353 2799 com-

282 2813 374 2844 muni
402 2811 535 2853 quidem
563 2811 602 2842 de
633 2811 757 2849 ridere,
787 2811 820 2842 in
850 2812 1018 2852 proposito
1050 2819 1159 2844 autem
1190 2813 1228 2843 de
1253 2814 1352 2844 leone.

282 2857 522 2898 Consequentia
545 2866 620 2886 vero
645 2862 731 2887 tenet
755 2865 792 2886 ex
815 2857 924 2897 regula
946 2857 1103 2898 assignata
1125 2858 1151 2888 *.

337 2901 391 2933 VI.
413 2901 531 2940 Quoad
550 2901 690 2937 tertium,
713 2899 875 2932 conclusio
899 2901 1103 2942 hypothetica
1128 2908 1189 2932 est:
1215 2901 1247 2932 Si
1267 2911 1351 2932 com-

283 2946 394 2977 munia
417 2945 551 2976 nomina
570 2945 697 2986 proprie
722 2944 813 2980 dicta,
831 2945 1009 2977 dicerentur
1033 2946 1070 2976 de
1095 2947 1164 2976 Deo
1190 2946 1355 2976 causaliter

282 2997 419 3026 tantum,
445 2990 622 3021 dicerentur
646 2999 702 3029 per
725 2989 813 3029 prius
837 2989 876 3020 de
900 2990 1048 3021 creaturis
1072 3000 1170 3032 quam
1190 2991 1228 3020 de
1244 2990 1354 3021 Deo.-

283 3035 448 3065 Probatur.
473 3034 598 3065 Eorum
614 3033 800 3074 significatio
817 3040 853 3064 ut
867 3034 906 3065 de
920 3035 990 3066 Deo
1014 3035 1172 3071 dicuntur,
1195 3045 1260 3065 non
1280 3045 1355 3075 pos-

285 3085 332 3109 set
354 3078 487 3118 intelligi
510 3078 577 3110 sine
601 3077 830 3118 significatione
847 3079 1023 3110 eorundem
1039 3079 1072 3109 in
1088 3079 1251 3110 creaturis:
1268 3089 1354 3119 ergo.

287 3140 305 3145 -
326 3122 524 3153 Antecedens
553 3130 639 3164 patet
665 3123 698 3153 in
722 3123 869 3164 exemplo
897 3123 980 3155 boni.
996 3123 1252 3164 (Consequentia
1279 3134 1355 3154 vero

286 3173 372 3198 tenet
395 3176 432 3196 ex
455 3166 609 3207 assignata
632 3167 751 3207 regula.

342 3210 411 3241 VII.
432 3210 548 3247 Quoad
572 3217 737 3252 quartum,
763 3211 928 3242 conclusio
951 3212 1134 3253 responsiva
1151 3219 1210 3243 est:
1237 3212 1356 3242 Huius-

288 3255 377 3286 modi
388 3254 529 3291 nomina,
545 3256 654 3296 quoad
666 3266 733 3287 rem
746 3256 976 3297 significatam,
993 3257 1081 3297 prius
1098 3257 1137 3287 de
1148 3257 1231 3292 Deo;
1249 3257 1358 3297 quoad

288 3300 521 3340 impositionem
545 3301 694 3338 nominis,
720 3301 808 3341 prius
832 3301 871 3331 de
895 3301 1043 3332 creaturis
1068 3301 1224 3332 dicuntur.

344 3344 501 3374 Probatur
523 3342 600 3374 haec
624 3345 788 3375 conclusio
813 3346 922 3386 quoad
949 3345 1085 3386 primam
1110 3352 1242 3385 partem.
1271 3345 1358 3375 Haec

289 3388 422 3418 nomina
445 3397 512 3417 non
536 3387 643 3418 solum
666 3388 842 3429 significant
861 3390 967 3420 Deum
983 3400 1050 3420 esse
1069 3389 1165 3420 talem
1185 3388 1358 3424 causaliter,

290 3433 345 3463 sed
369 3432 464 3462 etiarn
487 3431 706 3468 essentialiter';
731 3439 762 3463 et
785 3443 802 3463 a
826 3433 895 3464 Deo
920 3441 1069 3464 emanant
1097 3433 1234 3463 aliorum
1257 3433 1359 3473 perfe-

290 3477 426 3512 ctiones;
452 3485 526 3515 ergo
551 3485 607 3515 per
629 3475 717 3515 prius
741 3477 779 3507 de
803 3477 872 3508 Deo
895 3488 994 3518 quam
1018 3478 1095 3513 aliis,
1113 3478 1221 3518 quoad
1245 3487 1321 3507 rem.
1338 3493 1360 3499 -

291 3521 408 3559 Quoad
425 3520 597 3551 secundam
612 3529 687 3550 vero
703 3527 838 3560 partem:
862 3529 1017 3553 creaturas
1033 3522 1120 3562 prius
1138 3521 1360 3562 cognoscimus

291 3573 322 3596 et
345 3564 564 3600 nominamus;
586 3573 670 3604 ergo.
695 3564 850 3595 Probatur
874 3566 1025 3602 secundo,
1051 3568 1088 3596 ex
1111 3566 1218 3606 signo:
1244 3566 1361 3596 habent

291 3610 428 3640 modum
451 3608 646 3649 significandi
671 3607 726 3648 qui
750 3609 898 3640 convenit
921 3610 1085 3646 creaturis;
1111 3620 1196 3650 ergo.

1404 590 1539 621 dubium
1563 592 1709 623 occurrit.
1739 592 1771 623 Si
1795 593 1897 629 enirn,
1928 603 2002 624 cum
2035 595 2146 625 dicitur
2168 596 2259 627 Deus
2282 602 2328 628 est
2350 597 2470 636 bonu-5,

1404 645 1515 666 sensus
1531 643 1586 672 est,
1599 636 1690 667 Deus
1705 642 1753 667 est
1768 638 1943 668 causaliter
1958 643 1989 668 et
1995 638 2188 679 formaliter
2201 640 2311 678 bonus,
2328 641 2472 682 sequitur

1403 679 1508 720 primo
1532 681 1620 721 quod
1641 681 1674 722 ly
1690 681 1801 719 bonus,
1815 681 1937 712 dictum
1953 682 1992 712 de
2003 683 2082 719 Deo,
2100 693 2166 714 non
2182 683 2334 724 significet
2349 696 2469 722 unum,

1404 731 1513 755 contra
1531 725 1744 761 Aristotelem,
1761 726 1804 757 IV
1815 726 2026 767 Metaphys.*
2043 727 2192 768 Sequitur
2207 730 2346 759 secundo
2368 739 2470 770 oppo-

1403 768 1500 799 situm
1524 769 1645 800 intenti.
1671 770 1836 807 Quoniam
1859 777 1940 801 esset
1963 780 2089 807 sensus,
2114 772 2205 803 Deus
2227 778 2274 803 est
2296 783 2395 804 causa
2419 774 2469 805 bo-

1404 814 1514 844 nitatis
1536 814 1688 852 aliorum,
1714 819 1745 845 et
1768 815 1800 844 in
1816 815 1919 855 seipso
1938 815 2108 846 bonitatem
2132 816 2268 847 habens:
2290 818 2345 847 ubi
2369 818 2470 848 mani-

1403 857 1480 888 feste
1508 864 1595 898 patet
1621 858 1759 889 aliorum
1791 858 1967 890 bonitatem
1996 860 2105 890 cadere
2138 860 2171 890 in
2199 861 2320 892 ratione
2348 862 2407 892 Dei
2435 869 2472 893 ut

1403 903 1508 932 bonus
1532 909 1588 934 est.
1746 902 1751 907 ⁹

1459 947 1511 978 IX.
1537 947 1588 977 Ad
1610 946 1673 978 hoc
1697 947 1819 984 dicitur,
1845 948 1935 988 quod
1956 948 2052 978 verba
2074 948 2127 979 illa
2150 956 2287 989 possunt
2302 949 2470 990 dupliciter

1403 1001 1477 1021 sane
1494 991 1635 1031 intelligi.
1659 993 1778 1028 Primo,
1796 998 1832 1022 ut
1854 992 2069 1033 intelligantur
2092 993 2130 1023 de
2147 994 2290 1034 possibili
2308 1002 2471 1025 seorsum:

1403 1035 1492 1072 idest,
1510 1036 1598 1076 quod
1615 1035 1802 1066 huiusmodi
1826 1036 1958 1067 nomina
1982 1044 2118 1077 possunt
2141 1038 2202 1068 dici
2219 1045 2249 1069 et
2263 1037 2413 1069 verificari
2429 1038 2468 1068 de

1403 1080 1473 1110 Deo
1498 1086 1635 1121 utroque
1659 1081 1769 1116 modo,
1795 1080 1912 1112 scilicet
1935 1081 2100 1112 causaliter
2124 1089 2154 1112 et
2177 1082 2360 1119 formaliter,
2386 1092 2470 1113 seor-

1404 1133 1477 1154 sum
1500 1130 1616 1155 tamen.
1643 1125 1688 1155 Ita
1712 1125 1800 1165 quod
1824 1125 1892 1161 ista,
1916 1126 2003 1156 Deus
2027 1131 2073 1156 est
2096 1127 2206 1164 bonus,
2233 1134 2278 1158 est
2301 1137 2374 1157 vera
2398 1137 2470 1157 cau-

1404 1168 1509 1198 saliter
1524 1176 1661 1208 sumpta,
1680 1176 1710 1199 et
1726 1175 1772 1199 est
1795 1169 1891 1199 etiam
1904 1180 1978 1200 vera
1997 1170 2171 1201 formaliter
2187 1179 2332 1211 sumpta:
2358 1177 2388 1201 et
2403 1181 2470 1202 non

1404 1212 1494 1252 quod
1517 1213 1613 1243 simul
1643 1212 1795 1252 importet
1818 1220 2001 1254 utrumque.
2026 1215 2067 1245 Et
2094 1214 2138 1245 sic
2161 1215 2284 1246 nullam
2314 1215 2470 1255 ambigui-

1403 1262 1501 1286 tatem
1524 1256 1637 1296 ingerit
1667 1257 1803 1287 obiectio
1835 1258 2003 1298 opposita:
2039 1258 2114 1299 quia
2146 1259 2185 1289 de
2217 1266 2350 1300 utraque
2374 1260 2470 1290 simul

1404 1299 1633 1340 significatione
1656 1301 1809 1342 loquitur.

1460 1345 1626 1382 Secundo,
1651 1352 1687 1375 ut
1714 1351 1913 1385 exponantur
1937 1346 1975 1376 de
2003 1352 2140 1387 utroque
2165 1347 2338 1387 significato
2363 1348 2468 1378 simul.

1404 1389 1446 1419 Et
1468 1389 1512 1419 sic
1535 1396 1662 1429 oportet
1686 1389 1807 1426 dicere,
1833 1390 1919 1430 quod
1952 1389 2138 1420 huiusmodi
2169 1392 2299 1421 nomina
2323 1391 2471 1422 dicuntur

1405 1434 1444 1464 de
1459 1434 1529 1464 Deo
1547 1433 1721 1464 formaliter
1738 1440 1767 1464 et
1791 1434 1964 1471 causaliter,
1985 1435 2039 1464 sed
2054 1434 2358 1476 fundamentaliter.
2374 1437 2469 1467 Verbi

1404 1478 1519 1517 gratia,
1555 1488 1630 1508 cum
1653 1478 1767 1508 dicitur
1790 1478 1880 1508 Deus
1903 1484 1950 1509 est
1972 1479 2090 1516 bonus,
2123 1489 2189 1510 non
2220 1480 2326 1510 solum
2354 1480 2470 1520 signifi-

1405 1529 1493 1553 catur
1516 1523 1605 1563 quod
1628 1523 1716 1553 Deus
1740 1529 1786 1553 est
1808 1522 1927 1553 habens
1951 1523 2125 1554 bonitatem
2139 1547 2146 1560 ,
2179 1525 2234 1554 sed
2261 1524 2355 1555 etiam
2382 1526 2471 1566 quod

1404 1567 1492 1597 Deus
1514 1567 1609 1597 habet
1631 1566 1788 1597 rationem
1812 1567 1960 1597 bonitatis
1984 1567 2089 1604 talem,
2115 1568 2216 1609 qualis
2241 1575 2312 1599 nata
2334 1575 2380 1600 est
2398 1569 2470 1600 fun-

1405 1611 1478 1642 dare
1502 1610 1717 1642 causalitatem
1747 1611 1897 1642 bonitatis
1928 1611 2083 1642 aliorum:
2115 1612 2158 1643 ita
2188 1613 2276 1654 quod
2308 1613 2341 1654 ly
2374 1614 2470 1644 talem

1405 1665 1472 1686 non
1495 1656 1631 1686 modum
1655 1662 1710 1686 aut
1732 1655 1890 1686 rationem
1913 1656 2053 1696 aliquam
2076 1656 2163 1687 addit
2186 1667 2281 1698 supra
2296 1657 2471 1688 bonitatem

1405 1699 1555 1736 divinam,
1581 1700 1636 1730 sed
1660 1699 1924 1740 circumloquitur
1946 1700 2034 1730 illam
2058 1700 2226 1731 formalem
2250 1702 2404 1732 rationem
2424 1712 2471 1732 se-

1405 1745 1549 1775 cundum
1572 1754 1671 1786 quam
1694 1745 1781 1775 Deus
1805 1744 1918 1775 dicitur
1941 1745 2061 1781 bonus;
2086 1745 2180 1776 iam*
2201 1746 2287 1776 enirn
2306 1746 2472 1776 definitum

1405 1796 1452 1819 est
1479 1789 1568 1830 quod
1591 1789 1644 1819 illa
1667 1799 1734 1819 non
1758 1796 1804 1819 est
1827 1789 1938 1819 eadem
1962 1799 2036 1820 cum
2059 1796 2182 1826 nostra,
2213 1790 2271 1821 nisi
2296 1791 2472 1822 secundum

1405 1834 1595 1874 analogiam.
1614 1833 1670 1864 Illa
1686 1839 1792 1864 autem
1817 1833 1907 1870 ratio,
1927 1833 2072 1875 quamvis
2097 1835 2312 1865 causalitatem
2331 1845 2397 1865 non
2413 1835 2471 1865 im-

1405 1885 1519 1918 portet,
1544 1877 1658 1908 fundat
1672 1885 1779 1908 tamen
1799 1888 1869 1908 earn
1886 1878 2039 1918 proxime.
2057 1878 2098 1909 Et
2121 1878 2222 1909 simile
2240 1886 2286 1910 est
2302 1879 2340 1909 de
2364 1879 2472 1910 aliis.-

1404 1923 1445 1954 Et
1461 1922 1505 1953 sic
1529 1922 1616 1953 nulla
1636 1929 1777 1954 remanet
1800 1922 1997 1963 ambiguitas.
2024 1923 2187 1960 Quoniam
2205 1924 2381 1954 secundum
2401 1923 2471 1959 hoc,

1405 1967 1538 1998 nomina
1566 1967 1752 1998 huiusmodi
1781 1966 1957 2007 significant
1985 1977 2098 1998 unum.
2132 1968 2198 1998 Nec
2229 1974 2356 2008 oportet
2385 1967 2472 1999 coin-

1405 2012 1502 2052 telligi
1519 2012 1694 2042 bonitatem
1710 2019 1885 2042 creaturae:
1910 2012 2066 2052 quoniam
2089 2022 2155 2042 non
2174 2012 2347 2052 important
2362 2022 2471 2043 causa-

1405 2056 1526 2087 litatem
1550 2056 1744 2092 formaliter,
1770 2057 1824 2086 sed
1853 2055 2130 2087 fundamentaliter
2153 2063 2288 2087 tantum.

1461 2101 1601 2142 Utraque
1625 2101 1791 2141 responsio
1808 2107 1853 2130 est
1869 2101 1963 2131 bona.
1988 2101 2094 2131 Prima
2109 2107 2215 2132 tamen
2240 2101 2339 2142 magis
2357 2101 2473 2132 littera-

1405 2145 1453 2182 lis,
1471 2156 1509 2176 eo
1527 2146 1616 2187 quod
1633 2152 1742 2176 contra
1766 2145 1953 2185 opinionem
1973 2145 2169 2176 confutatam
2189 2145 2331 2187 loquitur
2354 2145 2471 2182 littera,

1407 2197 1438 2221 et
1470 2197 1593 2221 constat
1625 2190 1712 2231 quod
1743 2189 1853 2229 opinio
1883 2189 1936 2219 illa
1960 2190 2150 2231 loquebatur
2178 2190 2216 2220 de
2248 2189 2474 2230 significatione

1407 2234 1605 2271 causalitatis‚
1630 2244 1697 2264 non
1721 2234 2006 2270 fundamentaliter,
2032 2234 2086 2264 sed
2111 2234 2292 2271 formaliter,
2319 2241 2356 2265 ut
2378 2241 2473 2274 patet.

1474 2280 1512 2310 X.
1538 2279 1629 2310 Circa
1647 2279 1790 2309 eiusdem
1806 2278 1902 2318 partis
1918 2278 2151 2318 probationem,
2169 2285 2199 2309 et
2218 2279 2321 2319 ipsam
2337 2278 2474 2319 primam

1407 2331 1530 2365 partem
1553 2324 1585 2360 *‚
1611 2324 1736 2354 adverte
1761 2324 1865 2363 quod,
1895 2333 1970 2353 curn
1999 2323 2111 2353 dicitur
2134 2323 2264 2353 nomina
2288 2323 2474 2354 huiusmodi

1408 2368 1594 2399 communia
1610 2367 1697 2408 prius
1714 2367 1774 2398 dici
1791 2368 1829 2398 de
1853 2368 1922 2397 Deo
1939 2374 2096 2407 quantum
2111 2368 2150 2397 ad
2174 2377 2240 2397 rem
2257 2367 2473 2407 significatam,

1408 2423 1474 2444 non
1497 2413 1652 2453 intelligas
1681 2412 1742 2442 hoc
1772 2411 1988 2448 materialiter,
2020 2412 2073 2441 sed
2098 2411 2288 2447 formaliter;
2320 2411 2362 2442 ita
2386 2412 2475 2452 quod

1407 2458 1469 2489 hoc
1492 2456 1644 2488 verificari
1668 2463 1794 2497 oportet
1818 2457 1856 2486 de
1878 2466 1909 2486 re
1934 2455 2107 2486 formaliter
2130 2455 2311 2495 significata.
2337 2455 2378 2485 Et
2394 2455 2473 2486 ratio

1408 2502 1564 2542 assignata
1587 2502 1619 2531 in
1638 2500 1740 2531 littera
1762 2499 1982 2540 complectitur
2005 2507 2178 2540 utrumque
2202 2499 2412 2530 necessarium
2434 2500 2474 2529 ad

1408 2547 1484 2577 hoc:
1510 2546 1626 2577 scilicet
1650 2552 1680 2575 et
1704 2545 1792 2585 quod
1816 2554 1934 2574 nomen
1959 2544 2096 2574 salvatur
2119 2543 2305 2580 formaliter;
2331 2550 2361 2574 et
2385 2544 2474 2584 quod

1407 2591 1461 2622 illa
1486 2590 1565 2621 ratio
1596 2589 1739 2620 formalis
1764 2595 1810 2619 est
1832 2588 1919 2628 prior
1942 2588 2119 2618 secundum
2143 2598 2211 2618 rem
2234 2587 2358 2619 ceteris:
2384 2588 2473 2628 quod

1408 2636 1569 2676 probatur,
1587 2633 1662 2675 quia
1688 2640 1734 2664 est
1757 2643 1850 2663 causa
1872 2639 2055 2663 ceterarum.
2075 2632 2233 2663 Neutrum
2255 2632 2341 2662 enim
2356 2632 2474 2662 horum

1409 2689 1554 2710 seorsum
1574 2677 1729 2708 sufficeret
1753 2676 1791 2706 ad
1816 2676 2074 2707 concludendum
2097 2676 2229 2706 nomina
2252 2676 2340 2717 prius
2357 2676 2417 2707 dici
2435 2676 2473 2706 de

1407 2724 1474 2760 illo,
1493 2730 1528 2754 ut
1551 2729 1636 2763 patet
1659 2721 1835 2751 inductivet
1859 2721 1938 2751 ratio
1962 2720 2047 2751 enim
2066 2722 2139 2751 sani
2161 2721 2193 2751 in
2214 2731 2316 2757 causa,
2341 2721 2413 2751 licet
2436 2720 2476 2750 sit

1409 2767 1495 2808 prior
1518 2766 1695 2797 secundum
1719 2775 1786 2795 rem
1809 2765 1930 2796 ratione
1955 2765 2022 2795 sani
2046 2765 2078 2795 in
2102 2764 2245 2801 animali,
2271 2764 2345 2806 quia
2368 2771 2475 2795 tamen

1409 2813 1488 2851 ratio
1513 2811 1579 2842 sani
1603 2820 1669 2841 non
1693 2809 1867 2840 formaliter
1889 2809 1922 2839 in
1946 2819 2040 2840 causa
2063 2815 2118 2846 est,
2143 2809 2301 2849 posterius
2325 2809 2363 2839 de
2380 2819 2474 2839 causa

1409 2856 1539 2892 dicitur;
1564 2855 1643 2886 ratio
1667 2863 1799 2894 quoque
1822 2854 1906 2891 boni,
1930 2853 2002 2884 licet
2025 2854 2064 2885 sit
2087 2853 2261 2884 formaliter
2279 2853 2312 2883 in
2333 2853 2474 2888 homine,

1409 2911 1475 2931 non
1499 2907 1605 2930 tamen
1629 2898 1716 2938 prius
1741 2898 1854 2928 dicitur
1877 2898 1916 2928 de
1935 2908 1974 2928 eo
1994 2908 2092 2939 quam
2112 2898 2150 2928 de
2170 2898 2246 2928 aliis.

1463 2945 1529 2974 Nec
1543 2951 1573 2974 te
1590 2943 1757 2974 conturbet
1772 2942 1941 2983 quispiam,
1959 2942 2079 2973 dicens:
2097 2955 2111 2969 «
2123 2942 2208 2981 Ergo
2222 2951 2287 2972 non
2301 2948 2347 2971 est
2365 2941 2476 2971 eadem

1409 2989 1488 3019 ratio
1505 2989 1543 3018 de
1560 2987 1710 3018 omnibus
1734 2986 1919 3017 nominibus
1939 2987 2165 3017 communibus
2181 2987 2250 3016 Deo
2275 2992 2305 3015 et
2327 2985 2411 3015 aliis:
2437 2994 2475 3014 eo

1410 3033 1499 3074 quod
1515 3032 1670 3073 quaedam
1686 3037 1770 3066 sunt,
1787 3041 1928 3071 quorum
1944 3031 2092 3061 formales
2111 3030 2256 3063 rationes.
2279 3029 2335 3060 etsi
2354 3029 2475 3059 salvan·

1410 3085 1461 3108 tur
1476 3077 1510 3107 in
1525 3077 1605 3112 Deo,
1621 3086 1686 3106 non
1707 3082 1781 3106 sunt
1797 3085 1909 3105 causae
1925 3076 2014 3116 quod
2031 3082 2131 3106 cetera
2147 3074 2210 3105 sint
2224 3074 2305 3109 talia,
2321 3073 2477 3113 quoniam

1410 3123 1481 3152 illae
1504 3121 1640 3151 rationes
1669 3119 1817 3150 formales
1841 3120 1963 3150 nullam
1987 3119 2201 3150 causalitatem
2229 3118 2355 3148 habent.
2374 3130 2388 3144 ›
2410 3117 2477 3147 Me-

1411 3172 1520 3196 mento
1540 3164 1732 3196 auctoritatis
1751 3164 1965 3204 Apostolicae,
1983 3163 2015 3193 in
2038 3164 2139 3194 littera
2155 3162 2284 3203 positae,
2302 3162 2345 3192 ad
2358 3161 2475 3201 Ephes.

1411 3219 1459 3241 111:
1483 3210 1590 3240 Flecto
1606 3218 1716 3249 genua
1732 3218 1803 3238 mea
1817 3208 1861 3239 ad
1878 3209 2006 3239 Patrem
2022 3208 2155 3238 Domini
2170 3207 2232 3237 mei
2247 3206 2321 3236 Iesu
2340 3205 2476 3242 Christi,

1413 3265 1454 3286 ex
1476 3264 1538 3295 quo
1562 3254 1664 3283 omnis
1681 3254 1865 3292 paternitas
1889 3253 1921 3282 in
1946 3252 2034 3282 caelo
2059 3257 2089 3282 et
2110 3252 2141 3281 in
2166 3256 2254 3281 terra
2279 3251 2477 3280 nominatur.

1413 3299 1444 3330 Si
1465 3307 1603 3338 namque
1620 3297 1788 3337 paternitas
1805 3296 1919 3332 divina,
1936 3306 2017 3337 quae
2033 3295 2142 3326 relatio
2158 3301 2213 3331 est,
2232 3300 2326 3335 atque
2342 3303 2398 3334 per
2417 3293 2479 3323 hoc

1413 3354 1431 3373 a
1446 3342 1624 3374 causalitate
1641 3341 1778 3371 aliorum
1801 3341 2021 3375 remotissima,
2047 3349 2139 3370 causa
2163 3345 2210 3370 est
2232 3345 2406 3369 ceterarum
2424 3347 2479 3378 pa-

1413 3387 1609 3422 ternitatum;
1634 3396 1653 3415 a
1671 3385 1795 3416 fortiori
1818 3385 1942 3415 bonitas
1959 3391 2006 3415 est
2028 3393 2121 3414 causa
2145 3383 2249 3413 omnis
2268 3382 2428 3418 bonitatis,
2450 3388 2481 3412 et

1414 3431 1541 3462 scientia
1565 3429 1670 3460 omnis
1694 3429 1849 3465 scientiae,
1874 3435 1905 3459 et
1928 3428 1970 3458 sic
1994 3428 2032 3458 de
2056 3427 2133 3458 aliis.
2158 3427 2199 3458 Et
2214 3427 2239 3457 si
2256 3433 2424 3467 quaeratur
2447 3425 2480 3455 in

1415 3486 1481 3517 quo
1505 3484 1617 3515 genere
1641 3482 1770 3504 causae:
1795 3483 1962 3513 nunquam
1986 3473 2051 3502 duo
2074 3481 2188 3511 genera
2212 3471 2339 3507 desunt,
2365 3469 2481 3501 scilicet

1415 3519 1516 3550 finalis
1541 3526 1570 3549 et
1594 3517 1736 3548 formalis
1761 3516 1960 3557 exemplaris,
1985 3515 2142 3556 quidquid
2166 3514 2205 3546 sit
2224 3515 2262 3547 de
2282 3513 2456 3545 efficientia.

1471 3564 1524 3594 XI.
1550 3562 1642 3593 Circa
1657 3562 1790 3592 eandem
1806 3568 1927 3601 partem
1943 3560 2078 3590 dubium
2095 3559 2198 3590 adhuc
2218 3559 2354 3590 occurrit
2369 3559 2407 3588 ad
2426 3558 2483 3587 ho-

1417 3608 1545 3638 minem.
1571 3607 1659 3637 Tum
1683 3605 1758 3646 quia
1779 3606 1811 3635 in
1837 3612 1893 3636 art.
1916 3614 1932 3634 2
1959 3604 2055 3634 huius
2077 3603 2271 3645 quaestionis
2294 3602 2483 3643 oppositum

2496 740 2508 750 ⁸
2522 739 2582 761 Vide
2597 745 2622 761 ca
2643 755 2648 761 .
2664 745 2681 761 r.
2697 751 2710 756 -

2496 766 2552 814 &rel¹
2560 766 2618 788 lib-1
2642 772 2710 793 ,c.u,

2499 1754 2507 1763 '
2522 1754 2572 1775 Art.
2587 1753 2685 1780 praeced
2690 1769 2696 1774 .

2501 2329 2512 2340 ⁶
2527 2328 2562 2350 Cf.
2577 2333 2640 2349 num.
2655 2332 2694 2348 vu.
