2768 4178
83 393 93 401 '
109 390 146 413 Cf.
161 396 225 412 num.
236 396 276 412 vu.

83 437 93 447 ⁸
103 435 189 457 Contra

86 463 157 489 posit.
167 474 177 478 -

82 495 131 510 vm.

214 435 296 457 rimam

207 462 223 483 f.
232 468 296 484 num.

84 1105 94 1115 “
107 1106 159 1126 Art.
169 1110 189 1126 2.

84 1373 93 1381 '
109 1371 168 1393 Ibid.

88 1637 99 1648 ⁸
113 1637 172 1659 Ibid.

89 1820 97 1827 ”
118 1819 128 1840 1
143 1819 222 1847 Sem,
245 1820 299 1842 dist.

88 1852 192 1873 xxxviii,
215 1853 254 1875 qu.
277 1853 299 1875 ι,

89 1876 133 1903 art.¹
143 1879 158 1899 ι,
175 1879 243 1901 prop.
257 1880 277 1902 5.

84 1898 166 1947 iivide
176 1906 241 1922 num.
250 1907 299 1929 seq.

101 1931 137 1947 ne.

85 2257 94 2267 ¹·
101 2257 213 2279 Articulis
222 2263 298 2285 praec.

87 2842 96 2849 ·
112 2840 147 2862 Cf.
163 2845 226 2862 num.
241 2846 279 2862 xv.

329 271 400 307 190
999 260 1267 307 QUAESTIO
1298 260 1398 307 XIV,

377 339 445 371 XV.
467 339 587 371 Contra
603 339 775 369 secundam
799 347 907 370 autem
923 339 1080 370 rationem
1097 339 1322 375 conclusionis,
1340 339 1396 370 sci-

324 385 405 421 licet,
426 386 501 425 quia
525 385 615 414 Deus
637 384 731 414 habet
753 384 841 424 apud
858 393 893 414 se
917 385 1059 415 rationes
1080 385 1221 415 omnium
1242 393 1351 414 rerum
1368 383 1395 419 *,

325 429 427 470 arguit
443 429 566 464 Scotus,
587 428 642 458 ubi
666 438 761 468 supra
776 428 802 464 *,
827 428 1035 468 interpretans
1051 439 1108 469 per
1131 428 1268 459 rationes
1289 437 1397 458 rerum

325 474 414 505 ideas
438 483 566 509 earum,
591 472 848 514 quadrupliciter.
874 473 962 503 Tum
986 473 1061 514 quia
1084 473 1221 503 rationes
1245 479 1398 503 extremo-

324 528 406 553 rum,
425 524 722 558 quantumcumque
741 517 906 559 perfectae,
925 527 991 548 non
1004 517 1130 558 pariunt
1146 516 1293 547 notitiam
1309 526 1396 547 com-

324 562 479 603 plexionis
499 571 612 592 eorum
631 561 851 602 contingentis.
865 580 885 584 —
897 563 985 593 Turn
1005 562 1080 602 quia
1099 571 1184 591 mere
1203 560 1395 597 naturaliter,

325 614 396 637 ante
420 616 552 636 omnem
585 606 882 637 determinationem
907 606 1079 637 voluntatis
1108 605 1248 642 divinae,
1273 615 1396 646 reprae-

326 658 459 687 sentant,
476 651 606 691 quando
626 651 730 682 adhuc
746 651 960 691 contingentia
975 650 1181 681 determinata
1196 660 1262 680 non
1279 656 1363 681 sunt.
1376 668 1396 672 —

325 696 414 726 Tum
437 695 513 736 quia
536 705 573 726 ex
595 696 707 726 eadem
738 695 840 726 radice
869 695 1012 736 sequitur
1039 695 1128 736 quod
1155 695 1270 725 eodem
1295 695 1396 725 modo

325 747 399 771 sunt
423 739 677 780 contingentium
693 739 876 771 futurorum
900 740 938 770 de
958 739 1051 776 facto,
1069 746 1100 770 et
1116 749 1181 769 non
1202 738 1394 775 futurorum,

327 785 382 815 sed
401 784 585 825 simpliciter
607 784 820 825 possibilium.
833 802 853 807 -
865 785 953 814 Tum
977 784 1052 825 quia
1067 794 1135 814 non
1149 783 1250 823 magis
1274 793 1396 824 reprae-

325 835 450 860 sentant
463 829 526 860 hoc
542 829 610 860 fore
633 829 689 859 illo
713 836 857 869 tempore
881 838 979 869 quam
1003 828 1075 865 alio,
1096 838 1132 859 ex
1157 828 1268 858 eadem
1282 827 1395 858 radice.

378 874 462 905 XVI.
477 874 529 904 Ad
538 874 634 904 huius
651 873 843 904 difficultatis
856 873 1061 909 solutionem,
1078 872 1308 913 praemittenda
1323 879 1398 902 sunt

325 918 394 949 tria.
423 919 532 949 Primo
556 919 654 959 quod,
679 918 752 949 licet
775 918 846 948 idea
863 924 894 948 et
916 918 1000 948 ratio
1024 927 1057 948 se
1081 917 1218 948 habeant
1240 917 1322 948 sicut
1345 927 1396 947 su-

325 963 432 1003 perius
456 970 486 994 et
509 962 656 999 inferius,
683 962 837 1003 quoniam
859 962 930 992 idea
954 969 1000 993 est
1023 962 1178 993 terminus
1201 968 1327 992 tantum
1350 961 1397 991 in-

325 1008 478 1044 tellectus,
495 1007 574 1038 ratio
599 1014 706 1038 autem
726 1006 906 1038 communis
931 1013 977 1037 est
1001 1014 1031 1038 et
1049 1007 1089 1037 ad
1113 1006 1286 1037 terminum
1309 1012 1339 1037 et
1358 1006 1398 1036 ad

325 1052 519 1093 principium
542 1051 779 1087 intellectionis;
804 1051 880 1091 quia
903 1058 1019 1087 tamen,
1038 1058 1073 1082 ut
1096 1051 1129 1081 in
1147 1050 1334 1092 quaestione
1350 1060 1398 1081 se-

326 1103 442 1137 quente
458 1096 477 1114 '³'
496 1096 618 1132 dicitur,
639 1095 832 1136 principium
849 1095 1044 1136 intelligendi
1063 1095 1096 1125 in
1120 1096 1190 1126 Deo
1210 1105 1275 1126 non
1299 1095 1398 1136 pluri-

325 1140 437 1172 ficatur
451 1140 506 1171 sed
529 1140 693 1176 terminus,
718 1140 751 1170 in
774 1140 980 1180 intelligendo
1002 1147 1167 1176 creaturas,
1188 1147 1219 1171 et
1241 1140 1274 1170 in
1297 1139 1399 1171 littera

325 1185 487 1226 pluraliter
515 1185 629 1215 dicitur
659 1185 803 1215 rationes
830 1194 940 1216 rerum
966 1195 1032 1215 esse
1056 1185 1143 1225 apud
1171 1185 1279 1215 Deum
1309 1194 1398 1225 prae-

326 1237 445 1266 sentes;
470 1229 587 1260 idcirco
612 1229 726 1260 merito
745 1239 802 1270 per
819 1230 852 1270 ly
869 1231 1011 1261 rationes
1029 1239 1139 1260 rerum
1156 1229 1400 1270 interpretamur

325 1275 411 1305 ideas
435 1284 559 1310 earum,
586 1284 665 1315 quas
689 1279 813 1305 constat
836 1274 1013 1314 comparari
1037 1274 1077 1304 ad
1100 1274 1298 1305 intellectum
1321 1274 1399 1304 divi-

326 1329 406 1350 num
423 1326 459 1350 ut
473 1318 558 1360 quod
581 1318 735 1359 intelligit,
757 1324 787 1349 et
806 1329 872 1350 non
889 1326 925 1350 ut
943 1329 1018 1360 quo,
1034 1326 1071 1350 ut
1085 1319 1118 1349 in
1134 1318 1279 1360 sequenti
1302 1328 1400 1359 quaeq

327 1364 430 1395 stione
444 1363 462 1383 *
485 1363 608 1394 dicitur.

380 1408 528 1439 Secundo
551 1407 736 1448 praemitto,
763 1408 852 1449 quod
883 1408 961 1439 haec
984 1408 1129 1449 quaestio
1154 1418 1220 1438 non
1250 1407 1400 1438 coincidit

327 1463 402 1484 cum
418 1453 480 1489 illa,
505 1463 548 1483 an
567 1462 631 1493 per
654 1453 787 1484 eandem
806 1453 909 1484 ideam
928 1453 1020 1484 Deus
1034 1458 1208 1494 cognoscat
1222 1452 1397 1484 subiectum

327 1503 358 1529 et
381 1497 576 1528 accidentia:
599 1497 755 1538 quoniam
771 1497 937 1528 adversarii
961 1507 1017 1538 per
1033 1497 1089 1528 has
1108 1497 1398 1538 argumentationes

326 1542 496 1573 intendunt
518 1541 631 1572 inferre
655 1542 744 1582 quod
767 1552 825 1573 nec
848 1552 905 1583 per
928 1542 1076 1579 eandem,
1101 1552 1160 1572 nec
1182 1552 1239 1583 per
1263 1541 1399 1572 diversas

326 1586 412 1617 ideas
440 1586 528 1617 Deus
558 1586 722 1626 cognoscit
750 1586 1008 1627 complexionem
1036 1586 1284 1627 contingentem.
1311 1587 1399 1617 Haec

327 1631 468 1667 dixerim,
485 1641 525 1661 ne
541 1630 613 1672 quis
632 1631 737 1662 credat
755 1631 917 1672 anticipari
936 1631 987 1662 hic
1006 1631 1228 1672 quaestionem
1251 1630 1323 1661 ibi*
1339 1638 1399 1662 tra-

328 1676 483 1707 ctandam.
509 1675 571 1706 Sed
592 1675 771 1716 disputatur
793 1676 853 1712 hic,
871 1676 960 1717 quod
979 1676 1067 1706 ideae
1084 1686 1151 1706 non
1174 1686 1207 1706 se
1227 1675 1400 1707 extendunt

328 1721 367 1750 ad
399 1720 701 1761 repraesentandum
731 1720 987 1761 complexionem
1019 1720 1266 1760 contingentem.
1301 1720 1400 1758 Quod

327 1764 435 1806 potius
460 1771 541 1795 esset
563 1764 596 1795 in
620 1765 763 1806 sequenti
786 1765 972 1806 quaestione
996 1765 1223 1796 differendum:
1249 1765 1304 1795 sed
1327 1774 1399 1805 pro—

327 1817 396 1850 pter
410 1809 564 1840 rationem
582 1819 606 1840 s.
616 1809 764 1840 Thomae
782 1810 833 1841 hic
848 1810 1014 1846 inclusam,
1031 1817 1062 1841 et
1077 1820 1095 1840 a
1110 1809 1217 1845 Scoto‚
1230 1809 1373 1840 Aureolo
1383 1808 1400 1828 *

328 1861 358 1885 et
374 1853 528 1894 Gregorio
544 1853 561 1873 ’⁸‘
583 1853 616 1883 in
635 1853 694 1884 hac
717 1854 848 1885 materia
871 1854 1102 1895 impugnatam,
1120 1854 1183 1885 hoc
1201 1854 1235 1884 in
1250 1853 1323 1884 loco
1339 1861 1398 1885 tra-

327 1898 439 1930 ctanda
462 1898 528 1928 visa
552 1905 607 1929 est.
795 1910 807 1916 ·

380 1942 551 1974 Praemitto
575 1943 670 1973 tertio
693 1943 792 1984 quod,
816 1943 889 1974 licet
912 1943 1090 1974 secundum
1113 1942 1199 1973 viam
1221 1941 1399 1974 tenentium

326 1988 415 2028 quod
438 1987 526 2018 ideae
549 1997 616 2017 non
639 1994 714 2018 sunt
737 1987 823 2017 idem
847 1997 921 2018 cum
946 1986 1120 2018 substantia
1143 1987 1258 2023 divina,
1275 1986 1339 2017 hoc
1354 1983 1400 2017 ‘sit

327 2031 453 2062 difficile
477 2038 533 2063 aut
561 2031 777 2072 impossibile;
802 2032 888 2072 apud
918 2039 1062 2063 tenentes
1091 2038 1198 2062 tamen
1222 2031 1308 2062 ideas
1332 2040 1399 2062 esse

325 2077 429 2117 ipsam
453 2076 593 2107 divinam
609 2076 787 2113 essentiam,
805 2076 952 2107 facillime
976 2083 1063 2117 patet
1077 2076 1164 2107 ideas
1185 2086 1218 2106 se
1234 2075 1399 2107 extendere

325 2122 365 2152 ad
385 2121 662 2161 repraesentandas
677 2121 821 2152 veritates
837 2121 1064 2162 contingentes.
1085 2120 1172 2152 Cum
1193 2121 1279 2151 enirn
1295 2130 1398 2151 essen-

325 2166 368 2198 tia
392 2165 496 2196 divina
521 2165 560 2196 sit
583 2172 613 2196 et
637 2165 716 2196 ratio
739 2165 935 2206 intelligendi
961 2165 1070 2196 omnia
1094 2172 1130 2196 ut
1148 2164 1350 2206 principium,
1369 2171 1399 2196 et

325 2210 405 2241 ratio
429 2209 623 2249 intelligendi
655 2210 764 2240 omnia
787 2218 822 2241 ut
853 2210 1034 2246 obiectum,
1059 2217 1095 2240 ut
1118 2216 1205 2250 patet
1228 2219 1264 2240 ex
1288 2219 1398 2249 supra-

325 2254 460 2291 dictis*;
486 2261 516 2285 et
534 2254 612 2294 ipsa,
628 2261 664 2285 ut
682 2254 875 2295 principium
898 2263 954 2284 seu
979 2254 1097 2294 species
1117 2253 1331 2293 intelligibilis,
1349 2253 1397 2290 sit,

325 2299 421 2330 etiam
445 2299 622 2330 secundum
652 2298 786 2329 Scotum
810 2298 878 2334 hic,
905 2297 1063 2329 sufficiens
1095 2297 1398 2338 repraesentativum

326 2343 492 2379 omnium,
525 2343 622 2374 etiam
651 2343 819 2374 veritatum
850 2342 1123 2382 contingentium;
1155 2349 1283 2382 oportet
1309 2342 1399 2383 quod

325 2388 460 2429 ipsamet
488 2395 524 2418 ut
547 2387 728 2423 obiectum,
758 2387 798 2418 sit
822 2387 917 2418 etiam
940 2387 1098 2418 sufficiens
1126 2386 1206 2417 ratio
1230 2386 1396 2423 omnium,

325 2433 421 2464 etiam
442 2432 611 2463 veritatum
627 2431 890 2472 contingentium.
911 2431 1067 2472 Alioquin
1090 2431 1159 2472 ipsa
1178 2437 1214 2461 ut
1236 2430 1397 2462 obiectum

325 2487 391 2508 non
416 2477 606 2518 adaequaret
620 2476 758 2517 seipsam
773 2483 809 2507 ut
824 2475 963 2517 speciem
978 2475 1226 2516 intelligibilem:
1247 2475 1336 2516 quod
1351 2482 1398 2506 est

325 2521 532 2563 impossibile.
557 2521 598 2552 Et
617 2520 670 2558 sic,
688 2531 763 2552 cum
778 2521 867 2551 ideae
882 2520 944 2552 sint
962 2520 1031 2561 ipsa
1048 2520 1182 2551 essentia
1197 2526 1234 2551 ut
1249 2526 1295 2550 est
1311 2520 1397 2550 obie-

326 2567 406 2598 ctiva
422 2566 500 2597 ratio
524 2575 640 2602 rerum,
658 2575 856 2607 consequens
876 2572 922 2596 est
945 2565 1035 2606 quod
1058 2574 1091 2596 se
1110 2564 1279 2596 extendant
1302 2564 1397 2595 etiam

325 2611 365 2642 ad
387 2611 532 2642 veritates
556 2610 783 2650 contingentes
952 2617 957 2621 ·

378 2655 476 2686 XVII.
490 2654 549 2685 His
565 2654 753 2695 praelibatis,
767 2654 881 2685 dicitur
895 2653 994 2695 quod,
1009 2663 1084 2685 cum
1097 2653 1184 2694 apud
1198 2664 1223 2684 s.
1232 2652 1397 2684 Thomam

325 2700 414 2730 ideae
437 2699 499 2730 sint
526 2699 594 2740 ipsa
618 2699 751 2730 essentia
774 2698 833 2730 Dei
858 2706 893 2730 ut
917 2705 963 2729 est
986 2698 1141 2730 obiectiva
1168 2707 1276 2728 rerum
1298 2698 1396 2735 ratio,

326 2744 447 2785 optime
471 2744 593 2774 dictum
616 2751 662 2775 est
691 2744 796 2785 quod,
828 2743 904 2784 quia
934 2743 1071 2774 rationes
1095 2753 1150 2773 seu
1181 2742 1267 2773 ideas
1290 2752 1398 2773 rerum

325 2795 504 2830 praesentes
527 2788 614 2828 apud
642 2798 675 2819 se
697 2788 792 2819 habet
814 2788 917 2825 Deus,
947 2787 1021 2818 ideo
1045 2787 1135 2818 novit
1158 2787 1267 2818 omnia
1290 2787 1398 2818 futura

326 2832 540 2873 contingentia
563 2839 654 2864 certe.
673 2849 691 2855 -
708 2832 801 2864 Unde
825 2833 866 2863 ad
881 2832 1018 2873 primam
1042 2831 1256 2863 obiectionem
1271 2831 1298 2868 *,
1323 2832 1396 2862 sim-

325 2877 447 2919 pliciter
470 2877 653 2917 negandum
677 2884 723 2908 est
746 2883 957 2917 assumptum.
982 2877 1090 2908 Potest
1113 2883 1229 2912 tamen,
1250 2886 1308 2917 pro
1333 2877 1396 2907 cla-

324 2922 413 2953 ritate
437 2921 615 2958 doctrinae,
648 2921 814 2961 distingui,
843 2922 932 2962 quod
955 2920 1025 2952 idea
1057 2921 1191 2952 alicuius
1213 2920 1397 2962 quidditatis

325 2973 430 3008 potest
449 2966 510 2997 dici
526 2965 693 3006 dupliciter
707 2965 855 3007 perfecta.
880 2966 954 2997 Uno
974 2965 1084 3002 modo,
1102 2972 1138 2997 ut
1154 2964 1305 3006 perfectio
1322 2964 1397 2996 dicit

325 3011 462 3042 modum
479 3010 687 3042 intrinsecum
710 3010 754 3041 rei
778 3010 869 3041 cuius
886 3018 942 3041 est.
966 3011 1007 3041 Et
1026 3009 1070 3040 sic
1085 3020 1198 3040 verum
1213 3016 1260 3040 est
1273 3019 1396 3040 assum·

325 3063 432 3096 ptum:
458 3055 534 3097 quia
549 3061 846 3096 quantumcumque
866 3054 1002 3095 perfecte
1018 3060 1268 3094 repraesentetur
1282 3053 1394 3090 homo,

325 3100 502 3131 secundum
518 3109 651 3130 omnem
670 3099 786 3130 scilicet
801 3109 877 3130 suae
895 3099 1080 3130 intrinsecae
1097 3098 1234 3130 entitatis
1247 3098 1394 3135 modum,

325 3155 492 3185 nunquam
515 3150 800 3185 repraesentaretur
829 3143 1012 3174 coniunctio
1037 3143 1104 3174 eius
1133 3153 1209 3174 cum
1238 3142 1394 3179 sessione,

325 3199 380 3220 seu
405 3188 535 3220 fortuita
557 3188 741 3219 inventione
769 3188 916 3219 thesauri.
942 3188 1016 3218 Alio
1041 3187 1160 3224 modo,
1184 3194 1220 3218 ut
1243 3186 1394 3228 perfectio

326 3233 400 3264 dicit
422 3233 610 3264 totalitatem
634 3232 856 3263 omnimodam
880 3232 933 3263 rei.
958 3232 998 3263 Et
1014 3232 1057 3263 sic
1073 3232 1190 3262 falsum
1209 3238 1255 3262 est
1274 3241 1395 3262 assum-

325 3285 433 3318 ptum:
458 3278 613 3318 quoniam
637 3277 662 3308 si
686 3277 786 3308 homo
817 3283 1066 3317 repraesentatur
1097 3276 1275 3307 secundum
1298 3285 1395 3306 omne

326 3332 392 3353 esse
416 3332 512 3353 suum
537 3320 613 3365 (hoc
637 3321 722 3352 enim
750 3328 797 3352 est
820 3321 957 3352 totaliter
980 3320 1220 3362 repraesentari,
1246 3319 1322 3361 quia
1345 3329 1394 3350 se-

327 3367 469 3397 cundum
493 3366 602 3397 omnia
625 3376 683 3397 sua
702 3364 794 3408 esse),
814 3375 940 3396 necesse
965 3372 1011 3396 est
1033 3366 1122 3406 quod
1146 3370 1396 3406 repraesentetur

326 3411 503 3442 secundum
519 3420 586 3441 esse
602 3411 692 3452 quod
715 3410 809 3441 habet
831 3410 864 3440 in
888 3409 941 3440 tali
961 3416 992 3440 et
1006 3410 1060 3440 tali
1080 3408 1304 3441 coniunctione
1320 3418 1394 3440 con-

327 3455 468 3495 tingenti.
493 3455 543 3486 Sic
559 3462 667 3486 autem
682 3454 818 3496 perfecte
842 3460 1075 3495 repraesentant
1090 3454 1179 3484 ideae
1193 3453 1317 3484 divinae
1331 3461 1393 3483 res:

327 3506 358 3530 et
379 3499 452 3529 ideo
476 3507 677 3540 assumptum
700 3499 733 3530 in
757 3498 924 3540 proposito
949 3505 995 3529 est
1018 3498 1143 3529 falsum.
1169 3513 1173 3519 -

378 3543 429 3574 Ad
442 3544 619 3574 secundum
634 3550 742 3575 autem
757 3550 787 3575 et
801 3543 931 3584 reliqua,
949 3550 1080 3582 negatur
1095 3541 1291 3578 antecedens,
1304 3540 1395 3582 quod

327 3594 373 3618 est
397 3588 481 3618 radlx
505 3588 662 3624 omnium,
684 3588 800 3619 scilicet
815 3588 906 3629 quod
929 3587 1017 3618 ideae
1040 3597 1126 3618 mere
1146 3586 1326 3617 naturaliter
1348 3594 1396 3616 re-

326 3639 525 3672 praesentent
549 3632 705 3673 quidquid
725 3638 968 3673 repraesentant.
990 3631 1134 3663 Dicimus
1153 3640 1292 3672 namque
1308 3628 1397 3671 quod

1428 260 1727 297 ARTICULUS
1757 261 1844 297 XIII

1450 339 1571 380 aliquid
1594 347 1828 380 repraesentant
1851 350 1937 371 mere
1961 340 2152 377 naturaliter,
2169 348 2246 381 puta
2270 342 2461 383 quidditates
2477 352 2523 373 re-

1450 393 1538 414 rum:
1567 391 1598 414 et
1624 384 1744 425 aliquid
1767 394 1834 415 non
1857 395 1943 415 mere
1975 385 2172 422 naturaliter,
2193 386 2248 416 sed
2276 386 2458 418 naturaliter
2488 397 2525 417 ex

1450 428 1671 468 suppositione
1694 428 1801 466 libera,
1818 429 1936 461 scilicet
1955 429 2132 460 existentias
2151 439 2258 460 rerum
2281 437 2312 462 et
2328 430 2523 462 coniunctio-

1451 482 1506 502 nes
1522 472 1750 513 contingentes.
1766 473 1822 504 Illa
1837 474 1924 505 enim
1935 481 2170 516 repraesentant
2183 481 2256 505 ante
2270 485 2403 506 omnem
2417 482 2524 506 actum

1450 517 1623 548 voluntatis
1647 517 1790 549 divinae:
1810 518 1870 549 ista
1893 525 2010 555 autem,
2026 519 2193 559 supposita
2214 518 2312 550 libera
2335 519 2524 550 determina-

1450 561 1536 592 tione
1561 561 1684 592 divinae
1707 562 1880 594 voluntatis
1899 564 1939 594 ad
1962 563 2093 594 alteram
2108 570 2232 604 partem
2256 564 2522 600 contradictionis,

1450 612 1486 636 ut
1508 606 1644 646 ipsemet
1666 607 1780 638 Scotus
1803 614 1944 648 acceptat
1966 608 2006 639 de
2034 607 2320 648 repraesentatione
2349 608 2468 639 horum
2491 608 2525 638 in

1451 650 1584 682 essentia
1609 658 1644 682 ut
1667 651 1788 683 ratione
1818 652 2022 692 intelligendi.
2054 653 2095 684 Et
2118 652 2162 683 sic
2182 659 2268 693 patet
2291 659 2393 684 cetera
2415 661 2523 683 ruere:

1451 695 1607 736 quoniam
1629 706 1697 727 non
1728 697 1844 727 eodem
1876 697 1976 728 modo
2001 707 2034 728 se
2066 697 2184 728 habent
2207 697 2246 727 ad
2274 696 2381 728 futura
2404 704 2435 728 et
2458 707 2524 727 non

1451 739 1567 776 futura,
1585 747 1615 771 et
1638 741 1678 771 ad
1701 740 1763 771 hoc
1786 747 1914 782 ternpus
1938 748 1969 772 et
1992 742 2094 773 aliud:
2118 742 2172 773 sed
2196 742 2422 773 determinatae
2451 747 2525 772 sunt

1451 793 1489 814 ex
1512 785 1678 825 supposita
1700 785 1864 816 voluntate
1888 786 2005 817 divina.

1505 829 1546 860 Et
1569 839 1625 869 per
1639 829 1716 860 haec
1731 837 1817 870 patet
1840 831 2006 870 responsio
2023 831 2063 861 ad
2084 837 2270 871 argumenta
2289 830 2434 871 Gregorii
2450 840 2525 861 con-

1450 879 1497 903 tra
1519 872 1615 909 idem,
1639 873 1673 903 in
1695 884 1810 904 xxxvm
1833 874 2034 906 distinctione
2049 875 2147 906 Primi
2161 874 2190 907 *-

1505 917 1618 948 XVIII.
1640 917 1676 948 In
1698 918 1907 958 responsione
1929 920 1970 950 ad
1985 919 2137 960 primum,
2158 920 2284 951 adverte
2299 920 2390 961 quod
2405 920 2471 950 duo
2489 930 2526 950 ex

1453 971 1489 992 ea
1507 961 1664 992 habentur
1679 962 1839 1003 ambigua.
1856 963 2001 994 Primum
2017 970 2072 1000 est,
2093 964 2182 1005 quod
2201 965 2334 995 scientia
2352 964 2427 1002 Dei,
2442 974 2527 1005 quae

1453 1011 1499 1036 est
1517 1007 1628 1046 prima
1648 1016 1759 1044 causa,
1777 1012 1824 1038 est
1847 1009 2039 1039 necessaria.
2060 1008 2246 1039 Secundum
2264 1016 2320 1045 est,
2340 1009 2431 1050 quod
2445 1010 2524 1040 scita

1452 1060 1473 1081 a
1495 1051 1567 1081 Deo
1589 1056 1665 1082 sunt
1688 1052 1908 1092 contingentia
1927 1057 2064 1092 propter
2084 1062 2201 1084 causas
2217 1054 2401 1093 proximas,
2419 1063 2526 1084 neces-

1453 1096 1542 1126 saria
1561 1101 1670 1126 autem
1690 1096 1796 1127 relata
1811 1096 1855 1127 ad
1876 1097 2042 1127 scientiam
2058 1097 2130 1128 Dei.
2160 1097 2201 1128 Et
2219 1097 2366 1138 quamvis
2384 1098 2524 1129 secunda

1453 1150 1525 1180 pars
1555 1140 1651 1171 huius
1682 1140 1756 1171 dicti
1786 1151 1854 1171 non
1877 1141 2030 1172 habeatur
2058 1140 2110 1172 hic
2137 1141 2327 1178 formaliter,
2353 1142 2527 1182 explicatur

1453 1191 1560 1216 tamen
1584 1184 1759 1216 formaliter
1781 1185 1814 1215 in
1837 1185 2045 1226 responsione
2068 1185 2109 1216 ad
2132 1186 2310 1218 secundum
2332 1192 2364 1217 et
2385 1186 2524 1218 tertium.

1506 1228 1627 1260 Contra
1650 1229 1792 1270 primum
1816 1229 1902 1260 enim
1932 1230 2054 1261 dictum
2078 1229 2244 1261 manifeste
2273 1230 2380 1261 obstat
2399 1230 2526 1262 libertas

1453 1273 1577 1305 divinae
1601 1274 1748 1305 scientiae
1766 1282 1910 1315 respectu
1935 1281 2149 1305 creaturarum
2165 1281 2201 1306 ut
2219 1274 2417 1311 factibilium,
2433 1281 2465 1305 et
2480 1274 2527 1305 di-

1452 1318 1544 1349 vinae
1560 1318 1759 1350 causalitatis.
1779 1319 1867 1350 Deus
1882 1319 1969 1350 enim
1984 1319 2080 1350 libere
2096 1318 2171 1350 fecit
2189 1318 2332 1350 scibilem
2353 1318 2527 1359 factionem

1453 1369 1677 1400 creaturarum,
1695 1363 1772 1405 quia
1794 1363 1898 1404 ipsam
1920 1363 2036 1395 voluit:
2061 1363 2087 1394 si
2110 1363 2215 1404 ipsam
2237 1363 2402 1400 noluisset,
2426 1373 2485 1394 nec
2507 1373 2527 1394 a

1453 1408 1523 1439 Deo
1539 1417 1597 1439 nec
1620 1409 1659 1439 ab
1683 1408 1746 1438 alio
1770 1408 1909 1440 sciretur.
1936 1408 1977 1439 Et
2000 1418 2038 1439 ex
2061 1409 2173 1439 eadem
2200 1408 2304 1439 radice
2327 1414 2414 1449 patet
2436 1407 2527 1449 quod

1453 1459 1501 1484 est
1524 1462 1618 1483 causa
1641 1452 1746 1484 libera.
1773 1453 1872 1493 Igitur
1894 1452 2024 1484 scientia
2051 1453 2110 1484 Dei
2137 1460 2283 1493 respectu
2307 1462 2421 1483 eorum
2443 1461 2526 1494 quae

1452 1496 1544 1534 fiunt,
1565 1504 1601 1528 ut
1616 1497 1670 1534 sic,
1686 1507 1744 1528 nec
1759 1504 1805 1528 est
1823 1497 1996 1528 necessaria
2019 1497 2128 1538 quoad
2143 1497 2231 1534 scire,
2248 1507 2307 1528 nee
2322 1497 2431 1538 quoad
2449 1506 2525 1528 cau-

1453 1551 1530 1573 sare.
1564 1541 1709 1573 Omnino
1732 1541 1828 1582 igitur
1851 1542 1968 1573 falsum
1995 1549 2042 1573 est
2067 1541 2157 1583 quod
2185 1541 2313 1573 scientia
2342 1541 2420 1578 Dei,
2443 1551 2527 1583 quae

1454 1593 1500 1618 est
1523 1586 1625 1626 prima
1649 1596 1752 1623 causa,
1770 1593 1817 1617 est
1840 1586 2022 1618 necessaria.

2553 875 2564 886 ⁸
2579 874 2627 902 Qu.
2638 880 2665 902 11,
2679 874 2754 897 art.8.

1511 1631 1596 1662 XIX.
1621 1630 1743 1662 Contra
1758 1632 1936 1662 secundum
1951 1638 2059 1663 autem
2078 1631 2200 1662 dictum
2217 1630 2372 1662 obiicitur.
2396 1632 2464 1662 Aut
2478 1625 2546 1661 in·''

1454 1675 1554 1706 tendit
1576 1676 1666 1717 quod
1690 1686 1793 1707 unum
1816 1682 1847 1706 et
1869 1675 1956 1706 idem
1979 1675 2011 1706 in
2036 1686 2068 1707 se
2092 1683 2138 1707 est
2161 1675 2349 1716 contingens
2373 1682 2404 1707 et
2417 1685 2527 1706 neces-

1454 1720 1573 1751 sarium
1597 1720 1709 1756 simul,
1734 1720 1851 1751 scilicet
1873 1720 1964 1761 quod
1987 1720 2236 1760 contingentiam
2257 1719 2371 1751 habeat
2389 1729 2408 1750 a
2424 1719 2526 1750 causis

1454 1765 1601 1805 propriis,
1626 1765 1844 1796 necessitatem
1867 1775 1942 1795 vero
1962 1775 1981 1795 a
2000 1775 2094 1796 causa
2117 1764 2229 1805 prima.
2253 1764 2295 1795 Et
2317 1764 2381 1795 hoc
2403 1771 2450 1795 est
2465 1763 2526 1794 im-

1454 1809 1620 1850 possibile:
1645 1809 1722 1850 quia
1737 1809 1924 1849 contingens
1947 1816 1978 1841 et
2001 1808 2215 1840 necessarium
2237 1815 2312 1840 sunt
2335 1807 2526 1840 differentiae

1455 1853 1674 1884 substantiales
1698 1853 1834 1890 entium,
1859 1860 1890 1885 et
1913 1853 2096 1894 oppositae,
2121 1859 2157 1884 ut
2179 1859 2281 1894 patet;
2306 1861 2381 1893 ergo
2404 1852 2526 1893 impos·

1454 1897 1542 1928 sibile
1567 1898 1725 1938 estquod
1748 1897 1836 1928 idem
1860 1897 1900 1928 sit
1922 1897 2108 1938 contingens
2131 1903 2164 1928 et
2185 1896 2399 1928 necessarium
2413 1906 2526 1928 secun·

1454 1942 1533 1972 dum
1549 1942 1645 1978 idem,
1661 1949 1960 1983 quantumcumque
1977 1942 2017 1973 ad
2033 1941 2170 1972 diversas
2189 1951 2298 1972 causas
2313 1948 2525 1982 comparetur.

1453 1986 1495 2017 Et
1509 1993 1596 2018 tenet
1611 1986 1756 2027 sequela:
1777 1986 1852 2028 quia
1867 1993 1980 2018 natura
1995 1986 2039 2017 rei
2055 1996 2122 2017 non
2138 1992 2281 2018 mutatur
2294 1985 2329 2016 in
2345 1995 2378 2016 se
2394 1992 2527 2027 propter

1454 2031 1667 2062 diversitatem
1690 2030 1914 2062 habitudinum
1938 2032 1979 2062 ad
2002 2030 2140 2062 diversas
2163 2040 2282 2062 causas.
2306 2032 2374 2061 Aut
2391 2029 2528 2062 intendit

1453 2075 1543 2116 quod
1566 2085 1615 2106 res
1638 2075 1671 2106 in
1695 2085 1727 2106 se
1752 2075 1956 2116 contingens,
1982 2075 2022 2106 ad
2044 2071 2182 2116 primam
2206 2084 2335 2111 causam
2358 2074 2453 2106 habet
2471 2073 2526 2105 ha-

1454 2120 1632 2152 bitudinem
1655 2120 1882 2157 necessariam,
1912 2120 1952 2150 ad
1976 2130 2086 2151 causas
2113 2126 2221 2151 autem
2248 2118 2410 2160 proximas
2431 2118 2527 2151 habet

1453 2164 1674 2196 habitudinem
1702 2164 1958 2204 contingentem:
1988 2174 2044 2195 seu
2069 2174 2086 2195 e
2109 2173 2278 2200 converso,
2310 2164 2401 2205 quod
2423 2162 2527 2204 prima

1454 2219 1548 2245 causa
1577 2209 1672 2239 habet
1700 2208 1921 2240 habitudinem
1946 2208 2154 2239 necessariam
2183 2208 2224 2239 ad
2253 2207 2402 2240 effectum
2430 2207 2465 2239 in
2492 2217 2526 2240 se

1453 2253 1710 2293 contingentem,
1739 2262 1851 2283 causae
1874 2262 1950 2283 vero
1974 2252 2137 2293 proximae
2165 2252 2283 2284 habent
2304 2251 2526 2284 habitudinem

1453 2297 1691 2338 contingentem
1713 2297 1754 2327 ad
1777 2297 1925 2328 eundem.
1950 2297 1992 2328 Et
2015 2304 2124 2328 contra
2143 2295 2205 2327 hoc
2221 2296 2324 2337 arguit
2342 2296 2468 2333 Scotus‚
2490 2295 2525 2328 in

1454 2342 1480 2379 1,
1506 2341 1576 2373 dist.
1596 2352 1633 2378 11,
1657 2351 1711 2382 qu.
1729 2351 1754 2377 1,
1779 2347 1810 2372 et
1832 2341 1902 2372 dist.
1923 2351 1993 2378 vm,
2021 2351 2075 2382 qu.
2091 2351 2125 2377 v,
2150 2348 2181 2372 et
2204 2340 2275 2372 dist.
2294 2350 2386 2371 xxm
2408 2340 2442 2371 in
2465 2340 2525 2372 hac

1452 2385 1639 2428 quaestione
1653 2385 1679 2422 *‚
1704 2385 1962 2426 quadrupliciter.

1507 2430 1616 2461 Primo
1641 2430 1694 2461 sic.
1720 2429 1826 2461 Causa
1849 2439 1931 2471 quae
1955 2436 2064 2461 movet
2086 2429 2280 2470 inquantum
2302 2435 2402 2466 mota,
2422 2429 2448 2460 si
2467 2439 2523 2461 ne-

1451 2474 1586 2506 cessario
1610 2480 1774 2510 movetur,
1799 2474 1973 2505 necessario
1997 2481 2122 2506 movet:
2147 2473 2202 2504 sed
2225 2473 2331 2504 omnis
2358 2483 2452 2505 causa
2475 2484 2523 2505 se-

1452 2519 1556 2551 cunda
1579 2525 1704 2555 movet,
1735 2528 1792 2549 seu
1815 2518 1895 2559 agit,
1919 2519 2112 2559 inquantum
2134 2525 2223 2550 mota
2246 2528 2265 2548 a
2287 2517 2406 2559 prima:
2430 2528 2520 2559 ergo,

1451 2564 1477 2595 si
1500 2563 1676 2595 necessario
1700 2569 1849 2594 movetur
1871 2573 1890 2594 a
1913 2562 2029 2604 prima,
2060 2562 2236 2594 necessario
2259 2572 2392 2604 quoque
2413 2569 2523 2595 movet

1451 2609 1529 2650 ipsa.
1553 2608 1595 2639 Et
1610 2607 1655 2639 sic
1670 2607 1759 2638 nulla
1775 2607 1867 2638 datur
1883 2617 1976 2638 causa
1992 2607 2188 2647 contingens.
2205 2625 2225 2630 —
2239 2606 2411 2643 Praeterea,
2429 2616 2524 2638 causa

1452 2653 1539 2695 prior
1560 2652 1648 2693 prius
1667 2652 1850 2683 naturaliter
1865 2659 1896 2683 et
1911 2651 2095 2692 simpliciter
2108 2650 2235 2692 respicit
2251 2650 2407 2688 effectum,
2423 2661 2523 2693 quam

1452 2707 1547 2729 causa
1568 2696 1740 2739 posterior:
1765 2706 1841 2736 ergo
1856 2696 1890 2727 in
1911 2696 1968 2727 illo
1987 2695 2096 2738 priori,
2114 2705 2208 2727 causa
2222 2695 2327 2736 prima
2349 2695 2436 2727 dabit
2451 2694 2522 2727 effe-

1451 2742 1516 2774 ctui
1535 2741 1767 2772 necessitatem:
1792 2740 1887 2781 igitur
1902 2741 1935 2771 in
1952 2741 2093 2772 secundo
2116 2739 2244 2772 instanti
2267 2747 2408 2777 naturae,
2428 2749 2523 2772 causa

1450 2786 1596 2828 proxima
1610 2795 1677 2816 non
1696 2792 1802 2826 potest
1817 2785 1921 2816 eidem
1945 2786 2018 2816 dare
2035 2784 2295 2825 contingentiam.
2313 2801 2334 2807 —
2347 2784 2520 2820 Praeterea,

1451 2831 1558 2862 omnis
1580 2829 1709 2861 effectus
1732 2829 1919 2870 contingens
1942 2839 2055 2861 causae
2078 2829 2235 2860 secundae
2257 2835 2363 2870 potest
2385 2827 2521 2869 produci

1450 2886 1469 2907 a
1491 2876 1562 2907 Deo
1585 2874 1782 2910 immediate,
1807 2881 1908 2905 stante
1930 2874 2094 2905 identitate
2116 2879 2246 2904 naturae
2267 2872 2353 2903 illius
2377 2871 2520 2904 effectus:

1451 2930 1525 2961 ergo
1541 2926 1622 2950 esset
1638 2918 1834 2958 contingens,
1854 2918 1984 2950 sublatis
2001 2918 2102 2950 causis
2121 2916 2278 2953 secundis,
2294 2926 2312 2947 a
2332 2916 2400 2947 sola
2418 2915 2522 2957 prima

1451 2974 1545 2996 causa
1573 2963 1771 3004 dependens:
1797 2972 1882 3003 ergo,
1899 2980 1919 2985 -
1934 2963 2112 2998 Praeterea,
2137 2961 2225 2992 Deus
2247 2960 2287 2991 de
2310 2960 2394 2992 facto
2419 2960 2521 2992 multa

1451 3007 1666 3049 contingentia
1684 3007 1867 3038 immediate
1883 3006 2049 3047 produxit:
2074 3015 2149 3046 ergo
2164 3015 2212 3036 res
2228 3014 2294 3035 non
2309 3012 2384 3036 sunt
2399 3004 2521 3036 contin·

1450 3060 1558 3094 gentes
1581 3062 1619 3083 ex
1641 3051 1793 3093 proximis
1813 3052 1924 3088 causis,
1941 3051 1997 3082 sed
2014 3061 2033 3082 a
2051 3050 2154 3092 prima
2176 3059 2271 3093 causa
2294 3049 2518 3090 principaliter.

1507 3098 1576 3128 XX.
1601 3097 1653 3128 Ad
1680 3095 1776 3127 huius
1799 3095 1990 3127 difficultatis
2020 3093 2227 3130 evidentiam,
2259 3093 2338 3125 scito
2365 3093 2455 3134 quod
2480 3093 2520 3125 de

1450 3142 1552 3172 radice
1576 3141 1662 3172 unde
1677 3141 1778 3172 oritur
1801 3139 2017 3181 contingentia
2034 3139 2204 3179 disputare,
2225 3138 2340 3169 directe
2360 3148 2427 3169 non
2450 3147 2520 3178 spe-

1450 3193 1512 3217 ctat
1528 3186 1567 3216 ad
1583 3186 1669 3217 hunc
1692 3185 1811 3221 locum,
1836 3185 1869 3215 in
1892 3194 1960 3226 quo
1983 3184 2022 3215 de
2045 3181 2301 3223 contingentibus
2324 3182 2358 3213 in
2374 3192 2414 3213 eo
2429 3181 2520 3224 quod

1450 3229 1549 3266 scitis,
1573 3239 1640 3260 non
1663 3229 1696 3260 in
1720 3239 1759 3260 eo
1783 3229 1873 3270 quod
1897 3227 2044 3264 causatis,
2069 3234 2115 3258 est
2138 3227 2296 3268 quaestio:
2322 3226 2376 3257 sed
2400 3232 2521 3267 spectat

1450 3274 1565 3315 partim
1587 3274 1627 3305 ad
1650 3273 1871 3315 quaestionem
1893 3283 1944 3304 xxx
1957 3272 1984 3309 *,
2007 3271 2042 3302 in
2064 3281 2129 3312 qua
2153 3272 2190 3302 de
2214 3271 2378 3302 voluntate
2401 3270 2461 3302 Dei
2483 3276 2520 3302 ut

1450 3329 1543 3349 causa
1567 3325 1613 3349 est
1635 3328 1760 3354 rerum,
1786 3317 1948 3359 quaeritur
1969 3314 2140 3358 (quoniam
2163 3315 2293 3347 scientia
2315 3325 2382 3347 non
2411 3321 2519 3347 causat

1450 3363 1508 3393 nisi
1528 3362 1734 3394 determinata
1748 3372 1767 3392 a
1781 3358 1976 3402 voluntate);
1996 3359 2112 3400 partim
2128 3360 2168 3390 ad
2183 3359 2404 3401 quaestionem
2419 3369 2478 3390 cxv
2488 3357 2517 3395 “,

1449 3407 1482 3437 in
1501 3417 1565 3448 qua
1590 3407 1629 3438 de
1652 3406 1892 3438 necessitatione
1913 3404 2102 3436 inferiorum
2126 3414 2143 3435 a
2166 3403 2382 3445 superioribus
2405 3412 2518 3444 corpo-

1450 3451 1535 3482 ribus
1551 3451 1740 3492 disputatur.
1765 3450 1828 3481 Sed
1851 3448 1926 3491 quia
1940 3448 1973 3479 in
1989 3449 2051 3479 hoc
2070 3448 2176 3489 primo
2192 3454 2380 3488 argumento
2398 3446 2518 3478 litterae

1450 3495 1552 3535 agitur
1580 3496 1619 3526 de
1653 3493 1971 3535 contingentibus.in
2002 3503 2040 3524 eo
2069 3493 2159 3534 quod
2187 3491 2321 3524 causatis
2348 3501 2367 3523 a
2389 3490 2518 3522 scientia

1450 3539 1526 3576 Dei,
1550 3539 1626 3580 quia
1648 3539 1702 3570 illa
1725 3537 1854 3569 scientia
1877 3544 1924 3576 est
1947 3547 2012 3568 non
2037 3538 2144 3568 solum
2167 3536 2314 3572 scientia,
2345 3535 2401 3566 sed
2424 3545 2517 3566 causa

1450 3583 1618 3620 scitorum;
1643 3590 1673 3614 et
1696 3582 1730 3613 in
1752 3581 1959 3622 responsione
1988 3581 2101 3613 dicitur
2123 3591 2190 3612 non
2213 3581 2320 3612 solum
2345 3579 2435 3621 quod
2458 3586 2518 3611 stat

1451 3637 1579 3659 causam
1603 3626 1782 3668 proximam
1805 3636 1871 3657 esse
1896 3626 2148 3667 contingentem,
2178 3632 2208 3657 et
2231 3630 2387 3656 remotam
2410 3633 2517 3655 neces-

2553 2385 2562 2396 '
2576 2384 2664 2408 eoum
2673 2385 2768 2408 tertiam

2551 2411 2623 2440 posit.

2546 3277 2557 3289 ·
2570 3276 2632 3300 Vide
2645 3281 2688 3300 art.
2697 3277 2721 3300 8.

2545 3361 2557 3373 ⁸
2572 3361 2633 3384 vide
2647 3364 2721 3389 art-4,
2735 3359 2762 3382 6.
