2768 4178
47 742 57 751 ·
71 741 99 763 In
113 746 220 770 corpore.

971 266 1238 313 QUAESTIO
1268 267 1392 316 xva,
1422 269 1718 308 ARTICULUS
1747 273 1797 308 111

289 344 328 374 de
351 344 438 385 quali
461 344 620 376 accidente
649 345 856 386 intelligatur,
881 345 956 386 quia
980 345 1018 376 de
1041 345 1284 386 indispositione
1307 356 1358 376 or-

288 388 378 428 gani;
403 396 433 420 et
457 389 625 429 probatur:
650 390 725 431 quia
753 390 816 420 hoc
839 395 886 420 est
909 399 1081 420 commune
1112 390 1263 420 omnibus
1286 400 1356 430 pas-

289 431 378 469 sivis,
409 432 541 470 scilicet,
566 433 843 474 indispositionem
870 433 937 463 eius
965 433 1119 473 impedire
1142 434 1358 474 receptionem

289 476 421 508 formae.
446 477 487 508 Et
511 477 715 508 confirmatur
738 477 928 518 experientia
950 476 983 507 in
1007 487 1101 508 sensu
1124 485 1245 517 gustus.

347 521 399 552 IV.
425 521 459 551 In
483 521 690 562 responsione
713 522 753 552 ad
771 521 923 562 primum,
941 528 1018 552 nota
1037 521 1272 552 distinctionem
1288 532 1357 553 sen-

289 575 343 595 sus
367 575 404 595 ex
427 566 490 602 Qu.
513 566 553 596 de
581 565 661 602 Ver„
686 574 740 606 qu.
757 576 783 601 1,
808 572 865 596 art.
881 575 913 596 11.
938 565 1056 596 Sensus
1080 565 1264 606 dupliciter:
1289 576 1355 597 uno

288 609 400 645 modo,
418 616 453 640 ut
469 609 631 650 cognoscit
646 618 711 646 res;
736 610 887 646 secundo,
905 616 940 640 ut
956 609 1046 640 offert
1065 610 1219 650 superiori
1243 618 1356 650 poten-

288 653 359 684 tiae.
384 653 425 684 Et
446 653 510 684 hoc
533 653 717 694 dupliciter:
742 653 868 690 scilicet,
886 660 921 684 ut
936 663 984 684 res
1001 654 1172 694 quaedam3
1198 660 1228 684 et
1252 662 1287 685 ut
1309 655 1356 685 in·

289 696 442 728 dicativus
465 707 582 728 rerum.
607 697 716 735 Primo
740 698 840 728 modo
862 707 973 728 sensus
997 704 1146 728 tractatus
1170 705 1217 729 est
1239 698 1305 735 hic;
1326 706 1358 730 et

288 741 409 772 dictum
429 740 506 773 est*
529 742 618 782 quod
642 748 688 772 est
703 752 796 773 verus
811 748 954 782 respectu
974 742 1095 782 proprii
1111 742 1275 779 sensibilis,
1296 749 1354 774 etc.

287 785 435 816 Secundo
459 792 567 817 autem
589 785 707 822 modo,
742 786 860 817 scilicet
883 793 919 817 ut
941 796 989 816 res
1013 786 1147 817 offerens
1170 796 1203 817 se
1226 786 1259 817 in
1283 794 1355 818 actu

2400 287 2473 312 221

1414 349 1554 379 secundo
1577 350 1751 390 superiori,
1781 358 1827 382 est
1850 362 1973 392 semper
1996 353 2179 394 simpliciter
2200 364 2314 393 verUS,
2342 354 2423 385 sicut
2446 362 2477 386 et

1414 399 1532 423 ceterae
1554 403 1613 430 res,
1629 393 1715 424 iuxta
1738 395 2033 427 determinationem
2057 398 2090 428 in
2111 398 2243 429 articulo
2266 399 2474 439 praecedenti.

1412 436 1454 467 Et
1467 436 1529 467 hoc
1552 438 1652 468 modo
1676 438 1796 479 accepit
1819 449 1948 470 sensum
1966 442 2164 481 Augustinus
2179 442 2213 472 in
2229 442 2413 473 auctoritate
2427 442 2474 473 in-

1413 480 1515 511 ducta.
1540 481 1651 512 Tertio
1675 489 1782 513 autem
1806 483 1916 520 modo,
1941 484 2057 516 scilicet
2079 492 2116 517 ut
2138 486 2268 517 nuntius
2288 496 2404 522 rerum,
2430 493 2477 518 est

1412 523 1510 555 falsus
1534 526 1728 567 quandoque
1753 527 1930 558 causaliter:
1955 529 2030 568 quia
2053 537 2146 561 natus
2169 537 2216 561 est
2238 530 2356 570 pluries
2375 530 2476 561 facere

1411 567 1524 599 falsam
1547 570 1800 601 aestimationem
1823 571 1862 601 de
1885 581 1927 602 re.
1953 571 2084 612 Semper
2103 584 2176 613 ergo
2194 584 2303 604 sensus
2327 574 2401 605 facit
2422 584 2475 604 ve-

1411 622 1479 642 ram
1507 614 1760 645 aestimationem
1788 615 1827 645 de
1854 615 2062 655 dispositione
2089 618 2230 657 propria,
2256 618 2311 648 sed
2339 628 2406 648 non
2436 618 2475 649 de

1411 656 1619 696 dispositione
1641 668 1749 689 rerum
1772 665 1976 690 sensatarum.
2006 661 2048 691 Et
2069 661 2132 692 hoc
2154 661 2287 692 intendit
2309 662 2474 701 responsio

1409 700 1530 731 litterae
1559 701 1671 739 huius,
1696 702 1891 743 distinguens
1920 703 2076 735 iudicium
2104 715 2141 735 ex
2171 705 2313 736 sensibus
2343 706 2473 746 duplex,

1410 744 1527 776 scilicet
1548 746 1588 776 de
1610 745 1681 786 ipso
1705 756 1800 778 sensu
1822 747 1856 777 in
1879 754 1961 784 actu,
1986 754 2017 778 et
2039 748 2078 779 de
2099 758 2132 779 re
2148 756 2278 780 sensata.
2303 749 2344 780 Et
2367 750 2475 790 quoad

1409 788 1551 828 primurn
1574 800 1641 820 non
1664 789 1805 821 fallimur
1827 801 1884 832 per
1907 801 2049 828 sensum,
2074 793 2129 823 sed
2152 793 2260 834 quoad
2287 794 2473 824 secundum.

1095 941 1413 983 ARTICULUS
1442 942 1672 985 TERTIUS

959 1041 1115 1072 UTRUM
1138 1042 1343 1074 FALSITAs
1367 1043 1433 1074 SIT
1458 1044 1501 1074 IN
1525 1044 1804 1076 1NTELLECTU

463 1128 538 1160 infra,
558 1136 604 1161 qu.
622 1135 693 1158 Lvrn,
713 1133 760 1153 art.
781 1127 810 1158 53
830 1136 875 1160 qu.
894 1135 982 1159 Lxxxv,
1002 1133 1049 1154 art.
1069 1127 1100 1159 6;
1119 1128 1129 1152 1
1148 1129 1230 1158 Sent.,
1251 1129 1309 1153 dist.
1328 1136 1378 1160 m,
1398 1137 1443 1162 qu.
1455 1138 1479 1159 v,
1499 1135 1546 1156 art.
1564 1138 1582 1160 1,
1602 1131 1632 1156 ad

1648 1139 1677 1164 7;
1698 1132 1707 1156 Ι
1729 1132 1805 1157 Cont.
1821 1133 1908 1162 Gent„
1929 1140 1984 1165 cap.
2003 1140 2057 1163 ως
2077 1133 2123 1163 ΠΙ,
2143 1141 2200 1166 cap.
2219 1140 2293 1164 cvm3

550 1164 592 1189 De
611 1164 700 1193 Ver-it„
721 1171 766 1196 qu.
785 1171 802 1194 1,
822 1168 870 1188 art.
888 1171 917 1188 12
924 1172 931 1194 ;
950 1163 960 1188 1
979 1163 1134 1193 Periherm„
1155 1164 1213 1189 lect.
1232 1171 1275 1195 m;
1295 1164 1326 1189 111
1345 1165 1379 1189 de
1396 1165 1502 1195 Anima,
1523 1166 1582 1191 lect.
1600 1174 1638 1198 κη
1657 1167 1691 1191 Vl
1710 1167 1872 1201 Metaphys„
1893 1169 1951 1193 lect.
1965 1176 2004 1199 rv;
2024 1169 2070 1198 lx,
2091 1169 2150 1194 lect.
2168 1176 2202 1193 11.

322 1272 328 1285 ι
373 1273 378 1281 ·
470 1278 475 1286 .-
498 1264 522 1290 1)
549 1264 710 1290 Teanum
734 1264 787 1289 sm
807 1263 1046 1289 PROCEDITUR.
1067 1251 1228 1289 Videtur
1247 1252 1354 1299 quod

500 1306 638 1343 falsitas
662 1317 741 1342 non
767 1305 813 1342 sit
839 1304 879 1341 in
902 1304 1104 1342 intellectu.
1125 1304 1226 1342 Dicit
1252 1305 1353 1342 enirn

274 1465 441 1514 fallitur,
472 1477 547 1502 non
576 1464 758 1514 intelligit.
790 1464 867 1501 Sed
896 1464 1033 1501 falsum
1059 1464 1194 1501 dicitur
1213 1477 1295 1501 esse
1315 1465 1353 1501 in

285 1518 412 1567 aliqua
440 1517 667 1566 cognitione,
688 1517 902 1555 secundum
922 1517 1026 1566 quod
1054 1530 1123 1566 per
1147 1530 1234 1554 eam
1253 1523 1270 1539 α
1290 1518 1355 1554 fal-

283 1570 410 1609 limur.
431 1571 534 1619 Ergo
562 1571 600 1607 in
628 1570 820 1607 intellectu
847 1583 926 1607 non
955 1578 1011 1608 est
1038 1570 1188 1608 falsitas.

341 1636 376 1662 2.
406 1625 641 1670 PRAETEREA,
670 1624 928 1672 Philosophus
949 1624 1049 1671 dicit,
1069 1623 1107 1660 in
1128 1625 1178 1660 III
1199 1624 1244 1661 de
1262 1624 1354 1660 Am·-

234 1691 258 1729 ‘.'
285 1689 349 1715 ma
363 1677 395 1724 ²¹⁸,
411 1678 517 1726 quod
536 1677 740 1714 intellectus
757 1688 906 1725 semper
924 1683 979 1714 est
996 1683 1130 1714 rectus.
1152 1678 1244 1714 Non
1265 1689 1354 1725 ergo

285 1730 324 1768 in
351 1731 542 1768 intellectu
571 1737 627 1767 est
654 1729 806 1767 falsitas.

340 1785 415 1822 SED
435 1796 583 1822 CONTRA
602 1795 668 1820 EST
687 1784 792 1832 quod
813 1782 948 1820 dicitur
967 1783 1006 1820 in
1026 1785 1076 1820 III
1098 1785 1143 1820 de
1165 1783 1307 1820 Anima
1322 1783 1354 1829 ²¹²,

233 1832 240 1839 ’
285 1838 393 1887 quod
421 1838 486 1874 ubi
512 1837 730 1885 compositio
760 1836 1011 1874 intellectuum
1042 1842 1113 1882 est,
1144 1837 1196 1873 ibi
1221 1848 1354 1874 verum

0 4119 3 4141 -
0 4083 8 4113 ,.;
0 3937 18 4078 „eff-m.
0 3859 11 3930 ,ᾞς
0 3835 4 3853 ψ
0 3625 11 3827 Ὺ,ψ,4.,,,,β,,,..,-
7 3590 10 3592 Α

285 1897 322 1929 et
335 1891 486 1940 falsum
515 1895 578 1927 est.
610 1889 687 1926 Sed
707 1889 935 1938 compositio
964 1889 1222 1926 intellectuum
1243 1897 1298 1925 est
1317 1889 1355 1925 in

285 1945 488 1982 intellectu.
510 1944 612 1990 Ergo
632 1954 770 1979 verum
791 1950 828 1979 et
854 1943 991 1979 falsum
1012 1950 1068 1979 est
1093 1942 1132 1979 in
1150 1942 1353 1979 intellectu.

340 1998 568 2034 Responmzo
588 2006 773 2032 DICENDUM
793 1996 909 2045 quod,
931 1995 1027 2032 sicut
1054 2008 1113 2032 res
1137 1996 1252 2032 habet
1272 2007 1354 2032 esse

285 2063 355 2100 per
381 2049 579 2099 propriam
604 2049 781 2096 formam,
802 2051 852 2085 ita
870 2049 988 2086 virtus
1014 2049 1271 2097 cognoscitiva
1289 2049 1354 2086 ha-

286 2105 351 2143 bet
387 2114 619 2151 cognoscere
652 2114 722 2151 per
760 2102 1043 2139 similitudinem
1082 2102 1135 2138 rei
1169 2102 1352 2150 cognitae.

286 2156 420 2204 Unde,
449 2155 546 2193 sicut
572 2167 632 2192 res
659 2154 677 2184 Ρ
705 2155 884 2192 naturalis
912 2167 991 2192 non
1029 2155 1158 2192 deficit
1194 2156 1241 2191 ab
1272 2167 1354 2192 esse

286 2209 394 2259 quod
420 2209 490 2246 sibi
520 2208 701 2256 competit
719 2210 931 2245 secundum
952 2220 1061 2244 suam
1086 2208 1264 2254 formam,
1285 2221 1354 2257 po-

285 2270 359 2300 test
386 2269 516 2299 autem
534 2266 549 2288 ⁷
579 2261 744 2298 deficere
774 2262 823 2298 ab
852 2261 1038 2310 aliquibus
1058 2261 1355 2298 accidentalibus

285 2316 349 2353 vel
378 2314 719 2363 consequentibus;
749 2314 844 2351 sicut
862 2314 984 2351 homo
1004 2315 1052 2351 ab
1072 2315 1148 2351 hoc
1176 2316 1279 2363 quod
1301 2323 1356 2352 est

285 2369 428 2406 habere
458 2369 555 2405 duos
573 2367 705 2416 pedes,
726 2380 806 2405 non
834 2375 963 2404 autem
984 2368 1032 2404 ab
1061 2368 1135 2404 hoc
1169 2368 1274 2417 quod
1299 2376 1355 2405 est

287 2434 370 2459 esse
399 2422 619 2459 hominem:
648 2421 699 2457 ita
719 2418 733 2442 δ
750 2421 870 2457 virtus
900 2420 1158 2468 cognoscitiva
1185 2434 1264 2458 non
1290 2422 1354 2458 de-

285 2475 366 2513 ficit
392 2475 431 2512 in
460 2474 729 2522 cognoscendo
759 2482 933 2522 respectu
961 2474 1059 2511 illius
1088 2474 1142 2510 rei
1171 2475 1278 2511 cuius
1308 2475 1354 2511 si-

287 2528 502 2571 militudine
520 2527 762 2573 informatur;
781 2534 908 2575 potest
927 2535 1055 2564 autem
1075 2527 1239 2564 deficere
1257 2528 1355 2565 circa

287 2581 431 2630 aliquid
460 2593 699 2629 consequens
728 2580 777 2616 ad
805 2580 930 2629 ipsam
949 2586 976 2627 ¹,
1005 2580 1067 2617 vel
1096 2581 1272 2618 accidens
1307 2581 1352 2618 ei.

289 2634 393 2671 Sicut
413 2641 469 2670 est
497 2633 639 2670 dictum
654 2632 674 2654 ’¹‘
693 2633 798 2681 quod
818 2633 922 2670 visus
947 2645 1026 2670 non
1055 2633 1239 2683 decipitur
1259 2634 1355 2671 circa

288 2686 466 2724 sensibile
484 2686 695 2735 proprium,
713 2686 780 2723 sed
796 2686 894 2723 circa
913 2686 1104 2723 sensibilia
1120 2687 1353 2735 communia,

289 2753 388 2790 quae
422 2746 701 2787 consequenter
729 2751 768 2775 se
798 2740 940 2776 habent
972 2740 1021 2776 ad
1049 2739 1161 2788 illud,
1193 2748 1228 2777 et
1256 2741 1354 2777 circa

288 2793 479 2831 sensibilia
507 2805 576 2841 per
604 2791 792 2829 accidens.

343 2847 449 2884 Sicut
477 2853 605 2882 autem
626 2857 759 2882 sensus
783 2844 1006 2882 informatur
1026 2846 1166 2883 directe
1186 2845 1355 2882 similitu-

290 2899 377 2937 dine
396 2898 642 2948 propriorum
671 2898 917 2945 sensibilium,
937 2898 989 2935 ita
1007 2899 1216 2935 intellectus
1240 2899 1355 2935 infor-

290 2960 416 2990 matur
435 2952 449 2978 ζ
478 2951 722 2989 similitudine
755 2951 974 3000 quidditatis
1008 2952 1072 2988 rei.
1111 2952 1223 2989 Unde
1257 2952 1355 2989 circa

289 3006 391 3053 quod
403 3006 494 3053 quid
506 3010 561 3041 est
577 3004 785 3041 intellectus
801 3016 879 3041 non
895 3004 1094 3053 decipitur:
1115 3004 1210 3041 sicut
1229 3017 1353 3054 neque

290 3070 424 3095 sensus
453 3058 551 3095 circa
585 3057 776 3094 sensibilia
809 3057 974 3106 propria.
1010 3059 1052 3094 In
1081 3058 1353 3106 componendo

289 3123 384 3148 vero
416 3111 479 3147 vel
508 3110 715 3160 dividendo
743 3118 869 3158 potest
896 3111 1031 3159 decipi,
1067 3111 1160 3147 dum
1189 3111 1356 3148 attribuit

291 3163 345 3200 rei
359 3169 373 3187 '¹
393 3163 499 3200 cuius
519 3164 770 3212 quidditatem
790 3163 969 3211 intelligit,
985 3163 1126 3212 aliquid
1142 3164 1247 3212 quod
1269 3177 1354 3201 eam

290 3228 370 3253 non
391 3217 644 3265 consequitur,
665 3218 726 3254 vel
747 3218 850 3266 quod
871 3216 905 3253 ei
924 3217 1141 3266 opponitur.
1168 3217 1230 3254 Sic
1251 3217 1353 3254 enim

345 3338 372 3370 α)
388 3345 440 3370 per
457 3344 524 3362 eam.
538 3351 556 3358 -
574 3345 606 3363 ea
623 3339 801 3371 BCDEFGpA
820 3344 845 3364 et
864 3339 904 3364 ed.
919 3347 944 3369 a,
959 3347 1012 3371 per
1029 3347 1061 3364 ea
1079 3341 1119 3364 ed.
1139 3341 1162 3365 b.

345 3371 370 3405 β)
394 3373 475 3401 Unde,
495 3373 563 3398 sicut
581 3380 631 3398 res,
649 3389 668 3393 —
686 3375 738 3400 Res
757 3378 845 3399 autem
866 3375 967 3399 codices
987 3379 1012 3399 et
1030 3375 1071 3400 ed.
1086 3382 1111 3399 a.

291 3443 302 3475 <
321 3409 376 3475 Αγρ)
389 3411 488 3467 αιιιεννὲ.
506 3422 525 3427 -
543 3411 629 3433 tamen
654 3409 686 3434 D.
703 3423 723 3430 —
740 3410 791 3434 Pro
815 3410 1034 3440 accidentalibus,
1060 3410 1239 3435 accidentibus
1263 3410 1355 3435 BDFG

304 3451 320 3475 p
353 3462 358 3467 .
397 3448 422 3467 et
440 3450 457 3467 a
484 3461 491 3468 .

345 3477 370 3510 δ)
391 3479 439 3502 ita.
452 3491 470 3496 -
488 3478 568 3503 etiam
588 3479 684 3503 addunt
701 3480 844 3505 ABCDEF.

346 3514 367 3545 ε)
389 3513 482 3545 ipsam.
500 3526 518 3533 -·
537 3513 622 3544 ipsum
642 3514 742 3538 codices
762 3520 787 3540 et
805 3516 856 3540 ab.
873 3530 892 3535 -
910 3516 935 3541 ei
952 3524 1006 3541 om.
1025 3516 1141 3549 ACEpB.

345 3548 369 3581 ζ)
391 3549 561 3582 informatur.
580 3562 598 3567 —
617 3549 716 3574 directe
734 3550 831 3575 addunt
848 3551 995 3576 ACDEFG.

346 3584 372 3616 η)
384 3584 456 3608 rei.—
466 3583 490 3608 ei
499 3584 619 3609 ABCE.—
629 3584 679 3608 Pro
690 3584 821 3617 intelligit,
833 3586 967 3611 intellexit
976 3586 1141 3619 ABCDEpG,
1153 3586 1315 3611 intellexerit
1325 3586 1354 3610 F.

292 3631 312 3637 -
326 3626 378 3644 non
391 3627 444 3644 om.
456 3619 618 3651 CDEGpAF.
627 3633 646 3638 -
656 3619 728 3651 quod
742 3625 800 3644 ante
814 3620 839 3645 ei
851 3628 904 3645 om.
916 3622 990 3646 codd.
1002 3627 1027 3646 et
1042 3622 1081 3647 ed.
1095 3629 1120 3650 a,
1134 3627 1194 3654 post
1208 3622 1232 3646 ei
1246 3622 1318 3654 ponit
1330 3621 1354 3646 b.

1408 1265 1450 1289 se
1473 1253 1589 1290 habet
1607 1254 1816 1292 intellectus
1836 1255 1885 1293 ad
1904 1256 2154 1294 iudicandum
2175 1256 2222 1294 de
2242 1257 2472 1307 huiusmodi,

1408 1305 1504 1342 sicut
1522 1318 1657 1344 sensus
1677 1309 1725 1345 ad
1743 1308 1992 1346 iudicandum
2013 1311 2060 1347 de
2081 1309 2321 1348 sensibilibus
2335 1308 2348 1331 θ
2372 1324 2474 1348 com-

1408 1359 1588 1396 munibus
1607 1361 1670 1397 vel
1696 1373 1766 1409 per
1794 1362 1981 1399 accidens.
2013 1363 2097 1399 Hac
2115 1370 2245 1400 tamen
2264 1364 2475 1402 differentia

1408 1420 1570 1459 servata,
1598 1425 1695 1462 quae
1729 1427 1844 1463 supra
1866 1414 1886 1436 ’¹‘
1915 1415 2014 1452 circa
2040 1415 2241 1453 veritatem
2271 1417 2369 1454 dicta
2397 1425 2473 1465 est,

1408 1466 1512 1514 quod
1541 1466 1680 1503 falsitas
1707 1467 1747 1504 in
1773 1468 1963 1505 intellectu
1983 1481 2067 1506 esse
2093 1461 2229 1518 potesst,
2250 1482 2329 1507 non
2349 1471 2473 1507 solum

1408 1518 1498 1567 quia
1527 1519 1690 1568 cognitio
1719 1520 1929 1559 intellectus
1957 1521 2050 1559 falsa
2079 1530 2145 1570 est,
2166 1523 2234 1560 sed
2262 1523 2350 1572 quia
2369 1523 2474 1560 intel-

1408 1573 1527 1609 lectus
1547 1585 1632 1609 eam
1653 1574 1859 1622 cognoscit,
1880 1575 1976 1612 sicut
1995 1583 2031 1612 et
2049 1575 2264 1613 veritatem:
2293 1576 2331 1613 in
2359 1589 2475 1613 sensu

1409 1634 1537 1662 autem
1565 1626 1704 1663 falsitas
1723 1639 1803 1664 non
1832 1635 1887 1664 est
1904 1635 1947 1664 ut
1966 1628 2127 1676 cognita,
2147 1637 2189 1666 ut
2207 1629 2348 1666 dictum
2372 1637 2428 1666 est
2441 1629 2472 1667 *.

1463 1678 1564 1726 Quia
1578 1691 1672 1716 vero
1688 1680 1828 1717 falsitas
1847 1681 2055 1718 intellectus
2068 1694 2138 1730 per
2152 1694 2193 1718 se
2207 1689 2215 1702 ¹
2234 1683 2360 1719 solum
2376 1682 2474 1719 circa

1408 1731 1729 1780 compositionem
1749 1733 1956 1771 intellectus
1986 1742 2051 1782 est,
2072 1747 2141 1783 per
2160 1735 2335 1772 accidens
2360 1735 2474 1772 etiam

1407 1785 1446 1822 in
1466 1786 1688 1834 operatione
1717 1786 1926 1824 intellectus
1950 1800 2026 1835 qua
2047 1788 2241 1836 cognoscit
2268 1789 2370 1837 quod
2386 1789 2477 1837 quid

1407 1844 1471 1884 est,
1490 1846 1616 1887 potest
1635 1851 1718 1876 esse
1747 1840 1897 1888 falsitas,
1928 1840 2153 1888 inquantum
2173 1841 2225 1878 ibi
2245 1841 2472 1890 compositio

1407 1891 1617 1928 intellectus
1654 1892 1895 1930 admiscetur.
1930 1894 2047 1940 Quod
2083 1902 2208 1943 potest
2237 1906 2319 1931 esse
2353 1895 2474 1943 dupli-

1409 1944 1510 1981 citer.
1531 1945 1618 1982 Uno
1639 1946 1771 1993 modo,
1792 1946 2004 1983 secundum
2026 1948 2132 1995 quod
2151 1947 2359 1984 intellectus
2380 1948 2473 1984 defi-

1408 1997 1592 2034 nitionem
1620 1998 1733 2035 unius
1761 1999 1927 2035 attribuit
1945 2000 2069 2046 alteri;
2099 2007 2141 2036 ut
2159 2000 2190 2036 si
2210 1999 2472 2037 definitionem

1409 2050 1535 2087 circuli
1564 2051 1742 2088 attribuat
1768 2052 1926 2089 homini.
1957 2053 2069 2089 Unde
2097 2053 2268 2089 definitio
2287 2053 2399 2090 unius
2419 2053 2473 2090 rei

1408 2111 1463 2140 est
1491 2104 1583 2140 falsa
1603 2105 1650 2141 de
1679 2105 1796 2142 altera
1823 2111 1847 2142 ¹.
1869 2105 1954 2141 Alio
1975 2105 2108 2153 modo,
2129 2106 2342 2143 secundum
2367 2106 2473 2154 quod

1407 2165 1534 2205 partes
1563 2157 1793 2195 definitionis
1818 2158 2016 2207 componit
2035 2158 2083 2195 ad
2111 2158 2287 2206 invicem,
2309 2171 2406 2208 quae
2426 2159 2472 2196 si-

1407 2211 1487 2247 mul
1516 2210 1651 2247 sociari
1678 2223 1757 2248 non
1784 2219 1962 2260 possunt:
1993 2211 2046 2248 sic
2066 2211 2167 2248 enim
2196 2212 2367 2248 definitio
2395 2224 2474 2250 non

1408 2271 1464 2300 est
1483 2264 1624 2310 solum,
1638 2264 1731 2300 falsa
1750 2271 1924 2313 respectu
1952 2264 2108 2301 alicuius
2129 2264 2195 2311 rei,
2215 2264 2283 2301 sed
2308 2272 2363 2301 est
2382 2265 2474 2302 falsa

1408 2316 1446 2353 in
1475 2329 1527 2353 se.
1566 2317 1616 2354 Ut
1643 2317 1674 2353 si
1702 2317 1841 2354 formet
1869 2318 1983 2354 talem
2016 2317 2301 2364 definitionem,
2331 2318 2475 2355 animal

1408 2370 1594 2406 rationale
1616 2370 1840 2418 quadrupes,
1861 2371 1975 2407 falsus
1996 2378 2051 2407 est
2069 2369 2080 2391 ³
2108 2370 2317 2407 intellectus
2336 2370 2390 2407 sic
2409 2371 2473 2408 de-

1407 2423 1591 2470 finiendo,
1614 2430 1817 2472 propterea
1846 2423 1950 2472 quod
1979 2423 2093 2460 falsus
2122 2431 2178 2460 est
2204 2423 2242 2460 in
2271 2424 2472 2461 formando

1408 2476 1507 2513 hanc
1545 2476 1886 2524 compositionem,
1924 2476 2079 2524 aliquod
2112 2476 2258 2513 animal
2289 2477 2474 2513 rationale

1408 2535 1497 2565 est¹⁴¹
1525 2530 1747 2577 quadrupes.
1779 2530 1828 2565 Et
1845 2536 2000 2577 propter
2027 2529 2113 2575 hoc,
2144 2529 2183 2565 in
2204 2529 2472 2576 cognoscendo

1408 2582 1633 2630 quidditates
1662 2581 1852 2630 simplices
1880 2594 1959 2618 non
1995 2589 2120 2629 potest
2149 2594 2230 2618 esse
2262 2582 2472 2619 intellectus

1408 2635 1543 2671 falsus:
1573 2634 1641 2671 sed
1669 2635 1731 2671 vel
1767 2642 1822 2671 est
1849 2647 1984 2681 verus,
2013 2635 2076 2671 vel
2104 2634 2266 2671 totaliter
2298 2635 2388 2672 nihil
2417 2635 2472 2672 in-

1408 2687 1546 2735 telligit.

1462 2742 1520 2776 AD
1549 2751 1686 2776 PRIMUM
1714 2751 1812 2775 ERGO
1832 2751 2016 2776 DICENDUM
2036 2739 2153 2789 quod,
2175 2740 2264 2789 quia
2283 2740 2473 2789 quidditas

1409 2793 1462 2829 rei
1492 2800 1548 2829 est
1574 2792 1773 2841 proprium
1803 2791 1996 2829 obiectum
2024 2792 2233 2830 intellectus
2251 2793 2288 2840 ²³²,
2317 2802 2473 2843 propter

1407 2847 1483 2882 hoc
1519 2854 1610 2882 tunc
1645 2845 1799 2893 proprie
1837 2845 1998 2882 dicimur
2025 2851 2037 2866 ’
2068 2846 2209 2894 aliquid
2246 2846 2471 2895 intelligere,

1408 2899 1575 2948 quando,
1606 2898 1831 2935 reducentes
1850 2898 1942 2935 illud
1968 2898 2007 2935 in
2026 2900 2128 2946 quod
2153 2899 2244 2947 quid
2269 2905 2331 2945 est,
2352 2900 2405 2937 sic
2425 2901 2472 2937 de

1408 2964 1453 2988 eo
1475 2951 1706 2988 iudicamus:
1737 2951 1831 2987 sicut
1850 2951 1986 2988 accidit
2012 2951 2051 2988 in
2071 2952 2470 3000 demonstrationibus,

1407 3004 1445 3041 in
1466 3004 1603 3053 quibus
1622 3016 1702 3040 non
1723 3011 1778 3040 est
1796 3004 1946 3040 falsitas.
1969 3005 2018 3041 Et
2031 3005 2106 3041 hoc
2121 3005 2240 3041 modo
2260 3005 2473 3053 intelligitur

1406 3059 1571 3095 verbum
1599 3057 1809 3105 Augustini,
1840 3057 1946 3106 quod
1974 3058 2095 3094 omnis
2122 3058 2188 3106 qui
2201 3058 2366 3106 fallitur.
2396 3071 2470 3095 non

1408 3110 1580 3160 intelligit
1596 3110 1634 3146 id
1651 3110 1689 3146 in
1709 3121 1782 3158 quo
1802 3110 1977 3158 fallitur:
2005 3123 2083 3147 non
2113 3118 2240 3147 autem
2269 3110 2336 3157 ita,
2367 3111 2472 3159 quod

1408 3164 1447 3200 in
1466 3161 1479 3187 ξ
1505 3163 1606 3199 nulla
1634 3162 1855 3210 operatione
1884 3163 2091 3200 intellectus
2120 3163 2253 3211 aliquis
2281 3163 2438 3200 fallatur.

1462 3218 1520 3253 AD
1549 3227 1739 3252 SECUNDUM
1758 3228 1942 3253 DICENDUM
1967 3216 2072 3264 quod
2091 3216 2298 3252 intellectus
2319 3228 2472 3265 semper

1463 3338 1487 3372 θ)
1507 3339 1679 3364 sensibilibus.
1697 3352 1716 3357 —
1733 3339 1886 3363 huiusmodi
1903 3338 2068 3363 sensibilibus
2087 3338 2118 3362 G.
2132 3351 2151 3357 —
2169 3338 2219 3362 Pro
2232 3338 2413 3363 communibus
2431 3339 2472 3364 vel

1407 3382 1457 3406 per
1475 3374 1606 3401 accidens,
1621 3380 1674 3405 per
1691 3374 1814 3399 accidens
1833 3374 1874 3398 vel
1891 3373 2072 3399 communibus
2090 3373 2127 3403 A;
2146 3373 2327 3398 communibus
2345 3378 2405 3406 post
2427 3381 2471 3399 ac-

1409 3410 1499 3435 cidens
1518 3414 1618 3441 ponunt
1636 3408 1733 3434 BCDE.

1464 3446 1481 3477 ι)
1496 3452 1548 3476 per
1566 3451 1602 3468 se.
1619 3458 1639 3463 —
1656 3444 1718 3468 Om.
1737 3444 1838 3468 codices
1857 3448 1883 3468 et
1901 3444 1942 3468 ed.
1954 3450 1980 3467 α.
1997 3457 2016 3462 -
2034 3443 2113 3468 etiam
2133 3451 2186 3468 om.
2206 3443 2318 3469 codices.

1463 3480 1487 3512 κ)
1507 3480 1602 3504 altera.
1619 3492 1639 3498 —
1656 3479 1742 3503 altero
1761 3479 1918 3503 ADEFGab.

1462 3514 1490 3547 λ)
1510 3518 1558 3540 est.
1576 3527 1596 3533 —
1613 3514 1682 3539 enim
1702 3515 1799 3538 addunt
1817 3514 1962 3538 ACDEFG.

1462 3551 1491 3616 5))
1505 3549 1672 3609 ξῗέἱᾷαὲῗ
1682 3549 1794 3609 iiii—iffi}
1813 3583 1975 3608 ACDEFGa.

1464 3619 1487 3651 ξ)
1508 3620 1544 3645 in.
1562 3635 1581 3639 —
1600 3620 1661 3645 Om.
1680 3619 1800 3644 ABCDE.

2599 1317 2612 1343 Θ

2502 1428 2512 1437 '
2523 1427 2571 1455 Qu.
2581 1433 2628 1455 xvi,
2638 1431 2680 1449 art.
2690 1433 2713 1449 2.

2501 1640 2512 1651 '⁵
2525 1641 2577 1662 Art.
2591 1646 2667 1668 praec.

2499 2804 2510 2815 ⁸
2525 2804 2553 2826 D.
2569 2810 2615 2832 752.
