2768 4178
26 512 39 524 *
51 510 112 533 Vide
126 516 152 532 ca
171 527 176 532 .
187 510 236 541 Qa-

25 543 139 586 ffirahmlus,
161 537 239 586 eSFrde

26 567 156 613 22:4³5?
187 569 240 586 ¹¹⁰¹·

21 1621 36 1634 ‘
46 1622 76 1646 D.
90 1623 144 1652 436.

22 3366 27 3383 7
42 3347 107 3371 Loco
117 3348 188 3377 supra
195 3349 234 3371 cit.

931 270 1198 316 QUAESTIO
1228 271 1408 319 XXXIX,
1437 273 1734 310 ARTICULUS
1763 274 1799 310 V

266 359 289 384 a
318 346 447 384 divina
477 348 648 385 essentia.
679 349 781 396 Ergo
812 348 973 385 essentia
1001 361 1080 386 non
1105 358 1260 397 generat
1282 363 1338 387 es-

266 400 439 438 sentiam.
921 404 923 406 ’

320 454 548 491 RESPONDEO
584 466 768 492 DICENDUM
807 453 912 503 quod
951 454 1048 492 circa
1087 455 1161 492 hoc
1199 455 1337 493 erravit

265 507 397 543 Abbas
419 507 586 544 Ioachim
596 507 627 554 ²¹⁶,
644 519 818 544 asserens
833 507 949 555 quod,
966 507 1062 545 sicut
1077 507 1222 555 dicitur,
1233 510 1338 546 Deus

265 560 399 610 genuit
423 561 569 606 Deum,
605 560 655 597 ita
681 567 808 609 potest
841 559 914 596 dici
942 561 1049 608 quod
1086 562 1242 598 essentia
1270 574 1336 611 ge-

267 614 349 650 nuit
360 613 575 656 essentiam;
595 611 840 650 considerans
855 613 972 661 quod,
988 611 1145 662 propter
1165 614 1335 652 divinam

267 666 556 715 simplicitatem,
578 678 657 702 non
686 673 742 702 est
769 665 870 703 aliud
889 664 907 694 β
936 667 1041 703 Deus
1061 679 1179 714 quam
1209 667 1336 705 divina

267 719 440 756 essentia.
457 740 481 747 -
503 718 580 755 Sed
598 718 636 755 in
655 719 730 755 hoc
751 719 933 767 deceptus
953 719 1035 756 fuit:
1061 720 1150 769 quia
1169 721 1218 758 ad
1237 721 1335 758 veri-

266 780 383 809 tatem
407 771 655 819 locutionum,
677 783 756 808 non
776 773 902 809 solum
922 780 1073 821 oportet
1092 774 1334 812 considerare

266 837 326 862 res
354 824 601 872 significatas,
632 824 701 861 sed
735 826 850 862 etiam
886 827 1047 863 modum
1077 827 1333 876 significandi,

265 885 307 915 ut
330 877 472 915 dictum
503 885 559 914 est
577 877 607 914 ²¹⁸.
639 878 745 915 Licet
773 874 914 926 autem,
936 880 1150 917 secundum
1175 893 1268 928 rem,
1289 882 1336 918 sit

266 930 370 969 idem
407 932 512 968 Deus
546 931 652 980 quod
689 932 826 978 deitas,
864 945 943 969 non
976 939 1106 970 tamen
1140 941 1195 971 est
1230 934 1334 972 idem

266 984 406 1022 modus
436 983 672 1032 significandi
698 985 914 1034 utrobique.
951 986 1054 1023 Nam
1087 987 1162 1023 hoc
1190 1000 1334 1025 nornen

265 1038 381 1084 Deus,
403 1037 492 1086 quia
512 1037 698 1086 significat
725 1038 894 1076 divinam
922 1039 1123 1076 essentiam
1152 1040 1247 1077 utin
1266 1041 1333 1077 ha-

265 1091 401 1139 bente,
436 1103 481 1128 ex
515 1092 635 1129 modo
673 1104 765 1129 suae
800 1091 1082 1140 significationis
1119 1094 1334 1131 naturaliter

264 1144 382 1181 habet
417 1144 524 1193 quod
560 1145 680 1194 possit
712 1157 927 1194 supponere
964 1158 1036 1194 pro
1072 1158 1259 1194 persona:
1298 1154 1335 1184 et

265 1197 320 1234 sic
349 1209 394 1234 ea
422 1210 521 1246 quae
559 1205 646 1235 sunt
682 1198 837 1247 propria
869 1211 1144 1246 personarum,
1174 1207 1334 1248 possunt

263 1250 476 1300 praedicari
496 1250 556 1289 de-
571 1251 647 1288 hoc
675 1251 832 1288 nomine
859 1252 975 1297 Deus,
1003 1259 1046 1288 ut
1064 1251 1210 1289 dicatur
1228 1253 1333 1302 quod

265 1304 455 1341 Βεαςϊῑξῖ
474 1303 624 1354 genitus
640 1304 703 1342 vel
730 1316 932 1354 generans,
953 1304 1048 1341 sicut
1068 1304 1211 1342 dictum
1232 1313 1288 1342 est
1301 1305 1332 1343 ³¹⁸.

266 1356 345 1394 Sed
378 1358 454 1394 hoc
489 1369 633 1394 nomen
670 1358 827 1394 essentia
864 1369 943 1394 non
980 1358 1096 1394 habet
1131 1370 1176 1394 ex
1214 1359 1333 1396 modo

265 1421 357 1447 suae
385 1409 668 1458 significationis
697 1411 804 1458 quod
832 1417 1025 1460 supponat
1051 1423 1122 1460 pro
1150 1423 1332 1460 persona:

265 1462 355 1512 quia
382 1462 568 1511 significat
597 1463 799 1500 essentiam
828 1470 869 1500 ut
896 1464 1062 1500 formam
1092 1464 1332 1503 abstractam.

263 1516 314 1553 Et
326 1515 416 1555 ideo
445 1529 491 1553 ea
514 1528 614 1565 quae
633 1523 721 1553 sunt
738 1516 894 1566 propria
912 1529 1178 1566 personarum,
1195 1518 1334 1567 quibus

264 1569 316 1614 ab
338 1569 504 1607 invicem
534 1569 821 1618 distinguuntur,
851 1582 931 1607 non
958 1578 1120 1618 possunt
1148 1571 1333 1609 essentiae

222 1636 226 1637 ⁷
264 1621 414 1660 attribui
426 1621 463 1660 *ε
484 1621 758 1670 significaretur
776 1622 880 1660 enim
900 1624 1006 1672 quod
1026 1631 1125 1661 esset
1144 1624 1332 1662 distinctio

262 1674 303 1713 in
318 1675 482 1713 essentia
497 1675 638 1723 divina,
659 1675 755 1712 sicut
775 1683 830 1712 est
848 1675 1037 1714 distinctio
1057 1677 1096 1714 in
1115 1678 1332 1727 suppositis.

316 1730 376 1766 An
400 1741 538 1766 PmMUM
558 1740 656 1766 ERGO
681 1741 866 1766 DlCENDUM
895 1730 1013 1778 quod,
1043 1731 1092 1768 ad
1121 1730 1333 1780 exprimen-

263 1780 355 1819 dam
382 1781 568 1819 unitatem
594 1782 780 1819 essentiae
809 1790 847 1819 et
873 1795 1077 1831 personae,
1107 1784 1226 1821 sancti
1254 1785 1333 1822 Do-

263 1841 387 1872 ctores
413 1834 618 1884 aliquando
639 1835 853 1884 expressius
871 1836 987 1873 locuti
1006 1843 1094 1873 sunt
1111 1849 1228 1885 quam
1246 1850 1333 1887 pro-

262 1886 403 1937 prietas
431 1887 633 1925 locutionis
651 1888 826 1937 patiatur.
857 1889 967 1926 Unde
987 1889 1210 1927 huiusmodi
1230 1891 1334 1928 locu-

263 1939 388 1978 tiones
415 1953 496 1978 non
524 1949 611 1978 sunt
649 1941 932 1990 extendendae,
963 1943 1030 1980 sed
1060 1944 1332 1992 exponendae:

262 2001 305 2031 ut
327 1993 467 2031 scilicet
495 1994 653 2031 nomina
682 1995 870 2032 abstracta
889 2003 1128 2045 exponantur
1145 2009 1215 2045 per
1244 2010 1333 2034 con·

265 2054 386 2095 creta,
424 2048 488 2085 vel
522 2047 635 2084 etiam
658 2053 673 2074 ⁷
701 2060 770 2096 per
803 2048 964 2086 nomina
995 2050 1232 2098 personalia:
1270 2058 1332 2099 ut,

265 2112 355 2138 cum
390 2099 546 2148 dicitur,
580 2103 736 2138 essentia
773 2102 819 2138 de
850 2102 1028 2148 essentia,
1056 2103 1119 2140 vel
1150 2104 1332 2152 sapientia

263 2153 310 2190 de
335 2153 530 2202 sapientia,
560 2153 607 2191 sit
625 2151 639 2175 ὅ
667 2166 812 2201 sensus,
841 2155 976 2201 Filius,
1006 2156 1072 2204 qui
1097 2162 1152 2193 est
1176 2157 1332 2194 essentia

263 2211 302 2243 et
325 2206 525 2255 sapientia,
555 2212 610 2243 est
635 2207 680 2244 de
707 2208 831 2254 Patre,
856 2208 923 2256 qui
947 2213 1002 2244 est
1027 2210 1184 2246 essentia
1212 2215 1248 2246 et
1272 2222 1332 2247 sa-

257 2260 413 2309 pientia.
433 2281 458 2289 -
479 2261 522 2297 In
548 2259 607 2296 his
639 2267 770 2297 tamen
802 2260 1021 2298 nominibus
1055 2262 1249 2299 abstractis
1277 2271 1334 2300 est

263 2313 420 2362 quidam
441 2313 537 2350 ordo
558 2313 830 2350 attendendus:
852 2314 942 2363 quia
961 2326 1006 2350 ea
1025 2327 1124 2363 quae
1143 2315 1333 2364 pertinent

263 2366 314 2404 ad
341 2373 481 2413 actum,
512 2366 632 2414 magis
660 2364 874 2415 propinque
904 2379 944 2404 se
973 2367 1116 2404 habent
1134 2369 1183 2405 ad
1202 2381 1332 2417 perso-

263 2431 344 2467 nas,
375 2419 464 2468 quia
493 2426 598 2456 actus
627 2427 715 2456 sunt
743 2420 1041 2468 suppositorum.
1071 2421 1182 2458 Unde
1204 2422 1331 2459 minus

262 2472 474 2521 impropria
502 2480 558 2509 est
577 2472 658 2519 ista,
679 2478 817 2510 natura
836 2473 882 2510 de
901 2479 1050 2519 natura,
1069 2475 1132 2510 vel
1150 2475 1331 2522 sapientia

263 2526 310 2563 de
336 2526 530 2573 sapientia,
561 2537 679 2573 quarn
712 2526 868 2563 essentia
897 2527 943 2563 de
970 2527 1137 2564 essentia.

317 2580 376 2614 AD
405 2590 595 2615 SECUNDUM
629 2590 814 2615 DICENDUM
851 2579 957 2627 quod
984 2578 1023 2616 in
1053 2580 1232 2617 creaturis
1269 2593 1331 2629 ge-

263 2638 440 2668 neratum
477 2643 557 2668 non
585 2630 720 2679 accipit
756 2639 931 2668 naturam
970 2633 1133 2670 eandem
1168 2646 1330 2671 numero

264 2695 382 2732 quam
409 2696 594 2732 generans
622 2684 758 2731 habet,
788 2685 855 2722 sed
884 2685 997 2722 aliam
1026 2698 1202 2734 numero,
1233 2699 1330 2736 quae

263 2737 393 2786 incipit
419 2737 459 2774 in
488 2749 533 2774 eo
563 2749 646 2774 esse
674 2749 744 2785 per
766 2738 1050 2785 generationem
1081 2739 1129 2776 de
1157 2752 1275 2787 novo,
1297 2748 1333 2777 et

264 2790 400 2828 desinit
419 2802 502 2828 esse
530 2803 600 2839 per
628 2790 931 2839 corruptionem:
962 2799 998 2829 et
1020 2792 1107 2830 ideo
1132 2801 1332 2840 generatur

264 2851 301 2881 et
329 2843 583 2892 corrumpitur
609 2855 679 2892 per
706 2843 894 2881 accidens.
934 2845 1010 2883 Sed
1044 2846 1150 2883 Deus
1184 2846 1332 2894 genitus

317 2965 343 2999 β)
361 2967 444 2992 aliud.
465 2981 486 2986 -
503 2967 572 2991 a11'us
591 2966 620 2991 Ρ.

315 3002 343 3044 1)
362 3003 453 3043 etiam.
470 3016 489 3021 -
507 3003 569 3043 Qm.
589 3002 699 3027 codices.

316 3037 342 3070 ο)
360 3041 404 3062 snt.
422 3051 442 3057 -
459 3041 489 3063 ut
506 3041 543 3063 sit
561 3037 673 3062 BDGab.
691 3051 710 3057 —
728 3041 768 3063 est
786 3043 844 3063 ante
863 3038 895 3063 de
914 3039 996 3064 Patre
1014 3047 1068 3064 om.
1082 3039 1213 3072 ACEGpF
1233 3044 1258 3064 et
1276 3047 1302 3064 a.

2380 277 2456 323 405

1392 351 1556 388 eandem
1585 360 1759 389 naturam
1782 365 1944 399 numero
1969 354 2103 403 accipit
2131 367 2248 404 quam
2274 367 2458 403 generans

1391 403 1506 440 habet
1530 411 1552 442 ¹.
1584 406 1632 442 Et
1659 405 1747 443 ideo
1776 414 1910 443 natura
1939 407 2068 444 divina
2096 408 2135 445 in
2164 408 2258 445 Filio
2288 421 2366 446 non
2395 421 2457 457 ge-

1392 464 1555 505 neratur,
1585 470 1710 507 neque
1738 471 1808 508 per
1835 472 1875 496 se
1904 472 2028 509 neque
2057 473 2127 510 per
2154 461 2342 499 accidens.

1444 511 1502 546 AD
1531 522 1690 549 TERTmM
1718 524 1902 550 mcaNDUM
1935 513 2058 561 quod,
2088 514 2173 551 licet
2201 516 2308 552 Deus
2338 522 2374 552 et
2402 515 2457 552 di-

1391 562 1480 599 vina
1510 564 1672 601 essentia
1700 564 1774 602 sint
1800 565 1904 602 idem
1933 567 2146 604 secundum
2175 580 2275 616 rem,
2304 576 2454 614 tamen,

1391 615 1536 652 ratione
1565 617 1716 655 alterius
1744 618 1851 655 modi
1885 619 2143 668 significandi,
2174 628 2324 670 oportet
2351 621 2456 670 loqui

1391 667 1650 707 diversimode
1680 671 1728 708 de
1755 678 1930 719 utroque.

1443 723 1502 758 AD
1518 734 1691 765 QUARTUM
1705 736 1889 762 DICENDUM
1905 725 2010 774 quod
2026 725 2187 762 essentia
2202 726 2332 763 divina
2346 739 2456 776 prae-

1391 774 1535 812 dicatur
1564 776 1611 813 de
1640 777 1749 814 Patre
1778 789 1847 826 per
1874 778 2036 815 modurn
2065 779 2276 826 identitatis,
2300 787 2457 829 propter

1391 827 1560 866 divinam
1589 829 1888 879 simplicitatem:
1918 843 1989 868 nec
2017 839 2147 869 tamen
2166 832 2333 882 sequitur
2351 833 2456 881 quod

1388 881 1508 928 possit
1545 895 1761 931 supponere
1797 895 1869 931 pro
1906 884 2037 931 Patre,
2067 893 2223 934 propter
2260 885 2454 923 diversum

1389 934 1550 971 modum
1580 935 1828 984 significandi.
1867 937 1979 974 Ratio
2008 945 2137 975 autem
2164 938 2389 987 procederet
2416 938 2454 975 in

1387 986 1475 1034 illis,
1507 1000 1672 1036 quorum
1699 1001 1820 1026 unum
1851 990 2092 1038 praedicatur
2128 991 2176 1028 de
2210 992 2326 1029 altero
2361 991 2457 1028 sicut

1387 1040 1603 1077 universale
1633 1041 1680 1078 de
1707 1042 1932 1091 particulari.

1441 1094 1500 1130 AD
1530 1105 1692 1136 QUINTUM
1720 1107 1904 1132 mcENDUM
1932 1098 2038 1144 quod
2055 1097 2152 1133 haec
2171 1104 2227 1134 est
2246 1097 2456 1136 differentia

1388 1144 1484 1182 inter
1511 1147 1670 1184 nomina
1701 1148 1938 1186 substantiva
1965 1157 2001 1186 et
2034 1149 2238 1198 adiectiva‚
2268 1150 2357 1199 quia
2385 1163 2457 1188 no-

1388 1198 1491 1235 mina
1510 1200 1744 1238 substantiva
1763 1201 1887 1238 ferunt
1901 1201 1915 1228 ξ
1935 1215 2047 1239 suum
2067 1203 2324 1252 suppositum:
2352 1204 2454 1242 adie-

1389 1251 1487 1288 ctiva
1505 1265 1599 1290 vero
1620 1266 1711 1301 non,
1727 1255 1795 1291 sed
1815 1267 1897 1291 rem
1918 1255 2168 1303 significatam
2187 1264 2336 1305 ponunt
2355 1257 2454 1294 circa

1389 1305 1681 1343 substantivum.
1711 1307 1823 1344 Unde
1862 1308 2054 1356 sophistae
2092 1309 2220 1346 dicunt
2255 1311 2361 1357 quod
2389 1322 2454 1347 no-

1389 1358 1493 1394 mina
1520 1360 1751 1396 substantiva
1787 1367 2022 1408 supponunt‚·
2049 1361 2232 1399 adiectiva
2258 1374 2349 1399 vero
2378 1375 2452 1400 non

1387 1417 1611 1459 supponunt,
1631 1413 1698 1449 sed
1723 1413 1909 1461 copulant.
1937 1414 2108 1451 Nomina
2135 1414 2245 1462 igitur
2271 1428 2452 1464 persona-

1388 1463 1436 1500 lia
1456 1465 1690 1503 substantiva
1708 1474 1870 1515 possunt
1885 1466 1932 1503 de
1952 1467 2113 1504 essentia
2126 1468 2350 1517 praedicari,
2365 1482 2453 1518 pro-

1388 1524 1473 1565 pter
1486 1517 1721 1556 identitatem
1737 1519 1807 1556 rei:
1828 1532 1956 1567 neque
1975 1521 2145 1569 sequitur
2159 1522 2265 1569 quod
2284 1522 2453 1571 proprie-

1389 1578 1444 1607 tas
1476 1572 1685 1620 personalis
1724 1572 1937 1609 distinctam
1971 1573 2196 1611 determinet
2230 1575 2451 1621 essentiam;

1389 1623 1457 1660 sed
1494 1624 1649 1673 ponitur
1683 1625 1780 1662 circa
1822 1626 2062 1675 suppositum
2099 1627 2348 1675 importatum
2385 1641 2454 1677 per

1389 1689 1533 1714 nomen
1563 1678 1856 1716 substantivum.
1879 1679 1956 1716 Sed
1984 1679 2190 1716 notionalia
2219 1688 2255 1717 et
2273 1693 2454 1730 persona-

1388 1729 1437 1766 lia
1465 1730 1652 1768 adiectiva
1679 1744 1758 1768 non
1785 1739 1948 1780 possunt
1974 1733 2183 1781 praedicari
2203 1733 2251 1770 de
2278 1734 2452 1782 essentia,

1389 1783 1458 1820 nisi
1487 1783 1614 1833 aliquo
1643 1785 1880 1822 substantivo
1909 1785 2098 1823 adiuncto.
2119 1786 2230 1824 Unde
2259 1799 2338 1824 non
2364 1800 2452 1836 pos-

1389 1849 1523 1874 sumus
1551 1837 1676 1874 dicere
1697 1838 1803 1886 quod
1831 1839 1988 1875 essentia
2012 1845 2064 1876 est
2089 1851 2289 1889 generans.
2311 1842 2454 1878 Possu-

1390 1902 1478 1926 mus
1500 1897 1631 1927 tamen
1651 1890 1777 1928 dicere
1797 1891 1902 1940 quod
1922 1893 2078 1929 essentia
2097 1898 2152 1929 est
2174 1905 2233 1930 res
2250 1905 2451 1943 generans,

1389 1943 1450 1979 vel
1478 1944 1582 1980 Deus
1608 1956 1798 1994 generans
1825 1944 1864 1992 ³¹²,
1895 1945 1925 1981 si
1953 1957 2013 1982 res
2041 1952 2077 1982 et
2103 1946 2208 1983 Deus
2236 1955 2454 1995 supponant

1388 2008 1458 2044 pro
1487 2009 1674 2044 persona:
1703 2009 1782 2034 non
1801 2005 1929 2035 autem
1949 1998 1979 2035 si
1999 2007 2217 2047 supponant
2234 2011 2305 2048 pro
2328 2012 2452 2037 essen-

1388 2049 1449 2086 tia.
1484 2050 1597 2087 Unde
1630 2062 1709 2087 non
1738 2058 1792 2087 est
1821 2051 2088 2099 contradictio,
2117 2052 2149 2089 si
2177 2052 2322 2090 dicatur
2348 2054 2452 2101 quod

1388 2103 1545 2139 essentia
1574 2109 1628 2140 est
1654 2115 1713 2140 res
1749 2115 1957 2153 generans,
1989 2112 2025 2141 et
2052 2117 2111 2142 res
2139 2118 2213 2143 non
2241 2117 2452 2155 generans:

1388 2155 1476 2204 quia
1494 2156 1619 2204 primo
1648 2169 1707 2194 res
1733 2164 1882 2194 tenetur
1899 2170 1970 2206 pro
1994 2170 2170 2206 persona,
2193 2159 2362 2196 secundo
2381 2171 2452 2208 pro

1389 2217 1561 2246 essentra.

1441 2263 1500 2298 AD
1516 2274 1657 2299 SEXTUM
1676 2274 1860 2300 DICENDUM
1879 2263 1984 2312 quod
2003 2264 2130 2310 deitas,
2151 2264 2377 2314 inquantum
2398 2273 2454 2303 est

1388 2327 1465 2351 una
1484 2314 1521 2351 in
1541 2315 1711 2364 pluribus
1735 2316 1938 2365 suppositis
1957 2322 1982 2364 ⁷¹,
2013 2317 2128 2354 habet
2147 2318 2341 2366 quandam
2363 2331 2453 2356 con-

1387 2368 1619 2405 venientiam
1649 2381 1738 2406 cum
1767 2369 1891 2406 forma
1918 2370 2085 2407 nominis
2114 2371 2309 2407 collectivi.
2341 2372 2451 2408 Unde

1389 2433 1477 2457 cum
1506 2421 1651 2470 dicitur,
1678 2424 1792 2459 Pater
1819 2428 1873 2459 est
1892 2423 2122 2471 principium
2152 2424 2259 2460 totius
2287 2425 2449 2471 deitatis,

1385 2481 1512 2522 potest
1530 2475 1629 2511 sumi
1647 2488 1719 2524 pro
1738 2475 1982 2512 universitate
1996 2477 2272 2523 Personarum3
2292 2476 2451 2526 inquan-

1386 2534 1468 2563 tum
1488 2527 1639 2575 scilicet,
1660 2528 1698 2565 in
1728 2528 1908 2565 omnibus
1927 2528 2105 2566 Personis
2126 2529 2273 2576 divinis,
2294 2529 2376 2578 ipse
2397 2538 2451 2567 est

1385 2580 1624 2629 principium.
1654 2582 1739 2618 Nec
1767 2588 1917 2629 oportet
1945 2581 2050 2630 quod
2070 2582 2116 2618 sit
2142 2582 2372 2631 principium
2392 2583 2449 2620 sui

1385 2633 1522 2681 ipsius:
1553 2633 1648 2670 sicut
1675 2634 1808 2683 aliquis
1838 2634 1885 2671 de
1912 2635 2057 2683 populo
2088 2635 2222 2672 dicitur
2249 2643 2373 2673 rector
2398 2642 2450 2673 to-

1386 2686 1458 2722 tius
1469 2686 1613 2735 populi,
1630 2699 1708 2723 non
1729 2694 1858 2724 tamen
1879 2687 1936 2724 sui
1959 2687 2088 2736 ipsius.
2106 2709 2130 2716 —
2144 2689 2215 2725 Vel
2233 2696 2359 2737 potest
2378 2689 2449 2726 dici

1386 2740 1490 2788 quod
1521 2747 1576 2776 est
1601 2740 1828 2789 principium
1846 2740 1959 2777 totius
1980 2741 2137 2789 deitatis,
2158 2754 2236 2779 non
2256 2742 2344 2790 quia
2365 2754 2450 2779 eam

1386 2800 1541 2840 generet
1573 2801 1608 2829 et
1636 2793 1769 2842 spiret:
1799 2793 1868 2830 sed
1902 2793 1989 2842 quia
2023 2806 2131 2843 eam,
2161 2796 2379 2843 generando
2415 2802 2451 2832 et

1385 2846 1580 2895 spirando,
1611 2845 1878 2893 communicat.

1440 2969 1462 3001 ε)
1481 2969 1567 2994 habet.
1585 2983 1602 2988 -
1621 2970 1683 2994 Om.
1697 2970 1861 2995 ACDEFGa.

1439 3004 1464 3037 ζ)
1478 3005 1582 3038 ferunt.
1600 3018 1621 3023 —
1638 3012 1725 3030 secum
1738 3005 1836 3038 serunt
1853 3005 1885 3031 G.

1439 3041 1466 3072 η)
1485 3041 1637 3072 suppositis.
1655 3054 1674 3059 -
1692 3040 1754 3065 Om.
1766 3041 1864 3066 ABCE.

932 3126 1264 3160 commentaria
1286 3128 1534 3161 cardinalis
1557 3128 1756 3162 Caietam

325 3226 432 3246 rruws
453 3216 559 3258 clarus.
575 3223 631 3248 est.
648 3235 668 3240 —
690 3217 726 3248 In
746 3227 878 3258 corpore
902 3218 967 3248 d'uo
989 3218 1075 3249 facit:
1100 3219 1215 3259 primo,
1240 3219 1333 3250 refert

266 3227 464 3290 Terrorem
479 3261 610 3292 Abbatis
632 3262 787 3298 Ioachim;
813 3262 963 3298 secundo,
988 3263 1157 3303 respondet
1177 3263 1330 3304 quaesito.

322 3304 360 3335 ΙΙ.
385 3304 503 3341 Quoad
525 3306 688 3344 primum,
713 3307 819 3336 Abbas
844 3306 999 3342 Ioachim,
1024 3313 1060 3337 ut
1083 3314 1169 3347 patet
1190 3308 1223 3338 in
1247 3307 1331 3348 prin-

264 3348 347 3388 cipio
378 3348 592 3379 Decretalium
606 3349 641 3386 *,
667 3350 768 3381 tenuit
790 3357 913 3391 partem
937 3350 1166 3382 affirmativam.
1197 3351 1238 3382 Et
1260 3351 1332 3382 fun-

263 3393 451 3423 damentum
479 3392 546 3423 eius
577 3399 642 3424 erat
671 3394 778 3424 divina
809 3394 992 3435 simplicitas
1005 3418 1012 3431 ,
1044 3405 1119 3426 cum
1146 3396 1330 3427 auctoritate

263 3436 434 3477 Augustini
456 3437 539 3467 male
562 3436 728 3468 intellecta.

324 3481 378 3511 111.
394 3481 511 3518 Quoad
525 3481 713 3519 secundum,
729 3482 892 3513 conclusio
904 3483 1088 3523 responsiva
1107 3490 1153 3514 est
1169 3484 1328 3524 negativa:

264 3524 396 3562 scilicet,
429 3525 519 3566 quod
548 3524 734 3556 huiusmodi
761 3527 894 3557 nomina
921 3528 1073 3558 abstracta
1100 3538 1167 3558 non
1195 3535 1330 3568 possunt

264 3579 446 3610 supponere
462 3579 520 3609 pro
540 3569 692 3609 personis.
706 3586 726 3592 -
738 3570 779 3601 Et
793 3571 954 3610 probatur.
970 3572 1022 3602 Ad
1033 3572 1195 3603 veritatem
1211 3582 1330 3613 propo-

264 3612 418 3644 sitionum
435 3620 558 3649 oportet
581 3623 702 3644 servare
719 3620 749 3644 et
765 3624 832 3644 rem
856 3615 1070 3655 significatam,
1089 3623 1119 3647 et
1143 3617 1278 3647 modum
1293 3617 1331 3647 si-

1387 3219 1570 3260 gnificandi:
1600 3221 1654 3251 sed
1668 3220 1758 3251 Deus
1773 3227 1804 3252 et
1818 3221 1920 3252 deitas
1933 3222 2050 3253 habent
2065 3223 2204 3253 diversos
2224 3224 2339 3254 modos
2355 3223 2449 3264 signi-

1387 3263 1516 3294 ficandi:
1542 3274 1627 3304 ergo,
1645 3271 1702 3295 etc.
1721 3265 1837 3296 Littera
1853 3266 1939 3296 enim
1953 3267 2047 3307 plana
2066 3273 2121 3298 est.
2139 3285 2157 3290 —
2174 3267 2215 3298 Et
2229 3268 2355 3298 additur
2373 3278 2451 3299 con-

2480 1957 2490 1968 *
2504 1957 2534 1980 D.
2548 1957 2600 1979 666.

1386 3307 1523 3338 firmatio
1557 3309 1675 3339 ducens
1698 3309 1738 3338 ad
1767 3309 2002 3341 inconveniens.
2029 3311 2113 3348 Quia
2143 3311 2169 3341 si
2198 3311 2236 3342 de
2264 3312 2450 3343 huiusmodi
2488 3310 2490 3312 ’

1386 3352 1545 3383 abstractis
1569 3352 1746 3383 dicerentur
1768 3354 1959 3394 personalia,
1984 3354 2209 3395 significaretur
2233 3355 2393 3387 distinctio
2416 3357 2449 3387 in

1384 3407 1469 3436 1p51s.

1441 3441 1492 3471 IV.
1518 3440 1553 3470 ln
1577 3441 1783 3481 responsione
1810 3442 1850 3471 ad
1873 3442 2039 3483 quintum,
2069 3443 2193 3474 adverte
2221 3444 2310 3484 quod
2333 3444 2365 3474 in
2388 3444 2449 3475 illis

1384 3484 1500 3521 verbis,
1519 3494 1692 3524 possumus
1715 3486 1821 3516 dicere
1849 3486 1934 3526 quod
1959 3488 2095 3517 essentia
2126 3492 2173 3518 est
2201 3497 2254 3518 res
2287 3489 2337 3519 vel
2358 3489 2450 3519 Deus

1383 3538 1557 3569 generans,
1578 3530 1607 3559 si
1633 3542 1646 3557 ι
1662 3538 1715 3559 res
1729 3541 1743 3556 w
1771 3535 1800 3560 et
1826 3542 1841 3558 ‹
1858 3530 1949 3561 Deus
1965 3542 1980 3557 ›
2005 3536 2189 3571 supponunt
2206 3541 2270 3572 pro
2288 3542 2446 3572 persona,

1385 3583 1447 3603 non
1472 3578 1578 3603 autem
1603 3574 1631 3603 si
1657 3578 1839 3613 supponant
1855 3583 1919 3614 pro
1943 3576 2097 3612 essentia,
2121 3575 2154 3616 ly
2184 3585 2363 3616 supponere
2384 3587 2448 3617 pro

1384 3618 1519 3647 essentia
1544 3616 1679 3647 sumitur
1701 3617 1787 3648 iuxta
1811 3618 2013 3658 propositum
2036 3620 2206 3659 praesentis
2230 3620 2366 3657 articuli,
2391 3621 2448 3651 sci-
