2768 4178
99 768 157 784 xm.
166 773 177 778 —
186 762 240 784 Did.

96 788 125 816 V,
140 795 191 817 eap.
201 795 240 816 vu,

0 823 4 832 .
27 820 97 864 ξε·
208 841 213 846 .

139 900 156 916 ¹.
165 905 176 910 —
207 894 239 917 id.

143 926 195 949 etp.
209 927 239 948 x,

0 797 5 819 ῃ
27 762 68 811 ib.

12 866 60 943 *32
81 899 138 943 a*

28 951 110 976 aad

987 242 1256 288 QUAESTIO
1286 244 1357 292 IX,
1386 245 1684 282 ARTICULUS
1716 248 1746 282 II
2411 250 2460 297 93

271 319 442 359 Repugnat
471 319 566 350 etiarn
596 319 668 351 fidei
697 330 816 361 ponere
847 320 967 361 aliquid
995 327 1117 360 praeter
1145 322 1251 352 Deum
1274 330 1340 352 esse

271 362 494 394 necessarium.
514 364 610 404 Ergo.

325 407 378 438 VI.
399 407 451 437 Ad
473 407 591 439 horum
614 408 814 444 evidentiam,
831 407 890 439 tria
906 409 1046 439 notanda
1062 415 1145 445 sunt,
1169 419 1205 439 ex
1224 410 1340 450 quibus

271 450 381 481 omnia
404 452 443 482 ad
459 451 540 482 hanc
563 451 728 483 materiam
750 451 931 492 spectantia,
947 462 967 482 a
982 452 1239 494 quibuscumque
1253 454 1340 485 obie-

271 501 329 531 cta,
343 495 520 527 solvuntur.
545 496 689 526 Primum
707 501 762 532 est,
776 496 866 537 quod
881 505 997 536 magna
1013 495 1184 528 differentia
1199 504 1245 528 est
1260 497 1339 529 inter

270 539 483 570 necessarium
507 546 538 571 et
561 539 725 581 possibile,
751 547 786 571 ut
809 547 883 571 sunt
911 539 1101 572 differentiae
1125 541 1205 572 entis
1228 542 1338 580 realis,

270 590 301 614 et
324 589 361 614 ut
384 590 458 614 sunt
474 583 664 615 differentiae
680 583 760 615 entis
776 585 854 615 veri.
879 584 1074 625 Inquantum
1090 584 1175 615 enim
1191 593 1265 617 sunt
1281 586 1339 616 dif-

270 626 419 658 ferentiae
443 627 523 658 entis
546 627 622 664 veri,
642 634 814 658 sumuntur
835 628 947 668 logice,
965 634 996 659 et
1014 629 1192 660 consistunt
1214 629 1247 660 in
1271 631 1339 661 sola

268 670 454 702 habitudine
469 671 690 708 terminorum,
705 678 740 702 ut
755 679 851 712 patet.
876 673 920 703 Ut
934 679 1041 703 autem
1057 679 1132 704 sunt
1147 672 1339 706 differentiae

269 714 349 745 emis
367 724 425 755 per
442 725 485 751 se,
508 716 598 756 quod
621 715 775 756 significat
794 716 1011 753 substantiam,
1029 717 1248 758 quantitatem,
1267 726 1336 755 etc„

269 765 305 789 ut
332 758 447 790 dicitur
469 759 498 790 V
512 758 532 777 ὓ
555 766 586 791 et
612 759 655 791 VI
678 761 864 801 Metaphys.
883 760 937 798 ⁸⁹¹²,
965 761 1010 792 sic
1037 768 1111 792 sunt
1139 762 1338 794 conditiones

268 803 487 834 substantiales
505 813 612 835 rerum
627 803 814 835 intrinsecae
827 805 904 845 ipsis
918 805 1025 841 rebus;
1047 812 1082 836 ut
1096 806 1124 837 X
1139 807 1337 848 Metaphys„

267 853 354 878 textu
370 846 486 879 ultimo
495 846 522 884 *‚
539 847 654 879 dicitur
669 848 709 879 de
725 849 921 890 corruptibili
936 856 966 880 et
980 849 1220 891 incorruptibili.
1240 851 1337 882 Aliud

268 897 315 922 est
337 901 412 932 ergo
434 891 526 933 loqui
550 892 589 923 de
613 892 788 923 necessario
812 901 843 927 et
865 893 1018 934 possibili,
1040 901 1075 925 ut
1098 902 1171 926 sunt
1195 894 1336 926 differen-

266 935 328 967 tiae
350 935 465 972 reales;
490 941 522 967 et
543 936 630 967 aliud
654 943 690 968 ut
713 943 787 968 sunt
811 937 1000 969 differentiae
1020 937 1212 970 habitudinis
1231 940 1336 970 termi-

267 989 395 1011 norum.
427 979 593 1017 Quoniam
616 981 678 1012 hoc
702 982 802 1012 modo
833 982 1018 1013 abstrahunt
1041 993 1059 1012 a
1081 983 1225 1023 potentia
1247 983 1280 1014 in
1303 995 1336 1014 se

266 1023 317 1054 vel
335 1023 368 1054 in
392 1023 472 1055 alio:
497 1024 564 1055 imo
589 1025 627 1055 ab
652 1025 741 1056 omni
759 1026 902 1065 potentia
925 1026 1053 1067 proprie
1070 1027 1161 1063 dicta,
1181 1028 1336 1068 quoniam

265 1068 472 1100 inveniuntur
493 1068 527 1099 in
550 1069 780 1101 mathematicis
804 1071 989 1101 secundum·
1000 1071 1123 1101 nullam
1136 1081 1209 1102 vere
1224 1078 1336 1112 poten-

266 1111 360 1149 tiam,
385 1117 422 1143 ut
445 1113 560 1145 dicitur
582 1113 615 1144 in
638 1114 668 1144 V
686 1115 883 1156 Metaphys„
909 1115 1009 1155 capite
1031 1115 1072 1146 de
1094 1115 1268 1146 Potentia*
1274 1139 1285 1154 ,
1307 1123 1337 1147 et

233 1174 239 1180 -
266 1155 299 1186 in
323 1156 366 1187 IX
390 1157 542 1194 eiusdem,
566 1157 600 1188 in
622 1158 781 1199 principio
796 1158 824 1190 *.
849 1159 907 1190 lllo
931 1169 1006 1189 vero
1030 1159 1141 1195 modo,
1166 1160 1338 1191 attenditur

231 1201 238 1213 '
266 1201 444 1232 secundum
474 1201 642 1233 intrinseca
674 1212 789 1234 rerum.
823 1203 917 1234 Unde
947 1203 1157 1243 distinguatur
1185 1210 1252 1234 tam
1281 1214 1336 1234 ne-

203 1279 210 1287 .
232 1245 438 1293 2-cessarium
465 1254 565 1287 quam
595 1246 745 1287 possibile
774 1247 808 1277 in
836 1247 926 1277 reale
953 1254 984 1278 et
1013 1247 1172 1288 logicum,
1202 1257 1259 1278 nec
1283 1247 1337 1278 fiat

267 1288 424 1321 confusio.

317 1333 500 1365 Secundum
517 1340 576 1370 est,
594 1334 684 1376 quod
702 1334 846 1375 potentia
868 1334 901 1364 in
924 1344 956 1365 re
971 1334 1105 1365 existens
1121 1335 1161 1365 ad
1177 1345 1243 1365 non
1258 1346 1334 1372 esse,

263 1387 286 1408 a
307 1387 372 1419 qua
395 1387 444 1410 res
466 1376 626 1419 possibilis
649 1378 772 1414 dicitur,
796 1388 864 1409 non
887 1386 1002 1419 potest,
1028 1378 1124 1409 etiam
1147 1379 1172 1409 si
1195 1378 1335 1420 fingendi

265 1421 392 1460 licentia
414 1422 523 1460 detur,
548 1422 639 1454 aliter
660 1422 738 1463 poni
761 1433 861 1464 quarn
888 1423 1095 1459 secundario,
1120 1423 1195 1464 quia
1218 1424 1336 1456 scilicet

265 1471 314 1501 est
333 1465 368 1497 in
391 1475 424 1497 re
443 1466 586 1507 potentia
608 1466 649 1497 ad
672 1466 760 1498 aliud
783 1477 850 1498 esse
873 1466 1134 1508 incompossibile
1153 1467 1227 1498 huic
1250 1478 1334 1500 esse:

264 1507 532 1552 quoniamnulla
553 1511 706 1551 potentia,
724 1511 896 1552 nullusque
912 1511 1071 1552 appetitus
1086 1511 1211 1552 respicit
1229 1512 1334 1553 primo

206 1573 240 1585 .-
263 1555 332 1585 'non
351 1562 428 1591 esse,
448 1561 486 1586 ut
507 1554 622 1586 dicitur
645 1555 657 1585 1
676 1555 779 1588 Ethic.
796 1555 814 1575 *
832 1556 929 1587 Unde
946 1563 1074 1597 oportet
1095 1562 1132 1586 ut
1155 1565 1203 1586 res
1227 1566 1334 1588 carens

200 1605 212 1638 ·,
227 1599 240 1605 “
264 1598 472 1639 potentin-ad
494 1599 582 1630 aliud
609 1609 676 1631 esse
704 1599 964 1641 incompossibile
991 1600 1084 1636 huic,
1110 1607 1212 1632 careat
1240 1601 1335 1632 etiam

230 1633 238 1670 ἶ
261 1642 409 1683 potentia
431 1643 471 1674 ad
486 1653 561 1674 non
585 1653 662 1675 esse.
686 1644 728 1675 Et
746 1653 822 1676 cum
838 1651 961 1677 constet
977 1644 1066 1687 quod
1082 1645 1226 1685 potentia
1243 1646 1334 1676 realis

189 1684 197 1691 “
229 1685 237 1719 ἶ
264 1687 306 1719 ad
328 1687 416 1719 aliud
439 1697 524 1724 esse,
548 1695 710 1720 remaneat
737 1695 768 1720 et
797 1688 978 1730 perficiatur
1004 1689 1036 1720 in
1066 1689 1203 1722 adventu
1231 1689 1333 1726 illius,

264 1724 464 1773 consequens
488 1732 664 1764 necessario
684 1740 731 1765 est
755 1740 790 1764 ut
813 1744 911 1764 omne
930 1733 963 1764 in
982 1743 1048 1775 quo
1068 1740 1115 1764 est
1133 1734 1276 1777 potentia
1295 1735 1335 1765 ad

262 1779 332 1818 non
345 1785 424 1813 ase,
440 1776 554 1808 habeat
567 1777 619 1807 vel
637 1777 678 1808 sit
692 1777 813 1819 aliquid
831 1785 946 1819 potens
960 1788 1122 1810 remanere
1142 1787 1217 1810 cum
1232 1778 1333 1820 priva-

263 1819 352 1852 tione
371 1819 439 1851 eius
455 1831 522 1852 esse
541 1821 631 1862 quod
654 1828 727 1853 actu
746 1821 850 1853 habet.
875 1823 917 1853 Et
939 1822 1012 1853 ideo
1036 1823 1069 1853 in
1093 1823 1193 1854 littera
1212 1823 1333 1864 opu'me

143 1869 145 1873 ’
169 1867 190 1903 '2
209 1863 233 1904 J,
264 1864 380 1896 dicitur
401 1866 491 1906 quod
519 1865 670 1906 possibile
698 1875 755 1907 per
783 1867 962 1906 potentiam
985 1867 1018 1897 in
1041 1877 1091 1902 se,
1116 1873 1244 1908 oportet
1267 1877 1333 1898 esse

263 1908 457 1946 istiusmodi,
480 1910 648 1941 intendens
663 1910 702 1941 de
717 1910 862 1951 possibili
885 1911 969 1942 reali.
994 1911 1035 1943 Et
1054 1921 1111 1952 per
1134 1911 1331 1953 oppositum,

263 1953 476 1986 necessarium
500 1954 598 1990 reale,
623 1955 714 1995 quod
736 1955 915 1996 aequivalet
942 1955 1150 1993 immutabili,
1175 1963 1222 1988 est
1244 1957 1334 1996 quod

1397 330 1478 354 caret
1502 323 1555 354 tali
1580 324 1730 363 potentia.
1756 325 1796 356 Et
1819 325 1892 356 hinc
1916 328 2059 367 sequitur
2074 328 2163 368 quod
2182 327 2301 368 aliquid
2317 336 2363 359 est
2385 338 2461 368 pos-

1396 367 1484 397 sibile
1503 367 1655 407 logicum‚
1671 369 1761 409 quod
1777 375 1883 400 tamen
1898 378 1943 401 est
1963 372 2173 402 necessarium
2191 371 2283 402 reale.
2307 371 2461 402 Possibile

1395 411 1526 452 quidem
1541 411 1659 452 logice:
1684 412 1759 453 quia
1775 419 1886 445 neutra
1905 424 1975 454 pars
1995 415 2250 446 contradictionis
2266 415 2304 445 de
2319 416 2459 446 secundo

1395 455 1567 492 adiacente,
1591 456 1735 497 implicat
1753 457 2048 494 contradictionem;
2073 466 2159 499 puta,
2177 469 2235 490 nec
2249 459 2316 496 ista,
2334 460 2458 490 caelum

1395 505 1459 537 est,
1491 510 1550 531 nec
1579 500 1656 537 ista,
1681 500 1806 531 caelum
1839 511 1901 531 non
1926 507 1981 533 est.
2013 502 2232 534 Necessarium
2254 513 2329 534 vero
2359 504 2458 534 reale:

1394 544 1470 584 quia
1492 544 1525 574 in
1549 554 1588 575 eo
1611 554 1678 575 non
1702 551 1748 576 est
1770 545 1912 586 potentia
1936 546 1975 576 ad
1998 546 2084 577 aliud
2100 557 2175 583 esse,
2198 557 2234 578 ae
2250 557 2306 587 per
2319 547 2381 578 hoe
2401 557 2460 578 nec

1394 587 1434 618 ad
1450 588 1660 628 privationem
1684 598 1750 619 esse
1769 589 1859 630 quod
1877 589 1980 620 habet.
2005 591 2045 620 Et
2068 591 2221 631 quoniam
2245 591 2460 632 supponimus

1394 633 1483 672 quod
1506 632 1663 674 quidquid
1679 643 1745 664 non
1763 633 1906 674 implicat
1922 634 2212 672 contradictionem,
2229 642 2275 666 est
2297 635 2458 675 possibile,

1394 686 1460 706 non
1484 676 1591 707 solum
1606 677 1717 718 logice,
1736 678 1790 708 sed
1806 677 1949 718 potentia
1964 678 2038 708 reali
2054 679 2282 719 omnipotentis
2301 679 2369 716 Dei,
2385 680 2458 710 ideo

1394 720 1543 760 possibile
1566 721 1708 761 logicum
1730 722 1836 752 vocari
1859 728 1964 762 potest
1988 722 2083 753 etiam
2110 723 2259 763 possibile
2282 723 2381 759 reale;
2407 733 2459 754 ex-

1392 765 1524 796 trinsece
1547 772 1654 796 tamen
1667 789 1674 801 ‚
1699 766 1775 806 quia
1798 775 1855 805 per
1876 766 2053 806 potentiam
2075 766 2107 797 in
2131 767 2204 798 alio.
2228 768 2270 798 Et
2292 773 2459 808 propterea

1392 809 1424 839 in
1448 808 1558 845 littera,
1585 809 1639 840 ubi
1664 809 1702 840 de
1725 810 1795 840 Deo
1813 809 1915 850 agitur
1938 817 1968 841 et
1991 811 2094 847 rebus,
2111 811 2259 851 possibile
2275 821 2332 851 per
2345 818 2458 852 poten-

1392 853 1469 883 tiam
1492 853 1525 883 in
1549 853 1611 884 alio
1636 853 1757 884 dictum
1781 860 1836 884 est.

1451 898 1591 928 Tertium
1616 904 1677 935 est,
1703 899 1793 939 quod
1822 907 1994 928 commune
2023 905 2069 929 est
2098 898 2187 929 omni
2211 898 2255 929 rel
2279 898 2416 929 diversae
2440 909 2459 928 a

1391 941 1475 978 Deo,
1500 941 1614 972 habere
1637 951 1704 972 non
1727 941 1808 973 hanc
1832 942 2048 973 conditionem
2072 942 2306 980 affirmativam,
2330 943 2458 984 proprie

1391 985 1565 1026 loquendo,
1590 985 1707 1017 scilicet
1730 996 1772 1017 ex
1793 995 1828 1017 se
1851 996 1914 1017 non
1939 995 2027 1018 esse:
2050 987 2105 1018 sed
2127 987 2241 1018 habere
2264 987 2344 1018 hanc
2363 997 2458 1027 nega-

1391 1029 1507 1066 tivam,
1533 1029 1648 1061 scilicet
1673 1040 1735 1060 non
1760 1040 1802 1061 ex
1823 1040 1858 1061 se
1881 1040 1964 1068 esse,
1989 1032 2065 1072 quia
2088 1032 2126 1061 ab
2150 1031 2211 1062 alio
2236 1031 2365 1071 pendet,
2391 1041 2457 1062 non

1391 1074 1499 1104 solum
1521 1074 1554 1104 in
1577 1073 1653 1110 fieri,
1679 1074 1734 1105 sed
1756 1075 1788 1104 in
1809 1075 2001 1111 conservari;
2026 1076 2301 1116 quemadmodum
2321 1085 2373 1106 aer
2391 1086 2457 1106 non

1392 1127 1428 1148 ex
1444 1128 1476 1148 se
1493 1125 1540 1149 est
1562 1117 1768 1150 illuminatus.
1793 1119 1834 1150 Et
1850 1126 1979 1159 propter
1999 1119 2080 1150 hanc
2100 1120 2325 1156 conditionem,
2343 1120 2458 1150 dicitur

1391 1162 1481 1202 quod
1497 1168 1654 1193 creaturae
1678 1170 1753 1193 sunt
1776 1172 1812 1193 ex
1835 1173 1868 1193 se
1891 1163 1979 1200 nihil,
2005 1170 2036 1194 et
2055 1173 2092 1194 ex
2116 1164 2244 1205 originis
2267 1171 2378 1195 natura
2402 1164 2456 1194 de-

1391 1205 1542 1236 fectibiles
1566 1212 1656 1242 sunt,
1681 1213 1712 1237 et
1734 1207 1824 1247 quod
1854 1214 1989 1247 possunt
2012 1217 2078 1238 non
2102 1218 2178 1244 esse,
2203 1214 2233 1238 et
2255 1208 2356 1239 multa
2378 1208 2455 1238 alia:

1391 1259 1473 1290 quae
1497 1250 1606 1280 omnia
1629 1250 1669 1280 ad
1692 1250 1889 1290 praedictum
1913 1261 2042 1281 sensum
2065 1259 2139 1283 sunt
2162 1252 2348 1288 reducenda,
2373 1262 2456 1293 quo-

1390 1293 1477 1323 niam
1505 1293 1748 1334 dependentiam
1771 1295 1810 1324 ab
1834 1294 1896 1324 alio
1919 1295 1952 1325 in
1980 1294 2047 1326 fieri
2071 1302 2101 1326 et
2129 1296 2304 1326 conservari
2331 1302 2456 1327 tantum

1390 1344 1526 1378 ponunt,
1551 1347 1618 1368 non
1641 1338 1817 1378 potentiam
1840 1338 1873 1368 in
1899 1346 2039 1370 creatura
2062 1339 2102 1369 ad
2125 1339 2320 1380 oppositum.

1443 1382 1510 1413 V11.
1524 1381 1584 1412 His
1596 1381 1691 1422 igitur
1703 1382 1892 1422 praelibatis,
1905 1383 1968 1414 iam
1981 1390 2066 1424 patet
2082 1383 2246 1424 responsio
2260 1384 2299 1414 ad
2311 1384 2420 1414 omnia
2427 1383 2454 1414 *.

1389 1425 1484 1457 Ponit
1507 1425 1593 1457 enirn
1617 1436 1640 1457 s.
1654 1426 1799 1457 Thomas
1822 1426 1882 1463 hic,
1905 1433 1936 1458 et
1958 1427 1991 1458 in
2006 1427 2032 1458 Il
2051 1427 2173 1458 Contra
2194 1427 2298 1466 Gent.,
2314 1438 2380 1468 cap.
2395 1438 2456 1458 xxx

1390 1476 1420 1501 et
1434 1480 1485 1506 ιν,
1499 1477 1529 1502 et
1544 1469 1578 1501 in
1595 1470 1658 1508 Qu.
1677 1470 1717 1501 de
1730 1471 1888 1509 Potentia,
1903 1481 1957 1512 qu.
1973 1482 2002 1508 v,
2018 1478 2073 1503 art.
2094 1472 2121 1508 3,
2138 1479 2167 1503 et
2182 1472 2310 1513 ubique,
2326 1472 2455 1513 angelos

1389 1520 1420 1545 et
1442 1524 1576 1555 corpora
1600 1514 1743 1546 caelestia
1761 1515 1844 1546 entia
1863 1515 2035 1546 necessaria
2049 1515 2152 1552 realia,
2168 1516 2330 1556 possibilia
2347 1523 2454 1548 tamen

1388 1558 1490 1598 logice
1507 1565 1539 1590 et
1553 1569 1609 1599 per
1627 1559 1803 1600 potentiam
1821 1559 1854 1589 in
1870 1559 1951 1596 alio;
1976 1567 2006 1591 et
2022 1560 2129 1590 solum
2142 1560 2249 1591 Deum
2264 1560 2454 1591 omnimodo

1389 1602 1609 1634 necessarium.
1622 1621 1641 1626 —
1653 1604 1719 1634 Nec
1733 1603 1795 1634 hoc
1808 1611 1963 1644 repugnat
1977 1604 2198 1645 philosophiae
2214 1611 2269 1636 aut
2282 1604 2364 1635 fidei.
2379 1605 2454 1635 Non

1388 1646 1610 1688 philosophiae
1626 1647 1767 1689 quidem,
1785 1654 1822 1679 ut
1844 1648 1908 1680 iam
1923 1655 2018 1688 patet.
2042 1649 2108 1680 Nec
2124 1648 2218 1680 etiam
2237 1648 2452 1689 philosophis:

1388 1691 1543 1732 quoniam
1565 1691 1776 1733 aequivocant
1798 1692 1838 1723 de
1861 1692 2004 1733 possibili
2027 1699 2059 1724 et
2085 1693 2274 1730 necessario,
2302 1700 2338 1724 ut
2365 1693 2455 1723 facile

1387 1742 1474 1776 patet
1496 1735 1687 1767 inducendo.
1712 1736 1823 1767 Dicere
1849 1743 1957 1768 autem
1977 1737 2066 1778 quod
2089 1744 2243 1778 repugnat
2264 1736 2348 1774 fidei,
2368 1747 2454 1768 sum-

1388 1790 1459 1810 mae
1482 1787 1529 1811 est
1551 1779 1763 1821 ignorantiae:
1788 1781 1891 1822 qualis
1914 1781 2070 1811 moderno
2094 1788 2237 1822 tempore
2260 1791 2388 1822 regnare
2409 1781 2454 1811 vi-

1388 1824 1480 1855 detur
1503 1825 1587 1865 apud
1607 1825 1766 1866 quosdam
1781 1825 1979 1861 Parisienses,
1996 1825 2052 1866 qui
2067 1825 2244 1866 praefatum
2268 1835 2291 1856 s.
2306 1825 2454 1856 Thomae

1389 1868 1565 1909 capitulum
1588 1876 1623 1900 ut
1647 1876 1831 1910 suspectum
1858 1869 1984 1900 habent.
2017 1869 2078 1900 Sed
2101 1869 2161 1900 lios
2185 1879 2259 1900 cum
2283 1879 2339 1900 sua
2362 1870 2453 1909 igno-

1388 1913 1488 1943 rantia
1511 1913 1742 1954 relinquamus:
1766 1923 1833 1944 non
1857 1913 1943 1944 enim
1962 1920 2036 1944 sunt
2051 1914 2137 1954 digni
2161 1914 2199 1944 de
2222 1914 2338 1954 quibus
2361 1914 2455 1944 verba

1389 1955 1465 1987 fiant
1489 1956 1521 1987 in
1545 1967 1577 1988 re
1600 1964 1667 1988 tam
1690 1957 1798 1989 ardua.

2481 1387 2491 1398 ⁸
2507 1387 2544 1409 cf.
2558 1393 2622 1409 num.
2632 1394 2656 1411 v.
