2768 4178
299 273 373 308 124

293 343 446 383 probatur
469 352 505 372 ex
528 342 581 372 illa
604 341 758 371 maxima:
783 351 877 373 omne
898 342 984 383 quod
1006 344 1153 374 elevatur
1175 344 1218 374 ad
1241 344 1365 384 aliquid

292 387 451 418 excedens
472 396 566 417 suam
591 391 756 424 naturam,
781 391 905 427 oportet
922 387 1047 428 disponi
1062 387 1267 428 dispositione
1281 397 1365 428 quae

291 433 334 462 sit
356 441 458 472 supra
479 440 572 462 suam
590 435 743 461 naturam
754 440 769 468 ,·
793 430 1032 473 declaraturque
1055 431 1089 462 in
1112 438 1224 463 natura
1239 432 1318 462 aeris
1334 438 1365 463 et

292 476 384 516 ignis.
401 493 422 498 -
437 475 583 506 Secunda
605 481 714 505 autem
736 475 964 516 consequentia
986 476 1156 516 probatur:
1182 475 1258 517 quia
1273 482 1364 507 natu-

293 520 365 551 ralis
384 520 482 551 virtus
505 519 682 550 intellectus
706 519 800 550 creati
824 529 891 550 non
914 519 1030 551 sufficit
1053 520 1093 550 ad
1111 519 1365 551 videndam'Dei

293 565 471 595 essentiam.
484 581 504 586 ——
518 563 626 594 Tertia
637 573 712 594 vero
729 564 896 604 probatur:
921 564 998 605 quia
1012 564 1230 604 augmentatio
1244 563 1364 595 intelle-

293 609 392 640 ctivae
408 609 455 639 vis
469 607 662 639 illuminatio
677 615 818 640 vocatur.
844 609 943 646 Quod
958 609 1144 639 declaratur:
1165 608 1241 649 quia
1256 608 1364 649 ipsum

292 653 488 693 intelligibile
511 659 548 683 ut
570 652 632 689 sic,
657 652 772 684 dicitur
798 653 909 684 lumen
932 653 982 683 vel
1005 653 1070 683 lux.
1095 652 1136 684 Et
1159 652 1365 684 confirmatur

261 705 263 707 ·
293 698 478 728 auctoritate
499 698 597 737 Apoc.
613 707 676 727 xxr.

345 743 488 773 Demum
504 741 635 782 ponitur
651 740 779 772 effectus
799 741 940 772 formalis
959 741 1028 772 talis
1047 741 1188 778 luminis,
1205 747 1237 772 et
1251 741 1366 772 dicitur

292 787 382 828 quod
398 793 444 817 est
455 786 556 817 facere
572 785 755 816 deiformes:
773 786 989 826 probaturque
1002 785 1186 816 auctoritate
1198 786 1210 815 Ι
1223 786 1311 816 Ioan.
1319 796 1363 816 111.

292 832 334 862 Et
357 831 400 862 sic
424 830 592 862 declaravit
614 840 657 861 an
682 835 728 861 est
751 837 782 861 et
804 830 880 870 quid
903 835 949 861 est
972 829 1072 870 ipsius
1095 829 1236 860 luminis.

349 876 386 907 II.
412 875 504 907 Circa
522 875 611 905 illam
629 874 811 910 maximam,
832 881 909 905 nota
932 875 1022 915 quod
1045 874 1166 915 aliquid
1185 883 1254 904 esse
1269 883 1365 914 supra

293 919 598 955 naturamalicuius,
611 918 764 958 contingit
781 918 957 958 dupliciter.
973 919 1047 949 Uno
1063 917 1174 955 mod0‚
1187 918 1365 959 dignitate:

293 966 383 1006 quod
399 964 516 995 scilicet
531 971 578 994 est
594 973 690 1003 supra
707 963 843 1004 gradum
862 963 1060 994 essentialem
1079 969 1210 994 naturae
1225 963 1363 999 alterius,

293 1017 329 1041 ut
344 1009 425 1050 ignis
441 1015 584 1049 respectu
601 1007 689 1038 aeris.
715 1007 789 1037 Alio
809 1007 920 1043 mode,
935 1012 1105 1048 potestate,
1123 1017 1179 1038 seu
1195 1006 1364 1048 efficacia;

293 1054 370 1095 quia
393 1053 509 1084 scilicet
532 1059 578 1083 est
600 1061 696 1092 supra
724 1061 818 1091 posse
841 1051 989 1090 alterius,
1020 1058 1057 1082 ut
1086 1051 1196 1082 lumen
1219 1058 1363 1092 respectu

293 1098 388 1134 aeris;
413 1096 560 1138 quamvis
583 1106 635 1126 aer
664 1095 704 1126 sit
727 1095 920 1131 substantia,
953 1102 984 1127 et
1006 1096 1118 1126 lumen
1146 1096 1186 1127 sit
1209 1096 1363 1127 accidens.

294 1143 329 1173 In
353 1141 520 1182 proposito
544 1140 682 1171 sumitur
704 1140 845 1170 secundo
868 1140 979 1171 modo.
1004 1140 1046 1171 Et
1068 1147 1237 1181 propterea
1255 1150 1364 1181 super-

294 1187 434 1218 naturale
459 1184 651 1226 simpliciter,
676 1184 702 1214 si
721 1184 827 1225 primo
851 1185 951 1215 modo
968 1184 1115 1221 sumitur,
1135 1185 1223 1215 Deus
1239 1192 1364 1216 tantum

293 1238 348 1262 est.
374 1230 522 1262 Secundo
546 1236 654 1261 autern
678 1228 788 1265 modo,
813 1228 940 1265 caritas,
964 1228 1076 1270 gratia,
1100 1229 1211 1260 lumen
1234 1229 1363 1269 gloriae,

293 1282 324 1306 et
346 1275 407 1306 alia
429 1274 616 1306 huiusmodi
644 1273 895 1314 supernaturalia
920 1280 1010 1304 sunt:
1042 1273 1119 1314 quia
1145 1281 1296 1314 superant
1319 1274 1364 1305 fa-

294 1320 444 1351 cultatem
475 1319 582 1350 omnis
611 1324 741 1349 naturae
772 1324 893 1349 creatae
924 1325 955 1349 et
983 1317 1124 1349 creabilis
1137 1341 1144 1354 ‚
1175 1325 1242 1349 tam
1265 1318 1364 1350 active

293 1374 392 1405 quam
408 1363 544 1405 passive;
569 1363 668 1394 active
684 1362 826 1403 quidem,
842 1361 918 1404 quia
936 1369 1073 1403 possunt
1086 1362 1120 1393 in
1136 1362 1265 1394 effectus
1281 1373 1365 1404 quos

294 1419 361 1439 non
380 1414 486 1450 potest
504 1414 615 1438 natura
639 1407 761 1448 aliqua;
787 1406 910 1447 passive
933 1417 1020 1443 vero,
1044 1406 1121 1448 quia
1139 1417 1206 1438 non
1229 1414 1365 1448 possunt

235 1495 237 1498 .
293 1452 360 1484 fieri
380 1459 435 1484 aut
450 1452 607 1493 pullulare
626 1462 645 1482 a
660 1460 863 1492 quacumque
888 1458 1009 1483 natura.
1033 1451 1074 1482 Et
1097 1451 1141 1482 sic
1160 1451 1298 1482 sumitur
1314 1451 1364 1482 hic

53 1541 61 1548 '
78 1538 114 1560 Cr.
130 1544 194 1561 num.
211 1545 227 1560 ι.

50 2073 58 2081 ·
71 2071 120 2099 Qu.
129 2076 185 2098 ixii,
194 2074 263 2099 art-2,

51 2098 79 2119 ad
95 2105 115 2126 3.

294 1497 540 1538 supernaturalis
563 1495 742 1536 dispositio.

350 1543 402 1572 ΙΙΙ.
428 1541 521 1573 Circa
543 1541 665 1582 primae
688 1540 932 1581 consequentiae
956 1540 1181 1580 probationem
1196 1540 1214 1560 *
1228 1540 1365 1571 dubium

295 1594 350 1618 est.
370 1587 480 1618 Primo
502 1585 588 1627 quia,
613 1585 638 1616 si
654 1584 707 1616 illa
721 1584 859 1615 maxima
877 1592 924 1616 est
938 1594 1021 1621 vera,
1039 1585 1182 1626 sequitur
1198 1594 1365 1625 processus

295 1632 328 1662 in
347 1630 508 1662 infinitum
527 1630 560 1660 in
577 1629 849 1670 dispositionibus,
874 1629 915 1660 Et
934 1636 1020 1670 patet
1035 1629 1182 1670 sequela:
1207 1629 1283 1670 quia
1301 1629 1363 1668 dis-

294 1675 412 1716 positio
428 1675 498 1715 ipsa
512 1673 758 1715 supernaturalis
771 1680 817 1704 est
829 1673 987 1714 quaedam
1003 1673 1121 1710 forma;
1146 1683 1222 1714 ergo
1238 1680 1365 1714 oportet

294 1720 397 1760 ipsam
412 1719 554 1750 antecedi
569 1719 607 1749 ab
625 1718 684 1749 alia
707 1717 915 1758 dispositione
940 1718 1180 1758 supernaturali,
1196 1725 1227 1749 et
1249 1718 1365 1749 iterum

294 1764 382 1795 illam
406 1765 444 1794 ab
469 1764 547 1799 alia,
573 1763 684 1793 eadem
707 1762 846 1799 ratione,
871 1769 903 1793 et
925 1762 969 1793 sic
993 1762 1152 1803 deinceps.

349 1809 497 1840 Secundo
516 1807 617 1838 oritur
636 1807 772 1838 dubium
795 1806 879 1848 quia,
905 1807 979 1837 dato
998 1807 1089 1848 quod
1102 1807 1157 1837 illa
1173 1806 1310 1837 maxima
1325 1807 1365 1838 sit

293 1863 376 1890 vera,
392 1863 458 1883 non
474 1858 559 1883 tenet
573 1859 680 1883 tamen
699 1851 758 1882 nisi
774 1851 807 1882 in
822 1861 894 1882 vere
911 1851 1022 1882 formis
1039 1858 1069 1882 et
1084 1851 1233 1882 materiis.
1252 1852 1363 1888 Modo,

294 1897 428 1928 essentia
444 1897 549 1927 divina
569 1906 635 1926 non
655 1903 701 1927 est
718 1905 791 1926 vere
806 1895 910 1926 forma
925 1896 1102 1927 intellectus
1122 1895 1215 1927 creati
1229 1895 1364 1926 videntis

292 1942 404 1982 ipsam,
423 1951 498 1972 curn
517 1951 583 1971 non
599 1941 652 1971 det
665 1939 839 1971 formaliter
855 1939 900 1971 illi
920 1950 997 1972 esse.
1022 1940 1173 1981 Undique
1192 1949 1267 1980 ergo
1284 1940 1364 1976 ratio

293 1996 383 2017 ruere
406 1986 538 2017 videtur.

349 2031 402 2062 IV.
425 2030 477 2061 Ad
493 2030 638 2071 primum
658 2029 776 2059 horum
795 2028 929 2060 breviter
949 2029 1072 2065 dicitur,
1099 2038 1174 2059 cum
1197 2039 1221 2060 s.
1235 2028 1365 2059 Thoma

292 2075 366 2106 alibi
375 2075 401 2111 *,
422 2075 511 2115 quod
534 2074 587 2104 illa
605 2070 784 2114 propositio
799 2080 846 2104 est
864 2073 1027 2104 verissima
1046 2074 1085 2104 de
1101 2073 1205 2104 forma
1219 2083 1302 2115 quae
1319 2079 1365 2105 est

293 2126 327 2151 ut
351 2120 508 2151 terminus
529 2119 768 2160 generationis:
791 2128 858 2149 non
883 2124 990 2149 autem
1013 2119 1053 2149 de
1076 2118 1131 2148 illa
1153 2128 1236 2159 quae
1259 2125 1306 2150 est
1329 2123 1365 2149 ut

293 2166 345 2196 via
368 2164 411 2195 ad
435 2164 616 2194 terminum.
641 2162 796 2193 Videmus
819 2162 906 2193 enim
929 2162 962 2192 in
986 2162 1182 2194 naturalibus
1205 2163 1295 2203 quod
1319 2168 1366 2193 est

293 2209 404 2240 eadem
427 2207 506 2238 ratio
530 2214 566 2238 ut
589 2206 719 2238 materia
747 2206 934 2247 disponatur
957 2217 1016 2247 pro
1042 2206 1145 2237 forma
1168 2206 1365 2238 substantiali

295 2253 483 2284 terminante
506 2251 753 2291 generationem,
771 2257 802 2281 et
820 2260 878 2291 pro
903 2251 1147 2282 accidentalibus
1171 2251 1304 2291 praeviis
1325 2251 1365 2281 ad

293 2298 397 2332 illam;
422 2303 459 2327 ut
481 2302 566 2336 patet
590 2296 628 2326 de
652 2305 744 2336 aqua,
769 2295 841 2335 igne
865 2302 895 2326 et
911 2295 1024 2326 calore.
1050 2295 1091 2326 Et
1110 2301 1278 2335 propterea
1297 2305 1364 2325 non

294 2341 437 2382 sequitur
464 2349 631 2381 processus
661 2340 694 2369 in
724 2338 905 2375 infinitum,
930 2342 984 2370 sed
1009 2347 1055 2370 est
1082 2346 1181 2370 status
1204 2339 1237 2370 in
1261 2339 1364 2370 forma

294 2396 375 2427 quae
392 2395 425 2416 se
441 2385 535 2415 habet
558 2391 593 2415 ut
610 2383 792 2424 dispositio:
819 2383 1036 2424 dispositionis
1051 2383 1137 2414 enim
1156 2393 1223 2414 non
1238 2390 1366 2424 oportet

295 2440 360 2461 esse
376 2429 629 2470 dispositionem,
645 2428 727 2459 sicut
742 2427 863 2458 formae
883 2435 1010 2468 oportet
1025 2438 1092 2459 esse
1109 2427 1364 2468 dispositionem.

349 2475 401 2505 Ad
423 2473 598 2505 secundum
623 2479 731 2503 autem
755 2472 868 2503 dicitur
898 2482 955 2514 per
984 2473 1276 2513 interemptionem.
1306 2473 1364 2504 Es—

294 2519 393 2550 sentia
417 2527 556 2559 namque
580 2517 686 2547 divina
709 2523 756 2547 est
773 2526 845 2548 vere
870 2516 974 2548 forma
997 2517 1219 2558 intelligibilis,
1245 2524 1275 2548 et
1299 2527 1364 2548 non

295 2563 474 2594 naturalis:
505 2569 535 2593 et
558 2561 631 2592 ideo
655 2571 721 2592 non
745 2567 872 2602 oportet
895 2561 985 2602 quod
1008 2561 1061 2593 det
1089 2561 1262 2592 formaliter
1284 2572 1364 2600 esse,

294 2608 350 2638 sed
373 2607 463 2648 quod
486 2607 538 2637 det
562 2605 735 2637 formaliter
757 2606 963 2648 intelligere;
987 2605 1102 2646 speciei
1121 2616 1260 2647 namque
1275 2606 1364 2638 intel-

294 2651 420 2692 ligibilis
443 2651 477 2681 in
500 2657 572 2681 actu
596 2650 734 2690 perfecto
765 2660 832 2680 esse
856 2657 902 2681 est
925 2650 1034 2691 ipsum
1062 2650 1246 2691 intelligere.
1263 2669 1283 2674 -
1298 2652 1364 2682 Nec

295 2696 402 2726 solum
427 2695 560 2726 essentia
584 2694 690 2725 divina
713 2701 759 2725 est
781 2704 853 2725 vere
878 2694 990 2731 forma,
1015 2695 1046 2725 in
1073 2705 1139 2726 esse
1163 2695 1362 2736 intelligibili,

295 2740 471 2771 intellectus
503 2739 595 2770 creati
619 2739 752 2769 videntis
776 2738 894 2779 ipsam:
928 2739 982 2770 sed
1007 2739 1102 2770 etiarn
1133 2746 1180 2771 est
1203 2740 1307 2771 forma
1329 2747 1365 2771 ut

295 2784 427 2816 ultimus
450 2782 661 2824 generationis
684 2782 847 2814 terminus.
873 2783 947 2813 Non
971 2783 1058 2814 enim
1077 2790 1124 2815 est
1141 2791 1177 2816 ut
1196 2784 1299 2815 forma
1317 2784 1364 2815 in-

295 2828 463 2868 telligibilis
482 2828 515 2858 in
535 2827 654 2864 habitu,
679 2827 733 2858 sed
757 2827 788 2857 in
813 2834 899 2863 actu;
925 2837 999 2859 cum
1018 2838 1082 2870 qua
1104 2828 1276 2869 intelligere
1297 2838 1363 2860 non

295 2873 387 2914 ponit
405 2873 438 2903 in
457 2881 639 2907 numerum,
663 2871 744 2902 sicut
767 2881 824 2902 nec
849 2881 915 2902 esse
938 2872 1031 2912 ponit
1048 2872 1081 2903 in
1101 2883 1273 2904 numerum
1289 2883 1364 2905 cum

295 2918 398 2948 forma
421 2917 512 2948 cuius
536 2923 582 2947 est
606 2915 686 2958 (non
707 2915 794 2947 enim
818 2923 891 2947 sunt
915 2917 980 2948 duo
1005 2917 1131 2948 termini
1154 2918 1364 2958 generationis

295 2962 399 2992 forma
422 2968 452 2992 et
476 2961 543 2992 eius
567 2970 644 2996 esse,
667 2961 723 2991 sed
746 2959 864 3002 unus):
889 2962 1004 2991 eodem
1027 2962 1148 3003 quippe
1172 2972 1267 2994 cursu
1291 2973 1363 3004 pro—

295 3005 514 3046 portionaliter
538 3004 633 3036 currit
657 3014 724 3035 esse
747 3004 953 3045 intelligibile.

350 3051 389 3081 V.
415 3049 507 3081 Circa
530 3048 754 3089 probationem
777 3049 933 3080 secundae
957 3050 1212 3091 consequentiae,
1237 3051 1363 3082 adverte

295 3095 383 3135 quod
399 3094 500 3125 littera
516 3093 611 3124 simul
628 3093 694 3124 duo
711 3093 798 3130 facit,
819 3093 898 3124 dum
917 3100 947 3124 et
963 3095 1224 3136 consequentiam
1240 3096 1362 3136 probat,

295 3146 325 3169 et
348 3138 439 3179 quasi
467 3138 553 3169 aliud
584 3137 728 3168 medium
761 3138 801 3167 ad
832 3138 1072 3170 conclusionem
1100 3138 1213 3171 innuit.
1248 3139 1364 3171 Probat

295 3183 444 3223 quidem,
469 3182 706 3222 subintelligens
737 3182 826 3222 quod
851 3183 1017 3213 essentiam
1042 3183 1183 3214 divinam
1210 3193 1277 3215 esse
1301 3183 1363 3214 for-

295 3237 382 3257 mam
405 3227 590 3263 intellectus,
615 3233 646 3258 et
668 3226 773 3257 videre
794 3226 910 3263 Deum,
935 3227 1021 3258 idem
1044 3227 1116 3259 sint.
1141 3230 1188 3260 Ac
1211 3238 1268 3270 per
1290 3227 1361 3265 hoc,

295 3271 461 3311 dispositio
485 3272 611 3302 elevans
627 3271 667 3302 ad
686 3270 827 3301 divinam
851 3271 1019 3302 essentiam
1042 3279 1089 3304 est
1111 3272 1143 3303 id
1159 3273 1250 3314 quod
1264 3272 1365 3304 elevat

295 3316 335 3345 ad
350 3315 533 3346 videndum.
558 3316 599 3346 Et
623 3321 862 3356 consequenter,
888 3325 963 3346 cum
987 3316 1163 3348 intellectus
1187 3324 1309 3348 creatus
1325 3316 1364 3348 sit

294 3359 486 3390 insufficiens
511 3369 546 3390 ex
568 3370 610 3396 se,
635 3359 688 3390 illa
712 3359 877 3399 dispositio
902 3366 948 3390 est
971 3360 1039 3400 ipsa
1057 3361 1191 3392 elevatio
1214 3371 1272 3393 seu
1287 3370 1364 3402 aug-

296 3404 447 3434 mentatio
471 3404 594 3435 virtutis
618 3403 839 3439 intellectivae,
864 3403 997 3435 reddens
1028 3405 1131 3445 ipsam
1154 3404 1363 3437 sufficientem

295 3448 336 3477 ad
359 3447 544 3479 videndum.
562 3465 581 3472 -
603 3448 701 3479 Aliud
729 3448 974 3489 quodammodo
997 3449 1102 3480 innuit
1125 3449 1279 3487 medium,
1303 3459 1362 3490 pro

294 3498 415 3532 quanto
439 3500 648 3531 augmentum
679 3492 742 3523 hoc
774 3492 814 3523 ad
838 3492 904 3523 duo
934 3493 1012 3533 poni
1042 3493 1237 3525 insinuatur:
1269 3500 1300 3526 et
1322 3493 1363 3524 ad

295 3536 530 3576 disponendum
555 3537 751 3568 intellectum
774 3546 832 3577 pro
857 3543 922 3567 tam
946 3538 1067 3569 excelsa
1091 3538 1194 3570 forma
1217 3537 1362 3578 intelligi-

294 3579 367 3615 bili;
392 3586 422 3611 et
437 3580 476 3611 ad
491 3580 571 3611 vires
587 3581 805 3621 praebendum
820 3580 933 3617 eidem,
951 3588 987 3612 ut
1010 3582 1111 3622 possit
1126 3583 1236 3614 elicere
1255 3589 1362 3614 actum

293 3623 434 3655 visionis.
452 3625 524 3656 Hoc
540 3625 625 3656 enim
641 3625 818 3656 secundum
834 3626 980 3666 tangitur,
999 3636 1073 3658 curn
1089 3627 1128 3658 de
1142 3626 1362 3658 insufficientia

1004 263 1274 310 QUAESTIO
1304 265 1391 313 XII,
1422 265 1720 303 ARTICULUS
1750 265 1785 302 V

1418 344 1596 376 intellectus
1619 346 1660 375 ad
1682 345 1867 383 videndum,
1893 353 1924 377 et
1939 351 2113 386 augmento
2137 344 2262 375 virtutis
2285 344 2494 376 intellectivae
2521 344 2526 348 '

1418 388 1454 420 fit
1476 390 1609 420 mentio.

1473 434 1527 464 VI.
1541 433 1633 465 Circa
1649 433 1803 465 terminos
1818 434 2052 476 consequentiS,
2073 440 2150 464 nota
2160 434 2270 474 primo
2286 433 2320 474 ly
2335 442 2493 474 augmen-

1419 483 1499 515 tum,
1517 487 1554 508 ex
1577 478 1618 508 111
1642 478 1764 510 Contra
1784 479 1890 517 Gent.,
1910 489 1979 520 cap.
2000 489 2064 515 mn,
2089 477 2180 519 quod
2198 477 2367 518 dupliciter
2388 482 2495 517 potest

1418 522 1518 553 virtus
1541 522 1662 563 agentis
1679 523 1803 566 augeri.
1828 524 1904 555 Uno
1927 524 2038 560 modo,
2060 533 2117 564 per
2140 521 2318 562 simplicem
2341 521 2494 552 intensio-

1419 575 1513 597 nem:
1539 573 1571 598 et
1589 566 1633 598 sic
1652 577 1735 608 aqua
1749 567 1849 599 calida
1864 567 1900 599 fit
1911 567 2054 599 calidior.
2074 567 2149 598 Alio
2165 566 2276 602 mod0,
2293 573 2351 607 per
2365 564 2494 596 alterius

1420 610 1542 641 formae
1558 611 1813 652 appositionem:
1839 612 1921 644 sicut
1942 612 2042 643 virtus
2066 611 2144 643 aeris
2164 617 2298 651 augetur
2313 619 2370 651 per
2384 618 2493 650 super-

1419 654 1565 686 additum
1587 655 1709 687 lumen.
1734 656 1770 687 In
1793 657 1962 698 proposito
1985 663 2032 688 est
2055 666 2160 687 sermo
2185 656 2224 686 de
2247 660 2422 695 augmento
2446 663 2494 684 se-

1420 700 1527 730 cundo
1551 700 1662 736 modo,
1687 706 1719 731 et
1740 710 1807 731 non
1830 701 1950 742 primo:
1975 701 2131 743 quoniam
2149 700 2251 741 prima
2275 698 2493 738 augmentatio

1420 752 1487 774 non
1514 743 1568 774 dat
1595 744 1655 774 nisi
1683 745 1904 785 operationem
1931 745 2075 776 eiusdem
2102 744 2247 780 rationis,
2272 742 2493 784 perfectiorem

1419 794 1541 824 tamem
1567 788 1706 819 secunda
1729 795 1837 820 autem
1861 789 1961 821 elevat
1983 790 2023 820 ad
2047 789 2267 830 operationem
2283 787 2410 819 alterius
2426 796 2493 827 spe-

1420 831 1478 862 ciei
1502 838 1533 862 et
1555 832 1687 872 generis,
1712 839 1743 864 et
1766 833 1886 864 ordinis
1905 834 2111 875 quandoque,
2133 840 2168 865 ut
2183 839 2280 874 patet.
2296 850 2317 855 -
2332 830 2491 868 Secundo,

1419 875 1452 916 ly
1474 877 1670 916 gratuitum.
1701 876 1788 908 Curn
1818 878 1904 908 enim
1928 878 2073 919 quaestio
2102 878 2142 909 sit
2172 878 2211 908 de
2234 876 2396 908 intellectu
2425 882 2493 906 tarn

1420 926 1524 950 creato
1549 929 1648 960 quarn
1671 921 1806 958 creabili,
1831 929 1967 962 oportet,
1992 922 2018 952 si
2037 929 2211 962 augmento
2234 931 2318 962 opus
2333 927 2389 957 est,
2413 929 2491 959 aug-

1419 971 1566 995 mentum
1589 964 1698 1004 ipsum
1720 975 1788 996 esse
1811 975 1908 1006 supra
1930 973 2078 997 naturam
2100 965 2206 997 omnis
2229 965 2407 997 intellectus
2425 970 2492 995 tarn

1420 1008 1512 1040 creati
1537 1018 1637 1050 quam
1660 1009 1816 1046 creabilis,
1849 1020 1885 1041 ac
1917 1020 1974 1050 per
2001 1010 2063 1041 hoc
2094 1017 2179 1041 extra
2208 1017 2314 1041 totum
2345 1008 2492 1039 ordinem

1420 1053 1694 1090 connaturalium;
1719 1060 1750 1084 et
1774 1061 2005 1095 consequenter
2020 1055 2111 1095 quod
2134 1054 2173 1085 sit
2187 1054 2226 1084 de
2242 1053 2353 1084 ordine
2375 1052 2491 1093 gratui-

1419 1104 1538 1134 torum,
1554 1106 1621 1128 non
1641 1107 1678 1128 ex
1692 1098 1794 1129 modo
1810 1098 2026 1140 consequendi
2041 1105 2177 1135 tantum,
2197 1105 2233 1129 ut
2245 1098 2310 1129 vita
2328 1106 2492 1137 resurgen-

1418 1142 1510 1179 tium,
1535 1142 1590 1173 sed
1614 1152 1651 1173 ex
1674 1142 1742 1182 ipsa
1766 1142 1941 1174 substantia
1965 1152 2021 1173 seu
2040 1142 2215 1184 quidditate
2231 1152 2298 1179 sua,
2318 1149 2355 1173 ut
2370 1141 2490 1172 caritas.

1476 1187 1544 1217 VII.
1570 1185 1691 1218 Contra
1709 1187 1791 1218 hanc
1814 1186 2055 1218 conclusionem
2078 1186 2172 1218 multi
2195 1193 2343 1227 arguunt.
2373 1186 2409 1216 In
2428 1185 2491 1226 pri-

1420 1231 1480 1262 mis
1497 1231 1622 1267 Scotus,
1638 1231 1672 1261 in
1687 1231 1739 1268 111,
1760 1231 1831 1263 dist.
1846 1242 1907 1268 xrv,
1923 1241 1978 1272 qu.
1993 1242 2014 1268 1,
2034 1238 2066 1262 et
2080 1230 2113 1262 in
2130 1231 2182 1268 IV,
2201 1230 2272 1262 dist.
2284 1239 2367 1267 αα,
2380 1238 2437 1273 qu.
2449 1238 2491 1266 ¹¹,

1420 1275 1522 1316 arguit
1544 1275 1802 1316 quadrupliciter.
1831 1276 1958 1314 Primo,
1989 1275 2152 1307 obiectum
2175 1284 2216 1306 ex
2238 1284 2271 1306 se
2294 1274 2349 1306 lux
2376 1272 2492 1305 intelli-

1419 1320 1539 1364 gibilis,
1571 1319 1764 1352 sufficienter
1786 1327 1901 1361 potens
1932 1330 2061 1351 movere
2091 1319 2288 1352 intellectum
2311 1318 2352 1350 ad
2374 1317 2426 1349 sui
2446 1317 2492 1349 vi-

1420 1365 1562 1401 sionem,
1587 1374 1653 1395 non
1677 1371 1748 1405 eget
1769 1364 1892 1396 lumine
1916 1371 2068 1406 coagente
2092 1364 2151 1395 sibi
2174 1364 2216 1394 ad
2238 1362 2432 1395 causandum
2446 1361 2493 1394 vi-

1419 1409 1553 1440 sionem.
1579 1409 1667 1440 Deus
1690 1415 1737 1440 est
1765 1409 1962 1440 huiusmodi.
1990 1409 2087 1450 Ergo.
2104 1427 2124 1431 -
2140 1408 2308 1446 Secundo,
2332 1407 2359 1438 si
2381 1407 2492 1438 lumen

1419 1453 1538 1494 gloriae
1554 1453 1686 1494 ponitur
1701 1459 1737 1485 ut
1755 1453 1859 1484 forma
1881 1463 1946 1495 qua
1964 1452 2141 1484 intellectus
2160 1452 2215 1484 fiat
2230 1459 2262 1484 et
2277 1452 2317 1484 sit
2333 1450 2492 1485 sufficiens

1419 1498 1460 1529 ad
1482 1497 1657 1528 videndum
1685 1497 1808 1534 Deum,
1841 1507 1916 1539 ergo
1943 1507 2001 1538 per
2028 1497 2169 1539 aliquam
2192 1496 2332 1528 formam
2355 1501 2492 1528 creatam

1419 1542 1571 1583 possibile
1594 1548 1676 1574 esset
1698 1542 1882 1573 naturaliter
1903 1542 2011 1573 videre
2028 1542 2147 1573 Deum.
2169 1541 2327 1572 Probatur
2345 1539 2491 1582 sequela:

1419 1587 1495 1628 quia
1518 1587 1599 1618 sicut
1622 1597 1734 1618 caecus
1754 1587 1944 1618 miraculose
1967 1585 2175 1623 illuminatus,
2198 1585 2380 1617 naturaliter
2394 1584 2491 1623 vidaet,

1419 1631 1463 1663 ita
1493 1631 1604 1663 beatus
1634 1631 1913 1672 supernaturaliter
1943 1630 2142 1662 illuminatus
2155 1653 2163 1667 ,
2196 1629 2378 1661 naturaliter
2407 1628 2493 1660 videt

1419 1675 1543 1712 Deum:
1567 1675 1679 1707 lumen
1702 1675 1789 1707 enim
1810 1675 1946 1716 gloriae,
1971 1675 2053 1706 sicut
2075 1673 2235 1717 quaelibet
2255 1673 2410 1715 perfectio
2433 1682 2492 1714 po-

1419 1719 1478 1751 sita
1500 1720 1534 1751 in
1556 1720 1735 1757 intellectu,
1760 1719 1881 1761 perficit
1903 1719 2100 1751 intellectum
2122 1718 2320 1755 naturaliter,
2344 1717 2492 1760 quamvis

1419 1764 1699 1805 supernaturaliter
1721 1771 1870 1805 ponatur.
1887 1782 1908 1787 —
1931 1764 2059 1802 Tertio,
2093 1763 2169 1804 quia
2200 1762 2359 1804 quidquid
2386 1767 2494 1803 potent

1419 1809 1508 1840 Deus
1530 1809 1689 1840 mediante
1720 1819 1815 1840 causa
1838 1808 1978 1840 effectiva
2001 1808 2158 1844 secunda,
2189 1814 2296 1848 potest
2328 1806 2397 1838 sine
2426 1804 2490 1838 illa.

1419 1854 1481 1885 Sed
1503 1854 1615 1885 lumen
1637 1853 1756 1894 gloriae
1784 1853 1916 1894 ponitur
1947 1859 1984 1884 ut
2011 1851 2126 1883 efficiat
2147 1851 2316 1883 visionem.
2350 1851 2447 1892 Ergo.
2471 1868 2492 1874 —

1422 1898 1566 1937 Quarto,
1591 1897 1666 1939 quia
1690 1897 1791 1938 magis
1813 1897 1938 1928 videtur
1967 1896 2180 1928 necessarium
2203 1905 2322 1938 ponere
2352 1894 2491 1936 speciem

1419 1942 1650 1983 intelligibilem
1672 1941 1741 1978 Dei,
1758 1951 1858 1983 quam
1880 1941 1990 1972 lumen
2006 1940 2144 1982 gloriae:
2169 1941 2224 1972 sed
2238 1939 2293 1972 illa
2316 1949 2383 1971 non
2398 1938 2492 1981 poni-

1418 1993 1487 2018 tur:
1513 1997 1599 2027 ergo.
1624 1987 1781 2017 Probatur
1795 1985 2000 2017 antecedens:
2026 1984 2102 2028 quia
2115 1984 2170 2015 illa
2183 1991 2264 2016 esset
2278 1990 2408 2026 propter
2421 1992 2492 2026 per-

1419 2030 1591 2063 fectionem
1613 2030 1790 2062 intellectus
1814 2037 1851 2062 ut
1873 2029 2030 2061 memoria
2053 2036 2114 2066 est;
2139 2029 2224 2060 istud
2247 2035 2357 2060 autem
2370 2026 2493 2069 perficit

1419 2076 1452 2107 in
1476 2082 1548 2107 actu
1573 2075 1734 2112 secundo,
1769 2075 1808 2105 ad
1838 2075 1929 2116 quod
1956 2073 2071 2106 sufficit
2101 2073 2264 2105 obiectum
2287 2081 2435 2114 praeseus
2457 2070 2492 2104 in

1419 2120 1535 2160 seipso,
1559 2126 1596 2151 ut
1619 2129 1656 2151 ex
1679 2119 1768 2151 dictis
1792 2125 1887 2160 patet.

1475 2164 1559 2196 V111.
1572 2164 1745 2195 Durandus
1764 2163 1878 2195 deinde
1897 2163 2064 2204 dupliciter
2079 2162 2182 2204 arguit
2191 2162 2220 2195 *.
2242 2162 2365 2200 Primo,
2380 2162 2491 2194 lumen

1419 2209 1538 2250 gloriae
1562 2208 1694 2249 ponitur
1716 2214 1847 2249 propter
1870 2207 2087 2238 excellentiam
2110 2206 2226 2238 obiecti
2249 2205 2347 2247 super
2368 2205 2491 2239 intene-

1420 2260 1508 2285 ctutn
1532 2259 1682 2289 creatum,
1703 2259 1739 2283 ut
1758 2258 1844 2292 patet
1866 2251 1899 2282 in
1923 2251 2024 2282 littera
2047 2251 2144 2283 huius
2166 2250 2306 2282 articuli:
2331 2259 2407 2291 ergo
2426 2249 2491 2282 fru-

1419 2304 1492 2329 stra.
1521 2297 1677 2328 Probatur
1708 2295 1955 2339 consequentia:
1981 2295 2056 2336 quia
2087 2295 2250 2327 obiectum
2272 2294 2306 2326 in
2328 2293 2490 2327 infinitum

1420 2340 1541 2373 excedit
1564 2351 1631 2372 non
1655 2340 1762 2372 solum
1786 2340 1982 2371 intellectum
2006 2346 2147 2371 creatum
2170 2339 2348 2371 secundum
2371 2349 2415 2375 se,
2435 2338 2491 2370 sed

1420 2386 1515 2417 etiam
1539 2395 1614 2416 cum
1637 2385 1692 2416 tali
1715 2385 1852 2421 lumine;
1878 2391 1908 2415 et
1938 2391 2169 2425 consequenter
2197 2383 2308 2415 lumen
2338 2383 2401 2414 tale
2423 2392 2490 2414 non

1419 2430 1522 2462 reddit
1543 2429 1742 2462 intellectum
1771 2429 1811 2460 de
1840 2428 2132 2470 improportionato
2162 2427 2454 2469 proportionatum.
2469 2445 2489 2450 -

1419 2474 1577 2512 Secundo,
1591 2474 1676 2516 quia,
1689 2473 1847 2515 quidquid
1862 2473 1911 2509 sit,
1925 2473 2018 2504 frater
2033 2473 2178 2504 Thomas
2190 2473 2223 2504 in
2236 2473 2288 2509 lV,
2305 2471 2375 2504 dist.
2384 2470 2488 2509 και..
2518 2476 2528 2486 ’

1419 2525 1505 2550 tenet
1528 2519 1617 2560 quod
1638 2518 1719 2549 visio
1743 2517 1802 2549 Dei
1826 2524 1932 2559 potest
1955 2516 2185 2549 communicari
2208 2516 2334 2548 homini
2357 2515 2390 2547 in
2413 2515 2490 2548 solis

1419 2562 1682 2604 dispositionibus
1697 2562 1776 2593 viae.
1797 2562 1882 2602 Ergo
1899 2572 1965 2593 non
1982 2562 2116 2602 exigitur
2130 2561 2240 2592 lumen
2256 2560 2384 2602 gloriae,
2400 2559 2490 2602 quod

1419 2615 1467 2640 est
1489 2607 1618 2649 propria
1641 2607 1809 2648 dispositio
1833 2606 1960 2648 patriae.

1472 2653 1574 2684 Multa
1589 2651 1650 2682 alia
1666 2651 1836 2682 recitantur
1849 2651 1936 2692 apud
1951 2650 2148 2692 Capreolum
2159 2650 2186 2687 *‚
2202 2649 2363 2686 dicaxmx,
2378 2658 2434 2690 qu.
2446 2658 2489 2687 tv,

1418 2703 1614 2738 argumenta,
1630 2705 1712 2737 quae
1733 2695 1880 2727 consulto
1899 2695 2032 2727 omitto:
2057 2702 2113 2727 aut
2131 2694 2217 2727 enim
2236 2699 2425 2735 supponunt
2441 2692 2489 2724 in·

1418 2741 1581 2773 tellectum
1592 2750 1672 2781 pure
1686 2740 1809 2781 passive
1825 2750 2012 2771 concurrere
2026 2739 2067 2771 ad
2076 2739 2235 2771 visionem
2250 2737 2324 2775 Dei;
2343 2744 2399 2770 aut
2413 2736 2489 2779 quia

1418 2796 1455 2817 ex
1478 2785 1527 2816 his
1550 2785 1641 2816 facile
1663 2784 1840 2821 solvuntur,
1864 2784 1915 2815 vel
1939 2795 1956 2815 a
1980 2784 2045 2816 suis
2069 2783 2251 2816 auctoribus
2275 2782 2380 2814 soluta
2402 2787 2487 2815 sunt.

1475 2830 1528 2861 lx.
1546 2829 1596 2860 Ad
1606 2829 1751 2870 primum
1765 2828 1784 2848 '⁸‘
1802 2828 1902 2865 Scoti,
1927 2828 2070 2865 breviter,
2087 2834 2193 2869 potest
2215 2826 2347 2859 concedi
2370 2830 2486 2863 totum,

1419 2881 1449 2906 et
1467 2874 1529 2905 dici
1552 2873 1641 2916 quod
1664 2873 1836 2913 indigentia
1860 2883 1926 2904 non
1950 2879 1997 2904 est
2019 2883 2056 2904 ex
2080 2879 2168 2914 parte
2191 2871 2261 2908 Dei,
2285 2881 2342 2902 seu
2361 2870 2486 2906 obieeti,

1418 2919 1473 2950 sed
1492 2929 1529 2950 ex
1552 2925 1640 2959 pane
1662 2917 1840 2949 intellectus
1859 2917 1963 2949 creati.
1987 2917 2090 2954 Unde,
2111 2915 2315 2948 consideratis
2333 2914 2486 2957 utrisque,

1419 2969 1551 3004 negatur
1573 2962 1685 2994 maior.

1474 3007 1525 3038 Ad
1547 3006 1722 3038 secundum
1746 3005 1878 3042 dicitur,
1909 3006 1999 3048 quod
2026 3005 2076 3037 hic
2099 3011 2147 3038 eet
2174 3004 2364 3036 servandum
2387 3002 2486 3035 illud:

1417 3052 1608 3083 sententiam
1632 3056 1719 3089 tene,
1743 3051 1801 3081 sed
1824 3051 1970 3092 linguam
1994 3049 2111 3082 cohibe.
2142 3048 2332 3089 Simpliciter
2355 3047 2487 3090 quidem

1419 3096 1545 3127 nullum
1568 3094 1793 3127 inconveniens
1811 3102 1857 3125 est
1881 3094 2052 3126 concedere
2075 3093 2163 3135 quod
2188 3103 2244 3134 per
2267 3092 2408 3134 aliquam
2423 3091 2487 3124 for-

1418 3149 1505 3171 mam
1530 3146 1679 3176 creatam,
1704 3149 1770 3170 non
1794 3146 1900 3170 tamen
1923 3145 1960 3170 ut
1982 3137 2136 3180 speciem,
2164 3137 2342 3168 intellectus
2365 3143 2487 3168 creatus

1418 3183 1600 3216 naturaliter
1614 3183 1699 3215 videt
1713 3184 1830 3215 Deum.
1852 3183 2017 3222 Quoniam
2032 3182 2165 3224 quilibet
2180 3181 2316 3218 habitus,
2334 3187 2366 3213 et
2380 3181 2486 3212 omnia

1418 3228 1542 3265 forma,
1575 3234 1622 3259 est
1653 3238 1690 3259 ex
1713 3228 1842 3269 propria
1865 3235 1978 3259 natura
2007 3225 2201 3268 principium
2234 3225 2354 3267 proprii
2386 3232 2486 3258 actua.

1418 3273 1548 3303 Habens
1575 3272 1660 3303 enim
1684 3271 1863 3309 caritatem,
1887 3278 1925 3303 ut
1946 3271 2008 3309 sic,
2039 3270 2222 3302 naturaliter
2252 3269 2354 3311 diligit
2380 3270 2487 3302 Deum

1417 3317 1586 3354 meritorie,
1610 3323 1686 3348 etc.:
1712 3327 1778 3347 non
1799 3316 1886 3347 enim
1908 3315 2015 3347 minus
2039 3315 2148 3346 caritas
2172 3314 2302 3346 inclinat
2323 3314 2364 3345 ad
2379 3321 2486 3346 actum

1417 3361 1595 3402 proprium,
1612 3371 1712 3402 quam
1728 3360 1821 3392 ceteri
1845 3360 1981 3391 habitus.
2005 3359 2139 3400 Signum
2155 3366 2263 3391 autern
2279 3358 2486 3390 naturalitatis

1419 3412 1464 3437 est
1488 3405 1671 3437 delectatio:
1708 3405 1887 3446 experimur
1917 3403 2003 3435 enim
2035 3414 2094 3434 nos
2127 3403 2349 3435 delectabiliter
2377 3402 2486 3434 omnia

1418 3449 1541 3490 operari
1565 3459 1705 3491 quorum
1728 3448 1855 3480 habitus
1879 3448 2051 3484 habemus,
2076 3448 2141 3479 sive
2164 3447 2322 3479 naturales
2345 3446 2410 3478 sive
2433 3456 2486 3478 su-

1417 3494 1640 3534 pernaturales.
1666 3494 1892 3529 Veruntamen,
1907 3502 1948 3523 ne
1964 3492 2086 3523 errandi
2110 3492 2235 3524 occasio
2251 3497 2404 3528 sumatur,
2425 3491 2485 3522 dis-

1417 3538 1629 3578 tinguendum
1645 3544 1700 3573 est,
1718 3537 1807 3578 quod
1825 3536 1930 3568 videre
1955 3537 2059 3568 Deum
2076 3536 2258 3568 naturaliter
2273 3545 2330 3577 per
2344 3535 2484 3576 aliquam

1417 3582 1555 3613 formam
1586 3588 1737 3618 creatam,
1762 3587 1868 3621 potest
1898 3581 2028 3622 intelligi
2059 3580 2242 3622 dupliciter:
2267 3589 2334 3611 uno
2364 3579 2483 3615 modo,

1417 3635 1472 3667 per
1495 3625 1633 3656 formam
1650 3632 1786 3656 creatam
1804 3631 1836 3657 et
1859 3627 2052 3664 naturalem,
2069 3635 2125 3657 seu
2142 3623 2396 3660 connaturalem
2421 3623 2484 3655 alio

1946 3688 1960 3700 <

2517 2655 2526 2666 ·
2540 2655 2594 2678 Lib.
2608 2654 2650 2678 IV.

2515 2833 2526 2843 ·
2539 2830 2577 2854 Cf.
2592 2837 2658 2855 nnn.
2668 2837 2708 2855 vn.
