2768 4178
44 580 53 588 ·
69 578 104 600 Cf.
119 583 184 599 num.
194 584 215 599 v.

41 1114 51 1123 ⁸
67 1112 126 1140 cap.
137 1118 184 1139 vm,
197 1118 220 1133 n.
232 1112 254 1134 8.

41 1331 252 1354 '‘Commentmum.

41 1364 73 1380 ix.

41 2392 51 2402 “
67 2390 134 2412 Vers.
149 2395 168 2411 2.

43 2556 51 2564 '¹
69 2554 126 2582 Cap.
142 2560 175 2576 xi.

50 3141 58 3148 ·
75 3139 131 3167 Cap.
148 3145 179 3160 ιχ.

288 278 358 314 116

281 365 332 388 tor
355 356 459 387 omnis
483 362 640 386 creaturae
659 353 834 385 rationalis:
860 360 892 386 et
906 364 943 385 ex
960 354 1020 385 hac
1035 355 1147 395 arguit,
1165 364 1246 396 ergo
1261 356 1294 385 in
1314 364 1350 385 eo

281 402 421 443 quiescit.
446 400 538 431 Unde
561 399 620 430 ista
642 398 722 430 ratio
746 398 880 429 assumit
904 399 1091 430 antecedens
1116 405 1151 430 ut
1175 399 1350 437 creditum,

283 452 313 476 et
329 443 589 485 consequentiam
604 443 726 473 ratione
741 443 878 474 deducit.
902 443 943 474 Et
961 443 1034 474 ideo
1051 443 1174 483 optime
1190 443 1352 474 concludit

282 489 368 530 apud
391 488 508 519 fideles.
542 487 583 518 Et
605 493 773 528 propterea
796 494 916 524 errant,
942 486 999 528 qui
1022 494 1132 518 contra
1154 487 1351 518 Avicennam

282 533 363 564 hanc
386 532 541 563 rationem
564 541 601 562 ex
624 542 647 562 s.
661 531 791 562 Thoma
814 531 964 562 referunt.

335 577 417 608 VIII.
442 575 588 607 Secundo
608 575 626 595 *
648 575 851 616 improbatur
881 575 991 616 opinio
1022 575 1075 606 sic.
1110 575 1143 606 Si
1173 575 1352 606 intellectus

282 628 403 653 creatus
427 630 493 651 non
516 626 622 660 potest
644 620 751 651 videre
781 620 907 656 Deum,
932 630 1006 660 ergo
1030 629 1097 650 non
1119 626 1226 660 potest
1248 619 1352 660 ipsam

281 675 389 697 rerum
413 675 543 695 causam
564 664 681 695 videre.
706 665 792 706 Ergo
809 664 1002 695 desiderium
1020 670 1151 695 naturae
1174 663 1232 694 erit
1248 663 1351 694 inane.

282 729 301 733 -
320 709 426 740 Prima
449 709 678 750 consequentia
700 708 889 749 relinquitur
903 718 960 749 per
975 718 1007 739 se
1023 714 1109 739 nota.
1134 708 1281 739 Secunda
1295 718 1352 739 au-

282 762 347 786 tem
370 753 541 794 probatur:
571 752 696 783 homini
724 753 806 784 inest
838 752 979 783 naturale
1011 752 1203 783 desiderium
1225 752 1353 783 videndi

282 803 411 830 causam
430 797 505 828 visis
530 797 700 833 effectibus,
725 804 762 828 ut
785 797 852 828 eius
877 796 1044 827 admiratio
1061 802 1240 832 attestatur;
1265 806 1352 837 ergo.

338 842 390 873 IX.
416 841 508 873 Circa
530 842 614 872 hanc
636 841 802 878 rationem,
821 841 957 872 dubium
981 840 1098 881 duplex
1117 840 1263 871 occurrit.
1288 840 1353 871 Pri-

282 897 374 918 mum
403 893 450 917 est
475 887 664 927 simpliciter
691 892 722 917 et
744 886 788 917 ad
813 887 984 917 hominem.
1016 886 1092 916 Non
1120 885 1207 916 enim
1229 884 1354 916 videtur

281 941 394 962 verum
408 931 498 972 quod
520 930 698 961 intellectus
722 937 844 962 creatus
871 930 1054 961 naturaliter
1073 929 1228 960 desideret
1247 929 1353 960 videre

282 976 403 1006 Deum:
429 975 586 1016 quoniam
609 981 723 1006 natura
746 985 813 1005 non
836 974 968 1014 largitur
990 973 1229 1004 inclinationem
1246 974 1285 1004 ad
1302 973 1355 1006 ali-

282 1019 375 1061 quid,
400 1020 439 1050 ad
462 1019 553 1060 quod
577 1026 644 1050 tota
666 1019 713 1049 vis
737 1026 868 1050 naturae
897 1019 1070 1059 perducere
1098 1018 1220 1059 nequit.
1250 1017 1353 1049 Cuius

282 1064 409 1105 signum
433 1070 491 1099 est,
517 1063 607 1104 quod
635 1073 754 1103 organa
782 1069 894 1093 natura
922 1062 1009 1093 dedit
1038 1062 1166 1093 cuilibet
1193 1062 1353 1104 potentiae

282 1118 380 1150 quam
394 1107 479 1138 intus
494 1107 527 1137 in
544 1107 650 1137 anima
662 1107 780 1148 posuit.
797 1107 839 1138 Et
854 1107 887 1137 in
905 1107 931 1137 ΙΙ
947 1105 1066 1138 Caeli*
1082 1106 1197 1138 dicitur
1211 1107 1310 1147 quod,
1327 1106 1353 1137 si

281 1160 362 1184 astra
380 1152 531 1183 haberent
544 1151 611 1182 vim
632 1151 876 1192 progressivam,
893 1158 1007 1182 natura
1023 1151 1160 1182 dedisset
1175 1151 1219 1182 eis
1236 1161 1355 1192 organa

282 1203 474 1237 opportuna.
500 1196 666 1236 Implicare
689 1196 787 1236 igitur
810 1195 944 1232 videtur,
962 1196 1053 1236 quod
1076 1202 1188 1227 natura
1204 1196 1258 1227 det
1273 1195 1354 1227 desi-

281 1241 406 1272 derium
428 1240 559 1271 visionis
579 1240 713 1277 divinae,
739 1246 770 1271 et
785 1240 876 1281 quod
898 1250 966 1271 non
989 1240 1090 1281 possit
1112 1240 1186 1271 dare
1204 1239 1354 1282 requisita

281 1285 320 1316 ad
336 1285 494 1315 visionem
517 1284 615 1321 illam,
634 1291 712 1325 puta
728 1284 840 1315 lumen
857 1283 987 1325 gloriae,
1005 1291 1062 1316 etc.
1080 1302 1101 1307 -
1116 1285 1215 1324 Apud
1229 1295 1254 1316 s.
1265 1283 1354 1315 Tho-

281 1339 352 1360 mae
376 1339 508 1371 quoque
537 1328 726 1365 doctrinam,
744 1335 781 1359 ut
795 1329 917 1360 dictum
943 1335 990 1359 est
1005 1328 1038 1359 in
1059 1328 1164 1369 primo
1188 1328 1321 1360 articulo
1337 1327 1356 1346 Ῥ

280 1374 376 1405 huius
400 1373 514 1414 operis,
531 1373 634 1404 homo
658 1383 725 1403 non
741 1373 933 1409 naturaliter,
958 1374 1014 1404 sed
1037 1373 1288 1404 obedientialiter
1304 1382 1353 1404 or-

282 1418 408 1450 dinatur
430 1418 464 1448 in
487 1418 670 1449 felicitatem
688 1415 787 1448 illam.
812 1418 909 1458 Ergo.

337 1462 522 1494 Secundum
544 1472 622 1493 vero
652 1462 790 1493 dubium
813 1469 860 1493 est
883 1461 976 1503 quia,
1003 1471 1155 1492 concesso
1186 1468 1256 1492 toto
1280 1471 1354 1502 pro-

281 1517 384 1543 cessu,
411 1517 477 1537 non
501 1506 644 1547 sequitur
673 1506 845 1538 intentum.
871 1505 968 1537 Infert
997 1506 1082 1536 enim
1106 1512 1249 1542 tantum,
1274 1515 1354 1547 ergo

275 1553 386 1592 prima
403 1561 503 1583 causa
519 1551 622 1582 videri
631 1556 756 1591 potest:
780 1557 811 1581 et
827 1560 903 1587 non,
921 1560 1001 1591 ergo
1016 1550 1117 1581 Deus.
1138 1549 1251 1581 Dicam
1268 1549 1354 1580 enim

280 1596 370 1636 quod
393 1596 480 1626 Deus
504 1595 697 1636 inquantum
720 1605 816 1626 causa
831 1605 948 1631 rerum,
970 1594 1070 1625 videri
1091 1594 1298 1625 desideratur:
1324 1600 1355 1625 et

280 1650 347 1670 non
371 1640 549 1671 secundum
565 1639 776 1670 substantiam
795 1649 888 1670 suam
904 1639 937 1669 in
953 1648 995 1670 se.
1021 1638 1063 1669 Et
1079 1638 1122 1669 sic
1139 1639 1263 1675 scietur,
1289 1648 1355 1668 non

280 1684 358 1724 quid
373 1691 419 1715 est
433 1684 587 1720 absolute,
600 1684 655 1715 sed
668 1684 748 1725 quid
764 1690 811 1714 est
826 1690 863 1714 ut
878 1689 1010 1719 creator,
1022 1689 1058 1714 ut
1070 1683 1272 1723 gubernator,
1284 1688 1353 1718 etc.;

280 1735 316 1759 ut
339 1735 426 1768 patet
444 1729 477 1759 in
493 1729 596 1759 nobis.
621 1728 848 1759 Desideramus
872 1727 959 1758 enim
976 1737 1013 1758 ex
1029 1727 1136 1767 primo
1160 1733 1253 1757 motu
1278 1726 1357 1756 scire

281 1773 358 1813 quid
383 1780 430 1804 est
452 1773 506 1803 illa
529 1772 705 1804 substantia
724 1779 759 1803 ut
783 1771 907 1812 primus
931 1778 1056 1807 motor;
1081 1777 1112 1801 et
1131 1770 1226 1801 huius
1250 1770 1358 1800 condi-

990 274 1259 322 QUAESTIO
1289 275 1378 324 XII,
1407 274 1706 312 ARTICULUS
1737 276 1767 312 II

1405 354 1547 386 tionibus
1571 361 1607 385 ut
1623 354 1667 385 sic
1682 355 1777 391 notis,
1794 354 1928 396 quiescit
1952 353 2160 390 desiderium;
2186 360 2222 386 ut
2238 360 2324 394 patet
2338 354 2372 384 in
2386 363 2476 385 com-

1406 399 1570 439 plemento
1594 398 1808 430 scientiarum.
2414 432 2417 434 Α

1461 443 1500 474 Χ,
1524 442 1576 473 Ad
1599 442 1791 474 evidentiam
1813 443 1942 480 horum,
1967 443 2047 474 scito
2063 443 2153 483 quod
2178 449 2319 474 creatura
2341 442 2477 475 rationa-

1407 486 1445 516 lis
1468 491 1576 526 potest
1599 487 1767 527 dupliciter
1789 487 2000 519 considerari:
2025 497 2092 517 uno
2116 487 2217 517 modo
2241 486 2394 522 absolute,
2414 486 2477 516 alio

1407 531 1507 561 modo
1524 536 1560 561 ut
1573 531 1725 562 ordinata
1749 537 1796 563 est
1814 532 1858 563 ad
1871 531 2076 573 felicitatem.
2102 531 2135 562 Si
2150 531 2256 571 primo
2280 530 2381 560 modo
2405 539 2479 560 con-

1407 574 1570 611 sideretur,
1589 574 1634 606 sic
1653 575 1796 606 naturale
1815 575 1883 607 eius
1899 576 2092 607 desiderium
2111 585 2178 605 non
2195 584 2228 606 se
2244 574 2383 605 extendit
2397 573 2480 605 ultra

1407 625 1539 650 naturae
1553 619 1752 651 facultatem:
1778 626 1809 652 et
1824 620 1868 652 sic
1883 621 2026 652 concedo
2043 620 2133 661 quod
2149 629 2216 650 non
2230 618 2414 651 naturaliter
2427 618 2479 648 de-

1408 663 1524 694 siderat
1539 663 1698 694 visionem
1721 663 1781 694 Dei
1802 664 1836 694 in
1849 674 1883 695 se
1898 664 2053 695 absolute.
2078 664 2111 695 Si
2126 674 2202 695 vero
2219 663 2361 694 secundo
2377 662 2477 693 modo

1409 707 1636 744 consideretur,
1661 708 1705 738 sic
1729 708 1911 740 naturaliter
1934 708 2090 740 desiderat
2111 708 2270 740 visionem
2292 706 2367 738 Dei:
2393 705 2478 748 quia,

1409 758 1445 782 ut
1468 751 1521 788 sic,
1538 752 1629 783 novit
1643 752 1803 793 quosdam
1819 751 1956 789 effectus,
1971 759 2050 794 puta
2073 753 2189 794 gratiae
2206 759 2236 783 et
2251 751 2379 793 gloriae,
2397 760 2479 792 quo-

1409 805 1482 826 rum
1506 805 1601 827 causa
1624 802 1671 827 est
1693 796 1791 833 Deus,
1815 802 1852 828 ut
1874 796 1962 828 Deus
1986 803 2033 828 est
2054 797 2087 828 in
2112 807 2144 828 se
2168 796 2328 832 absolute,
2352 804 2419 826 non
2443 801 2479 825 ut

1409 840 1586 871 universale
1610 849 1715 880 agens.
1739 840 1834 871 Notis
1856 847 1964 872 autern
1987 840 2158 878 effectibus,
2176 840 2318 872 naturale
2341 846 2388 871 est
2413 839 2479 870 cui-

1407 885 1486 916 libet
1508 884 1713 916 intellectuali
1737 884 1912 916 desiderare
1933 884 2083 917 notitiam
2101 895 2222 917 causae.
2246 884 2289 916 Et
2311 890 2479 925 propterea

1409 928 1602 960 desiderium
1617 928 1748 959 visionis
1767 929 1901 966 divinae,
1926 929 1983 960 etsi
1999 939 2067 960 non
2083 929 2123 961 sit
2145 929 2288 960 natusale
2305 927 2480 960 intellectui

1410 980 1514 1004 creato
1530 973 1685 1009 absolute,
1702 979 1749 1004 est
1763 980 1871 1004 tamen
1887 974 2030 1005 naturale
2046 974 2084 1011 ei,
2101 973 2268 1015 supposita
2288 972 2479 1004 revelatione

1409 1017 1523 1049 talium
1546 1017 1727 1048 effectuum.
1751 1017 1792 1048 Et
1815 1017 1860 1048 sic
1883 1024 1949 1048 tam
1967 1018 2047 1048 ratio
2071 1017 2122 1048 hic
2145 1017 2286 1059 allegata,
2310 1027 2410 1059 quam
2433 1026 2479 1047 re-

1409 1062 1515 1103 liquae
1545 1062 1684 1093 rationes
1707 1061 1747 1092 ad
1770 1060 1856 1092 idem
1881 1061 2030 1093 collectae
2052 1062 2086 1093 in
2111 1072 2179 1102 cap.
2192 1073 2214 1102 v1.
2237 1061 2338 1093 Tertii
2356 1061 2479 1092 Contra

1412 1106 1537 1143 Gentes,
1554 1106 1751 1137 concludunt
1773 1105 1867 1136 inane
1890 1105 1959 1136 fore
1982 1105 2175 1136 desiderium
2189 1105 2411 1137 intellectualis
2425 1114 2480 1135 na-

1409 1158 1498 1182 turae
1522 1157 1651 1187 creatae,
1675 1150 1702 1181 si
1725 1150 1832 1181 Deum
1854 1149 1960 1181 videre
1983 1159 2050 1180 non
2073 1150 2184 1190 possit.

1465 1196 1540 1226 Non
1564 1195 1708 1236 oportuit
1731 1201 1839 1226 autem
1862 1194 1995 1235 exprimi
2018 1195 2108 1235 quod
2129 1194 2168 1225 de
2198 1200 2339 1225 creatura
2361 1193 2482 1225 intelle·

1410 1239 1505 1271 ctuali
1529 1249 1596 1270 non
1619 1239 1780 1275 absolute,
1805 1239 1860 1270 sed
1884 1245 1920 1270 ut
1944 1238 2087 1270 ordinata
2111 1238 2151 1269 ad
2174 1237 2374 1274 felicitatem,
2399 1243 2481 1269 esset

1410 1293 1532 1314 sermo:
1558 1283 1633 1325 quia
1649 1293 1823 1315 commune
1847 1289 1894 1314 est
1917 1282 2045 1314 cuilibet
2068 1282 2226 1320 scientiae,
2243 1281 2333 1324 quod
2356 1291 2483 1322 semper

1410 1328 1626 1368 intelligantur
1648 1327 1775 1359 termini
1799 1326 1973 1358 formaliter
1990 1334 2026 1358 ut
2041 1327 2178 1358 subsunt
2200 1325 2246 1357 illi
2264 1325 2421 1362 scientiae,
2445 1331 2483 1356 ut

1410 1379 1497 1413 patet
1511 1372 1550 1403 de
1565 1371 1741 1413 quantitate
1756 1372 1789 1403 in
1806 1371 1955 1413 physicis.
1980 1371 2116 1403 Constat
2134 1377 2243 1402 autem
2258 1379 2296 1402 ex
2312 1369 2339 1401 II
2357 1369 2481 1401 Contu-a

1413 1416 1540 1454 Gentes,
1559 1427 1627 1457 cap.
1645 1427 1686 1453 rv,
1703 1416 1794 1457 quod
1809 1423 1968 1447 creaturae
1992 1425 2059 1446 non
2080 1421 2155 1446 sunt
2173 1415 2214 1446 de
2229 1413 2482 1446 considerazione

1410 1460 1599 1501 theologica,
1617 1460 1678 1491 nisi
1693 1467 1730 1492 ut
1749 1459 1947 1496 ordinantur,
1963 1460 2189 1500 gubernantur,
2209 1458 2483 1501 praedestinantur

1410 1515 1428 1535 a
1451 1505 1522 1536 Deo
1545 1504 1580 1535 in
1602 1505 1726 1542 Deum,
1751 1511 1788 1536 ut
1810 1513 1999 1545 supremum
2027 1504 2177 1535 omnium
2199 1502 2312 1535 finem:
2337 1502 2483 1545 alioquin

1410 1559 1477 1579 non
1491 1549 1524 1579 in
1541 1548 1652 1580 ordine
1668 1549 1708 1579 ad
1724 1548 1911 1580 altissimam
1937 1558 2066 1579 causam
2081 1555 2113 1579 et
2127 1547 2291 1589 propriam
2313 1546 2480 1588 theologo,

1410 1593 1591 1633 theologica
1614 1593 1897 1629 considerarentur,
1922 1599 1959 1624 ut
1981 1593 2020 1622 de
2044 1602 2077 1623 se
2100 1598 2196 1633 patet.

1468 1637 1522 1668 XI.
1548 1637 1666 1674 Quoad
1689 1642 1840 1678 quartum
1856 1636 1883 1673 *,
1909 1636 2072 1676 conclusio
2096 1635 2282 1676 responsiva
2305 1641 2368 1666 est:
2393 1633 2482 1666 Beati

1410 1681 1518 1712 vident
1540 1681 1599 1711 Dei
1623 1681 1802 1712 essentiam.
1833 1680 1900 1711 Nec
1924 1679 2011 1711 aliter
2035 1680 2188 1721 probatur
2210 1689 2310 1721 quam
2331 1679 2481 1720 reproba-

1410 1725 1498 1756 tione
1517 1725 1794 1756 contradictoriae:
1820 1731 1947 1765 oportet
1962 1724 2049 1755 enim
2069 1724 2200 1756 alteram
2223 1722 2482 1755 contradictionis

1410 1775 1533 1809 partem
1556 1779 1623 1800 esse
1645 1779 1763 1800 veram.

1517 1813 1542 1829 δ.

1057 1915 1377 1958 ARTICULUS
1406 1914 1706 1958 SECUNDUS

370 2008 524 2039 UTRUM
548 2006 756 2038 ESSENTIA
779 2006 852 2037 Dei
880 2006 937 2037 AB
961 2004 1242 2036 INTELLECTU
1267 2003 1447 2036 CREATO
1472 2002 1558 2035 PER
1580 2003 1781 2041 ALIQUAM
1804 2001 2135 2034 SIMILITUDINEM
2158 2001 2384 2033 Vim-:Arna

588 2082 618 2106 111
639 2081 721 2110 Sent„
742 2080 801 2105 dist.
816 2088 866 2111 xiv,
886 2085 932 2105 art.
952 2088 972 2111 ι,
993 2081 1040 2112 qu·
1063 2078 1091 2110 35
1111 2078 1153 2110 IV,
1173 2079 1232 2104 dist.
1251 2086 1317 2109 xux.
1336 2086 1381 2112 qu.
1400 2085 1428 2110 11,
1447 2083 1494 2103 art.
1513 2085 1533 2108 ¹3
1554 2077 1596 2103 De
1618 2077 1708 2108 verit..
1729 2085 1774 2111 qu.
1788 2085 1843 2109 vux,
1862 2082 1908 2103 art.
1928 2085 1949 2108 1;
1969 2086 2014 2111 qu.
2033 2086 2058 2110 x,
2076 2082 2123 2104 art.
2147 2086 2186 2109 ιη

316 2119 346 2143 ΙΙΙ
369 2119 444 2143 Cont.
462 2118 548 2147 Gent„
570 2125 624 2150 cap.
639 2125 705 2148 xux,
725 2123 763 2146 ιη
784 2116 825 2147 lV,
846 2124 902 2148 cap.
915 2123 964 2146 v11;
987 2115 1085 2146 Quodl.
1099 2115 1153 2146 Vll,
1173 2122 1218 2148 qu.
1232 2121 1251 2145 1,
1270 2119 1317 2140 art.
1335 2121 1356 2145 ις
1377 2113 1522 2146 compend.
1541 2112 1638 2143 Tincol„
1658 2120 1715 2146 cap.
1727 2119 1768 2144 cv,
1789 2117 1814 2138 et
1832 2118 1898 2146 part.
1910 2113 1939 2142 11.
1955 2121 2011 2146 cap.
2025 2121 2065 2145 1¹5
2084 2115 2110 2139 in
2123 2113 2208 2144 Ioan„
2227 2120 2283 2146 cap.
2297 2119 2315 2143 1,
2330 2113 2389 2138 lect.
2406 2118 2446 2144 ης

558 2160 613 2185 cap.
627 2160 678 2183 xxv,
696 2153 753 2177 lect.
771 2158 804 2182 n3
825 2151 878 2186 inl
901 2151 971 2181 Cor„
993 2158 1049 2184 cap.
1062 2157 1116 2181 xm,
1135 2150 1194 2175 lect.
1206 2157 1246 2181 ιη
1268 2149 1309 2175 De
1324 2149 1386 2175 Diu.
1401 2149 1490 2180 Nom„
1509 2155 1566 2181 cap.
1580 2155 1597 2179 ι,
1617 2148 1676 2174 lect.
1689 2155 1713 2179 ις
1732 2147 1758 2173 in
1777 2148 1850 2174 Boet.
1870 2148 1903 2174 de
1925 2148 2008 2179 Trt'n„
2029 2157 2074 2182 qu.
2088 2156 2106 2181 ι,
2125 2154 2173 2174 art.
2188 2156 2213 2174 2.
2440 2148 2453 2154 ‘

324 2247 378 2287 Sti
402 2252 471 2292 ff(
494 2245 516 2269 D
532 2243 722 2269 SECUNDUM
742 2243 795 2268 sm
815 2241 1058 2268 Paocamwn.
1075 2229 1236 2267 Videtur
1251 2229 1357 2278 quod

313 2292 352 2331 Q·
421 2281 467 2330 {2⁴3
496 2285 658 2322 essentia
691 2284 765 2322 Dei
804 2284 852 2321 ab
892 2283 1084 2321 intellectu
1123 2290 1249 2320 creato
1287 2294 1358 2331 per

300 2338 423 2389 ‘chgz
433 2320 662 2388 'f'aliquam
683 2336 972 2375 similitudinem
993 2335 1181 2374 videatur.
1210 2335 1358 2374 Dicitur

340 2363 439 2422 &W
454 2380 486 2421 N*
502 2391 598 2429 ·nim
619 2393 633 2428 I
651 2392 755 2428 Ioan.
779 2403 813 2428 111
829 2390 866 2427 *z
895 2390 1036 2427 scimus
1056 2389 1249 2438 quoniam,
1269 2401 1356 2426 cum

282 2444 518 2493 apparuerit,
547 2444 687 2481 similes
715 2444 751 2480 ei
778 2444 942 2490 erimus,
972 2448 1009 2480 et
1034 2442 1242 2480 videbimus
1270 2454 1357 2479 eum

282 2499 391 2535 sicuti
417 2503 480 2534 est.

338 2563 372 2588 2.
403 2551 637 2598 paim-snm,
657 2549 892 2598 Augustinus
923 2548 1022 2596 dicit,
1050 2549 1102 2585 IX
1122 2548 1169 2586 de
1191 2549 1228 2586 T
1223 2548 1294 2585 rin.
1314 2547 1355 2585 *ε

284 2617 369 2642 cum
398 2605 524 2641 Deum
553 2603 739 2650 novimus,
757 2604 810 2651 fit
836 2602 966 2652 aliqua
995 2602 1072 2639 Dei
1095 2601 1298 2642 similitudo
1319 2601 1356 2638 in

285 2657 401 2694 nobis.

340 2711 374 2747 3.
392 2711 625 2755 PRAETEREA,
642 2708 852 2746 intellectus
867 2708 907 2745 in
922 2715 1010 2745 actu
1025 2715 1081 2745 est
1099 2707 1328 2756 intelligibile
1339 2714 1355 2728 “

285 2764 323 2800 in
343 2771 441 2810 actu,
471 2762 567 2799 sicut
586 2774 720 2799 sensus
743 2762 783 2799 in
802 2769 888 2798 actu
918 2768 974 2798 est
994 2761 1171 2798 sensibile
1199 2761 1239 2798 in
1257 2768 1355 2798 actu.

286 2817 371 2853 Hoc
405 2822 534 2853 autem
569 2827 648 2852 non
682 2822 737 2852 est
765 2814 836 2852 nisi
870 2814 1098 2864 inquantum
1131 2814 1359 2866 informatur

286 2881 420 2906 sensus
459 2868 703 2906 similitudine
741 2868 796 2904 rei
834 2867 1042 2916 sensibilis,
1081 2875 1117 2906 et
1149 2867 1358 2906 intellectus

286 2921 530 2960 similitudine
559 2921 612 2959 rei
640 2921 861 2959 intellectae.
892 2922 1008 2969 Ergo,
1035 2920 1068 2958 si
1091 2922 1197 2959 Deus
1225 2922 1275 2959 ab
1303 2921 1358 2958 in-

286 2976 435 3012 tellectu
464 2982 591 3012 creato
619 2973 771 3012 videtur
799 2974 838 3011 in
857 2982 954 3022 actu,
985 2981 1137 3023 oportet
1163 2975 1269 3024 quod
1290 2986 1359 3024 per

287 3029 454 3078 aliquam
484 3027 770 3066 similitudinem
797 3027 984 3065 videatur.

342 3082 416 3119 SED
446 3093 592 3119 CONTRA
620 3093 686 3119 ias-r
715 3080 820 3131 quod
849 3079 936 3117 dicit
955 3080 1201 3129 Augustinus,
1222 3080 1295 3118 XV
1314 3080 1360 3118 de

292 3136 328 3172 T
325 3135 395 3172 rin.
407 3134 439 3182 *,
460 3134 567 3184 quod
582 3147 672 3175 cum
691 3134 900 3184 Apostolus
921 3133 1009 3171 dicit
1026 3150 1045 3167 ι
1059 3133 1237 3172 videmus
1257 3146 1359 3172 nunc

287 3200 358 3236 per
381 3188 580 3237 speculum
601 3195 637 3225 et
650 3186 668 3216 Ρ
692 3187 729 3225 in
749 3187 963 3235 aenigmate
982 3203 1016 3234 »,
1044 3187 1188 3235 speculi
1203 3193 1240 3224 et
1256 3187 1359 3224 aeni-

288 3241 427 3290 gmatis
446 3241 609 3287 nomine,
629 3252 890 3290 quaecumque
915 3240 1174 3277 similitudines
1201 3241 1251 3278 ab
1279 3240 1358 3288 ipso

288 3294 524 3344 significatae
551 3294 711 3344 intelligi
731 3299 900 3343 possunt,
926 3304 1023 3342 quae
1050 3293 1360 3331 accommodatae

289 3353 377 3383 sunt
401 3347 452 3384 ad
479 3346 760 3397 intelligendum
789 3347 927 3384 Deum.
963 3346 1041 3383 Sed
1068 3346 1200 3384 videre
1229 3347 1358 3384 Deum

289 3411 359 3448 per
384 3399 586 3438 essentiam
614 3412 694 3438 non
722 3407 778 3437 est
804 3399 902 3438 visio
923 3399 1174 3448 aenigmatica
1192 3400 1255 3437 vel
1275 3411 1359 3449 spe-

293 3452 427 3489 cularis
446 3458 472 3499 ⁷,
503 3453 570 3490 sed
599 3461 729 3490 contra
759 3465 845 3490 eam
876 3452 1066 3491 dividitur.
1098 3454 1200 3502 Ergo
1231 3452 1360 3491 divina

293 3505 455 3544 essentia
483 3517 562 3542 non
590 3506 742 3544 videtur
768 3519 838 3556 per
866 3506 1139 3543 similitudines.

347 3617 374 3650 α)
394 3617 566 3652 intelligibile.
579 3619 767 3644 -intellectum
788 3619 912 3644 ABDEG.

347 3651 372 3685 β)
391 3656 425 3678 et.
443 3666 461 3672 -
479 3653 540 3678 Om.
554 3654 631 3679 BDG.
650 3667 668 3673 —
686 3654 736 3679 Pro
755 3655 788 3679 ab
808 3655 874 3687 ipso,
888 3655 920 3680 ab
940 3655 1069 3687 Apostolo
1093 3655 1194 3680 codices
1214 3660 1239 3680 et
1257 3655 1304 3680 ab.

1467 2229 1694 2265 Responnso
1723 2239 1909 2265 mensuum
1947 2229 2052 2277 quod
2085 2229 2134 2266 ad
2161 2228 2373 2276 visionem,
2402 2235 2481 2266 tam

1413 2281 1632 2319 sensibilem
1653 2293 1770 2330 quam
1799 2281 2105 2329 intellectualem,
2129 2281 2207 2319 duo
2227 2281 2481 2331 requiruntur,

1412 2333 1552 2372 scilicet
1578 2334 1699 2372 virtus
1717 2333 1854 2382 visiva,
1876 2342 1912 2372 et
1938 2334 2032 2372 unio
2062 2334 2115 2372 rei
2133 2334 2240 2372 visae
2269 2347 2359 2372 cum
2374 2332 2481 2373 visu:

1411 2400 1492 2425 non
1520 2387 1622 2425 enim
1655 2388 1698 2425 fit
1731 2387 1827 2425 visio
1857 2387 1896 2424 in
1924 2396 2032 2436 actu,
2062 2387 2134 2425 nisi
2160 2399 2230 2437 per
2266 2389 2342 2425 hoc
2374 2388 2483 2437 quod

1412 2453 1472 2478 res
1500 2441 1584 2478 visa
1602 2441 1893 2489 quodammodo
1913 2449 1971 2478 est
1988 2442 2027 2478 in
2046 2441 2214 2479 vidente.
2246 2442 2296 2478 Et
2314 2441 2353 2478 in
2367 2441 2483 2479 rebus

1411 2494 1570 2542 quidem
1600 2494 1874 2544 corporalibus,
1895 2502 2054 2544 apparet
2081 2495 2186 2544 quod
2215 2506 2274 2531 res
2291 2494 2376 2532 visa
2402 2506 2483 2533 non

1409 2554 1535 2597 potest
1564 2559 1646 2585 esse
1675 2548 1714 2586 in
1741 2546 1897 2585 vidente
1925 2559 1996 2597 per
2022 2559 2132 2585 suam
2163 2547 2385 2595 essentiam,
2415 2547 2484 2587 sed

1412 2601 1537 2638 solum
1568 2612 1638 2650 per
1666 2613 1777 2638 suam
1812 2599 2120 2639 similitudinem:
2151 2600 2247 2638 sicut
2274 2599 2481 2649 similitudo

1411 2653 1546 2703 lapidis
1576 2661 1631 2691 est
1658 2653 1697 2691 in
1726 2654 1852 2702 oculo,
1876 2666 1946 2703 per
1974 2666 2091 2704 quam
2120 2654 2163 2692 fit
2189 2653 2288 2693 visio
2315 2653 2355 2692 in
2382 2661 2482 2702 actu,

1413 2719 1492 2744 non
1511 2714 1640 2744 autem
1657 2707 1739 2756 ipsa
1758 2707 1968 2745 substantia
1987 2707 2134 2757 lapidis.
2165 2707 2206 2745 Si
2233 2714 2363 2744 autem
2384 2714 2484 2745 esset

1411 2773 1489 2798 una
1517 2767 1554 2798 et
1581 2760 1718 2798 eadem
1739 2772 1810 2808 res,
1831 2773 1931 2809 quae
1960 2768 2060 2798 esset
2086 2760 2316 2811 principium
2334 2760 2483 2798 visivae

1411 2813 1572 2861 virtutis,
1602 2821 1639 2851 et
1665 2825 1766 2863 quae
1795 2822 1893 2851 esset
1922 2826 1982 2851 res
2003 2813 2100 2862 visa,
2129 2820 2324 2864 oporteret
2350 2812 2483 2852 viden-

1412 2875 1491 2904 tem
1510 2867 1559 2904 ab
1578 2866 1641 2904 illa
1667 2879 1707 2904 re
1728 2874 1765 2904 et
1782 2866 1963 2905 virtutem
1983 2867 2148 2906 visivam
2173 2866 2329 2914 habere,
2351 2873 2388 2904 et
2405 2865 2483 2905 for·

1413 2933 1519 2958 mam
1546 2931 1616 2969 per
1643 2931 1761 2969 quam
1788 2920 1948 2958 videret.

1467 2973 1714 3011 Manifestum
1735 2980 1791 3010 est
1809 2981 1939 3011 autern
1967 2973 2074 3023 quod
2093 2973 2199 3010 Deus
2219 2979 2256 3009 et
2275 2979 2331 3010 est
2349 2979 2484 3009 auctor

1413 3026 1664 3064 intellectivae
1682 3025 1842 3074 virtutis,
1865 3035 1900 3064 et
1919 3028 1966 3065 ab
1996 3026 2185 3064 intellectu
2202 3024 2325 3063 videri
2343 3032 2480 3075 potest.

1413 3081 1462 3118 Et
1491 3092 1580 3117 curn
1609 3079 1691 3129 ipsa
1710 3079 1945 3118 vintellectiva
1963 3080 2083 3118 virtus
2107 3085 2301 3116 creaturae
2330 3090 2409 3116 non
2437 3078 2484 3117 sit

1413 3133 1485 3171 Dei
1515 3132 1696 3181 essentia,
1725 3132 1947 3183 relinquitur
1974 3131 2080 3182 quod
2108 3131 2155 3169 sit
2181 3131 2308 3181 aliqua
2335 3130 2484 3181 partici-

1412 3193 1501 3235 pata
1524 3186 1731 3224 similitudo
1760 3185 1890 3235 ipsius,
1919 3186 1985 3237 qui
2012 3193 2068 3224 est
2093 3184 2241 3234 primus
2259 3185 2480 3223 intellectus.

1413 3239 1524 3277 Unde
1540 3247 1578 3277 et
1591 3239 1710 3278 virtus
1728 3239 1986 3277 intellectualis
1999 3245 2194 3276 creaturae
2208 3239 2340 3276 lumen
2359 3237 2483 3287 quod·-

1414 3294 1504 3331 dam
1533 3292 1762 3341 intelligibile
1781 3290 1795 3314 ὅ
1823 3292 1969 3339 dicitur,
1989 3291 2098 3340 quasi
2118 3304 2140 3329 a
2160 3291 2285 3341 prima
2303 3291 2388 3329 luce
2417 3291 2481 3330 de-

1414 3346 1601 3384 rivatum:
1637 3346 1717 3384 sive
1754 3346 1830 3383 hoc
1861 3345 2085 3394 intelligatur
2123 3344 2170 3382 de
2198 3344 2338 3382 virtute
2374 3351 2482 3382 natu-

1414 3399 1492 3447 rali,
1514 3399 1595 3437 sive
1615 3399 1663 3437 de
1683 3398 1811 3448 aliqua
1827 3397 2059 3448 perfectione
2079 3397 2323 3447 superaddita
2341 3396 2480 3446 gratiae

1413 3453 1475 3490 vel
1495 3452 1648 3501 gloriae.
1679 3451 1897 3500 Requiritur
1917 3463 2007 3499 ergo
2033 3451 2083 3488 ad
2109 3451 2323 3489 videndum
2351 3451 2480 3488 Deum

1414 3505 1540 3554 aliqua
1559 3505 1632 3543 Dei
1660 3504 1867 3542 similitudo
1897 3515 1941 3541 ex
1970 3512 2076 3553 parte
2100 3504 2246 3543 visivae
2274 3502 2479 3554 potentiae,

1467 3620 1494 3686 ἔξ

1513 3619 1668 3651 specularis.
1685 3632 1704 3637 —
1721 3617 1884 3650 speculativa
1904 3618 1932 3642 Ρ.

1512 3653 1685 3687 intelligibile.
1703 3668 1722 3672 -
1741 3653 1915 3678 intellectuale
1935 3653 1963 3678 B.

2509 1637 2517 1646 ¹
2533 1635 2571 1659 ef.
2581 1641 2646 1659 ιιιιιι.
2656 1642 2682 1658 η.
