2768 4178
24 705 36 716 ·
48 703 79 727 D.
92 703 145 727 286.

98 2553 148 2570 ,ιι
159 2558 170 2565 -
180 2547 235 2570 Did.

113 2580 187 2603 ,ci-p.
196 2580 240 2602 vn,

960 243 1229 291 QUAESTio
1259 244 1367 291 xm,
1396 243 1697 283 ARTICULUS
1727 246 1778 282 1v

267 330 440 360 turarum
482 323 690 372 respondet
726 334 849 360 unum
887 322 1050 371 simplex
1086 322 1339 371 principium,

268 384 596 425 repraesentatum
625 389 696 427 per
723 375 894 414 diversas
920 375 1175 424 perfectiones
1195 383 1340 413 creatu·

268 441 399 467 rarum
427 430 533 468 varie
563 438 600 468 et
627 429 896 479 multipliciter;
926 428 977 466 ita
1004 428 1119 466 variis
1153 436 1190 466 et
1217 429 1342 466 multi-

266 482 429 532 plicibus
458 483 707 533 conceptibus
738 483 950 520 intellectus
984 482 1102 519 nostri
1135 482 1342 532 respondet

267 549 391 574 unum
411 537 570 574 omnino
590 536 764 586 simplex,
779 535 993 573 secundum
1012 535 1236 573 huiusmodi
1251 548 1340 574 con-

269 589 464 639 ceptiones
485 590 704 639 imperfecte
725 589 968 626 intellectum.
999 590 1050 626 Et
1071 588 1159 626 ideo
1182 589 1341 627 nomina

268 644 360 680 Deov
385 643 572 690 attributa,
602 642 688 680 licet
707 642 920 690 significent
943 655 1062 680 unam
1083 655 1177 689 rem,
1198 650 1339 691 tamen,

268 696 358 746 quia
385 696 598 745 significant
627 707 713 733 eam
749 697 820 733 sub
854 696 1064 733 rationibus
1101 696 1229 733 multis
1257 696 1277 718 ’¹‘
1306 705 1342 734 et

269 749 440 796 diversis,
470 761 550 786 non
578 756 667 786 sunt
695 761 927 798 synonyma.

322 803 381 839 ET
400 814 454 839 s1c
482 809 600 839 PATET
626 814 784 840 sommo
812 815 860 840 AD
889 814 1045 840 ramum:
1076 803 1164 852 quia
1182 804 1341 842 nomina

268 867 486 904 synonyma
505 855 693 904 dicuntur,
710 868 810 905 quae
830 856 1044 904 significant
1061 869 1186 902 unum
1206 870 1340 895 secun-

268 908 362 946 dum
390 921 510 946 unam
530 909 732 947 rationem.
763 910 874 958 Quae
896 910 998 947 enim
1017 915 1031 933 ’¹
1051 910 1263 959 significant
1283 924 1341 949 ra-

266 961 389 1000 tiones
423 962 593 1000 diversas
620 963 733 1001 unius
762 963 835 1011 rei,
871 975 951 1001 non
983 963 1108 1012 primo
1138 971 1174 1001 et
1201 977 1271 1013 per
1298 977 1338 1002 se

265 1027 390 1053 unum
408 1016 638 1065 significant:
665 1017 755 1066 quia
774 1029 920 1054 nomen
939 1029 1019 1054 non
1038 1017 1224 1065 significat
1243 1030 1338 1065 rem,

318 1150 346 1183 η)
365 1150 445 1176 enim.
458 1163 478 1171 -
496 1157 559 1175 vero
578 1151 609 1176 B.

319 1184 344 1219 θ)
363 1189 398 1211 et.
416 1200 435 1205 -
453 1186 530 1219 quasi
549 1185 649 1217 ACDE,
668 1193 723 1211 om.
737 1186 766 1211 F.
778 1199 798 1205 -
811 1185 875 1211 Post
892 1186 1011 1218 simplex
1022 1185 1068 1210 BD
1087 1185 1186 1210 addunt
1203 1185 1277 1218 quod
1289 1189 1338 1211 est.

2393 251 2461 297 145

1395 322 1466 359 nisi
1495 323 1688 361 mediante
1718 326 1968 374 conceptione
1997 327 2222 374 intellectus,
2252 336 2294 365 ut
2322 329 2464 366 dictum

1397 383 1453 416 est
1478 376 1510 414 *.

1449 431 1509 466 An
1543 442 1734 468 SECUNDUM
1772 443 1957 470 channuM
1998 434 2103 482 quod
2137 435 2302 472 rationes
2335 435 2463 495 plures

1396 483 1537 520 horum
1557 483 1760 522 nominum
1780 497 1861 523 non
1880 493 1967 523 sunt
1987 499 2114 524 cassae
2136 486 2198 525 et⁰
2212 501 2354 525 vanae:
2375 488 2464 537 quia

1397 537 1578 574 omnibus
1607 537 1660 574 eis
1688 538 1894 588 respondet
1921 552 2042 577 unum
2070 541 2162 590 quid
2190 541 2367 591 simplex,
2396 554 2465 591 per

1397 590 1528 627 omnia
1555 591 1776 629 huiusmodi
1804 593 2060 642 multipliciter
2089 602 2124 631 et
2151 595 2371 644 imperfecte
2406 608 2465 632 re-

1395 652 1692 693 praesentatum.

1449 699 1509 734 AD
1537 709 1698 735 TERTIUM
1722 710 1907 736 DICENDUM
1935 699 2040 758 quod
2059 700 2134 736 hoc
2166 701 2292 750 ipsum
2313 701 2360 738 ad
2379 713 2464 750 per-

1396 751 1534 788 fectam
1563 751 1636 788 Dei
1655 751 1840 789 unitatem
1860 753 2038 801 pertinet,
2069 754 2174 813 quod
2194 766 2239 791 ea
2259 767 2357 803 quae
2377 762 2464 791 sunt

1396 804 1651 854 multipliciter
1679 812 1716 842 et
1745 804 1925 842 divisim
1916 818 1955 843 1n
1974 806 2068 854 aliis,
2097 807 2136 844 in
2164 807 2247 867 ipso
2268 815 2355 844 sunt
2373 807 2464 844 sim-

1395 857 1542 907 pliciter
1570 865 1607 895 et
1637 858 1754 895 unite.
1791 859 1841 895 Et
1873 871 1919 896 ex
1952 860 2028 897 hoc
2059 837 2243 908 'contingit
2276 861 2381 909 quod
2411 867 2466 897 est

1394 923 1495 948 unus
1523 923 1562 948 re
1583 919 1621 948 et
1638 912 1766 961 plures
1795 913 2009 950 secundum
2038 913 2224 951 rationem
2245 921 2270 950 ‘:
2301 914 2389 962 quia
2408 913 2465 950 in-

1399 965 1568 1002 tellectus
1597 972 1726 1002 noster
1745 964 1795 1002 ita
1816 966 2073 1015 multipliciter
2091 967 2342 1016 apprehendit
2362 979 2464 1015 eum,

1396 1018 1492 1055 sicut
1521 1030 1581 1055 res
1609 1018 1862 1068 multipliciter
1890 1019 2015 1069 ipsum
2045 1028 2338 1070 repraesentant.

1448 1150 1466 1183 ι)
1481 1152 1575 1183 plures
1594 1152 1738 1177 secundum
1758 1153 1899 1179 rationem.
1918 1168 1937 1172 -
1950 1154 2044 1186 plures
2063 1153 2169 1179 ratione
2187 1154 2241 1178 BD.

943 1286 1280 1339 Commentariis
1302 1286 1554 1320 Cardinalis
1576 1288 1777 1322 Caietam

296 1398 318 1420 N
340 1389 446 1425 titulo,
469 1397 669 1429 synonyma,
689 1386 770 1417 idest
792 1386 879 1416 idem
895 1385 1030 1417 omnino
1054 1385 1266 1427 significatum
1283 1386 1339 1416 ha-

269 1400 417 1464 lbentia:
441 1432 485 1464 ita
503 1431 594 1474 quod
608 1430 694 1462 idem
709 1430 749 1462 sit
765 1430 867 1462 dicere
882 1430 974 1462 Deus
989 1436 1037 1462 est
1051 1431 1191 1472 sapiens,
1205 1438 1235 1462 et
1248 1430 1340 1462 Deus

264 1482 312 1509 est
333 1477 446 1515 bonus,
467 1482 524 1508 etc.

320 1521 359 1552 11.
384 1521 420 1552 In
451 1530 601 1561 corpore,
633 1519 804 1561 respondet
834 1519 979 1561 quaesito
1007 1519 1101 1551 unica
1131 1520 1339 1551 conclusione

263 1565 418 1608 negative,
442 1565 506 1596 sic:
530 1564 672 1596 Nomina
694 1564 882 1595 huiusmodi
906 1565 1054 1596 attributa
1076 1565 1158 1601 Deo,
1178 1574 1245 1596 non
1265 1571 1340 1596 sunt

263 1620 456 1652 synonyma.

233 1687 239 1692 ,
317 1654 475 1686 Probatur
490 1654 674 1695 dupliciter:
698 1653 815 1695 primo,
840 1653 1018 1685 secundum
1041 1654 1110 1684 illas
1125 1654 1205 1685 duas
1223 1654 1290 1685 vias
1305 1654 1339 1684 in

210 1703 215 1705 “
265 1705 321 1731 art.
347 1709 365 1730 2
390 1698 584 1735 confutatas;
609 1699 768 1735 secundo,
793 1698 879 1730 iuxta
902 1698 1090 1730 sententiam
1112 1709 1211 1740 quam
1235 1699 1339 1740 sequi-

263 1753 347 1775 mur.
371 1744 483 1774 Prima
506 1743 653 1784 probatio
679 1749 740 1774 est:
765 1743 903 1774 rationes
926 1743 1044 1774 horum
1069 1743 1241 1774 nominum
1265 1750 1340 1774 sunt

264 1788 414 1825 diversae,
432 1788 610 1819 secundum
626 1787 748 1818 diversa
770 1794 883 1828 negata
908 1794 963 1819 aut
986 1795 1121 1824 causata,
1146 1788 1233 1828 apud
1248 1787 1340 1824 illos;

265 1843 341 1875 ergo
363 1843 432 1864 non
455 1840 530 1864 sunt
553 1842 744 1874 synonyma.

317 1877 467 1910 Secunda
483 1877 630 1918 probatio
651 1883 711 1908 est:
735 1876 914 1907 intellectus
930 1883 1037 1908 noster
1053 1877 1217 1917 cognoscit
1232 1878 1339 1908 Deum

265 1932 303 1954 ex
325 1922 488 1959 creaturis;
513 1932 589 1962 ergo
614 1920 839 1962 conceptiones
863 1928 988 1952 nostrae
1011 1921 1051 1952 de
1073 1922 1144 1952 Deo
1168 1929 1243 1953 sunt
1265 1932 1338 1963 pro-

264 1966 464 2009 portionatae
480 1965 728 2007 perfectionibus
744 1965 989 2010 procedentibus
1002 1976 1019 1996 a
1034 1966 1127 1996 Deo'
1118 1976 1151 1996 m
1168 1973 1337 2002 creaturam

265 2021 340 2052 ergo
357 2017 432 2042 sunt
446 2010 549 2041 variae
569 2017 600 2041 et
617 2005 819 2050 multiplices,
844 2016 939 2050 atque
963 2010 1019 2040 uni
1044 2010 1178 2041 omnino
1203 2010 1339 2051 simplici

265 2055 563 2096 correspondentes;
588 2064 663 2095 ergo
692 2054 830 2085 rationes
858 2054 1044 2085 huiusmodi
1073 2055 1246 2086 nominum
1268 2056 1338 2086 Deo

265 2101 491 2134 attributorum
519 2106 594 2130 sunt
622 2099 778 2135 diversae;
803 2108 878 2139 ergo
902 2099 1034 2130 nomina
1060 2099 1248 2130 huiusmodi
1272 2110 1339 2130 non

265 2152 340 2178 sunt
362 2154 553 2187 synonyma.
580 2161 598 2167 -
622 2143 839 2179 Antecedens,
865 2153 940 2174 cum
963 2143 1066 2193 prima
1095 2144 1338 2194 consequentia,

263 2196 360 2232 patet.
390 2188 536 2221 Secunda
568 2194 677 2219 autem
706 2187 860 2238 probatur
887 2197 924 2218 ex
947 2188 978 2218 vi
1002 2188 1238 2229 proportionis.
1264 2188 1340 2230 quia

264 2234 346 2266 sicut
361 2233 448 2264 idem
462 2228 647 2273 simpliciter
664 2231 799 2262 omnino
819 2231 929 2262 multis
945 2231 1193 2273 perfectionibus
1217 2243 1339 2273 reprae-

264 2285 406 2310 sentatur
427 2277 461 2308 in
485 2287 552 2308 esse
569 2276 654 2313 reali,
671 2276 714 2307 ita
733 2276 767 2307 in
790 2285 857 2306 esse
880 2276 1098 2313 intentionali;
1123 2277 1213 2318 quod
1232 2284 1278 2308 est
1295 2277 1339 2308 di-

265 2332 343 2360 cere,
364 2322 408 2353 ita
423 2322 533 2353 multis
550 2321 823 2361 conceptionibus.
844 2321 952 2352 Tertia
975 2331 1051 2352 vero
1071 2323 1237 2362 probatur:
1263 2322 1339 2363 quia

265 2367 432 2408 conceptio
455 2366 525 2407 ipsa
548 2372 595 2397 est
617 2366 698 2396 ratio
722 2365 872 2396 nominis.
903 2365 1027 2397 Ultima
1048 2373 1094 2397 est
1117 2377 1174 2407 per
1197 2377 1230 2397 se
1253 2373 1340 2399 nota.

320 2412 374 2444 111.
399 2411 492 2443 Circa
514 2411 602 2442 illam
625 2410 883 2451 propositionem
907 2417 1106 2452 assumptam
1139 2411 1179 2441 ad
1202 2412 1339 2452 proban-

265 2456 344 2488 dum
367 2456 493 2488 tertiam
512 2455 784 2496 consequentiam,
807 2454 925 2486 scilicet
948 2457 1033 2486 ratio
1056 2465 1152 2496 quam
1176 2456 1341 2497 significat

265 2511 393 2539 nomen,
411 2506 457 2532 est
481 2500 642 2541 conceptio
666 2500 847 2531 intellectus
869 2499 909 2530 de
932 2510 969 2530 re
991 2500 1187 2541 significata,
1211 2508 1257 2531 est
1280 2500 1340 2531 du-

264 2545 364 2577 bium.
388 2546 478 2576 Tum
494 2545 570 2585 quia
585 2544 628 2575 IV
639 2545 837 2585 Metaphys„
849 2550 923 2575 text.
941 2554 1059 2576 comm.
1077 2555 1171 2575 xxvm
1181 2545 1208 2581 *,
1226 2545 1340 2576 dicitur

265 2590 355 2632 quod
378 2589 457 2620 ratio
484 2599 584 2630 quam
613 2588 768 2629 significat
790 2598 929 2624 nomen,
959 2595 1006 2620 est
1033 2588 1190 2620 definitio:
1217 2597 1340 2621 constat

265 2640 374 2666 autem
397 2634 488 2674 quod
511 2632 654 2664 definitio
677 2643 745 2663 non
768 2639 815 2664 est
837 2633 1015 2674 conceptio,
1031 2643 1108 2664 cum
1130 2634 1340 2666 identificetur

266 2677 408 2710 definito.
433 2678 523 2709 Tum
546 2677 622 2719 quia
645 2678 730 2708 ratio
753 2687 873 2708 nomen
898 2684 944 2709 est
967 2679 1124 2710 secundae
1143 2679 1338 2716 intentionis,

267 2728 438 2764 conceptus
460 2729 570 2754 autem
592 2721 724 2762 primae.

319 2767 371 2798 Ad
394 2767 457 2797 hoc
479 2766 615 2798 breviter
638 2765 760 2802 dicitur,
785 2767 875 2808 quod
899 2768 994 2805 ratio,
1020 2767 1106 2808 apud
1126 2767 1338 2808 philosophos

267 2818 297 2843 et
319 2811 499 2852 theologos,
523 2811 556 2841 in
579 2810 758 2851 proposito,
784 2811 951 2852 dupliciter
973 2812 1058 2842 sumi
1081 2818 1195 2852 potest,
1222 2812 1340 2843 scilicet

257 2856 460 2898 formaliter,
481 2856 531 2886 vel
553 2856 791 2887 denominative
797 2862 812 2893 ;
833 2855 915 2887 sicut
937 2856 1046 2887 album
1063 2857 1201 2887 sumitur
1219 2867 1278 2897 pro
1294 2857 1339 2887 al·

266 2901 380 2932 bedine
403 2900 586 2937 formaliter,
607 2906 638 2931 et
662 2910 720 2940 pro
744 2909 778 2930 re
801 2910 882 2941 quae
906 2907 954 2932 est
976 2900 1063 2937 alba,
1091 2901 1337 2933 denominative.

267 2945 300 2977 Si
323 2945 462 2976 sumitur
484 2944 668 2980 formaliter,
686 2944 730 2975 sic
753 2951 800 2976 est
823 2954 948 2984 nomen
961 2945 1146 2976 intentionis
1170 2946 1337 2982 secundae,

268 2996 299 3021 et
321 2989 476 3030 significat
498 2989 686 3020 relationem
710 2989 881 3030 quandam.
902 2989 934 3021 Si
959 2990 1210 3026 denominative,
1232 2990 1276 3021 sic
1300 2990 1339 3021 si-

267 3033 395 3074 gnificat
422 3034 665 3074 conceptionem
699 3040 729 3064 et
758 3033 995 3070 definitionem,
1030 3035 1085 3065 sed
1116 3035 1338 3066 diversimode.

269 3077 448 3118 Conceptio
472 3078 559 3108 enim
579 3078 724 3109 mentalis
739 3078 820 3108 ratio
839 3078 979 3109 nominis
999 3079 1121 3116 dicitur,
1139 3079 1213 3120 quia
1233 3086 1279 3110 est
1307 3079 1339 3109 id

268 3132 336 3163 quo
359 3121 492 3153 refertur
507 3132 628 3154 nomen
644 3123 677 3153 in
697 3122 909 3163 significatum
925 3130 1008 3154 extra
1023 3124 1178 3154 animam:
1196 3123 1339 3155 definitio

269 3173 386 3202 autem,
411 3166 487 3207 quia
503 3173 549 3198 est
564 3166 596 3197 id
615 3177 682 3208 quo
702 3167 874 3207 explicatur
896 3168 1037 3199 nominis
1061 3168 1282 3208 significatum.
1304 3169 1339 3198 In

268 3210 424 3252 praesenti
443 3217 551 3242 autem
565 3211 676 3249 littera,
693 3218 816 3243 constat
830 3212 988 3243 rationem
1003 3213 1087 3243 sumi
1103 3213 1339 3244 denominative

268 3266 328 3297 pro
348 3255 556 3295 conceptione
575 3257 716 3287 mentali.
735 3257 777 3287 Et
796 3256 878 3288 dicta
893 3263 940 3288 est
955 3256 1121 3297 significari
1137 3267 1193 3298 per
1208 3267 1338 3293 nomen,

269 3300 345 3341 quia
364 3298 556 3339 significatur
574 3301 733 3340 proxime:
755 3300 897 3332 definitio
917 3307 1025 3332 autem
1049 3308 1095 3332 est
1118 3301 1198 3332 ratio
1222 3301 1338 3342 signifi-

270 3351 338 3375 cata
356 3354 413 3384 per
435 3353 555 3374 nomen
575 3344 701 3375 ultimo.
719 3363 739 3368 -
755 3345 796 3376 Et
811 3345 855 3376 sic
874 3352 960 3386 patet
983 3346 1102 3377 solutio
1127 3346 1339 3376 obiectorum.

323 3389 376 3420 IV.
395 3388 531 3418 Adverte
545 3387 605 3424 hic,
623 3389 712 3429 quod
727 3390 871 3430 quaestio
886 3390 1058 3431 praesentis
1072 3390 1192 3421 litterae
1211 3400 1278 3420 non
1294 3397 1340 3421 est

270 3434 308 3464 de
325 3433 428 3469 rebus,
442 3432 497 3462 sed
512 3432 552 3462 de
567 3432 761 3464 nominibus.
778 3434 820 3465 Et
835 3441 1011 3475 propterea,
1030 3434 1176 3475 quamvis
1192 3444 1340 3474 praesens

270 3477 414 3519 quaestio
438 3476 593 3517 potuisset
609 3475 690 3507 forte
713 3477 815 3508 decidi
838 3488 875 3509 ex
899 3479 1075 3510 diversitate
1098 3479 1259 3509 rationum
1274 3479 1339 3509 for-

269 3522 405 3552 malium
420 3520 657 3556 obiectivarum,
674 3527 711 3551 ut
726 3521 878 3553 Scotistae
902 3523 1030 3560 faciunt,
1046 3523 1257 3554 immiscendo
1273 3533 1339 3553 ma-

269 3566 381 3598 teriam
404 3566 443 3596 de
466 3566 569 3602 rebus,
594 3564 710 3596 scilicet
733 3565 773 3595 de
796 3566 995 3598 distinctione
1015 3567 1239 3598 attributorum
1263 3567 1339 3598 divi-

270 3620 403 3647 norum;
429 3610 573 3640 divinum
596 3616 703 3640 tamen
726 3610 874 3640 Auctoris
897 3611 1071 3652 ingenium,
1089 3622 1164 3643 cum
1180 3612 1288 3643 didicit
1304 3622 1340 3642 ex

414 3673 523 3697 Summae
543 3671 644 3695 Timor..
665 3670 696 3695 D.
714 3670 829 3695 Tamna
849 3670 881 3695 T.
900 3671 918 3696 1.

1394 1385 1406 1416 1
1423 1387 1600 1418 Periherm.
1612 1385 1628 1402 *
1648 1388 1738 1428 quod
1761 1388 1894 1419 nomina
1908 1394 1985 1420 sunt
1999 1390 2096 1430 signa
2113 1399 2225 1420 earum
2241 1399 2324 1430 quae
2341 1395 2416 1420 sunt
2433 1391 2464 1421 in

1395 1431 1506 1461 anima
1518 1433 1721 1472 passionum,
1746 1432 1971 1464 formalissime
1995 1433 2207 1464 diversitatem
2230 1433 2465 1474 significationis

1393 1474 1427 1505 in
1451 1475 1637 1507 nominibus
1660 1477 1799 1508 ostendit
1822 1487 1859 1508 ex
1883 1478 2060 1509 diversitate
2077 1478 2327 1519 conceptionum
2342 1478 2465 1510 animae

1395 1519 1658 1560 significatarum,
1684 1522 1803 1562 absque
1835 1522 1988 1553 mixtione
2019 1522 2152 1553 aliarum
2181 1522 2403 1554 difficultatum
2426 1524 2465 1554 de

1394 1564 1498 1596 rebus.
1524 1564 1610 1596 Cum
1634 1565 1692 1596 hac
1716 1566 1802 1597 enirn
1825 1567 1985 1597 decisione
2008 1574 2068 1598 stat
2091 1574 2225 1608 utraque
2249 1577 2320 1608 pars
2344 1574 2466 1599 contra-

1395 1609 1542 1641 dictionis
1564 1609 1598 1640 in
1621 1610 1751 1641 materia
1775 1611 1814 1641 de
1836 1611 2003 1643 attributis.
2032 1612 2166 1653 Propter
2188 1612 2293 1652 quod,
2318 1622 2357 1642 ne
2380 1619 2466 1643 tanta

1395 1653 1499 1694 operis
1525 1654 1670 1686 divinitas
1698 1654 1862 1692 foedetur,
1887 1666 1953 1687 non
1978 1663 2024 1687 est
2045 1656 2098 1687 hic
2119 1657 2318 1687 tractandum
2342 1657 2380 1687 de
2405 1657 2465 1687 dis-

1395 1698 1548 1729 tinctione
1571 1698 1624 1730 iua
1647 1699 1887 1737 attributorum;
1912 1701 1967 1731 sed
1991 1701 2030 1732 sit
2053 1701 2196 1741 quaestio
2221 1700 2375 1741 specialis.

1450 1743 1490 1774 V.
1507 1743 1542 1773 In
1566 1744 1773 1784 responsione
1789 1745 1829 1775 ad
1853 1745 2040 1782 secundum,
2060 1752 2137 1776 nota
2152 1746 2241 1786 quod
2263 1745 2296 1775 in
2314 1746 2465 1786 pluribus

1395 1788 1595 1828 conceptibus
1627 1788 1818 1820 clauduntur
1842 1790 1924 1826 duo,
1955 1790 2071 1821 scilicet
2094 1790 2277 1821 assimilatio
2310 1790 2350 1820 ad
2379 1790 2464 1820 obie-

1395 1839 1493 1869 ctum,
1511 1839 1542 1863 et
1557 1833 1720 1873 pluralitas
1737 1843 1859 1865 eorum.
1885 1834 1917 1865 Si
1933 1841 2102 1875 quaeratur
2116 1843 2208 1875 ergo:
2231 1835 2347 1865 Multis
2361 1835 2401 1865 de
2416 1845 2464 1873 re,

1388 1882 1473 1917 puta
1487 1877 1568 1915 Deo,
1585 1878 1786 1918 conceptibus
1801 1878 1878 1919 quid
1893 1879 2063 1919 respondet
2075 1880 2108 1909 in
2124 1879 2187 1909 re?
2205 1879 2464 1919 respondendum

1395 1928 1450 1957 est,
1471 1921 1561 1962 quod
1583 1921 1660 1962 ipsis
1676 1922 1882 1962 conceptibus
1898 1923 2070 1963 respondet
2092 1933 2140 1954 res
2160 1933 2224 1954 una
2247 1923 2463 1963 multipliciter

1394 1965 1555 1996 imitabilis
1579 1976 1635 1996 seu
1658 1967 1946 2007 repraesentabilisx
1976 1967 2147 2008 pluralitati
2179 1974 2286 1998 autem
2318 1968 2463 2008 ipsorum

1395 2017 1611 2051 conceptuum
1644 2021 1710 2041 non
1734 2012 1905 2052 respondet
1937 2012 2097 2052 pluralitas
2121 2012 2153 2042 in
2184 2022 2216 2042 re
2240 2012 2376 2049 obiecta,
2408 2013 2463 2043 sed

1396 2054 1566 2086 eminentia
1588 2054 1682 2092 illius,
1708 2065 1745 2086 ex
1768 2066 1832 2096 qua
1854 2055 1949 2087 habet
1971 2057 2061 2097 quod
2080 2056 2168 2087 unite
2193 2057 2351 2087 contineat
2374 2057 2463 2098 quod

1395 2099 1521 2129 divisim
1537 2099 1576 2129 ab
1596 2099 1658 2130 alio
1678 2100 1934 2140 apprehenditur.
1954 2101 2047 2132 Unde
2064 2111 2193 2141 arguere
2209 2111 2246 2131 ex
2262 2101 2462 2132 distinctione

1396 2151 1612 2184 conceptuum
1641 2145 1682 2174 ad
1705 2144 1942 2176 distinctionem
1969 2145 2110 2176 obiectae
2132 2145 2195 2182 rei,
2220 2152 2266 2176 est
2294 2155 2422 2185 arguere
2446 2156 2464 2176 a

1396 2187 1596 2219 distinctione
1621 2188 1791 2220 effectuum
1807 2190 1847 2219 ad
1871 2189 2106 2220 distinctionem
2123 2199 2250 2220 causae:
2271 2190 2359 2230 quod
2379 2196 2464 2229 patet

1396 2242 1462 2263 esse
1494 2232 1681 2270 ridiculum,
1702 2233 1857 2274 quoniam
1881 2244 1956 2264 cum
1979 2233 2183 2264 multitudine
2212 2233 2382 2264 effectuum
2405 2241 2464 2265 stat

1396 2277 1500 2307 unitas
1525 2287 1655 2314 causae,
1680 2284 1717 2308 ut
1740 2284 1834 2318 patet.
1858 2278 1899 2309 Et
1922 2285 2089 2319 propterea
2111 2278 2145 2308 in
2167 2278 2269 2309 littera
2292 2285 2464 2319 utrumque

1395 2321 1542 2361 tangitur,
1561 2322 1640 2352 dum
1660 2322 1774 2353 dicitur
1797 2322 1886 2363 quod
1907 2322 1950 2353 eis
1966 2323 2137 2364 respondet
2151 2333 2254 2353 unum
2271 2323 2462 2363 simpliciter,

1395 2366 1614 2406 multipliciter
1635 2373 1914 2407 repraesentatum.

1451 2411 1505 2442 VI.
1526 2411 1562 2441 In
1585 2411 1792 2452 responsione
1816 2412 1856 2442 ad
1879 2411 2026 2448 tertium,
2053 2411 2178 2442 adverte
2202 2412 2292 2452 quod
2314 2411 2367 2442 illa
2390 2422 2464 2452 pro-

1395 2455 1524 2495 positio,
1548 2456 1640 2486 Deus
1663 2461 1711 2487 est
1733 2466 1818 2486 unus
1841 2466 1888 2493 re,
1905 2461 1936 2487 et
1952 2456 2069 2496 plures
2090 2456 2266 2487 secundum
2292 2457 2460 2494 rationem,

1394 2506 1501 2540 potest
1525 2499 1691 2540 dupliciter
1714 2500 1842 2541 percipi.
1868 2501 1942 2531 Uno
1966 2500 2081 2536 modo,
2106 2507 2142 2531 ut
2166 2500 2206 2530 sit
2228 2500 2395 2540 multiplex
2417 2510 2463 2530 ra-

1395 2544 1482 2575 tione
1505 2544 1686 2582 subiective,
1707 2544 1788 2575 idest
1811 2545 1900 2585 quod
1923 2544 1963 2575 sit
1986 2544 2164 2575 subiectum
2187 2544 2329 2585 plurium
2353 2554 2463 2575 conce-

1395 2595 1527 2629 ptuum:
1549 2595 1580 2619 et
1603 2595 1649 2619 est
1671 2588 1758 2625 falsa,
1783 2589 1938 2630 quoniam
1961 2589 2074 2619 unicus
2098 2596 2145 2619 est
2168 2596 2340 2629 conceptus
2363 2589 2396 2618 in
2415 2589 2462 2619 in-

1395 2633 1521 2664 tellectu
1538 2633 1656 2669 divino,
1675 2643 1741 2673 quo
1756 2643 1789 2663 se
1806 2640 1837 2664 et
1852 2633 1961 2663 omnia
1977 2633 2072 2664 simul
2087 2633 2242 2673 intelligit.
2262 2633 2336 2664 Alio
2352 2634 2463 2669 modo,

1395 2677 1564 2715 obiective,
1589 2677 1670 2708 idest
1692 2677 1781 2718 quod
1805 2684 1851 2708 est
1874 2678 2036 2708 obiectum
2059 2677 2202 2718 plurium
2230 2684 2462 2718 conceptuum,

1394 2722 1460 2752 sive
1484 2722 1645 2752 actualiter
1668 2721 1733 2752 sive
1755 2722 1941 2753 virtualiter:
1967 2729 1998 2753 et
2021 2722 2064 2753 sic
2088 2729 2134 2753 est
2156 2732 2247 2758 vera,
2275 2728 2306 2753 et
2328 2722 2367 2752 ad
2391 2732 2464 2762 pro⁴

1395 2766 1548 2807 positum.
1573 2766 1619 2796 Ita
1634 2766 1723 2807 quod
1746 2766 1833 2797 Deus
1850 2766 1964 2797 dicitur
1982 2766 2147 2807 multiplex
2171 2767 2348 2797 secundum
2371 2767 2463 2797 ratio-

1394 2821 1479 2847 nem,
1505 2811 1594 2847 idest,
1620 2816 1667 2841 est
1689 2810 1851 2842 obiectum
1873 2810 2036 2842 verificans
2061 2818 2131 2842 actu
2154 2811 2206 2841 vel
2220 2811 2335 2842 virtute
2358 2811 2464 2851 plures

1395 2855 1620 2895 conceptiones
1644 2855 1682 2884 de
1707 2864 1755 2885 eo.

1450 2900 1518 2930 VII.
1539 2900 1574 2930 In
1591 2899 1702 2929 eadem
1725 2899 1942 2943 responsione,
1959 2899 2084 2930 adverte
2103 2900 2241 2931 radicem
2256 2899 2431 2940 praedictae
2446 2899 2464 2919 '¹‘

1394 2943 1632 2984 propositioniS‚
1649 2953 1686 2973 ex
1701 2950 1789 2983 parte
1812 2944 1881 2980 Dei,
1902 2954 1969 2975 esse
1989 2944 2181 2975 eminentem
2200 2944 2267 2974 eius
2291 2944 2461 2980 unitatem;

1395 2999 1431 3019 ex
1454 2994 1541 3029 parte
1564 2998 1639 3018 vero
1663 2987 1839 3019 intellectus
1858 2989 1968 3025 nostri,
1989 2998 2055 3019 esse
2071 2988 2314 3029 proportionem
2337 2988 2403 3018 eius
2423 2968 2463 3019 ad

1394 3032 1562 3064 sensibilia.
1586 3032 1627 3062 Et
1646 3031 1780 3063 intendit
1796 3033 1886 3073 quod
1902 3043 1995 3063 causa
2011 3032 2080 3063 talis
2099 3043 2134 3063 ac
2154 3039 2257 3063 tantae
2275 3032 2461 3073 pluralitatis

1394 3078 1555 3108 rationum
1580 3077 1618 3106 de
1641 3077 1720 3112 Deo,
1741 3086 1822 3117 quae
1846 3077 2031 3107 nominibus
2056 3076 2284 3117 significantur,
2307 3083 2353 3107 est
2376 3083 2462 3107 tanta

1395 3121 1554 3162 elongatio
1579 3120 1678 3151 nostri
1707 3120 1883 3152 intellectus
1915 3122 1953 3151 ab
1977 3121 2031 3151 illa
2062 3131 2188 3151 summa
2211 3120 2347 3157 unitate,
2371 3121 2460 3161 quod

1394 3167 1473 3197 adeo
1499 3165 1699 3196 dearticulate
1722 3165 1882 3205 intelligit,
1905 3165 2181 3206 quemadmodum
2204 3165 2237 3195 in
2260 3165 2353 3196 rebus
2377 3172 2461 3195 extra

1395 3209 1642 3241 diversificantur
1664 3209 1857 3240 imitationes
1881 3210 2013 3241 divinae.
2037 3210 2124 3241 Sicut
2147 3209 2232 3240 enim
2256 3215 2349 3246 extra,
2374 3209 2461 3240 aliud

1394 3262 1440 3286 est
1463 3254 1589 3290 iustitia,
1606 3254 1692 3284 aliud
1714 3254 1875 3294 sapientia,
1893 3261 1962 3291 etc„
1978 3255 2022 3285 ita
2045 3254 2139 3285 etiam
2162 3254 2194 3283 in
2217 3253 2376 3284 intellectu
2402 3263 2460 3284 no-

1394 3307 1475 3331 stro:
1501 3306 1531 3329 et
1554 3298 1624 3335 hoc,
1642 3304 1678 3329 ut
1692 3298 1773 3328 infra
1787 3297 1807 3316 *¹*
1824 3299 1952 3339 patebit,
1969 3298 2044 3339 quia
2065 3305 2110 3328 est
2125 3297 2255 3328 infimus
2271 3298 2459 3329 intellectus.
2487 3308 2495 3316 ·

1394 3363 1414 3367 -
1428 3345 1469 3374 Et
1492 3349 1568 3373 nota
1591 3342 1680 3383 quod
1696 3352 1763 3373 non
1777 3342 1868 3374 dixit:
1893 3344 1969 3384 quia
1985 3343 2163 3373 intellectus
2177 3343 2294 3382 accipit
2308 3352 2328 3373 a
2344 3343 2460 3381 rebus;

1394 3389 1449 3419 sed
1462 3388 1550 3418 dixit:
1570 3388 1646 3427 quia
1659 3387 1838 3418 intellectus
1853 3389 1898 3418 ita
1914 3387 2132 3427 multipliciter
2146 3387 2366 3427 apprehendit,
2377 3388 2460 3418 sicut

1394 3443 1446 3463 res
1470 3431 1688 3471 multipliciter
1710 3437 1962 3471 repraesentant.
1987 3431 2089 3467 Unde,
2110 3430 2135 3460 si
2154 3430 2330 3462 intellectus
2353 3438 2460 3462 noster

1394 3487 1459 3507 non
1484 3476 1636 3516 acciperet
1652 3475 1814 3506 scientiam
1833 3486 1851 3506 a
1870 3476 1972 3512 rebus,
1990 3482 2026 3506 ut
2042 3474 2173 3515 contigit
2194 3475 2228 3505 in
2251 3476 2364 3512 Adam,
2382 3476 2460 3506 nihil

1394 3521 1501 3552 minus
1517 3520 1602 3550 idern
1619 3520 1769 3560 sequitur,
1787 3530 1823 3550 ex
1838 3520 1901 3550 hoc
1917 3520 2006 3560 quod
2021 3519 2196 3550 intellectus
2212 3520 2460 3560 proportionalis

1395 3572 1442 3597 est
1464 3565 1566 3600 rebus,
1591 3571 1627 3594 ut
1649 3563 1682 3594 in
1704 3563 1806 3595 littera
1829 3564 1952 3595 dicitur.

1392 3646 1405 3657 ι
1450 3609 1531 3641 VIII.
1556 3609 1603 3638 Ex
1626 3608 1684 3639 hac
1703 3615 1811 3639 autem
1833 3608 1945 3644 radice,
1962 3614 1997 3639 tu
2014 3607 2069 3649 qui
2092 3607 2172 3638 alios
2191 3608 2329 3649 respicis,
2346 3608 2459 3639 habere

2286 3677 2316 3702 ¹9

2491 390 2501 399 '
2516 390 2567 411 Art.
2577 395 2595 411 1.

2492 1395 2504 1406 ⁸
2518 1395 2575 1424 Cap.
2587 1402 2603 1424 ι,
2618 1402 2642 1418 n.
2651 1402 2673 1418 2.

2490 2905 2585 2927 ⁸Num.
2595 2905 2703 2933 praeced.

2526 3307 2573 3334 Qu.
2596 3313 2681 3330 Lxxxrx
2694 3325 2700 3336 ,

2487 3337 2529 3356 art.
2541 3340 2556 3355 1.
