2768 4178
949 247 1215 293 QUAESTIO
1246 251 1367 298 XLV,
1396 254 1692 293 ARTICULUS
1720 257 1806 294 VIII

277 324 499 374 producitur
526 325 651 361 forma
679 324 944 362 substantialis.
976 325 1214 374 Relinquitur
1237 328 1346 376 igitur

278 379 385 427 quod
413 377 459 415 sit
485 390 554 427 per
583 377 826 414 creationem.

334 432 369 469 3.
385 432 619 478 PRAETEREA7
636 438 772 467 natura
786 430 874 468 facit
893 429 964 467 sibi
984 430 1118 468 simile.
1137 432 1215 469 Sed
1230 445 1345 481 quae-

279 485 369 522 dam
399 483 644 521 inveniuntur
671 490 850 531 generata
877 482 916 520 in
949 489 1083 520 natura
1112 496 1190 522 non
1215 486 1263 522 ab
1283 486 1346 522 ali-

278 550 356 586 quo
386 537 455 574 sibi
484 536 618 582 simili,
647 536 743 574 sicut
775 543 878 585 patet
905 535 945 572 in
974 536 1200 574 animalibus
1233 550 1346 586 gene-

277 590 365 628 ratis
384 602 454 639 per
480 588 807 639 putrefactionem.
838 589 940 637 Ergo
970 601 1105 626 eorum
1124 590 1249 627 forma
1268 603 1347 628 non

278 651 334 680 est
353 655 375 680 a
394 650 541 691 natura,
571 642 640 680 sed
658 655 681 679 a
701 642 906 679 creatione.
936 642 986 679 Et
1014 643 1150 680 eadem
1176 643 1270 680 ratio
1292 652 1346 681 est

278 697 326 734 de
355 696 447 734 aliis.

329 761 367 797 4.
388 750 626 795 Pmnrnnm,
656 747 763 796 quod
788 760 868 785 non
888 755 1047 796 creatur,
1068 761 1148 786 non
1168 757 1224 786 est
1243 761 1345 786 crea-

276 809 371 839 tura.
393 801 432 839 Si
451 801 563 850 igitur
575 800 614 837 in
633 800 690 837 his
706 813 805 849 quae
821 809 908 838 sunt
923 813 945 838 a
959 808 1094 838 natura
1114 814 1193 839 non
1213 802 1345 840 adiun-

276 863 384 903 gatur
411 854 562 902 creatio,
593 854 763 903 sequitur
791 854 897 904 quod
926 867 971 891 ea
1000 867 1098 904 quae
1127 862 1215 892 sunt
1238 867 1260 892 a
1280 867 1345 892 na-

276 916 360 946 tura
379 913 406 955 ⁷,
437 920 517 945 non
536 914 623 944 sunt
642 915 848 945 creaturae.
880 907 998 955 Quod
1018 915 1074 945 est
1098 907 1342 945 haereticum.

329 962 404 998 SED
434 973 580 998 CONTRA
608 972 674 998 EST
702 961 808 1009 quod
836 960 1082 1009 Augustinus,
1103 962 1225 1010 Super
1251 962 1343 999 Gen.

275 1015 328 1052 ad
348 1014 400 1051 lit.
420 1014 452 1062 ²⁸,
482 1014 674 1062 distinguit
702 1027 800 1063 opus
827 1014 1124 1063 propagationis,
1155 1015 1261 1064 quod
1290 1022 1346 1052 est

276 1080 374 1118 opus
404 1075 578 1116 naturae,
608 1068 656 1104 ab
686 1080 803 1116 opere
833 1067 1044 1105 creationis.

329 1122 557 1158 Responmzo
594 1133 779 1158 DlCENDUM
808 1121 915 1169 quod
951 1121 1048 1158 haec
1077 1120 1260 1158 dubitatio
1289 1121 1344 1158 in-

276 1175 426 1212 ducitur
452 1181 610 1223 propter
637 1174 791 1211 formas.
823 1173 931 1220 Quas
955 1173 1115 1222 quidam
1133 1182 1346 1222 posuerunt

275 1240 355 1266 non
382 1227 550 1277 incipere
578 1239 646 1277 per
672 1227 863 1264 actionem
892 1235 1065 1274 naturae,
1095 1227 1163 1264 sed
1182 1227 1287 1276 prius
1306 1227 1345 1264 in

274 1281 442 1319 materia*
449 1275 625 1328 extitisse,
642 1288 829 1329 ponentes
848 1280 1104 1318 latitationem
1117 1279 1342 1318 formarum.

273 1355 298 1363 -
318 1335 368 1372 Et
386 1335 462 1372 hoc
481 1334 616 1372 accidit
635 1334 688 1371 eis
709 1346 754 1371 ex
772 1333 983 1382 ignorantia
1001 1333 1183 1371 materiae
1203 1333 1234 1381 ²¹²,
1256 1334 1346 1382 quia

273 1387 496 1425 nesciebant
522 1387 751 1435 distinguere
779 1386 876 1424 inter
902 1386 1113 1436 potentiam
1135 1394 1171 1424 et
1194 1395 1347 1424 actum:

273 1440 364 1491 quia
391 1441 494 1478 enim
514 1441 662 1478 formae
689 1440 948 1490 praeexistunt
973 1440 1013 1477 in
1041 1440 1200 1477 materia
1218 1440 1257 1477 in
1275 1453 1344 1490 po-

272 1494 401 1542 tentia,
416 1502 629 1543 posuerunt
647 1506 712 1531 eas
732 1493 953 1543 simpliciter
970 1493 1235 1543 praeexistere.

325 1547 399 1585 Alii
426 1559 521 1585 vero
549 1554 762 1597 posuerunt
789 1547 933 1584 formas
962 1546 1044 1584 dari
1071 1547 1134 1584 vel
1154 1544 1168 1568 ὅ
1197 1547 1343 1584 causari

272 1601 323 1639 ab
339 1608 476 1649 agente
498 1607 687 1650 separato,
707 1612 778 1649 per
795 1600 958 1638 modum
978 1599 1187 1638 creationis.
1219 1602 1268 1638 Et
1287 1613 1344 1638 se-

273 1653 444 1692 eundum
477 1654 554 1691 hoc
588 1653 742 1691 cuilibet
777 1653 989 1703 operationi
1012 1661 1180 1691 'naturae
1209 1654 1343 1691 adiun-

271 1706 369 1755 gitur
397 1707 549 1744 creatio.
570 1728 595 1735 -
617 1707 695 1744 Sed
723 1707 799 1744 hoc
827 1704 963 1744 accidit
991 1707 1045 1744 eis
1065 1719 1110 1744 ex
1133 1707 1344 1755 ignorantia

272 1760 433 1798 formae.
473 1761 567 1798 Non
604 1760 706 1797 enim
745 1760 1041 1798 considerabant
1076 1761 1183 1810 quod
1221 1761 1344 1798 forma

273 1813 454 1852 naturalis
487 1813 659 1863 corporis
695 1825 776 1851 non
813 1821 870 1851 est
901 1813 1134 1860 subsistens,
1173 1814 1241 1852 sed
1269 1826 1343 1863 quo

322 1945 350 1980 γ)
369 1952 402 1972 ea
419 1953 488 1979 quae
506 1949 569 1971 sunt
586 1953 604 1970 a
622 1948 730 1971 natura.
749 1960 767 1966 ·-
786 1945 847 1971 Orn.
868 1946 908 1971 ed.
927 1954 953 1972 a.

323 1981 350 2014 ὃ)
369 1982 432 2008 dari
449 1982 499 2007 vel.
517 1996 535 2001 -
553 1981 616 2007 Om.
634 1981 654 2006 F
657 1981 722 2007 Gab.

322 2017 346 2050 ε)
364 2017 514 2043 conveniat.
531 2031 551 2037 -
567 2017 728 2043 conveniant
746 2018 776 2042 B.

322 2050 349 2086 ζ)
363 2052 604 2086 praesupponitur.
621 2066 640 2072 —
657 2053 761 2086 aliquid
779 2052 837 2078 add.
856 2053 884 2078 P.

2385 272 2462 309 477

1401 330 1542 389 aliquid
1568 341 1642 370 est:
1673 342 1708 371 et
1735 334 1834 383 ideo,
1857 349 1944 373 cum
1973 338 2055 375 fieri
2077 346 2112 375 et
2132 339 2248 376 creari
2272 353 2351 378 non
2371 353 2463 378 con-

1400 391 1528 442 vemat
1545 390 1556 405 ²
1582 387 1734 435 proprie
1755 388 1825 424 nisi
1850 389 1902 425 rei
1932 391 2157 438 subsistenti,
2187 392 2282 430 sicut
2310 406 2423 443 supra
2441 394 2462 416 '¹‘

1401 435 1542 473 d1ctum
1571 446 1637 486 est,
1667 440 1876 478 formarum
1904 455 1983 480 non
2003 451 2058 481 est
2075 445 2158 481 fieri
2185 457 2309 495 neque
2330 447 2458 495 creari,

1401 488 1468 525 sed
1495 497 1694 528 concreata
1723 505 1816 530 esse.

1454 542 1572 601 Quod
1591 551 1719 581 autem
1738 547 1889 595 proprie
1914 548 1956 584 fit
1975 549 2022 585 ab
2051 558 2184 598 agente
2212 552 2382 599 naturali,
2405 560 2461 590 est

1402 603 1669 651 compositum,
1699 600 1803 646 quod
1831 600 1874 636 fit
1902 612 1946 636 ex
1966 603 2133 640 materia.
2164 604 2274 641 Unde
2302 604 2340 641 in
2369 618 2459 654 ope-

1401 646 1504 683 ribus
1532 656 1687 686 naturae
1716 663 1795 688 non
1822 652 2052 691 admiscetur
2076 656 2235 693 creatio:
2265 658 2334 694 sed
2351 670 2459 706 prae-

1401 701 1627 747 supponitur
1646 702 1660 728 ς
1688 703 1736 740 ad
1765 705 2025 753 operationem
2055 716 2220 746 naturae.

1429 754 1512 810 ‘AD
1541 766 1677 791 PRIMUM
1704 768 1802 794 ERGO
1839 770 2022 796 morannum
2059 762 2164 809 quod
2195 763 2339 799 formae
2368 763 2458 800 inci-

1400 812 1508 862 piunt
1536 818 1617 844 esse
1645 807 1683 844 in
1711 817 1817 857 actu,
1847 812 2066 860 compositis
2094 814 2218 862 factis,
2247 827 2326 852 non
2354 818 2458 865 quod

1400 869 1504 905 ipsae
1523 859 1617 896 fiant
1634 872 1703 908 per
1722 874 1774 909 se,
1796 863 1863 900 sed
1881 876 1951 912 per
1969 865 2141 903 accidens
2161 875 2318 905 tantum.

1401 961 1407 968 ·
1453 912 1512 947 AD
1541 923 1730 950 SECUNDUM
1750 927 1931 953 chENDUM
1961 920 2063 965 quod
2098 920 2293 968 qualitates
2313 921 2457 959 activae

1399 974 1438 1021 ¹.n
1466 971 1596 1002 natura
1627 974 1741 1014 agunt
1768 967 1805 1004 in
1833 968 1967 1006 virtute
1996 971 2205 1010 formarum
2234 974 2457 1011 substantia—

1399 1016 1504 1074 lium.
1534 1018 1583 1054 Et
1601 1018 1688 1055 ideo
1709 1032 1824 1067 agens
1844 1024 2010 1060 naturale
2039 1037 2116 1061 non
2141 1026 2265 1062 solum
2284 1027 2459 1075 producit

1400 1069 1471 1105 S1bi
1492 1069 1616 1128 simile
1636 1073 1846 1110 secundum
1867 1076 2084 1123 qualitatem
2103 1083 2128 1126 η,
2158 1079 2225 1116 sed
2244 1080 2456 1117 seeundum

1399 1134 1579 1171 speciem.

1452 1178 1511 1212 AD
1540 1188 1698 1215 TERTmM
1736 1191 1918 1217 mcENDUM
1954 1182 2058 1230 quod
2095 1184 2143 1220 ad
2175 1185 2456 1231 generationem

1400 1228 1622 1266 animalium
1659 1231 1969 1280 imperfectorum
1999 1235 2135 1273 sufficit
2163 1249 2276 1284 agens
2307 1239 2457 1276 univer-

1399 1282 1490 1329 sale,
1520 1284 1626 1330 quod
1655 1292 1711 1321 est
1737 1285 1855 1322 virtus
1885 1287 2063 1335 caelestis,
2094 1289 2152 1325 cui
2177 1291 2427 1328 assimilantur
2444 1289 2458 1313 ⁰

1400 1347 1479 1371 non
1498 1337 1710 1374 secundum
1731 1338 1910 1386 speciem,
1927 1341 1995 1377 sed
2014 1343 2224 1379 secundum
2244 1344 2456 1392 analogiam

1400 1389 1615 1437 quandam:
1644 1402 1768 1439 neque
1797 1400 1946 1440 oportet
1965 1393 2088 1431 dicere
2107 1396 2211 1443 quod
2231 1408 2365 1434 eorum
2384 1398 2457 1435 for—

1400 1453 1487 1500 mae
1521 1450 1697 1480 creantur
1732 1445 1780 1481 ab
1814 1453 1946 1493 agente
1983 1455 2168 1496 separato.
2207 1449 2268 1486 Ad
2303 1462 2457 1498 genera-

1398 1502 1544 1532 tionem
1571 1508 1667 1533 vero
1695 1497 1915 1535 animalium
1942 1501 2196 1548 perfectorum
2224 1515 2302 1540 non
2322 1503 2458 1541 sufficit

1399 1560 1515 1596 agens
1533 1549 1769 1587 universale:
1799 1551 1866 1588 sed
1887 1553 2085 1600 requiritur
2112 1566 2227 1602 agens
2246 1556 2455 1605 proprium,

1399 1603 1504 1650 quod
1534 1610 1589 1639 est
1615 1615 1801 1650 generans
1828 1605 2049 1643 univocum.

1452 1657 1511 1692 AD
1540 1667 1713 1698 QUARTUM
1741 1669 1924 1695 mcennum
1957 1660 2062 1707 quod
2086 1661 2263 1709 ,operatio
2302 1669 2456 1699 naturae

1399 1721 1477 1745 non
1511 1716 1567 1746 est
1603 1709 1674 1746 nisi
1712 1722 1757 1747 ex
1793 1713 2147 1761 praesuppositione
2183 1714 2457 1764 principiorum

1399 1769 1632 1799 creatorum:
1668 1770 1704 1799 et
1731 1763 1784 1800 sic
1822 1776 1866 1800 ea
1900 1776 1998 1813 quae
2029 1778 2099 1814 per
2135 1775 2308 1806 naturam
2336 1769 2455 1817 fiunt,

1399 1823 1594 1852 creaturae
1624 1816 1808 1854 dicuntur.

1451 1948 1477 1980 η)
1497 1948 1661 1981 qualitatem.
1679 1963 1698 1968 —
1714 1949 1901 1982 aequalitatem
1920 1950 1996 1976 ACE.

1399 1981 1689 2044 milggtxssigiiilczntur.
1707 1999 1726 2004 —
1743 1985 1897 2010 similantur
1919 1986 2069 2018 ACDEFG;
2089 1986 2192 2017 (virtus
2209 1988 2328 2013 cecitatis
2346 1988 2404 2020 cui)
2423 1988 2457 2014 si-

948 2141 1285 2174 Commentaria
1307 2141 1558 2175 Cardinalis
1581 2143 1781 2177 Caietam

300 2245 320 2266 n
343 2234 438 2267 titulo
461 2234 525 2265 hoc
547 2234 683 2271 adverte,
707 2233 797 2275 quod
821 2234 968 2275 quaestio
989 2241 1036 2265 est
1058 2244 1125 2265 non
1149 2235 1188 2265 de
1211 2234 1343 2275 singulis

300 2279 452 2320 operibus
475 2285 605 2310 naturae
628 2285 659 2310 et
681 2278 765 2314 artis,
790 2278 844 2309 sed
869 2278 908 2309 de
931 2279 1082 2310 omnibus
1106 2286 1162 2310 aut
1181 2279 1342 2319 pluribus:

269 2333 311 2354 an
334 2323 450 2355 creatio
478 2322 512 2353 in
535 2322 686 2353 omnibus
718 2329 773 2353 aut
800 2322 944 2363 pluribus
977 2323 1127 2364 operibus
1158 2330 1288 2354 naturae
1313 2330 1343 2355 et

269 2367 343 2399 artis
359 2367 537 2398 misceatur.
562 2367 643 2398 Dico
667 2373 776 2398 autern
798 2366 860 2398 hoc
881 2374 1012 2408 propter
1030 2367 1269 2408 generationem
1285 2367 1343 2398 ho-

269 2411 380 2443 minis:
405 2411 561 2453 quoniam
584 2411 624 2442 de
647 2421 684 2442 ea
706 2411 796 2442 nulla
818 2411 869 2442 hic
891 2410 928 2442 fit
951 2412 1083 2448 mentio,
1107 2412 1185 2453 quia
1204 2412 1294 2453 quod
1310 2412 1343 2443 in

268 2456 415 2498 pluribus
438 2463 485 2487 est
507 2462 657 2487 tractatur
679 2455 741 2486 hic.

307 2527 309 2529 ,
327 2501 364 2531 In
380 2510 514 2541 corpore
529 2506 669 2540 quatuor
683 2499 775 2530 facit:
800 2500 916 2540 primo,
933 2499 1035 2531 reddit
1049 2510 1179 2531 causam
1194 2501 1328 2542 quaesiti
1334 2510 1342 2538 ;

270 2544 422 2580 secundo,
433 2551 544 2575 tractat
556 2554 655 2574 unam
667 2543 869 2585 opinionem;
887 2544 990 2581 tertio,
1002 2544 1199 2586 oppositam;
1216 2552 1342 2586 quarto,

269 2588 442 2630 respondet
463 2588 618 2629 quaesito.

329 2633 366 2664 11.
400 2633 517 2670 Quoad
550 2632 710 2673 primum,
742 2632 822 2664 ratio
855 2632 988 2674 quaesiti
1021 2640 1067 2664 est
1097 2632 1193 2664 factio
1223 2633 1343 2665 forma-

270 2687 360 2714 rum,
385 2677 424 2707 de
448 2687 513 2718 qua
535 2677 622 2718 apud
649 2687 762 2707 omnes
785 2676 862 2714 fuit,
887 2684 918 2708 et
941 2684 1000 2714 est,
1025 2677 1163 2708 maxima
1186 2678 1341 2719 quaestio.

271 2721 358 2753 Cum
377 2721 463 2752 enim
487 2721 669 2752 communis
692 2721 790 2752 animi
810 2721 976 2762 conceptio
993 2722 1141 2754 omnium
1156 2730 1238 2754 esset
1253 2723 1342 2764 quod

270 2775 313 2798 ex
335 2766 436 2797 nihilo
467 2766 548 2796 nihil
563 2766 627 2807 fit,
659 2772 690 2796 et
712 2765 857 2797 similiter
885 2767 966 2797 nihil
992 2768 1167 2798 revertitur
1196 2768 1228 2798 in
1263 2768 1344 2798 nihil

271 2808 318 2853 (et
341 2810 527 2850 intelligitur
557 2819 599 2841 ex
622 2810 721 2841 nihilo
743 2811 812 2848 sui,
838 2816 869 2841 et
891 2810 1034 2843 similiter
1057 2812 1089 2842 in
1114 2812 1195 2843 nihil
1216 2813 1289 2843 sui:
1312 2819 1343 2843 et

270 2864 351 2891 non,
376 2861 413 2886 ut
436 2854 530 2886 rudes
553 2854 743 2894 intelligunt,
768 2864 810 2885 ex
833 2855 923 2886 nullo
939 2854 1219 2898 praesupposito);
1245 2858 1276 2887 et
1296 2856 1342 2886 vi-

270 2899 380 2930 derent
413 2898 533 2929 formas
565 2898 786 2930 substantiales
818 2899 987 2940 praecipue
1020 2901 1215 2942 quandoque
1246 2911 1342 2941 appa-

270 2952 346 2980 rere,
365 2950 396 2975 et
411 2943 607 2984 quandoque
631 2952 714 2973 non:
738 2943 772 2974 in
790 2943 891 2974 varias
909 2943 1088 2976 inciderunt
1107 2945 1275 2985 opiniones
1292 2955 1342 2976 ex-

269 2993 395 3019 tremas.

327 3032 412 3062 Narn
428 3031 560 3072 quidam
577 3031 604 3068 *,
628 3039 785 3073 ponentes
800 3032 1019 3070 latitationem,
1035 3033 1270 3074 respondebant
1287 3043 1341 3064 ne-

182 3076 189 3089 ’
235 3075 242 3082 '
269 3075 373 3115 gative
396 3075 591 3117 quaestioni:
617 3076 692 3117 quia
715 3077 873 3117 negabant
896 3087 993 3108 omne
1015 3076 1097 3114 fieri,
1122 3087 1162 3109 ne
1185 3085 1342 3118 ponerent

270 3119 390 3170 aliquid
414 3119 566 3170 exnihilo
585 3119 662 3152 fieri.
686 3121 728 3152 Et
747 3121 808 3151 hos
824 3121 1024 3162 reprehendit
1047 3123 1170 3153 Auctor
1192 3122 1340 3163 ignoran-

270 3170 332 3195 tiae
355 3171 514 3195 materiae.

325 3208 390 3238 Alii
413 3206 475 3250 (de
502 3218 644 3249 quorum
673 3219 810 3240 numero
832 3209 980 3241 videntur
1001 3209 1093 3241 Plato
1112 3210 1131 3230 *
1153 3217 1184 3241 et
1206 3210 1340 3241 Avicen-

133 3253 140 3260 “
197 3265 202 3269 ·
270 3261 312 3282 na
325 3252 353 3289 *,
370 3250 454 3295 etc.),
470 3260 626 3293 ponentes
641 3252 761 3284 formas
775 3254 903 3294 proprie
917 3253 996 3291 fieri,
1011 3255 1244 3295 responderunt
1260 3254 1340 3285 affir-

172 3307 178 3313 ·
226 3308 242 3346 j,
270 3296 405 3327 mative:
429 3297 505 3338 quia
527 3296 608 3328 fiunt
636 3307 674 3328 ex
695 3298 796 3329 nihilo
820 3298 880 3330 sui.
911 3298 1058 3330 Subiecta
1079 3306 1187 3331 tamen
1211 3299 1341 3330 materia

235 3361 241 3367 -
269 3340 384 3371 velavit
406 3341 519 3372 oculos
543 3351 672 3379 eorum,
697 3352 737 3373 ne
761 3342 957 3374 adverterent
979 3353 1098 3384 ponere
1122 3354 1155 3374 se
1179 3353 1216 3374 ex
1238 3343 1339 3373 nihilo

269 3384 389 3425 aliquid
403 3384 480 3416 fieri.
504 3385 547 3416 Et
561 3385 621 3416 hos
644 3386 746 3427 arguit
761 3389 893 3424 Auctor,
910 3387 986 3429 quia
999 3388 1178 3419 nescierunt
1194 3394 1339 3418 naturam

269 3429 406 3459 formae:
431 3429 520 3470 quod
544 3429 660 3461 scilicet
683 3430 804 3462 formae
824 3431 1002 3469 materialis,
1028 3432 1067 3462 de
1083 3442 1146 3473 qua
1164 3431 1337 3472 loquimur,

269 3483 336 3503 non
360 3480 406 3504 est
419 3473 501 3514 fieri
523 3483 581 3504 nec
604 3483 681 3506 esse.

328 3517 423 3548 Solus
447 3517 572 3548 divinus
588 3517 641 3548 ille
656 3518 841 3550 Aristoteles
865 3520 974 3560 quoad
992 3520 1167 3561 ingenium,
1187 3519 1272 3549 viam
1291 3519 1338 3549 in-

173 3569 179 3580 ’
226 3569 241 3601 ‚¹
268 3561 354 3592 venit
377 3562 535 3599 mediam,
568 3572 632 3603 qua
655 3568 686 3593 et
707 3572 779 3593 vere
802 3573 851 3594 res
874 3563 1003 3601 fierent,
1038 3571 1068 3595 et
1091 3564 1170 3595 nihil
1192 3562 1279 3594 fieret
1302 3573 1339 3593 ex

269 3606 369 3637 nihilo
386 3606 445 3637 sui.
469 3606 625 3637 Ponendo
642 3606 727 3637 enim
745 3607 763 3627 *
786 3608 875 3648 quod
891 3608 1014 3639 formae
1038 3615 1112 3639 sunt
1131 3615 1161 3639 et
1176 3617 1242 3638 non
1266 3614 1340 3638 sunt

1398 2231 1516 2272 absque
1540 2232 1739 2272 generatione
1763 2240 1794 2264 et
1817 2233 2029 2274 corruptione,
2052 2234 2132 2265 idest
2155 2235 2244 2275 quod
2266 2245 2374 2265 earum
2392 2245 2458 2266 non

1398 2282 1444 2306 est
1475 2275 1542 2306 fieri
1570 2287 1627 2307 nec
1652 2277 1831 2318 corrumpi,
1863 2278 1919 2308 sed
1948 2278 2037 2318 quod
2065 2278 2132 2308 sola
2160 2279 2336 2319 composita
2357 2278 2456 2315 fiunt,

1397 2327 1586 2360 generantur
1609 2328 1640 2352 et
1655 2328 1912 2362 corrumpuntur,
1933 2322 2040 2352 omnia
2059 2322 2202 2353 salvavit:
2228 2333 2351 2363 semper
2374 2323 2459 2353 enim

1399 2364 1518 2405 aliquid
1543 2365 1713 2406 compositi
1736 2374 1858 2406 praeest
1882 2373 1911 2397 et
1934 2373 2082 2402 remanet,
2108 2366 2223 2397 scilicet
2245 2367 2383 2398 materia.

1456 2409 1498 2440 Et
1520 2409 1564 2440 sic
1587 2410 1796 2450 respondetur
1821 2410 1963 2450 negative
1986 2410 2173 2451 quaestioni.
2206 2411 2266 2441 Sed
2294 2421 2360 2441 non
2383 2411 2458 2452 quia

1397 2453 1476 2484 nihil
1499 2453 1552 2484 fit:
1586 2454 1641 2484 sed
1664 2454 1738 2495 quia
1767 2451 1835 2485 sola
1865 2455 2042 2494 composita
2068 2454 2168 2490 fiunt,
2200 2454 2320 2485 formae
2350 2463 2458 2486 autem

1397 2505 1472 2529 sunt
1495 2499 1535 2528 ad
1558 2498 1729 2529 factionem
1753 2499 2019 2539 compositorum,
2049 2505 2079 2529 et
2102 2509 2167 2528 non
2191 2505 2264 2530 sunt
2287 2499 2326 2529 ad
2350 2509 2457 2530 corru-

1397 2542 1542 2583 ptionem
1558 2543 1742 2574 eorundem.
1768 2543 1894 2574 Creatio
1918 2553 1992 2583 ergo
2016 2553 2082 2573 non
2105 2542 2293 2574 admiscetur
2309 2543 2456 2584 operibus

1396 2594 1535 2623 naturae,
1561 2587 1615 2617 sed
1638 2587 1904 2628 praesupponitur
1927 2587 2038 2618 eidem.
2055 2605 2077 2610 —
2092 2587 2133 2617 Et
2155 2586 2198 2617 sic
2218 2593 2326 2627 patent
2349 2587 2456 2618 omnia

1397 2641 1479 2672 quae
1502 2638 1576 2663 sunt
1598 2631 1631 2662 in
1653 2631 1764 2663 littera.

1455 2676 1506 2707 111.
1531 2676 1567 2706 In
1590 2676 1794 2716 responsione
1818 2676 1857 2706 ad
1880 2675 2068 2711 secundum,
2093 2675 2290 2705 tractandum
2314 2681 2393 2706 esset
2415 2685 2456 2705 an

1397 2720 1562 2761 qualitates
1581 2720 1698 2751 activae
1718 2720 1840 2760 possint
1861 2719 2008 2750 inducere
2027 2718 2144 2750 formas
2163 2719 2380 2751 substantiales
2395 2719 2455 2750 vir-

1396 2771 1463 2796 tute
1479 2765 1735 2796 substantiarum.
1755 2764 1816 2795 Sed
1830 2763 1984 2805 quoniam
1998 2763 2127 2794 inferius
2139 2763 2165 2799 *,
2186 2763 2240 2794 ubi
2255 2763 2294 2794 de
2305 2764 2454 2804 potentiis

1396 2809 1499 2849 angeli
1523 2816 1553 2840 et
1576 2809 1698 2839 animae
1727 2815 1850 2849 agetur,
1875 2807 2088 2838 universaliter
2117 2807 2296 2838 tractabitur
2318 2818 2358 2837 an
2382 2808 2454 2838 sub-

1397 2853 1509 2885 stantia
1533 2860 1633 2884 creata
1656 2853 1756 2893 possit
1779 2862 1845 2883 esse
1866 2851 2087 2882 immediatum
2109 2851 2300 2893 principium
2323 2851 2453 2882 alicuius

1397 2898 1600 2939 operationis,
1620 2897 1692 2928 ideo
1711 2897 1786 2928 illuc
1804 2906 1906 2937 usque
1926 2895 2091 2932 differatur,
2113 2902 2170 2926 etc.

1450 2942 1502 2973 IV.
1519 2943 1554 2972 In
1569 2941 1775 2982 responsione
1789 2941 1828 2970 ad
1841 2939 1977 2976 tertium,
1994 2940 2118 2970 adverte
2134 2940 2210 2969 duo.
2226 2939 2333 2969 Primo
2353 2939 2451 2979 quod,

1396 2997 1471 3018 cum
1500 2986 1614 3017 dicitur
1645 2986 1684 3016 ad
1715 2984 1950 3025 generationem
1980 2983 2165 3014 animalium
2196 2982 2453 3023 imperfectorum

1395 3031 1536 3061 sufficere
1559 3040 1653 3070 agens
1677 3029 1870 3065 universale,
1902 3038 1968 3058 non
1991 3027 2165 3058 excluditur
2194 3027 2291 3058 virtus
2319 3037 2453 3068 propor-

1395 3075 1520 3106 tionalis
1545 3074 1672 3110 semini,
1698 3083 1779 3114 quae
1802 3080 1848 3103 est
1870 3072 2014 3113 proxima
2037 3082 2129 3102 causa
2151 3070 2373 3111 generationis:
2398 3071 2452 3101 sed

1391 3119 1568 3157 ,excluditur
1585 3117 1767 3158 proximum
1787 3116 1960 3147 univocum
1983 3115 2163 3151 formaliter,
2187 3125 2206 3144 a
2228 3124 2293 3155 quo
2317 3114 2453 3145 derivata

1394 3164 1433 3194 sit
1455 3163 1502 3193 vis
1525 3163 1593 3198 illa,
1619 3162 1699 3192 sicut
1721 3171 1739 3191 a
1762 3161 1842 3191 bove
1866 3166 2031 3200 generante
2054 3158 2206 3190 deciditur
2229 3168 2336 3188 semen
2359 3168 2451 3198 gene-

1394 3208 1528 3239 rativum
1550 3206 1650 3242 bovis,
1675 3212 1732 3236 etc.
1756 3207 1807 3235 An
1831 3211 1937 3235 autern
1960 3204 2031 3234 illae
2053 3203 2181 3234 virtutes
2205 3202 2378 3233 necessario
2394 3211 2452 3243 po-

1394 3252 1514 3283 nendae
1537 3251 1608 3286 sint,
1632 3249 1757 3280 alterius
1780 3249 1899 3289 negotii
1918 3255 1972 3279 est.
1989 3248 2043 3279 Sat
2059 3254 2104 3278 est
2122 3247 2181 3283 hic,
2197 3247 2286 3287 quod
2299 3246 2369 3277 illae
2384 3256 2451 3277 non

1394 3296 1602 3327 excluduntur
1613 3304 1650 3324 ex
1665 3293 1849 3324 sufficientia
1864 3292 1982 3333 agentis
1994 3290 2191 3323 universalis:
2212 3290 2365 3331 quoniam
2379 3290 2451 3321 illae

1394 3347 1467 3371 sunt
1480 3340 1687 3370 instrumenta
1702 3337 1884 3368 universalis
1900 3336 2027 3376 agentis,
2045 3336 2070 3366 si
2086 3342 2167 3366 sunt.
2185 3335 2233 3365 De
2248 3334 2363 3375 quibus
2378 3334 2450 3365 vide

1393 3387 1574 3419 Averromn,
1598 3382 1655 3413 XII
1678 3382 1881 3422 Metaphys.‚
1906 3390 2022 3411 comm.
2039 3390 2102 3409 xm.

1448 3428 1593 3459 Secundo
1617 3426 1723 3467 quod,
1746 3425 1821 3466 quia
1844 3425 1946 3455 adhuc
1970 3434 2034 3454 non
2058 3430 2104 3454 est
2127 3422 2268 3453 decisum
2294 3432 2333 3452 an
2352 3421 2450 3453 virtus

1393 3472 1530 3504 caelestis
1554 3471 1593 3501 sit
1616 3470 1752 3500 animata
1775 3476 1811 3500 ut
1833 3468 1933 3509 possit
1955 3467 2071 3498 animal
2093 3466 2202 3503 facere,
2227 3473 2281 3497 aut
2301 3465 2450 3497 virtutem

1392 3523 1550 3557 separatae
1565 3514 1646 3545 vitae
1663 3512 1850 3544 sufficienter
1868 3512 2072 3552 participans;
2096 3510 2211 3541 idcirco
2229 3520 2295 3540 non
2310 3510 2350 3540 ad
2365 3510 2450 3540 hunc

1393 3567 1510 3601 spectat
1533 3559 1641 3589 locum
1664 3557 1831 3598 quomodo
1854 3556 1976 3587 caelum
1998 3555 2107 3586 vivum
2129 3554 2229 3585 facere
2244 3560 2358 3595 potest.
2383 3554 2449 3585 Suo

1393 3605 1487 3645 igitur
1505 3604 1578 3634 loco
1597 3602 1614 3622 *
1637 3601 1779 3643 quaestio
1799 3600 2000 3641 relinquatur.

2488 427 2499 438 ⁸
2512 427 2564 449 Art.
2580 434 2606 455 4.

2481 2768 2490 2776 ·
2497 2766 2544 2793 Qu.
2553 2772 2595 2793 uv,
2611 2769 2652 2787 art.
2661 2771 2672 2793 3
2683 2773 2688 2790 ;

2481 2799 2520 2820 qu.
2527 2798 2612 2820 uxvu,
2621 2795 2664 2814 art.
2674 2798 2691 2814 ι.

2476 3574 2486 3583 ·
2501 3573 2560 3594 Vide
2574 3578 2612 3601 qn.
2626 3578 2684 3598 Lxx,

2475 3603 2518 3622 art.
2532 3605 2555 3627 3,
2571 3599 2600 3621 nd
2613 3604 2634 3627 3.
