2768 4178
149 700 164 730 t

147 813 164 837 η

953 244 1221 291 QUAESTIO
1251 244 1431 291 XXXVI,
1461 244 1757 282 ARTICULUS
1789 246 1820 280 II

292 329 516 361 manentem.
553 325 654 372 Ergo
691 323 851 373 Spiritus
886 324 1046 360 Sanctus
1080 335 1159 360 non
1187 322 1360 372 procedit

292 389 315 414 a
343 376 452 414 Filio.

348 431 381 467 5.
402 431 636 477 Pmmsnm,
663 429 780 467 Filius
808 428 980 477 procedit
1008 437 1048 465 ut
1074 429 1251 465 verbum.
1283 429 1359 466 Sed

291 483 442 531 spiritus
470 490 600 520 noster
626 483 666 519 in
694 482 806 519 nobis
825 494 904 519 non
923 482 1077 518 videtur
1107 481 1317 530 procedere
1338 494 1359 518 a

290 537 412 573 verbo
441 543 585 573 nostro.
625 536 727 583 Ergo
756 547 828 572 nec
863 534 1022 583 Spiritus
1042 540 1052 554 ¹
1082 535 1243 571 Sanctus
1270 547 1360 583 pro—

292 589 391 626 cedit
419 601 442 626 a
470 588 578 625 Filio.

345 643 381 679 6.
413 643 654 687 PRAETEREA,
694 639 854 689 Spiritus
883 640 1045 677 Sanctus
1078 640 1243 688 perfecte
1272 653 1358 689 pro-

291 695 391 732 cedit
409 707 431 731 a
451 696 574 731 Patre.
605 694 707 741 Ergo
733 693 971 741 superfluum
991 700 1047 730 est
1066 693 1190 730 dicere
1212 693 1225 719 ἔ
1254 694 1359 741 quod

290 747 464 796 procedit
491 759 513 783 a
542 746 650 783 Filio.

345 812 381 848 7.
403 801 636 846 PRAETEREA,
658 798 694 835 in
713 799 906 847 perpetuis
933 811 1007 836 non
1037 799 1164 849 differt
1180 805 1194 822 ’¹
1221 812 1300 836 esse
1327 806 1363 836 et

50 860 207 909 '⁶⁸33ng
201 866 225 882 n
239 866 265 888 9-
284 864 407 912 posse,
436 859 478 889 ut
506 851 668 889 dicitur
660 864 699 888 m
728 851 1005 900 111Physic.*;
1036 859 1072 889 et
1091 853 1212 889 multo
1233 853 1359 890 minus

163 887 169 908 1
210 893 264 909 ..vu

51 1019 62 1030 '
77 1018 134 1047 Ctp.
149 1024 183 1041 tv.
218 1045 221 1047 ¹

10 1242 17 1247 ,μ
51 1225 133 1249 ·n›1d.

50 1444 62 1455 ·
75 1443 104 1466 h
117 1441 245 1472 symbolo.

255 1777 264 1810 '.
290 1753 420 1802 tingui.
450 1753 569 1800 Quod
588 1764 635 1789 ex
654 1765 770 1802 supra
793 1753 813 1775 *
842 1753 946 1791 dictis
974 1762 1078 1802 patet
1095 1761 1114 1790 ⁸.

290 905 329 942 in
359 905 508 942 divinis.
548 905 625 942 Sed
655 904 813 953 Spiritus
842 903 1002 942 Sanctus
1029 913 1155 953 potest
1183 905 1359 965 distingui

291 970 314 995 a
342 958 449 1005 Filio,
471 958 602 995 etiam
614 957 645 995 si
673 959 722 995 ab
748 971 794 995 eo
815 970 894 995 non
912 958 1107 1007 procedat.
1137 959 1238 995 Dicit
1257 959 1359 996 enim

291 1011 534 1058 Anselmus‚
526 1024 564 1048 in
579 1011 674 1048 libro
689 1012 735 1048 de
747 1012 991 1049 Processione
1010 1012 1168 1060 Spiritus
1188 1012 1343 1049 Sancti*
1351 1025 1359 1049 :

290 1065 449 1102 Habent
475 1065 600 1113 utique
620 1076 644 1101 a
663 1066 776 1101 Patre
804 1077 882 1102 esse
899 1065 1017 1102 Filius
1036 1071 1072 1102 et
1089 1065 1247 1113 Spiritus
1266 1066 1361 1102 San-

291 1123 386 1164 ctus,
415 1118 482 1154 sed
506 1118 653 1154 diverso
687 1118 821 1155 modo.-
849 1118 937 1166 quia
965 1118 1060 1155 alter
1088 1119 1295 1162 nascendo,
1326 1125 1363 1155 et

291 1170 387 1208 alter
406 1171 660 1219 procedendo,
689 1176 731 1206 ut
755 1171 824 1207 aliz·
846 1171 922 1207 sint
937 1183 1011 1219 per
1028 1172 1099 1208 hoc
1118 1172 1166 1207 ab
1186 1171 1359 1208 invicem.

292 1224 342 1260 Et
367 1230 503 1272 postea
531 1223 660 1260 subdit
677 1223 714 1260 *ε
744 1224 851 1261 Nam
878 1224 912 1260 si
930 1236 1005 1272 per
1026 1223 1131 1260 aliud
1148 1236 1223 1260 non
1243 1230 1364 1261 essent

287 1276 417 1324 plures
435 1274 461 1303 ⁰⁷
474 1276 594 1313 R'lz’us
621 1282 658 1313 et
683 1277 842 1324 Spiritus
870 1277 1039 1322 Sanctus,
1054 1288 1127 1324 per
1149 1277 1220 1313 hoc
1237 1277 1360 1313 solum

291 1335 412 1367 essent
437 1329 584 1366 diversi.
616 1330 718 1377 Ergo
749 1329 910 1378 Spiritus
931 1330 1094 1366 Sanctus
1123 1329 1362 1378 distinguitur

292 1394 315 1419 a
343 1382 451 1430 Filio,
481 1383 529 1419 ab
559 1394 606 1418 eo
635 1394 715 1419 non
745 1382 919 1419 existens.

345 1436 420 1473 San
449 1447 596 1472 CONTRA
623 1447 690 1472 EST
718 1435 823 1484 quod
851 1434 940 1472 dicit
963 1434 1191 1472 Athanasius
1210 1434 1251 1472 *ε
1280 1436 1361 1484 Spi-

291 1489 385 1526 ritus
411 1489 571 1525 Sanctus
597 1499 627 1524 a·
648 1489 763 1525 Patre
796 1494 833 1525 et
861 1488 976 1534 Filio,
1007 1500 1082 1525 non
1108 1489 1262 1536 factus,
1293 1500 1362 1525 nec

291 1547 450 1587 creatus,
479 1552 548 1577 nec
573 1541 733 1590 genitus,
761 1542 828 1578 sed
847 1542 1067 1589 procedens.

340 1595 571 1631 Responneo
600 1605 785 1631 Dicnnnuu
814 1594 918 1643 quod
957 1606 1113 1631 necesse
1143 1601 1198 1631 est
1234 1594 1358 1631 dicere

293 1646 475 1696 Spiritum
495 1647 678 1683 Sanctum
697 1659 720 1683 a
740 1647 834 1684 Filio
856 1660 950 1684 esse.
982 1647 1022 1684 Si
1041 1647 1144 1685 enim
1163 1660 1243 1685 non
1263 1655 1361 1684 esset

290 1701 339 1738 ab
358 1713 418 1747 eo,
445 1699 550 1736 nullo
578 1699 699 1736 modo
718 1707 850 1748 posset
878 1701 926 1737 ab
947 1713 994 1737 eo
1013 1701 1262 1750 personaliter
1290 1701 1362 1737 dis-

1146 1755 1237 1791 Non
1259 1754 1360 1790 enim

291 1814 348 1844 est
365 1806 545 1856 possibile
565 1805 690 1843 dicere
719 1807 825 1855 quod
854 1807 1068 1844 secundum
1089 1807 1231 1856 aliquid
1250 1808 1361 1844 abso-

290 1860 413 1897 lutum
434 1859 586 1897 divinae
605 1871 793 1908 personae
814 1860 862 1896 ab
882 1859 1047 1897 invicem
1068 1860 1358 1908 distinguantur:

291 1913 382 1963 quia
409 1919 633 1960 sequeretur
659 1912 766 1961 quod
794 1925 873 1950 non
902 1921 1001 1950 esset
1027 1913 1143 1950 trium
1162 1919 1175 1934 ’²
1198 1926 1276 1950 una
1305 1926 1361 1950 es-

291 1965 432 2012 sentia;
462 1965 647 2014 quidquid
667 1965 770 2002 enim
798 1965 837 2003 in
857 1966 994 2003 divinis
1018 1967 1190 2003 absolute
1215 1966 1359 2014 dicitur,

292 2019 342 2056 ad
369 2019 553 2056 unitatem
583 2018 768 2065 essentiae
795 2019 967 2068 pertinet.
1003 2020 1242 2068 Relinquitur
1270 2032 1360 2068 ergo

293 2072 398 2122 quod
417 2073 544 2109 solum
562 2069 575 2092 λ
598 2072 842 2109 relationibus
863 2072 1011 2109 divinae
1030 2085 1217 2122 personae
1238 2074 1285 2110 ab
1305 2073 1361 2110 in-

291 2125 418 2163 vicem
439 2125 722 2172 distinguantur.
743 2146 767 2153 -
788 2126 1006 2163 Relationes
1030 2134 1158 2163 autem
1178 2138 1362 2175 personas

293 2178 520 2226 distinguere
537 2190 616 2215 non
634 2186 808 2227 possunt,
828 2179 898 2216 nisi
915 2179 1130 2216 secundum
1151 2179 1256 2228 quod
1276 2187 1364 2216 sunt

293 2231 652 2281 oppositae-Quod
681 2244 727 2268 ex
754 2232 830 2268 hoc
857 2239 972 2280 patet,
999 2232 1089 2280 quia
1107 2233 1220 2269 Pater
1246 2233 1363 2269 habet

293 2285 388 2323 duas
416 2284 626 2331 relationes,
647 2296 811 2333 quarum
839 2297 917 2322 una
945 2286 1104 2322 refertur
1131 2286 1180 2322 ad
1210 2286 1239 2321 F
1242 2285 1374 2333 ilium,

293 2345 331 2375 et
357 2338 431 2375 alia
459 2337 509 2375 ad
538 2337 720 2385 Spiritum
749 2339 951 2384 Sanctum3
981 2351 1080 2387 quae
1109 2346 1250 2385 tamen,
1272 2339 1362 2386 quia

292 2403 372 2429 non
400 2398 487 2428 sunt
515 2390 733 2439 oppositae,
771 2404 851 2428 non
888 2392 1121 2429 constituunt
1154 2392 1249 2429 duas
1276 2404 1363 2441 per-

292 2457 418 2492 sonas,
440 2443 508 2481 sed
528 2443 578 2480 ad
596 2456 715 2481 unam
744 2457 950 2493 personam
970 2445 1090 2482 Patris
1109 2451 1256 2482 tanturn
1276 2458 1361 2493 per-

292 2497 422 2535 tinent.
454 2497 494 2534 Si
514 2508 604 2544 ergo
633 2497 673 2534 in
702 2497 797 2534 Filio
827 2505 864 2534 et
890 2498 930 2534 in
960 2498 1100 2546 Spiritu
1122 2499 1261 2535 Sancto
1283 2511 1361 2535 non

293 2558 391 2588 esset
409 2550 580 2587 invenire
608 2550 680 2586 nisi
700 2550 795 2587 duas
814 2551 1017 2588 relationes
1044 2551 1184 2600 quibus
1202 2559 1362 2600 uterque

293 2603 452 2640 refertur
479 2603 528 2639 ad
558 2603 722 2650 Patrem,
744 2603 828 2640 illae
849 2603 1049 2641 relationes
1069 2616 1148 2641 non
1168 2612 1294 2641 essent
1313 2604 1362 2641 ad

292 2656 459 2693 invicem
487 2656 707 2704 oppositae3
746 2656 842 2693 sicut
878 2669 1004 2704 neque
1034 2657 1133 2694 duae
1162 2657 1361 2694 relationes

293 2709 432 2759 quibus
445 2709 559 2745 Pater
578 2709 736 2746 refertur
755 2709 804 2746 ad
823 2709 917 2747 illos.
938 2709 1062 2756 Unde,
1084 2710 1180 2747 sicut
1197 2723 1363 2759 persona

293 2762 414 2799 Patris
435 2769 490 2798 est
515 2774 607 2809 una,
636 2761 687 2798 ita
706 2770 927 2811 sequeretur
954 2764 1058 2812 quod
1086 2771 1251 2812 persona
1280 2763 1363 2800 Filii

294 2823 332 2852 et
360 2814 519 2864 Spiritus
556 2815 684 2853 Sancti
713 2823 812 2852 esset
842 2828 940 2863 una,
969 2816 1116 2853 habens
1146 2817 1240 2853 duas
1270 2817 1362 2853 rela-

293 2868 416 2906 tiones
444 2868 639 2917 oppositas
670 2867 819 2906 duabus
843 2868 1087 2906 relationibus
1115 2869 1246 2906 Patris.
1277 2869 1363 2906 Hoc

293 2929 422 2959 autem
438 2927 500 2958 'est
518 2921 764 2968 haereticum,
786 2933 874 2958 cum
893 2922 998 2959 tollat
1015 2922 1134 2959 fidem
1156 2922 1362 2959 Trinitatis.

295 2974 458 3024 Oportet
486 2987 576 3023 ergo
605 2974 710 3024 quod
739 2974 854 3011 Filius
884 2982 920 3011 et
947 2975 1109 3024 Spiritus
1134 2976 1294 3012 Sanctus
1314 2975 1363 3012 ad

293 3027 461 3064 invicem
477 3034 497 3055 μ
521 3029 730 3065 referantur
749 3027 932 3076 oppositis
951 3027 1205 3065 relationibus.
1226 3049 1250 3056 -
1271 3029 1363 3065 Non

295 3087 424 3117 autern
443 3089 603 3129 possunt
632 3093 715 3118 esse
744 3080 782 3118 in
802 3080 940 3118 divinis
960 3081 1055 3118 aliae
1075 3081 1274 3118 relationes
1294 3093 1363 3130 op-

207 3154 213 3165 ·
260 3154 266 3160 -
293 3132 440 3182 positae
476 3133 548 3171 nisi
580 3134 781 3171 relationes
819 3133 997 3181 originis,
1025 3141 1067 3171 ut
1095 3146 1210 3183 supra
1228 3134 1248 3156 '¹‘
1274 3146 1364 3182 pro-

295 3187 428 3223 batum
457 3194 524 3224 est.
563 3187 774 3236 Oppositae
809 3194 938 3223 autem
971 3187 1172 3224 relationes
1211 3187 1364 3235 originis

296 3238 531 3288 accipiuntur
557 3240 770 3277 secundum
788 3245 800 3260 ⁹
826 3239 1068 3288 principium,
1094 3247 1131 3277 et
1149 3241 1362 3277 secundum

349 3353 371 3386 ε)
390 3360 438 3378 nec
456 3353 583 3386 Spiritus.
600 3367 620 3374 -
638 3354 756 3386 Spiritus
774 3355 836 3384 Pub,
856 3354 943 3379 addito
962 3361 1014 3379 non
1034 3360 1092 3379 ante
1105 3355 1240 3387 procedit.

347 3389 373 3422 ζ)
393 3389 489 3414 dicere.
506 3402 526 3407 —
543 3389 605 3414 Om.
624 3389 700 3414 ACE.
718 3390 909 3423 Argumentum
927 3389 977 3414 hoc
995 3397 1048 3414 om.
1067 3390 1100 3415 G.

347 3424 375 3456 η)
395 3424 494 3458 differt.
511 3438 531 3443 —
548 3424 678 3457 differunt
696 3424 740 3450 Pb.
758 3439 778 3444 —
795 3429 822 3450 et
840 3430 898 3450 ante
917 3426 1000 3450 multo
1019 3433 1073 3450 om.
1091 3426 1146 3450 BD.

349 3458 373 3492 θ)
389 3460 493 3491 plures.
510 3473 529 3479 ·-
547 3459 608 3484 Om.
626 3460 705 3485 ΑΘΕ.

349 3495 367 3527 ι)
382 3498 468 3527 patet.
485 3508 505 3514 —
518 3498 610 3526 potest
627 3494 716 3527 (patet
734 3495 815 3529 BDG)
834 3503 890 3521 esse
909 3496 1078 3529 manifestum
1098 3496 1210 3521 codices.

349 3531 374 3562 κ)
394 3530 485 3555 trium.
503 3544 521 3548 —
540 3530 577 3555 ibi
594 3530 626 3555 G.

348 3564 376 3597 λ)
396 3567 491 3590 solum.
507 3579 527 3584 -
543 3565 607 3590 solis
625 3565 725 3594 ACEG,
744 3566 792 3591 sol'
801 3566 855 3592 BD.

349 3601 377 3635 μ)
397 3601 435 3626 ad
453 3601 572 3626 invicem.
590 3614 610 3620 —
627 3601 660 3625 ab
680 3601 790 3626 invicem
809 3601 838 3626 P.

441 3655 551 3679 Summa
570 3654 671 3678 Timor..
691 3654 723 3679 D.
735 3653 850 3678 Tnoms
869 3654 902 3679 Τ.
920 3655 937 3679 I.

2404 248 2477 294 377

1415 323 1521 371 quod
1550 331 1606 360 est
1625 336 1647 360 a
1665 323 1863 372 principio.
1901 324 2137 373 Relinquitur
2166 337 2255 372 ergo
2285 326 2390 374 quod
2418 339 2482 363 ne-

1415 388 1519 413 cesse
1549 384 1606 413 est
1629 376 1753 413 dicere
1772 377 1835 414 vel
1855 376 1992 413 Filium
2023 389 2104 414 esse
2125 390 2147 414 a
2167 378 2307 426 Spiritu
2328 379 2480 426 Sancto,

1415 430 1521 476 quod
1550 430 1674 467 nullus
1704 429 1813 466 dicit:
1842 430 1904 466 vel
1935 430 2116 478 Spiritum
2146 431 2327 468 Sanctum
2358 444 2439 469 esse
2459 445 2482 469 a

1415 482 1523 529 Filio,
1553 484 1659 530 quod
1687 495 1759 519 nos
1788 483 2028 519 confitemur.

1467 536 1517 572 Et
1553 535 1642 572 huic
1680 535 1836 584 quidem
1875 543 2061 573 consonat
2097 536 2191 573 ratio
2225 538 2482 585 processionis

1414 588 1620 637 utriusque.
1651 588 1806 625 Dictum
1836 588 1938 626 enim
1969 596 2024 625 est
2052 601 2166 638 supra
2184 589 2204 611 ³³⁶
2233 591 2337 638 quod
2367 591 2482 628 Filius

1413 642 1587 690 procedit
1613 654 1682 690 per
1701 642 1864 679 modurn
1885 641 2103 689 intellectus,
2124 650 2165 679 ut
2183 644 2368 690 verbum3
2389 645 2482 693 ,Spi-

1415 694 1506 731 ritus
1535 696 1697 731 Sanctus
1732 703 1860 731 autem
1889 707 1959 743 per
1992 695 2155 732 modurn
2192 697 2412 744 voluntatis,
2441 705 2483 734 ut

1415 760 1534 784 amor.
1576 748 1745 784 Necesse
1785 755 1839 784 est
1872 755 2001 784 autem
2035 748 2141 796 quod
2174 761 2284 785 amor
2311 762 2333 786 a
2359 751 2481 787 verbo

1414 801 1617 849 procedat:
1648 813 1726 838 non
1756 800 1858 838 enim
1879 800 2018 849 aliquid
2041 814 2229 849 amamus,
2260 802 2329 839 nisi
2350 816 2483 840 secun-

1416 854 1510 890 dum
1529 852 1542 877 ξ
1571 854 1677 902 quod
1706 853 1958 902 conceptione
1986 854 2124 891 mentis
2144 856 2479 903 apprehendimus.

1415 907 1526 944 Unde
1565 915 1601 944 et
1638 907 1851 944 secundum
1889 907 1963 943 hoc
2001 907 2245 945 manifestum
2284 917 2340 945 est
2377 910 2482 957 quod

1416 960 1576 1008 Spiritus
1605 961 1766 997 Sanctus
1794 959 1968 1008 procedit
1995 972 2018 996 a
2045 960 2152 997 Filio.

1469 1015 1553 1061 Ipse
1584 1013 1698 1050 etiam
1728 1013 1823 1050 ordo
1855 1025 1983 1049 rerum
2012 1014 2087 1050 hoc
2116 1014 2239 1050 docet.
2276 1015 2481 1063 Nusquam

1416 1065 1517 1102 enim
1546 1067 1622 1102 hoc
1650 1066 1869 1103 invenimus
1889 1072 1921 1112 ⁰,
1952 1066 2057 1115 quod
2086 1067 2134 1103 ab
2163 1079 2240 1103 uno
2273 1069 2483 1116 procedant

1414 1119 1524 1167 plura
1543 1119 1687 1168 absque
1704 1119 1849 1166 ordine,
1870 1119 1941 1156 nisi
1960 1119 1999 1156 in
2018 1119 2088 1156 illis
2103 1121 2228 1157 solum
2245 1133 2344 1169 quae
2364 1130 2482 1159 mate-

1416 1171 1553 1208 rialiter
1573 1172 1768 1217 differunt,
1792 1173 1886 1209 sicut
1904 1185 2004 1209 unus
2024 1173 2129 1209 faber
2147 1174 2323 1221 producit
2341 1176 2482 1212 multos

1416 1225 1586 1261 cultellos
1605 1225 1847 1262 materialiter
1862 1226 1909 1262 ab
1926 1225 2091 1262 invicem
2111 1226 2318 1274 distinctos,
2334 1229 2481 1264 nullum

1415 1277 1590 1314 ordinem
1623 1278 1808 1315 habentes
1838 1279 1886 1315 ad
1914 1278 2093 1315 invicem.
2129 1280 2206 1316 Sed
2233 1279 2274 1316 in
2302 1281 2415 1317 rebus
2444 1281 2482 1318 in

1415 1330 1554 1378 quibus
1583 1342 1662 1367 non
1691 1338 1746 1368 est
1774 1331 1856 1367 sola
1882 1331 2085 1368 materialis
2112 1332 2309 1379 distinctio,
2330 1346 2484 1382 semper

1414 1382 1606 1419 invenitur
1621 1383 1659 1420 in
1674 1383 1913 1420 multitudine
1928 1384 2204 1432 productorum
2221 1386 2355 1434 aliquis
2371 1387 2480 1424 ordo.

1415 1435 1526 1473 Unde
1547 1436 1662 1473 etiam
1689 1435 1728 1472 in
1757 1436 1892 1473 ordine
1920 1444 2175 1474 creaturarum
2195 1439 2481 1487 productarum,

1416 1489 1533 1526 decor
1552 1489 1704 1526 divinae
1725 1489 1931 1538 sapientiae
1960 1490 2231 1528 manifestatur.
2263 1492 2303 1529 Si
2324 1505 2412 1540 ergo
2434 1494 2482 1530 ab

1414 1554 1492 1578 una
1509 1554 1677 1590 persona
1696 1543 1817 1579 Patris
1840 1543 2055 1591 procedunt
2074 1544 2172 1581 duae
2191 1558 2391 1594 personae,
2413 1547 2483 1583 sci-

1415 1595 1500 1632 licet
1527 1595 1644 1632 Filius
1674 1602 1710 1632 et
1739 1596 1899 1644 Spiritus
1920 1597 2092 1643 Sanctus,
2123 1605 2274 1646 oportet
2301 1611 2384 1635 esse
2417 1599 2482 1636 ali-

1415 1660 1533 1697 quem
1553 1648 1729 1686 ordinem
1750 1661 1884 1685 eorum
1905 1649 1954 1686 ad
1973 1649 2150 1687 invicem.
2171 1651 2256 1688 Nec
2274 1659 2399 1700 potest
2418 1652 2482 1689 ali-

1416 1701 1497 1751 quis
1518 1703 1614 1739 ordo
1644 1702 1738 1739 alius
1767 1702 1960 1750 assignari,
1990 1703 2061 1740 nisi
2089 1703 2185 1740 ordo
2214 1713 2382 1751 naturae,
2404 1718 2481 1754 quo

1415 1755 1509 1792 alius
1538 1762 1594 1792 est
1622 1767 1667 1792 ex
1695 1755 1782 1792 alio.
1812 1756 1904 1792 Non
1933 1763 1989 1792 est
2015 1756 2125 1804 igitur
2153 1758 2335 1805 possibile
2355 1758 2481 1795 dicere

1416 1807 1523 1856 quod
1552 1808 1666 1844 Filius
1697 1815 1733 1845 et
1762 1808 1920 1857 Spiritus
1954 1809 2114 1846 Sanctus
2143 1810 2196 1847 sic
2223 1812 2432 1860 procedant
2460 1824 2482 1848 a

1416 1862 1538 1908 Patre,
1569 1862 1675 1910 quod
1704 1869 1837 1898 neuter
1866 1874 2001 1899 eorum
2030 1864 2213 1911 procedat
2236 1865 2284 1901 ab
2305 1864 2390 1911 alio,
2411 1865 2482 1901 nisi

1417 1914 1501 1962 quis
1538 1922 1699 1963 poneret
1734 1914 1773 1951 in
1812 1915 1864 1951 eis
1901 1915 2136 1953 materialem
2175 1916 2480 1955 distinctionem:

1416 1967 1521 2016 quod
1550 1975 1606 2004 est
1632 1967 1879 2015 impossibile.

1470 2020 1582 2057 Unde
1611 2020 1725 2057 etiam
1752 2020 1824 2069 ipsi
1852 2021 1989 2058 Graeci
2017 2022 2302 2070 processionem
2325 2023 2482 2072 Spiritus

1418 2073 1545 2110 Sancti
1575 2073 1740 2122 aliquem
1770 2073 1946 2111 ordinem
1974 2075 2115 2111 habere
2144 2075 2192 2112 ad
2212 2076 2350 2113 Filium
2378 2077 2484 2113 intel-

1416 2126 1543 2174 ligunt.
1586 2127 1814 2164 Concedunt
1848 2127 1948 2164 enim
1978 2124 2159 2176 Spiritum
2189 2129 2371 2166 Sanctum
2400 2142 2483 2167 esse

1417 2180 1595 2227 Spiritum
1633 2180 1741 2226 Filii,
1778 2188 1814 2217 et
1843 2192 1924 2217 esse
1954 2193 1976 2217 a
2004 2181 2115 2218 Patre
2147 2193 2219 2230 per
2245 2182 2396 2219 Filium.
2436 2184 2485 2220 Et

1418 2232 1576 2281 quidam
1614 2245 1750 2270 eorum
1788 2233 1964 2278 dicuntur
2001 2235 2210 2271 concedere
2249 2236 2353 2284 quod
2389 2236 2436 2272 sit
2461 2248 2484 2273 a

1417 2286 1526 2331 Filio,
1550 2286 1612 2322 vel
1634 2287 1806 2335 profluat
1830 2287 1880 2323 ab
1907 2298 1974 2323 eo:
2002 2299 2080 2323 non
2109 2295 2238 2324 tamen
2267 2288 2371 2337 quod
2394 2301 2485 2337 pro—

1418 2339 1534 2375 cedat.
1574 2339 1692 2386 Quod
1726 2339 1878 2376 videtur
1903 2340 1966 2376 vel
2001 2352 2046 2376 ex
2083 2340 2312 2388 ignorantia,
2347 2343 2410 2378 vel
2440 2354 2485 2378 ex

1417 2391 1616 2440 protervia·
1641 2404 1735 2429 esse.
1767 2393 1868 2439 Quia
1887 2392 1918 2429 si
1944 2392 2029 2440 quis
2058 2401 2157 2430 recte
2187 2394 2410 2441 consideret,
2430 2395 2485 2432 in-

1417 2444 1546 2482 veniet
1566 2445 1818 2493 processionis
1844 2446 2009 2482 verbum
2038 2446 2134 2482 inter
2162 2447 2292 2484 omnia
2317 2460 2415 2495 quae
2436 2448 2485 2484 ad

1418 2498 1604 2545 originem
1633 2499 1955 2546 qualemcumque
1982 2499 2190 2547 pertinent,
2221 2501 2485 2537 communissi-

1418 2563 1528 2587 mum
1567 2563 1660 2587 esse.
1704 2551 1855 2588 Utimur
1893 2551 1994 2588 enim
2034 2564 2080 2588 eo
2118 2553 2166 2589 ad
2205 2553 2483 2600 designandum

1418 2604 1742 2652 qualemcumque
1763 2603 1969 2652 originem3
1999 2604 2094 2641 sicut
2113 2606 2219 2653 quod
2238 2611 2256 2627 ⁷‘
2280 2606 2378 2643 linea
2395 2619 2483 2655 pro-

1419 2657 1517 2693 cedit
1545 2669 1567 2693 a
1595 2663 1750 2705 puncto,
1782 2657 1906 2693 radius
1934 2669 1956 2693 a
1984 2657 2076 2704 sole,
2112 2658 2215 2695 rivus
2243 2671 2266 2695 a
2294 2660 2418 2706 fonte;
2450 2668 2485 2697 et

1418 2709 1587 2746 similiter
1624 2709 1662 2746 in
1700 2709 2006 2758 quibuscumque
2045 2710 2136 2748 aliis.
2175 2712 2287 2749 Unde
2318 2725 2362 2749 ex
2389 2725 2484 2761 quo-

1419 2775 1586 2811 cumque
1614 2763 1687 2799 alio
1716 2763 1764 2799 ad
1794 2763 1979 2811 originem
2007 2764 2230 2811 pertinente,
2250 2773 2375 2813 potest
2395 2779 2484 2803 con-

1419 2815 1518 2852 cludi
1546 2815 1652 2864 quod
1682 2815 1842 2864 Spiritus
1872 2816 2032 2852 Sanctus
2059 2818 2233 2866 procedit
2261 2830 2283 2854 a
2312 2818 2419 2856 Filio.

1471 2870 1530 2905 AD
1560 2881 1697 2906 prauum
1725 2880 1823 2906 ERGO
1852 2881 2036 2906 DICENDUM
2057 2871 2162 2918 quod
2183 2870 2230 2908 de
2250 2872 2335 2908 Deo
2357 2871 2481 2909 dicere

1418 2934 1498 2958 non
1527 2921 1714 2959 debemus
1742 2923 1848 2970 quod
1876 2921 1915 2959 in
1942 2934 2048 2959 sacra
2069 2923 2262 2972 Scriptura
2281 2936 2359 2960 non
2378 2924 2483 2961 inve-

1418 2974 1517 3011 nitur
1534 2975 1597 3011 vel
1616 2987 1686 3023 per
1706 2975 1837 3022 verba,
1857 2976 1919 3012 vel
1938 2987 2008 3023 per
2031 2988 2199 3013 sensum.
2230 2976 2336 3013 Licet
2354 2985 2483 3014 autem

1417 3040 1486 3076 per
1521 3028 1642 3064 verba
1678 3040 1757 3064 non
1793 3027 2007 3065 inveniatur
2034 3034 2049 3059 Ρ
2076 3029 2115 3066 in
2153 3042 2258 3066 sacra
2292 3030 2483 3079 Scriptura

1418 3081 1523 3129 quod
1549 3080 1708 3129 Spiritus
1737 3081 1898 3118 Sanctus
1924 3082 2096 3130 procedit
2115 3095 2137 3119 a
2157 3082 2265 3130 Filio,
2294 3083 2484 3120 invenitur

1418 3141 1548 3170 tamen
1585 3141 1773 3181 quantum
1808 3134 1857 3171 ad
1891 3146 2073 3181 sensum;
2108 3143 2144 3172 et
2179 3136 2383 3184 praecipue
2417 3136 2484 3173 ubi

1419 3187 1506 3224 dicit
1521 3186 1649 3232 Filius,
1666 3187 1770 3223 Ioan.
1786 3199 1846 3224 XVI
1860 3186 1892 3234 ²¹²,
1914 3188 1961 3224 de
1982 3188 2122 3237 Spiritu
2143 3189 2282 3225 Sancto
2303 3190 2481 3236 loquens:

1417 3240 1487 3276 Ille
1514 3251 1575 3276 me
1601 3239 1841 3287 clarificabit,
1871 3241 1960 3289 quia
1993 3241 2039 3277 de
2067 3253 2149 3278 meo
2177 3242 2342 3289 accipiet.
2363 3263 2387 3270 -
2408 3244 2483 3279 Re—

1472 3355 1495 3387 ν)
1515 3354 1668 3379 secundum.
1685 3368 1704 3373 —
1721 3355 1866 3379 secundum
1891 3355 1963 3387 quod
1985 3359 2024 3380 est
2042 3355 2079 3385 D,
2103 3359 2129 3380 et
2153 3357 2297 3381 secundum
2320 3357 2379 3381 edd.
2396 3357 2448 3382 ab.
2465 3372 2485 3376 -

1419 3390 1479 3422 Seq.
1498 3389 1642 3414 secundum
1661 3397 1714 3414 om.
1734 3390 1844 3415 codices.

1469 3423 1496 3457 ξ)
1515 3425 1668 3450 secundum.
1685 3438 1705 3444 —
1723 3425 1784 3450 Om.
1804 3426 1914 3450 codices.

1473 3461 1498 3492 o)
1517 3460 1656 3492 Nusquam
1680 3460 1750 3484 enim
1774 3460 1823 3485 hoc
1841 3461 1997 3486 invenimus.
2015 3475 2034 3480 -
2051 3461 2190 3494 Nusquam
2214 3469 2262 3487 nos
2281 3462 2429 3488 invenimus
2447 3464 2483 3495 D,

1418 3496 1558 3527 Nusquam
1577 3495 1647 3520 enim
1667 3495 1815 3520 invenimus
1834 3495 1918 3521 ceteri.

1472 3531 1501 3562 π)
1521 3531 1599 3563 quod.
1617 3545 1636 3549 —
1654 3530 1716 3555 Om.
1735 3531 1845 3556 codices.

1473 3566 1496 3599 ρ)
1511 3573 1563 3597 per
1582 3566 1662 3590 verba
1687 3573 1738 3591 non
1763 3566 1925 3592 inveniatur.
1941 3580 1962 3586 ·-
1980 3567 2061 3592 verba
2083 3574 2135 3593 non
2161 3567 2332 3594 inveniantur
2350 3569 2379 3594 F.
2397 3583 2415 3588 -
2434 3569 2483 3594 Pro

1414 3601 1547 3633 procedit,
1561 3601 1694 3633 procedat
1712 3601 1822 3626 codices.

2304 3657 2338 3687 48

2511 602 2519 610 ¹
2535 601 2583 628 Qu.
2595 607 2670 627 xxvn,
2679 604 2722 623 art.

2509 633 2529 654 2,
2544 634 2575 654 43
2591 634 2629 656 qu.
2641 634 2722 655 xxvnr,

2509 657 2551 676 art.
2565 661 2589 681 4.

2509 3197 2521 3208 ¹*
2535 3198 2602 3220 Vers.
2617 3204 2650 3224 ¹4.
