2768 4178
53 640 61 647 ⁶
78 638 106 659 D.
121 638 174 664 468.

50 692 60 702 '⁴
76 691 99 713 S.
109 691 153 712 Th.
170 691 222 711 lect.
239 696 263 711 ιι.

51 851 59 858 ·
76 849 123 876 Qu.
139 848 263 876 praeced,

50 879 91 897 art.
108 882 129 901 4.

50 1436 58 1444 ·
77 1434 104 1455 D.
121 1440 173 1461 709.

50 1653 58 1660 '
75 1650 152 1672 S.Th.
168 1650 220 1672 lect.
232 1656 247 1671 1.

46 2570 53 2577 ·
66 2567 102 2589 cf.
115 2573 178 2589 num.
193 2573 225 2593 ιιι,
239 2571 260 2589 et

301 286 346 321 52
1021 282 1289 330 QUAESTIO
1320 283 1382 329 IV,
1413 282 1711 320 ARTICULUS
1742 284 1772 319 II

295 364 547 413 praeexistere
577 361 846 410 imperfectiori
869 362 1010 399 modo:
1041 374 1087 398 eo
1117 362 1223 411 quod
1253 369 1370 398 mate-

1425 362 1642 410 simpliciter
1669 369 1705 399 et
1731 363 2052 412 incircumscripte
2080 369 2196 400 totum
2217 364 2254 400 in
2274 365 2394 412 seipso
2416 365 2500 401 uni-

297 418 361 465 ria,
383 417 605 466 inquantum
631 415 865 462 huiusmodi,
897 423 952 452 est
980 415 1221 463 imperfecta;
1252 427 1370 462 agens
1418 415 1600 462 formiter
1619 413 1632 435 θ
1651 427 1728 452 esse
1749 417 2005 466 praeaccipit:
2036 424 2071 453 et
2090 424 2225 466 postea
2245 417 2372 454 subdit
2392 418 2499 466 quod

295 483 401 518 vero,
423 470 647 518 inquantum
676 468 909 515 huiusmodi,
932 475 988 505 est
1010 468 1234 517 perfectum.
1267 468 1367 504 Cum

297 536 385 571 ergo
414 524 520 560 Deus
545 522 590 559 sit
609 521 732 570 prima
753 534 867 558 causa
888 521 1063 558 effectiva
1092 533 1233 567 rerum,
1255 533 1370 570 opor-

295 585 345 613 tet
379 575 552 612 omnium
591 587 720 612 rerum
757 574 1011 623 perfectiones
1048 573 1301 623 praeexistere
1330 574 1368 611 in

294 631 379 666 Deo
408 629 622 666 secundum
643 628 932 665 eminentiorem
953 628 1116 664 modurn
1130 627 1161 664 ²¹².
1193 628 1242 664 Et
1269 627 1368 664 hanc

295 683 479 719 rationem
499 682 618 730 tangit
641 681 861 730 Dionysius,
885 693 966 730 cap.
988 693 1011 716 v
1030 681 1076 717 de
1095 681 1182 717 Div.
1199 681 1317 717 Nom.
1334 680 1366 727 *,

295 736 423 773 dicens
453 735 500 772 de
529 736 614 772 Deo
644 735 750 783 quod
779 748 854 772 non
883 736 954 771 hoc
983 734 1131 783 quidem
1153 731 1166 754 ⁸
1194 739 1262 779 est,
1297 735 1368 771 hoc

293 795 418 826 autem
449 801 523 825 non
552 795 626 825 est:
654 789 721 825 sed
747 788 876 825 omnia
896 794 959 834 est,
982 793 1022 824 ut
1040 787 1209 824 omnium
1236 798 1364 824 causa.

348 842 528 879 Secundo
563 854 680 888 ver0‚
720 853 763 878 ex
799 842 875 878 hoc
910 841 1015 890 quod
1050 852 1164 890 supra
1192 839 1212 861 ‘¹‘
1242 847 1365 877 osten-

294 908 380 933 sum
402 903 467 943 est,
498 895 603 944 quod
632 896 738 931 Deus
768 902 823 931 est
851 894 977 943 ipsum
1009 906 1091 930 esse
1120 906 1189 942 per
1218 905 1258 930 se
1279 894 1367 930 sub-

293 950 448 987 sistens:
480 961 524 985 ex
553 956 631 998 quo
657 955 807 1007 oportet
827 948 932 995 quod
951 955 1071 984 totam
1091 946 1366 1006 perfectionem

294 1002 444 1040 essendi
481 1002 519 1038 in
557 1014 597 1038 se
636 1001 838 1038 contineat.
884 1000 1131 1037 Manifestum
1170 1007 1226 1036 est
1264 999 1365 1036 enim

293 1056 410 1105 quod,
431 1055 461 1092 si
482 1055 637 1104 aliquod
667 1053 833 1091 calidum
863 1066 942 1107 non
969 1054 1109 1091 habeat
1136 1061 1256 1090 totam
1282 1066 1367 1102 per-

292 1109 496 1146 sectionem
531 1108 640 1145 calidi
659 1114 686 1153 Ε,
717 1108 792 1144 hoc
820 1103 922 1144 ideo
939 1115 1009 1154 est,
1037 1106 1126 1156 quia
1155 1107 1259 1143 calor
1287 1119 1365 1144 non

291 1162 537 1211 participatur
565 1161 777 1198 secundum
815 1161 1023 1209 perfectam
1058 1160 1267 1197 rationem:
1297 1160 1366 1197 sed

292 1216 322 1252 si
351 1216 454 1252 calor
492 1222 590 1251 esset
626 1227 695 1263 per
732 1226 771 1251 se
806 1214 1034 1260 subsistens,
1065 1226 1144 1250 non
1172 1221 1303 1262 posset
1331 1214 1364 1250 ei

292 1269 434 1318 aliquid
455 1268 588 1305 deesse
605 1268 653 1305 de
672 1267 811 1305 virtute
833 1268 980 1305 caloris.
1002 1267 1126 1314 Unde,
1149 1279 1238 1304 cum
1258 1268 1365 1304 Deus

291 1322 337 1359 sit
373 1322 501 1371 ipsum
541 1334 622 1358 esse
661 1321 889 1368 subsistens,
920 1321 1011 1358 nihil
1047 1321 1094 1358 de
1131 1320 1364 1369 perfectione

292 1376 441 1413 essendi
458 1383 582 1424 potest
597 1375 630 1412 ei
651 1375 795 1412 deesse.
818 1375 1005 1412 Omnium
1021 1382 1150 1412 autem
1164 1373 1364 1422 perfectio—

292 1442 360 1466 nes
387 1429 576 1478 pertinent
603 1429 653 1465 ad
680 1428 955 1477 perfectionem
990 1427 1140 1464 essendi
1159 1426 1200 1463 *τ
1230 1439 1363 1464 secun-

293 1483 385 1520 dum
405 1483 480 1519 hoc
501 1482 603 1519 enim
629 1481 756 1530 aliqua
771 1482 785 1508 ζ
805 1482 970 1530 perfecta
991 1488 1088 1528 sunt,
1110 1481 1215 1530 quod
1235 1480 1362 1528 aliquo

291 1536 410 1573 modo
449 1548 532 1573 esse
561 1536 714 1572 habent.
752 1535 864 1573 Unde
893 1535 1063 1584 sequitur
1092 1534 1197 1583 quod
1226 1533 1363 1571 nullius

291 1589 344 1626 rei
371 1589 553 1638 perfectio
579 1589 665 1626 Deo
687 1589 793 1626 desit.
824 1589 873 1625 Et
891 1589 991 1626 hanc
1012 1587 1126 1625 etiam
1141 1593 1155 1611 ⁷¹
1176 1586 1362 1624 rationem

290 1643 407 1691 tangit
434 1642 659 1691 Dionysius,
691 1655 772 1691 cap.
794 1654 818 1679 v
846 1643 892 1679 de
920 1642 1007 1679 Div.
1031 1642 1148 1679 Nom.
1170 1640 1201 1687 *‚
1233 1640 1362 1678 dicens

290 1697 395 1745 quod
425 1697 531 1733 Deus
569 1708 643 1732 non
682 1695 961 1744 quodammodo
997 1701 1052 1732 est
1084 1695 1265 1740 existens,
1299 1695 1365 1731 sed

342 1831 366 1863 δ)
387 1832 435 1856 hoc
453 1831 568 1863 quidem.
586 1843 606 1849 -
624 1829 729 1862 quidem
749 1829 798 1854 hoc
817 1828 880 1853 Pab.

343 1868 365 1900 ε)
385 1867 474 1892 calidi.
492 1879 512 1885 -
529 1866 627 1891 caloris
645 1865 756 1890 codices.

342 1903 367 1935 ζ)
387 1902 486 1935 aliqua.
504 1916 523 1920 -
541 1901 696 1934 aliqualiter
714 1900 825 1924 codices.

342 1939 368 1971 η)
388 1938 477 1963 etiam.
495 1951 515 1956 -
533 1937 595 1962 Om.
609 1936 711 1961 codices
730 1940 756 1960 et
775 1935 815 1960 ed.
829 1942 855 1960 a.

343 1973 367 2006 θ)
387 1973 564 2007 uniformiter.
583 1985 603 1992 ·—
621 1972 683 1996 Om.
696 1971 799 1996 codices
818 1976 844 1995 et
863 1971 904 1995 ed.
919 1978 945 1995 a.

343 2010 361 2042 ι)
381 2009 542 2042 differentes.
559 2021 578 2028 -
597 2007 752 2041 differenter
769 2006 914 2031 ABCDEF.

342 2046 367 2077 κ)
388 2045 435 2070 ita.
452 2058 472 2063 -
490 2044 551 2069 Om.
566 2043 676 2068 codices.
694 2057 713 2061 -
733 2042 783 2067 Pro
803 2042 938 2072 unionem,
959 2041 1104 2066 unitionem
1127 2038 1330 2071 ACDEGstB.

1426 468 1503 516 ipse
1531 474 1587 505 est
1611 481 1689 505 esse
1715 470 2004 507 subsistentibus.

1478 522 1538 557 AD
1568 533 1705 559 PRIMUM
1734 534 1833 560 ERGO
1863 535 2047 560 morannum
2078 523 2195 572 quod,
2226 522 2322 559 sicut
2349 523 2428 570 sol,
2457 531 2500 560 ut

1426 574 1514 611 dicit
1533 574 1753 623 Dionysius,
1771 588 1853 625 cap.
1870 589 1894 612 v
1913 577 1959 613 de
1976 577 2064 614 Div.
2081 577 2198 614 Nom.
2216 576 2248 624 ²¹⁸,
2267 576 2497 613 sensibilium

1423 628 1649 665 substantias
1668 634 1704 665 et
1722 629 1918 677 qualitates
1938 630 2076 667 multas
2095 635 2131 666 et
2147 629 2362 679 differentes
2376 636 2396 677 ⁸,
2421 630 2500 678 ipse

1425 693 1522 717 unus
1559 682 1721 718 existens
1758 688 1794 719 et
1826 683 2066 732 uniformiter
2101 683 2280 729 lucendo,
2311 683 2349 719 in
2377 683 2497 731 seipso

1425 735 1664 795 uniformiter
1676 736 1928 785 praeaccipit;
1948 737 2027 773 ita’t
2043 737 2158 773 multo
2179 737 2304 786 magis
2323 737 2360 772 in
2381 747 2497 773 causa

1423 788 1593 824 omnium
1634 800 1793 825 necesse·
1819 795 1874 826 est
1902 790 2163 838 praeexistere
2200 790 2330 827 omnia
2366 801 2497 826 secun-

1423 840 1513 876 dum
1543 842 1757 879 naturalem
1787 843 1977 880 unionem.
2014 843 2062 880 Et
2091 843 2162 890 sic,
2192 855 2292 891 quae
2328 850 2415 880 sunt
2445 842 2498 879 di-

1421 905 1534 931 versa
1563 901 1599 930 et
1628 895 1805 944 opposita
1833 895 1871 933 in
1900 896 2047 945 seipsis,
2067 896 2106 933 in
2126 873 2211 934 D⁷eo
2240 896 2498 945 praeexistunt

1422 954 1464 983 ut
1491 958 1626 994 unum,
1657 948 1803 996 absque
1833 949 2060 986 detrimento
2090 949 2338 998 simplicitatis
2366 949 2495 998 ipsius.

1476 1000 1525 1036 Et
1553 1012 1622 1049 per
1650 1001 1724 1037 hoc
1752 1009 1857 1050 patet
1874 1000 1888 1022 λ
1915 1002 2053 1039 solutio
2083 1003 2132 1040 ad
2161 1002 2388 1040 secundum.

1475 1055 1534 1090 AD
1563 1065 1725 1091 TERTltJM
1757 1066 1943 1092 DICENDUM
1980 1055 2108 1104 quod,
2147 1055 2244 1093 sicut
2279 1055 2319 1092 in
2356 1055 2496 1093 eodem

1423 1106 1579 1155 capite*
1607 1107 1711 1144 idem
1740 1107 1950 1156 Dionysius
1973 1115 1992 1135 Ι*
2022 1107 2121 1156 dicit,
2151 1108 2236 1146 licet
2265 1108 2394 1158 ipsum
2414 1121 2496 1146 esse

1421 1159 1468 1196 sit
1495 1160 1697 1208 perfectius
1726 1173 1845 1210 quam
1873 1161 1963 1208 vita,
1985 1169 2022 1198 et
2049 1162 2132 1210 ipsa
2159 1162 2237 1199 vita
2266 1174 2385 1211 quam
2413 1162 2496 1210 ipsa

1421 1213 1624 1262 sapientia,
1655 1214 1684 1250 si
1713 1214 2001 1251 considerentur
2033 1214 2246 1252 secundum
2285 1215 2391 1264 quod
2423 1215 2496 1252 dis-

1419 1266 1641 1319 tinguuntur
1677 1267 1844 1304 ratione:
1881 1276 2012 1305 tamen
2039 1268 2176 1305 vivens
2211 1275 2268 1305 est
2294 1268 2497 1317 perfectius

1421 1332 1538 1369 quam
1569 1333 1636 1357 ens
1665 1328 1826 1369 tantum,
1856 1322 1946 1371 quia
1965 1321 2102 1364 vivens
2131 1321 2246 1358 etiam
2266 1329 2321 1358 est
2345 1333 2431 1367 ens;
2462 1329 2498 1358 et

1420 1373 1572 1422 sapiens
1602 1381 1657 1411 est
1686 1386 1754 1411 ens
1793 1382 1828 1411 et
1855 1374 2003 1413 vivens.
2043 1374 2150 1412 Licet
2182 1374 2293 1423 igitur
2322 1386 2390 1412 ens
2417 1387 2497 1412 non

1419 1426 1586 1464 includat
1598 1427 1643 1464 'in
1663 1439 1703 1464 se
1722 1428 1859 1465 vivens
1884 1436 1920 1465 et
1940 1429 2103 1478 sapiens,
2129 1428 2218 1478 quia
2247 1441 2326 1466 non
2346 1435 2498 1477 oportet

1419 1480 1526 1528 quod
1554 1480 1647 1518 illud
1676 1481 1783 1529 quod
1802 1481 2002 1531 participat
2027 1494 2121 1529 esse,
2142 1482 2341 1531 participet
2368 1481 2496 1530 ipsum

1419 1534 1632 1572 secundum
1653 1547 1812 1572 omnem
1833 1536 1996 1573 modurn
2018 1535 2185 1573 essendi:
2211 1543 2339 1572 tamen
2367 1534 2495 1584 ipsum

1420 1599 1502 1624 esse
1522 1587 1622 1624 Dei·
1642 1588 1826 1626 includit
1817 1601 1855 1626 m
1877 1602 1917 1626 se
1936 1589 2055 1626 vitam
2078 1597 2114 1626 et
2133 1587 2376 1638 sapientiam3
2407 1587 2497 1638 quia

1419 1641 1521 1678 nulla
1551 1641 1598 1678 de
1626 1642 1923 1701 perfectionibus
1959 1642 2108 1681 essendi
2137 1649 2262 1691 potest
2299 1642 2432 1702 deesse
2461 1641 2497 1679 ei

1419 1694 1524 1743 quod
1553 1702 1609 1732 est
1637 1695 1765 1744 ipsum
1795 1708 1876 1733 esse
1906 1697 2126 1734 subsistens.

1474 1824 1506 1885 lg
1518 1829 1606 1858 patet.
1625 1840 1644 1846 -
1662 1827 1743 1852 etiam
1764 1831 1843 1860 patet
1869 1829 1972 1853 codices
1995 1834 2021 1854 et
2040 1829 2080 1854 ed.
2100 1837 2126 1854 a.
2144 1843 2162 1848 -
2182 1829 2233 1854 Pro
2251 1829 2361 1860 solutio,
2386 1835 2497 1862 respon—

1419 1861 1459 1885 sio

1473 1897 1502 1929 μ.)
1524 1897 1714 1930 Dionysius.-
1695 1898 1788 1923 -Om.
1803 1899 1905 1924 codices
1920 1905 1945 1924 et
1964 1900 2005 1924 ed.
2024 1907 2050 1924 a.
2062 1899 2146 1924 -Pro
2163 1907 2243 1932 quam
2257 1900 2322 1930 vita,
2337 1907 2417 1933 quam
2437 1899 2497 1933 ipsa

1419 1932 1476 1956 vita
1496 1933 1599 1957 codices
1619 1938 1644 1957 et
1664 1934 1722 1958 edd.
1741 1934 1792 1958 ab.
1810 1948 1830 1954 —
1849 1935 1900 1959 Pro
1919 1935 2136 1964 considerentur,
2160 1936 2346 1961 consideretur
2362 1935 2495 1969 ACDEpF

1419 1972 1445 1991 et
1464 1968 1504 1992 ed.
1518 1975 1551 1998 α,·
1570 1976 1619 2001 pro
1638 1968 1855 2002 distinguuntur,
1881 1970 2060 2004 distinguitur
2078 1971 2138 2003 pBF
2151 1977 2177 1996 et
2195 1971 2237 1997 ed.
2251 1978 2278 1996 a.
2295 1985 2315 1990 —
2334 1971 2385 1996 Pro
2404 1971 2496 2007 perje-

1418 2002 1495 2032 ctius,
1517 2003 1631 2029 nobilius
1650 2004 1752 2030 codices
1772 2010 1798 2030 et
1816 2006 1856 2030 ed.
1871 2013 1897 2031 a.

1473 2039 1496 2071 ν)
1518 2038 1578 2064 Dei.
1596 2053 1615 2058 -
1629 2047 1681 2072 per
1699 2047 1726 2066 se
1745 2040 1774 2072 B,
1793 2049 1846 2066 om.
1861 2042 1939 2066 ceteri
1958 2047 1984 2066 et
2003 2041 2062 2068 edd.
2081 2043 2132 2067 ab.

977 2119 1311 2153 Commentaria
1334 2114 1586 2150 Cardinalis
1609 2118 1810 2153 Caietani

320 2215 339 2235 N
364 2204 467 2240 titulo,
492 2204 524 2244 ly
547 2205 611 2234 sint
637 2213 702 2232 non
727 2203 857 2232 denotat
873 2201 1015 2242 aliquem
1040 2199 1210 2240 specialem
1226 2197 1363 2227 modum

293 2217 467 2284 Iessendi,
485 2248 540 2278 sed
563 2247 707 2278 absolute
736 2246 888 2277 sumitur:
914 2245 957 2276 ita
989 2244 1078 2285 quod
1110 2253 1176 2274 non
1201 2241 1363 2283 quaeritur

290 2300 398 2324 utrum
421 2292 631 2333 perfectiones
648 2291 710 2321 sint
733 2291 765 2320 in
788 2291 858 2321 Deo
873 2289 1079 2330 formaliter,
1096 2294 1151 2318 aut
1167 2286 1362 2324 virtualiter,

290 2338 342 2368 sed
368 2337 522 2374 absolute,
540 2335 655 2377 quovis
677 2335 777 2365 modo
802 2334 874 2364 sint.
900 2334 948 2375 Ly
967 2332 1185 2374 perfectiones
1209 2337 1270 2361 stat
1293 2330 1362 2361 uni-

289 2381 448 2412 versaliter
462 2391 521 2421 pro
539 2380 689 2411 omnibus
705 2378 963 2420 perfectionibus,
981 2385 1046 2408 tam
1060 2377 1248 2417 simpliciter
1264 2385 1362 2416 quam

291 2436 353 2457 non
378 2426 575 2466 simpliciter,
601 2432 636 2455 ut
660 2430 744 2464 patet
768 2434 804 2454 ex
828 2432 978 2464 processu
1003 2421 1136 2453 articuli.

346 2470 442 2501 11.1n
467 2479 600 2510 corpore
628 2475 673 2499 est
697 2478 760 2499 una
792 2467 973 2503 conclusio,
998 2466 1183 2506 responsiva
1217 2464 1361 2506 quaesito

290 2514 489 2545 affirmative:
515 2513 550 2544 ln
574 2514 643 2544 Deo
668 2520 742 2543 sunt
766 2511 973 2552 perfectiones
997 2510 1147 2542 omnium
1170 2519 1286 2540 rerum.

347 2559 503 2590 Probatur
524 2557 686 2598 tripliciter
701 2557 727 2588 *.
752 2558 880 2594 Primo,
913 2557 952 2586 ab
976 2555 1171 2586 auctoritate.
1204 2554 1292 2585 Deus
1316 2553 1360 2584 di-

240 2609 245 2613 ”
290 2603 369 2634 citur
399 2603 626 2634 universaliter
654 2601 829 2642 perfectus,
862 2601 941 2631 idest
973 2599 1150 2630 secundum
1181 2598 1360 2629 nobilitates

289 2648 438 2678 omnium
456 2655 623 2688 generum:
649 2656 734 2686 ergo.
748 2664 768 2668 -
785 2645 983 2676 Antecedens
1007 2645 1160 2685 probatur
1176 2643 1361 2674 auctoritate

289 2692 446 2727 Averrois,
471 2692 499 2722 V
523 2691 707 2732 Metaphys.

346 2736 397 2767 111.
413 2736 571 2773 Secundo,
583 2735 705 2766 ratione
718 2741 845 2774 sumpta
859 2743 895 2764 ex
911 2733 1080 2774 Dionysio.
1097 2732 1183 2763 Deus
1200 2738 1246 2763 est
1258 2731 1360 2772 prima

289 2790 382 2811 causa
409 2779 548 2811 effectiva
578 2787 700 2810 rerum:
728 2788 806 2829 ’ergo
836 2778 986 2809 omnium
1017 2787 1131 2808 rerum
1151 2776 1360 2818 perfectiones

289 2824 501 2865 praeexistunt
523 2824 555 2854 in
579 2824 649 2854 Deo
673 2823 874 2854 eminentiori
898 2823 1009 2853 modo.

343 2869 542 2900 Antecedens
572 2867 775 2908 supponitur.
805 2866 1044 2908 Consequentia
1072 2867 1224 2907 probatur
1253 2865 1361 2906 quoad

283 2915 425 2954 primam
436 2918 577 2954 partem.
594 2911 731 2943 Effectus
747 2911 926 2952 praeexistit
942 2911 1056 2942 virtute
1073 2911 1106 2941 in
1123 2920 1218 2941 causa
1233 2916 1358 2950 agente:

288 2968 362 2998 ergo
381 2957 537 2999 quidquid
560 2956 761 2997 perfectionis
786 2962 832 2986 est
855 2955 887 2986 in
912 2954 1032 2991 effectu,
1059 2961 1186 2996 oportet
1209 2954 1241 2985 in
1266 2963 1359 2985 causa

287 3002 427 3033 effectiva
450 3001 593 3032 inveniri.
618 3001 714 3042 Ergo,
735 3000 760 3031 si
783 3000 869 3030 Deus
894 3006 962 3036 etc.‚
988 2999 1136 3030 omnium
1159 3007 1267 3030 rerum
1290 3008 1359 3039 per-

287 3046 439 3077 fectiones
463 3052 538 3077 sunt
560 3045 592 3076 in
609 3055 659 3076 eo.
675 3062 696 3067 -
715 3044 832 3082 Quoad
849 3044 1022 3075 secundam
1044 3053 1119 3075 vero
1138 3049 1266 3084 partem
1283 3051 1358 3083 pro-

287 3091 389 3122 batur.
416 3093 532 3131 Agens,
552 3090 745 3130 inquantum
767 3098 873 3129 agens,
891 3095 938 3119 est
953 3088 1146 3129 perfectum:
1172 3097 1246 3128 ergo
1271 3096 1358 3127 prae-

287 3135 416 3166 existere
431 3135 465 3165 in
477 3134 591 3166 virtute
608 3143 720 3165 causae
734 3133 864 3174 agentis,
877 3143 942 3163 non
959 3139 1005 3164 est
1020 3132 1226 3174 praeexistere
1242 3131 1359 3172 imper-

287 3179 424 3215 fectiori,
449 3179 505 3210 sed
528 3178 707 3219 perfectiori
730 3177 840 3208 modo.
866 3177 951 3217 Ergo
975 3177 1132 3218 quidquid
1156 3175 1358 3218 perfectionis

287 3223 380 3254 estin
404 3222 533 3259 effectu,
558 3221 735 3263 praeexistit
758 3221 791 3252 in
816 3231 909 3252 causa
934 3221 1082 3257 effectiva,
1107 3221 1157 3252 vel
1181 3220 1358 3252 secundum

288 3268 421 3298 eandem
449 3267 622 3303 rationem,
647 3274 683 3298 ut
706 3266 737 3297 in
758 3266 910 3301 univoca;
939 3265 989 3296 vel
1013 3265 1191 3296 secundum
1217 3264 1357 3295 eminen-

287 3312 417 3348 tiorem,
443 3318 479 3342 ut
501 3311 534 3342 in
558 3311 741 3352 aequivoca.
771 3310 875 3361 Ergo,
902 3310 927 3340 si
950 3310 1038 3340 Deus
1062 3316 1108 3341 est
1138 3309 1241 3350 prima
1264 3318 1358 3340 causa

287 3355 449 3391 omnium,
474 3362 601 3396 oportet
629 3354 830 3386 eminentiori
853 3354 953 3385 modo
978 3355 1127 3386 omniurn
1147 3353 1357 3395 perfectiones

287 3400 411 3430 habere.
428 3418 447 3422 -
463 3402 677 3441 Assumptum
693 3406 779 3440 patet
802 3409 838 3430 ex
862 3399 1061 3439 praecedenti
1086 3399 1229 3430 articulo.
1251 3397 1357 3428 Prima

288 3444 513 3485 consequentia
541 3445 692 3485 probatur
716 3454 752 3474 ex
776 3443 944 3484 opposito:
969 3443 1104 3479 scilicet,
1129 3443 1205 3484 quia
1227 3440 1357 3473 materia

287 3495 333 3518 est
349 3487 540 3528 imperfecta,
558 3488 763 3528 praeexistere
777 3487 809 3518 in
825 3487 967 3528 potentia
986 3497 1098 3518 causae
1114 3485 1292 3522 materialis,
1310 3492 1357 3516 est

288 3541 353 3562 esse
377 3531 600 3572 imperfectiori
617 3532 726 3564 modo.
752 3531 886 3573 Reliqua
910 3531 1133 3572 relinquuntur
1148 3541 1205 3572 per
1218 3540 1251 3562 se
1267 3535 1354 3561 nota.

344 3576 395 3606 IV.
422 3575 512 3607 Circa
535 3576 622 3606 illam
645 3576 914 3617 propositionem,
933 3577 1158 3616 praeexistere
1180 3577 1212 3606 in
1237 3575 1355 3606 uirtute

287 3629 406 3650 causae
420 3621 558 3661 agentis,
578 3630 640 3651 non
656 3626 703 3652 est
713 3621 936 3661 praeexistere
952 3619 1192 3660 imperfectiori,
1208 3618 1266 3651 sed
1274 3628 1354 3659 per-

278 3663 413 3704 fectiori
428 3664 530 3701 modo,
548 3665 683 3695 dubium
703 3664 808 3695 statim
824 3664 975 3696 occurrit:
1001 3664 1076 3705 quia
1098 3671 1128 3695 et
1145 3670 1191 3695 est
1206 3663 1298 3698 falsu
1325 3670 1354 3694 et

1420 2198 1606 2229 contradicit
1621 2199 1708 2230 alteri
1729 2199 1813 2231 dicto
1827 2200 1956 2231 litterae.
1983 2201 2074 2232 Falsa
2097 2202 2245 2242 quidem:
2270 2202 2347 2244 quia
2365 2202 2493 2235 effectus

1418 2241 1452 2271 in
1480 2252 1575 2273 causa
1602 2242 1755 2275 efficiente
1789 2245 1984 2286 quandoque
2012 2246 2191 2286 praeexistit
2218 2256 2318 2288 aeque
2351 2247 2492 2288 perfecto

1419 2286 1536 2322 modo;
1562 2294 1597 2318 ut
1621 2295 1705 2328 patet
1733 2298 1808 2319 cum
1837 2289 1980 2320 Socrates
2008 2297 2136 2330 generat
2159 2290 2335 2322 Platonem.
2371 2290 2492 2323 Contra

1417 2329 1554 2362 litteram
1568 2341 1660 2362 vero:
1685 2333 1760 2373 quia
1784 2343 1928 2374 expresse
1948 2333 2070 2370 dicitur,
2087 2340 2117 2365 et
2133 2335 2222 2371 bene,
2240 2335 2356 2376 quod‘
2348 2345 2381 2366 ιιι
2397 2345 2492 2367 causa

1418 2375 1555 2406 univoca
1586 2376 1764 2416 praeexistit
1793 2377 1919 2409 effectus
1949 2378 2124 2410 secundum
2150 2379 2284 2410 eandem
2314 2381 2490 2411 rationem:

1416 2419 1512 2459 igitur
1535 2430 1601 2451 non
1625 2421 1804 2461 perfectiori
1828 2423 1938 2453 modo.

1472 2464 1546 2495 Non
1571 2465 1658 2496 deest
1681 2475 1813 2516 quoque
1837 2466 1964 2498 novitiis
1988 2467 2112 2498 occasio
2137 2467 2315 2498 dubitandi:
2345 2468 2421 2509 quia
2443 2468 2489 2500 vi-

1416 2508 1529 2539 demus
1558 2509 1685 2540 effectus
1714 2510 1808 2541 etiam
1835 2510 2061 2551 imperfectiori
2091 2512 2192 2542 modo
2219 2512 2426 2552 praeexistere
2455 2513 2489 2544 in

1415 2552 1524 2584 multis
1541 2554 1652 2590 causis,
1673 2564 1755 2595 quae
1779 2562 1854 2586 sunt
1877 2565 1989 2586 causae
2004 2566 2077 2587 vere
2101 2555 2273 2593 effectivae;
2298 2563 2335 2588 ut
2353 2562 2440 2597 patet
2455 2555 2488 2588 in

1416 2597 1610 2673 siminibus,
1643 2609 1679 2630 ex
1710 2599 1826 2640 quibus
1858 2599 1996 2631 effective
2028 2601 2250 2641 producuntur
2281 2600 2430 2633 animalia
2458 2608 2490 2632 et

1414 2652 1435 2682 p
1449 2649 1539 2673 antae
1589 2648 1594 2651 '

1470 2686 1509 2717 V.
1534 2687 1585 2717 Ad
1610 2687 1672 2718 hoc
1695 2687 1829 2718 breviter
1851 2688 2023 2719 dicendum
2046 2695 2107 2725 est,
2132 2689 2222 2730 quod
2245 2689 2279 2731 ly
2295 2689 2489 2731 perfectiori

1415 2730 1508 2762 modo
1531 2737 1637 2771 potest
1659 2732 1775 2772 exponi
1800 2732 1976 2773 dupliciter.
2001 2732 2120 2770 Primo,
2145 2735 2374 2774 comparative,
2391 2740 2430 2765 ut
2443 2733 2486 2765 si—

1414 2774 1541 2815 gnificat
1557 2785 1594 2806 ex
1612 2775 1642 2806 vi
1662 2777 1819 2807 vocabuli.
1845 2778 1886 2808 Et
1900 2785 1976 2809 tunc
1994 2778 2189 2819 intelligitur,
2206 2787 2272 2809 non
2291 2779 2485 2819 necessano,

1414 2820 1469 2850 sed
1487 2821 1697 2860 permissive:
1721 2820 1765 2852 ita
1789 2822 1878 2862 quod
1902 2822 2055 2862 particula
2078 2822 2232 2862 negativa,
2254 2832 2317 2854 non
2334 2821 2486 2864 imperse—

1413 2865 1508 2895 ctiori
1530 2864 1634 2903 modo,
1658 2864 1843 2905 intelligitur
1864 2866 2054 2904 necessario;
2081 2865 2233 2908 particula
2255 2876 2331 2898 vero
2349 2865 2486 2898 affirma·

1413 2908 1485 2944 tiva,
1510 2908 1567 2939 sed
1582 2907 1791 2950 perfectiori,
1816 2909 2000 2950 intelligitur
2023 2910 2216 2952 permissive.
2242 2910 2283 2941 Et
2305 2908 2350 2942 sic
2369 2917 2415 2942 est
2429 2920 2483 2942 ve-

1414 2953 1536 2983 rissima
1559 2953 1752 2994 propositio:
1778 2960 1808 2985 et
1827 2954 1980 2995 significat
2001 2955 2091 2996 quod
2109 2953 2315 2996 praeexistere
2334 2954 2366 2986 in
2391 2962 2485 2986 causa

1413 2996 1576 3034 efficiente,
1588 2999 1770 3029 necessario
1784 3005 1830 3029 est
1846 3000 2052 3039 praeexistere
2067 3009 2134 3030 non
2146 2997 2370 3039 imperfectiori
2383 2999 2484 3030 modo

1413 3051 1512 3083 quam
1535 3042 1575 3073 sit
1594 3042 1711 3073 modus
1735 3043 1857 3074 essendi
1875 3043 2017 3080 effectus;
2041 3044 2098 3075 sed
2113 3043 2311 3084 possibiliter
2330 3050 2376 3074 est
2395 3052 2484 3084 prae-

1413 3085 1542 3117 existere
1558 3086 1736 3126 perfectiori
1753 3088 1863 3118 modo.
1874 3105 1893 3110 —
1904 3088 2062 3124 Secundo,
2079 3094 2185 3128 potest
2199 3087 2316 3127 exponi
2332 3087 2483 3128 interpre-

1413 3130 1510 3161 tando
1534 3131 1788 3172 comparativum
1811 3142 1870 3172 pro
1893 3132 2047 3173 positivo:
2066 3131 2258 3173 perfectiori
2282 3132 2386 3170 modo,
2403 3131 2484 3164 idest

1413 3173 1505 3205 modo
1527 3174 1693 3216 perfecto,
1719 3186 1774 3206 seu
1799 3175 2012 3216 perfectionis.
2032 3194 2052 3199 —
2068 3175 2173 3206 Prima
2196 3183 2302 3206 tamen
2326 3175 2482 3217 expositio

1411 3219 1531 3250 litterae
1546 3219 1669 3250 intento
1686 3220 1795 3251 servit:
1821 3221 1976 3261 quoniam
1995 3219 2129 3251 intendit
2147 3221 2280 3260 probare
2296 3220 2385 3261 quod
2405 3220 2483 3251 erni-

1412 3263 1547 3294 nention'
1572 3263 1672 3294 modo
1701 3263 1733 3295 in
1758 3274 1851 3295 causa
1875 3264 2062 3306 aequivoca,
2092 3264 2244 3305 Deoque,
2274 3264 2482 3304 perfectiones

1411 3307 1582 3339 effectuum
1605 3315 1688 3339 sunt.

1466 3352 1517 3382 Ad
1540 3352 1678 3384 novitios
1703 3359 1810 3384 autem
1834 3352 2051 3393 respondetur,
2076 3362 2113 3383 ex
2136 3352 2279 3383 doctrina
2301 3352 2480 3389 Alexandri,

1412 3403 1446 3427 ut
1469 3395 1562 3428 refert
1584 3399 1741 3428 Averroes
1764 3397 1821 3428 ΧΠ
1845 3397 2046 3437 Metaphys„
2073 3404 2244 3429 comment.
2273 3407 2361 3434 xxiv,
2390 3396 2480 3438 quod

1411 3440 1532 3471 semina
1547 3448 1578 3472 et
1594 3441 1653 3472 alia
1671 3440 1867 3477 huiusmodi,
1885 3439 2002 3482 quibus
2017 3440 2137 3471 formae
2157 3440 2328 3472 effectuum
2347 3450 2413 3471 non
2432 3450 2479 3471 as-

1410 3484 1588 3516 similantur
1603 3485 1738 3516 univoce
1757 3485 1807 3516 vel
1822 3484 1983 3520 imitative,
2000 3493 2065 3515 non
2082 3491 2156 3516 sunt
2172 3494 2283 3516 causae
2300 3483 2478 3520 efficientes,

1410 3529 1464 3559 sed
1483 3529 1692 3560 instrumenta
1708 3538 1875 3559 causarum
1898 3529 2069 3569 agentium,
2095 3536 2125 3560 et
2145 3539 2227 3570 prop
2206 3536 2311 3570 pterea
2333 3529 2479 3559 locantur

1409 3573 1441 3603 in
1453 3582 1566 3613 genere
1579 3582 1746 3604 causarum
1762 3572 1974 3604 effectivarum
1989 3573 2027 3603 ab
2043 3573 2221 3610 Aristotele,
2232 3573 2261 3604 V
2271 3573 2455 3623 Metaphys.
2461 3571 2479 3591 ¹⁸²
2506 3580 2589 3603 ὀ..
2583 3580 2718 3636 ,mh-ppt?

2523 3640 2636 3688 ·ὅ.ρ..,,,
2651 3666 2705 3689 ..5.

1410 3623 1440 3647 et
1457 3617 1482 3647 ll
1499 3617 1626 3657 Physic.
1642 3617 1659 3636 *
1682 3617 1832 3648 Praesens
1851 3623 1958 3648 autem
1974 3627 2079 3648 sermo
2096 3618 2135 3649 de
2155 3617 2256 3649 causis
2280 3616 2386 3648 activis
2403 3626 2476 3657 pro·
2506 3639 2528 3655 n.

1410 3661 1485 3701 prie,
1511 3670 1576 3691 non
1598 3661 1704 3692 solum
1728 3668 1764 3691 ut
1787 3661 2024 3701 distinguuntur
2040 3669 2148 3693 contra
2166 3661 2224 3692 alia
2239 3670 2353 3701 genera
2369 3670 2477 3691 causa-

2526 591 2536 601 ·
2552 590 2576 612 S.
2587 590 2631 612 Th.
2647 592 2700 613 lect.
2710 598 2735 615 n.

2525 1121 2534 1130 ·
2551 1120 2576 1142 S.
2586 1119 2633 1142 Th.
2648 1119 2700 1142 lect.
2710 1125 2727 1142 ι.
