2768 4178
110 682 165 704 *ca
184 688 229 709 .1v,
246 688 322 709 n.7.-

206 709 258 730 lect.
273 714 321 730 vm.

111 709 192 733 S.T1.

210 750 224 766 κ

205 789 220 815 λ

109 2547 118 2555 ·
135 2546 166 2568 Ca
187 2561 192 2567 .
208 2552 233 2571 ιι,
248 2552 301 2568 n.2.

109 2572 164 2594 S.T
183 2573 300 2595 .1ect.1n.

112 3077 120 3084 '
137 3075 202 3096 Vers.
214 3081 233 3104 3.

110 3290 245 3339 ςεῧὴιῖ,
261 3296 284 3312 η.

232 3321 275 3339 eet.
284 3323 324 3338 vn.

111 3348 172 3376 Qu.
174 3354 227 3375 xvn,
235 3352 276 3370 art.
280 3354 294 3375 ι,
303 3355 323 3377 3

112 3449 123 3458 '⁴
139 3448 166 3469 D.
178 3453 224 3475 75²·

354 285 428 321 226

352 363 454 400 tione
487 362 658 409 naturali,
688 374 766 399 non
787 370 915 399 autem
931 369 939 384 ⁸
958 362 996 399 in
1026 362 1245 399 accedendo
1266 362 1314 399 ad
1335 375 1421 399 eam

351 417 413 453 vel
434 416 472 452 in
492 416 706 452 recedendo
728 416 775 452 ab
798 428 858 452 ea:
889 416 967 452 imo
989 415 1202 452 secundum
1232 415 1337 464 quod
1363 428 1420 452 re-

353 470 492 506 cedunt
519 481 541 505 a
569 468 632 505 tali
665 476 795 516 motu,
831 469 1012 506 recedunt
1031 481 1053 504 a
1073 468 1233 504 naturali
1262 468 1420 517 disposi-

351 522 466 559 tione.
487 543 511 549 -
532 522 581 558 Et
603 529 810 570 praeterea,
833 534 995 571 corpora
1013 520 1143 569 gravia
1164 528 1199 557 et
1218 521 1318 558 levia
1336 533 1420 564 mo-

351 583 490 612 ventur
517 587 539 611 a
568 583 718 612 motore
747 575 975 621 extrinseco,
1005 575 1067 610 vel
1097 581 1321 622 generante,
1356 574 1420 622 qui

353 628 416 665 dat
444 629 622 675 formam,
642 629 704 665 vel
734 636 957 665 removente
980 627 1202 676 prohibens,
1223 635 1265 663 ut
1285 626 1421 664 dicitur

352 681 390 718 in
409 682 495 718 VlII
515 682 663 730 Physic.
680 681 715 718 *ε
748 689 783 718 et
802 681 852 718 ita
880 694 958 718 non
978 688 1139 717 movent
1158 680 1293 729 seipsa,
1325 680 1420 717 sicut

352 747 513 784 corpora
541 734 709 772 viventia
729 741 752 770 κ.

404 791 462 825 AD
482 799 642 825 TERTmM
662 799 845 824 DICENDUM
865 786 970 836 quod
991 798 1113 834 aquae
1128 785 1241 822 vivae
1257 784 1270 806 λ
1290 785 1419 822 dicun-

405 903 423 935 ι)
442 906 540 927 autem.
558 916 577 921 —
596 902 657 926 Om.
677 901 787 926 codices.

404 939 428 970 κ)
449 941 475 963 et
494 938 565 963 ita...
585 937 710 962 viventia.
729 950 747 955 -
766 936 827 961 Om.
847 935 963 968 ACEpF.

1037 283 1304 329 QUAESTlo
1334 283 1476 330 xvm,
1506 283 1802 321 ARTICULUS
1833 285 1864 320 11

1475 370 1546 410 tur,
1568 374 1666 411 quae
1694 363 1838 400 habent
1858 363 2081 399 continuum
2103 363 2273 400 fluxum:
2298 375 2422 412 aquae
2443 363 2545 401 enim

1476 423 1627 462 stantes,
1649 428 1747 465 quae
1763 428 1841 453 non
1862 416 2131 453 continuantur
2146 416 2193 453 ad
2212 416 2440 465 principium
2457 429 2547 454 con-

1474 468 1577 506 tinue
1606 469 1748 517 fluens,
1780 469 1955 506 dicuntur
1982 477 2168 516 mortuae,
2199 477 2240 506 ut
2268 482 2390 517 aquae
2421 470 2546 507 cister-

1475 534 1612 559 narum
1642 529 1678 558 et
1705 523 1941 560 lacunarum.
1971 523 2021 559 Et
2048 523 2123 559 hoc
2157 522 2293 559 dicitur
2315 535 2385 571 per
2417 522 2546 559 simili—

1474 574 1669 611 tudinem:
1699 575 1925 623 inquantum
1958 576 2060 614 enim
2094 575 2274 612 videntur
2302 587 2342 612 se
2371 587 2543 622 movere,

1474 628 1617 665 habent
1650 628 1935 666 similitudinem
1963 629 2075 666 vitae.
2108 629 2185 666 Sed
2218 636 2349 665 tamen
2382 640 2460 665 non
2490 636 2546 665 est

1474 681 1513 717 in
1534 681 1587 718 eis
1606 694 1699 718 vera
1723 681 1818 718 ratio
1837 682 1953 719 vitae:
1980 682 2069 730 quia
2088 683 2190 719 hunc
2209 689 2360 718 motum
2381 693 2460 718 non
2478 682 2544 718 ha-

1474 734 1566 770 bent
1589 746 1611 771 a
1639 734 1771 783 seipsis
1790 741 1819 781 μ,
1851 735 1918 772 sed
1938 748 1960 772 a
1981 748 2094 772 causa
2113 743 2317 783 generante
2339 747 2419 780 eas;
2450 734 2545 772 sicut

1474 786 1609 823 accidit
1629 787 1727 824 circa
1746 796 1895 824 motum
1915 788 2077 826 aliorum
2097 788 2270 837 gravium
2293 795 2329 825 et
2346 787 2502 825 levium.

1529 899 1556 931 λ)
1577 901 1661 925 vivae.
1679 915 1696 919 -
1716 901 1804 926 vivere
1823 902 1853 926 B.

1530 936 1557 969 μ)
1577 943 1594 959 a
1613 936 1714 967 seipsis.
1732 950 1752 955 -
1769 943 1807 961 ex
1824 937 1917 969 seipsis
1935 936 2082 962 ACDEFG.

1032 1031 1364 1065 commentaria
1387 1031 1637 1064 cardinalis
1660 1031 1861 1065 Caieta-ni

410 1132 516 1153 nurus
541 1121 652 1152 clarus.
675 1139 694 1143 -
719 1120 755 1150 In
783 1130 930 1160 corpore,
956 1130 1020 1150 una
1049 1120 1211 1150 conclusio
1235 1119 1419 1160 responsiva

352 1136 569 1208 Tquaesito:
595 1165 650 1195 Illa
673 1164 800 1205 proprie
824 1171 897 1195 sunt
912 1164 1057 1201 viventia,
1082 1174 1164 1205 quae
1185 1163 1288 1205 seipsa
1307 1174 1418 1195 secun-

350 1213 428 1243 dum
451 1211 591 1252 aliquam
615 1209 753 1251 speciem
777 1216 885 1240 motus
909 1215 1050 1240 movent.

404 1256 490 1286 Haec
506 1254 669 1286 conclusio
685 1254 790 1294 primo
807 1254 974 1293 probatur;
993 1253 1107 1284 deinde
1123 1252 1317 1293 explanatur.
1341 1252 1418 1283 Pro-

348 1301 433 1332 batio
458 1306 519 1330 est:
545 1298 726 1330 Differentia
744 1298 920 1329 viventium
937 1308 955 1328 a
969 1308 1037 1328 non
1059 1297 1247 1334 viventibus,
1265 1307 1302 1327 ex
1317 1297 1418 1327 mani-

349 1346 426 1376 feste
439 1344 617 1375 viventibus
634 1343 789 1374 sumenda
805 1349 869 1373 est:
894 1352 968 1382 ergo
984 1352 1021 1373 ex
1036 1342 1099 1373 vita
1115 1341 1316 1372 animalium:
1342 1351 1417 1382 ergo

349 1401 386 1421 ex
409 1399 447 1420 eo
471 1388 504 1419 in
535 1398 601 1430 quo
626 1388 730 1428 primo
755 1386 973 1417 manifestatur
995 1386 1075 1423 vita,
1101 1393 1131 1417 et
1153 1386 1187 1417 in
1210 1396 1276 1427 quo
1301 1386 1416 1417 ultimo

348 1440 506 1465 remanet:
532 1443 606 1473 ergo
631 1442 668 1462 ex
686 1441 814 1462 movere
831 1431 981 1471 seipsum.
1007 1431 1092 1471 Ergo
1116 1431 1169 1461 illa
1192 1430 1319 1471 proprie
1343 1437 1418 1461 sunt

348 1478 501 1514 viventia,
527 1486 608 1518 quae
632 1476 734 1517 seipsa
766 1476 944 1507 secundum
975 1475 1114 1516 speciem
1143 1474 1285 1516 aliquam
1308 1481 1416 1505 motus

348 1529 488 1554 movent.
506 1540 525 1545 —
541 1522 646 1552 Prima
670 1520 897 1562 consequentia
919 1521 1072 1560 probatur
1091 1519 1276 1550 auctoritate
1291 1519 1361 1550 libri
1377 1520 1417 1550 de

353 1566 595 1609 Vegetabilibus.
620 1565 726 1596 Tertia
751 1572 859 1596 autem
879 1565 1047 1604 probatur:
1072 1563 1147 1605 quia
1166 1563 1276 1594 tandiu
1298 1563 1416 1594 iudica-

347 1619 398 1643 tur
417 1611 534 1642 animal
558 1610 672 1646 vivere,
691 1610 832 1651 quandiu
857 1619 893 1640 ex
917 1618 956 1639 eo
979 1615 1088 1639 motus
1112 1615 1251 1649 apparet,
1276 1615 1333 1639 etc.

402 1656 596 1696 Explanatur
611 1664 695 1690 vero,
707 1654 815 1695 quoad
830 1653 992 1689 terminos,
1006 1652 1140 1683 dicendo
1158 1653 1248 1694 quod
1262 1652 1295 1693 ly
1313 1658 1417 1683 motus

348 1699 560 1732 communiter
583 1698 730 1730 sumitur.
763 1698 804 1729 Et
827 1698 865 1728 ab
890 1697 1058 1738 opposito·
1089 1697 1164 1738 quia
1187 1706 1269 1738 quae
1292 1707 1359 1727 non
1383 1706 1415 1727 se

347 1752 454 1786 agunt,
480 1743 607 1776 nonnisi
630 1742 882 1774 similitudinarie
905 1742 956 1772 viv
959 1751 1008 1772 ere
1033 1741 1190 1773 dicuntur.

401 1789 493 1820 11.1n
517 1787 723 1829 responsione
747 1787 787 1817 ad
811 1786 997 1822 secundum,
1023 1786 1148 1817 adverte
1164 1786 1254 1827 quod
1278 1795 1344 1816 non
1367 1785 1414 1815 in—

1472 1120 1573 1151 tendit
1596 1120 1698 1151 littera
1719 1120 1854 1151 limitare
1879 1121 2120 1152 conclusionem
2147 1122 2212 1152 iam
2243 1123 2427 1163 probatam,
2452 1124 2543 1164 quasi

1473 1164 1617 1195 addenda
1632 1164 1742 1196 fuisset
1755 1165 1833 1196 haec
1847 1165 2009 1205 particula,
2022 1166 2148 1202 scilicet,
2163 1167 2195 1197 in
2207 1176 2268 1197 sua
2282 1168 2427 1198 naturali
2439 1168 2543 1208 dispo-

1472 1209 1608 1240 sitione:
1631 1209 1686 1240 sed
1709 1209 1844 1240 intendit
1867 1210 1956 1250 quod
1980 1220 2015 1241 ex
2039 1210 2098 1241 ista
2122 1210 2304 1247 differentia,
2322 1210 2438 1243 scilicet
2453 1213 2543 1253 quod

1472 1253 1578 1293 gravia
1601 1260 1631 1284 et
1654 1253 1735 1289 levia
1758 1264 1824 1284 non
1849 1261 1979 1285 movent
2003 1254 2083 1285 sein
2101 1265 2158 1285 sua
2172 1254 2308 1285 naturali
2324 1255 2541 1295 dispositione,

1471 1297 1608 1328 viventia
1631 1304 1739 1328 autern
1763 1298 1816 1335 sic,
1841 1298 1974 1329 habetur
1997 1299 2086 1339 quod
2109 1299 2170 1329 illis
2193 1309 2260 1329 non
2284 1299 2432 1330 convenit
2450 1300 2542 1331 abso-

1471 1342 1537 1373 lute
1555 1352 1683 1372 movere
1698 1352 1740 1379 se,
1761 1343 1816 1373 sed
1830 1342 2009 1374 viventibus
2025 1350 2166 1380 tantum;
2191 1349 2360 1384 propterea
2375 1343 2451 1385 quia
2469 1344 2543 1375 hinc

1471 1386 1690 1417 manifestatur
1713 1387 1802 1428 quod
1826 1393 1934 1418 motus
1954 1387 2083 1418 illorum
2107 1397 2164 1428 per
2179 1398 2212 1418 se
2236 1394 2355 1428 spectat
2378 1388 2419 1418 ad
2441 1398 2543 1419 acces-

1471 1441 1544 1461 sum
1569 1431 1608 1460 ad
1631 1430 1858 1471 perfectionem
1888 1432 2082 1468 naturalem,
2108 1438 2138 1462 et
2162 1439 2393 1473 consequenter
2423 1439 2544 1474 spectat

1470 1475 1510 1505 ad
1535 1475 1810 1516 complementum
1832 1476 2042 1516 generationis
2065 1476 2220 1516 ipsorum.
2238 1477 2279 1507 Et
2297 1476 2373 1518 quia
2395 1477 2476 1508 nihil
2490 1486 2542 1519 ge-

1471 1526 1559 1550 nerat
1583 1530 1625 1556 se,
1642 1520 1698 1550 sed
1721 1521 1760 1550 ab
1785 1530 1823 1550 eo
1841 1530 1859 1550 a
1874 1530 1941 1561 quo
1965 1528 2140 1561 generatur,
2166 1521 2346 1561 completur
2368 1531 2466 1552 suum
2487 1531 2542 1563 ge-

1471 1563 1581 1600 nerari,
1598 1563 1671 1595 ideo
1695 1571 1803 1595 motus
1819 1564 1963 1604 gravium
1983 1572 2013 1596 et
2036 1565 2156 1596 levium
2174 1565 2334 1606 generanti
2351 1565 2541 1597 attribuitur.

1471 1608 1506 1638 In
1530 1615 1621 1639 motu
1646 1615 1753 1639 autern
1772 1608 1947 1640 viventium
1970 1609 2135 1641 manifeste
2152 1616 2237 1650 patet
2260 1610 2340 1640 nihil
2362 1610 2482 1641 horum
2494 1610 2542 1641 in·

1470 1652 1579 1683 veniri.
1605 1653 1647 1683 Et
1662 1659 1828 1694 propterea
1849 1654 1916 1684 sola
1930 1653 2066 1685 viventia
2089 1653 2191 1694 seipsa
2215 1661 2355 1685 movent.
2372 1672 2393 1677 —
2408 1654 2450 1685 Et
2465 1654 2542 1685 haec

1471 1703 1545 1727 sunt
1558 1697 1649 1728 valde
1665 1698 1805 1728 notanda
1828 1698 1861 1728 in
1877 1698 2007 1729 materia
2030 1698 2069 1728 de
2086 1705 2177 1729 motu
2201 1698 2346 1739 gravium
2362 1705 2392 1730 et
2406 1698 2541 1729 levium:

1470 1741 1625 1782 quoniam
1649 1742 1854 1773 subtilissima
1870 1749 1901 1773 et
1924 1742 2094 1773 clarissima
2110 1742 2189 1774 ratio
2206 1752 2320 1773 eorum
2343 1750 2452 1774 motus
2467 1742 2542 1774 hinc

1470 1785 1611 1817 habetur.

1121 1947 1439 1989 ARTICULUS
1469 1946 1769 1988 SECUNDUS

1012 2050 1168 2081 UTRUM
1192 2049 1297 2080 VITA
1320 2049 1387 2080 Sir
1411 2049 1627 2087 QUAEDAM
1652 2048 1874 2080 OPERATIO

639 2140 713 2171 Infra,
733 2147 777 2172 qu.
797 2146 846 2170 ιῐν,
867 2144 914 2164 art.
934 2146 954 2167 1,
974 2139 1006 2163 ad
1027 2145 1057 2168 2;
1077 2138 1108 2162 111
1128 2138 1212 2166 Sent..
1233 2138 1291 2162 dist.
1306 2145 1378 2169 xxm,
1399 2145 1443 2170 qu.
1462 2144 1479 2166 ι,
1500 2142 1546 2161 art.
1566 2144 1586 2168 1,
1607 2136 1639 2161 ad
1663 2144 1687 2167 ¹3
1708 2137 1749 2166 lv,
1770 2136 1829 2162 dist.
1847 2144 1913 2168 xux,
1934 2144 1978 2169 qu.
1998 2144 2015 2168 ι,
2036 2142 2082 2162 art.
2104 2144 2127 2168 2,
2148 2139 2195 2170 qu·
2217 2138 2245 2169 3;

962 2174 970 2198 1
993 2174 1070 2199 Cont.
1087 2175 1174 2204 Germ,
1194 2181 1250 2206 cap.
1268 2180 1362 2204 xcvm3
1383 2173 1425 2198 De
1444 2173 1506 2197 Diu.
1526 2172 1614 2202 Nom„
1635 2179 1692 2205 cap.
1706 2179 1741 2202 vr,
1760 2172 1819 2197 lect.
1838 2179 1854 2197 1.

468 2304 482 2316 ἱ
526 2295 528 2297 >
563 2269 620 2303 An
658 2276 849 2302 SECUNDUM
887 2276 940 2301 src
978 2274 1219 2300 PROCEDITUR.
1258 2261 1419 2300 Videtur

475 2317 476 2320 ’
498 2298 668 2368 {quod
695 2317 773 2354 vita
801 2317 846 2354 sit
874 2316 1066 2376 quaedam
1095 2315 1279 2364 operatio.
1314 2314 1418 2351 Nihil

351 2479 591 2540 operationes
612 2423 820 2527 quasdam,
849 2484 891 2514 ut
918 2483 1021 2536 patet
1047 2487 1116 2524 per
1139 2421 1417 2534 Philosophum

350 2534 388 2570 in
418 2534 449 2570 II
478 2533 573 2570 libro
603 2532 649 2568 de
675 2531 816 2568 Anima
836 2530 867 2577 *,
898 2529 964 2578 qui
988 2527 1180 2587 distinguit
1198 2527 1330 2565 vivere
1350 2540 1420 2577 per

351 2594 526 2636 quatuor,
556 2584 695 2623 scilicet
723 2583 904 2621 alimento
932 2582 999 2630 uti,
1020 2581 1169 2628 sentire,
1191 2581 1341 2619 moveri
1362 2593 1419 2618 se-

352 2640 520 2677 cundum
548 2639 688 2686 locum,
719 2645 755 2674 et
783 2636 1000 2684 intelligere.
1031 2636 1134 2683 Ergo
1153 2634 1232 2671 vita
1251 2642 1308 2672 est
1327 2647 1419 2684 ope-

351 2693 444 2730 ratio
473 2691 1274 2742 quaedam..

406 2758 440 2783 2.
471 2747 713 2790 PRAETEREA,
741 2743 820 2781 vita
848 2742 971 2779 activa
1009 2740 1145 2779 dicitur
1180 2741 1252 2778 alia
1286 2753 1367 2778 esse
1397 2753 1419 2779 a

352 2798 657 2847 contemplativa.
689 2797 765 2834 Sed
795 2794 1079 2844 contemplativi
1108 2794 1156 2831 ab
1185 2794 1317 2832 activis
1340 2807 1419 2832 non

352 2851 654 2889 diversificantur
686 2850 757 2887 nisi
794 2849 1007 2886 secundum
1037 2847 1278 2897 operationes
1306 2860 1419 2897 quas-

352 2906 454 2942 dam.
485 2906 587 2952 Ergo
615 2904 694 2941 vita
723 2910 779 2940 est
806 2903 997 2951 quaedam
1027 2901 1212 2950 operatio.

407 2959 440 2996 3.
476 2959 715 3004 PRAETEREA,
747 2968 978 3004 cognoscere
1007 2956 1134 2992 Deum
1164 2962 1220 2991 est
1247 2954 1417 3003 operatio

352 3011 555 3060 quaedam.
587 3011 694 3047 Haec
723 3017 850 3046 autem
871 3016 926 3046 est
945 3008 1034 3055 vita,
1055 3015 1096 3044 ut
1114 3015 1218 3056 patet
1235 3019 1304 3057 per
1327 3007 1419 3045 illud

353 3062 457 3102 loan.
478 3076 550 3101 xvn
565 3063 600 3101 *z
630 3064 743 3100 Haec
762 3068 815 3099 est
832 3067 955 3099 autem
976 3067 993 3083 α
1016 3061 1092 3098 vita
1112 3066 1278 3107 aeterna,
1302 3067 1341 3097 ut
1357 3073 1418 3098 co-

350 3123 536 3167 gnoscant
563 3123 598 3154 te
624 3116 746 3153 solum
784 3127 916 3153 verum
950 3116 1087 3152 Deum.
1126 3115 1229 3163 Ergo
1257 3114 1336 3151 vita
1365 3121 1420 3151 est

352 3171 535 3219 operatio.

406 3225 480 3261 SED
509 3235 656 3261 CONTRA
684 3233 750 3259 EST
777 3220 882 3271 quod
913 3220 1001 3258 dicit
1028 3220 1297 3270 Philosophus,
1318 3219 1357 3257 in
1386 3220 1417 3256 II

351 3278 396 3314 de
423 3277 564 3314 Anima
583 3276 619 3313 *ε
649 3276 776 3314 vivere
802 3275 1009 3311 viventibus
1037 3279 1091 3310 est
1117 3286 1206 3311 esse.

406 3332 631 3367 Responnsso
647 3339 832 3366 mcENDUM
848 3327 964 3376 quod,
982 3326 1077 3364 sicut
1091 3339 1138 3364 ex
1153 3326 1290 3365 dictis*
1303 3333 1417 3385 patet,

352 3383 559 3420 intellectus
588 3390 733 3428 noster,
763 3380 828 3430 qui
863 3380 1017 3440 proprie
1056 3388 1111 3417 est
1140 3378 1419 3428 cognoscitivus

354 3436 568 3485 quidditatis
598 3435 651 3472 rei
670 3442 711 3472 ut
729 3433 873 3483 proprii
893 3432 1064 3470 obiecti*
1066 3461 1075 3480 ,
1097 3433 1231 3482 accipit
1250 3444 1273 3469 a
1292 3443 1418 3479 sensu,

348 3489 460 3526 cuius
488 3489 641 3538 propria
678 3488 827 3525 obiecta
860 3494 946 3524 sunt
974 3486 1184 3524 accidentia
1221 3484 1419 3523 exteriora.

408 3618 435 3650 α)
460 3621 557 3644 autem.
581 3632 599 3637 -
623 3617 753 3643 Omittunt
778 3617 879 3642 codices
904 3622 929 3641 et
953 3617 1029 3641 editio
1052 3624 1078 3641 α.
1102 3617 1166 3641 Item
1191 3617 1313 3641 omittunt
1334 3616 1419 3640 solum
1445 3613 1447 3618 '

354 3660 453 3678 verum.

1473 2261 1522 2298 Et
1548 2260 1638 2298 inde
1668 2268 1723 2298 est
1756 2261 1862 2309 quod
1884 2273 1928 2297 ex
1948 2261 2006 2298 his
2039 2274 2138 2310 quae
2169 2262 2332 2300 exterius
2360 2272 2545 2313 apparent

1473 2314 1521 2350 de
1550 2326 1610 2360 re,
1642 2314 1870 2351 devenimus
1908 2314 1958 2351 ad
1996 2316 2305 2362 cognoscendam
2341 2317 2544 2355 essentiam

1473 2366 1539 2404 rei.
1570 2367 1619 2403 Et
1646 2367 1736 2415 quia
1765 2367 1818 2404 sic
1846 2366 2094 2404 nominamus
2122 2367 2266 2416 aliquid
2285 2368 2382 2406 sicut
2402 2382 2543 2418 cogno-

1473 2419 1614 2457 scimus
1642 2420 1750 2467 illud,
1779 2427 1821 2457 ut
1850 2432 1895 2457 ex
1923 2420 2147 2469 supradictis
2166 2421 2187 2443 *
2213 2429 2337 2470 patet,
2371 2422 2459 2460 inde
2487 2431 2544 2461 est

1473 2473 1580 2521 quod
1598 2474 1827 2522 plerumque
1847 2485 1869 2511 a
1888 2473 2181 2522 proprietatibus
2205 2475 2453 2514 exterioribus
2473 2476 2542 2514 im-

1473 2534 1667 2575 ponuntur
1704 2526 1864 2564 nomina
1897 2527 1946 2564 ad
1974 2527 2239 2575 significandas
2277 2528 2458 2567 essentias
2486 2541 2543 2567 re-

1474 2592 1572 2629 rum.
1602 2580 1714 2617 Unde
1742 2579 1963 2617 huiusmodi
1991 2580 2150 2617 nomina
2178 2581 2414 2630 quandoque
2447 2582 2544 2620 acci-

1472 2633 1627 2682 piuntur
1654 2633 1808 2682 proprie
1828 2645 1898 2682 pro
1919 2633 2009 2682 ipsis
2029 2633 2199 2671 essentiis
2219 2646 2360 2682 rerum,
2381 2636 2431 2673 ad
2449 2647 2543 2686 quas

1473 2686 1739 2735 significandas
1754 2686 2010 2735 principaliter
2024 2694 2112 2724 sunt
2126 2687 2320 2736 imposita:
2338 2688 2542 2738 aliquando

1474 2747 1603 2777 autern
1632 2747 1834 2776 sumuntur
1860 2752 1931 2788 pro
1960 2740 2255 2789 proprietatibus
2274 2753 2296 2778 a
2316 2741 2454 2791 quibus
2473 2741 2543 2780 im-

1473 2800 1684 2842 ponuntur,
1707 2801 1742 2829 et
1761 2794 1836 2830 hoc
1857 2793 1983 2830 minus
1998 2793 2164 2843 proprie.
2192 2794 2295 2832 Sicut
2314 2802 2418 2844 patet
2436 2795 2541 2844 quod

1473 2847 1549 2884 hoc
1576 2858 1721 2883 nomen
1750 2858 1886 2895 corpus
1914 2846 2135 2895 impositum
2169 2854 2225 2884 est
2253 2847 2302 2885 ad
2330 2847 2544 2896 significan-

1474 2900 1568 2938 dum
1588 2899 1786 2948 quoddam
1815 2911 1934 2947 genus
1968 2899 2275 2946 substantiarum,
2297 2912 2342 2937 ex
2372 2913 2418 2938 eo
2438 2901 2543 2949 quod

1472 2953 1511 2990 in
1544 2952 1597 2990 eis
1625 2952 1869 2990 inveniuntur
1897 2960 1972 2990 tres
2000 2953 2276 2991 dimensiones:
2307 2961 2344 2990 et
2370 2953 2458 2991 ideo
2479 2954 2542 2992 ali-

1473 3006 1629 3055 quando
1667 3005 1823 3055 ponitur
1854 3006 1929 3043 hoc
1967 3018 2111 3043 nomen
2143 3017 2280 3054 corpus
2316 3006 2365 3044 acl
2402 3006 2542 3055 signifi-

1474 3059 1615 3096 candas
1644 3067 1719 3096 tres
1748 3059 2018 3106 dimensiones,
2044 3059 2256 3096 secundum
2277 3059 2383 3107 quod
2404 3072 2543 3110 corpus

1472 3112 1627 3162 ponitur
1657 3111 1803 3161 species
1825 3112 2064 3159 Quantitatis.

1528 3165 1590 3203 Sic
1615 3177 1704 3213 ergo
1735 3165 1941 3203 dicendum
1970 3173 2025 3203 est
2053 3173 2088 3202 et
2117 3166 2164 3202 de
2192 3165 2281 3203 vita.
2312 3166 2416 3203 Nam
2443 3166 2543 3204 vitae

1473 3230 1617 3256 nornen
1651 3216 1668 3246 fl
1692 3219 1850 3256 sumitur
1878 3231 1923 3256 ex
1952 3218 2121 3267 quodam
2149 3218 2311 3256 exterius
2345 3219 2542 3268 apparenti

1474 3271 1573 3309 circa
1596 3283 1690 3318 rem,
1711 3273 1815 3321 quod
1836 3279 1891 3309 est
1914 3283 2072 3309 movere
2093 3270 2283 3320 seipsum:
2314 3284 2393 3310 non
2412 3279 2542 3310 tamen

1474 3333 1529 3362 est
1547 3324 1768 3374 impositum
1788 3325 1863 3362 hoc
1892 3336 2035 3362 nornen
2061 3325 2109 3361 ad
2138 3325 2212 3362 hoc
2237 3325 2540 3373 significandum,

1474 3378 1542 3415 sed
1579 3378 1627 3416 ad
1660 3378 1949 3426 significandam
1982 3377 2232 3415 substantiam
2266 3378 2327 3415 cui
2361 3378 2542 3416 convenit

1474 3432 1686 3469 secundum
1721 3443 1829 3468 suam
1858 3438 2033 3468 naturam
2072 3443 2231 3468 movere
2267 3431 2450 3480 seipsam,
2478 3432 2541 3468 vel

1474 3496 1584 3532 agere
1610 3496 1650 3521 se
1670 3495 1916 3532 quocumque
1946 3483 2065 3522 modo
2100 3484 2148 3522 ad
2182 3484 2458 3534 operationem.
2493 3485 2542 3521 Et

1529 3612 1552 3646 β)
1574 3615 1643 3654 vitae
1663 3621 1766 3639 nomen.
1785 3628 1802 3632 -
1821 3614 1870 3639 hoc
1889 3621 1981 3639 nomen
2003 3615 2072 3640 vitae
2088 3615 2115 3647 F,
2131 3615 2179 3641 hoc
2199 3622 2292 3641 nomen
2312 3615 2367 3641 uita
2386 3615 2418 3647 G,
2432 3615 2480 3641 hoc
2495 3623 2541 3641 no-

1474 3656 1531 3674 men
1552 3654 1637 3674 ceteri.

2571 2437 2581 2446 ·
2593 2436 2641 2464 Qu.
2652 2442 2703 2464 111¹,
2715 2441 2759 2460 nrt.
