2768 4178
33 397 212 426 “xmp-ad
227 403 244 419 ι-
273 400 358 425 esse
385 388 533 425 donum
561 387 682 425 Patris
708 386 837 436 primo
855 387 1015 424 modo*

130 454 147 471 χ

128 550 147 577 2

32 766 47 779 ⁰
57 760 84 788 ln
98 770 205 793 corpore.

13 2338 17 2342 ’
36 2342 49 2354 ·
61 2341 129 2365 ven.
143 2341 167 2364 ⁶.

40 2849 156 2906 ¹’··‘⁸i·

41 3079 52 3090 ·
65 3078 124 3107 Cap.
137 3084 180 3101 xx.

136 3132 154 3158 Υ

912 254 1179 302 QUAESTIO
1208 253 1424 300 XXXVIII,
1454 253 1750 291 ARTICULUS
1779 254 1810 290 11

324 336 384 373 An
417 347 609 372 SECUNDUM
644 346 830 372 mOENDUM
865 333 972 382 quod
1007 332 1168 370 essentia
1205 332 1338 369 dicitur

273 449 331 479 est
355 441 480 479 Patris
505 453 574 490 per
601 440 765 478 modum
790 438 1033 477 identitatis&

325 496 386 532 An
413 506 574 531 Tannum
593 504 779 530 tacentum
806 491 913 551 quod
931 493 1104 538 Donum,
1124 491 1337 528 seeundum

273 547 379 596 qnod
408 555 466 585 est
491 559 637 584 nomen
662 546 865 595 personale
893 544 933 581 in
960 521 1104 582 divinis⁷
1116 543 1140 591 ²,
1170 556 1250 581 non
1268 543 1341 579 im-

271 607 399 650 portat
434 599 730 645 subiectionem,
760 597 830 635 sed
867 597 1052 646 originem
1088 603 1261 644 tantum,
1299 596 1339 633 in

274 654 558 702 comparatione
585 652 636 689 ad
664 651 831 689 dantem.
863 652 904 687 In
939 649 1226 699 comparatione
1244 662 1339 687 vero

274 706 324 744 ad
351 719 441 743 eum
478 705 539 743 cui
567 705 694 752 datur,
723 704 902 752 importat
933 703 1095 740 liberum
1127 715 1241 740 usum
1277 703 1339 740 vel

273 759 503 805 fruitionem,
532 766 573 794 ut
601 757 744 794 dictum
774 764 830 793 est
848 756 879 794 ²⁸.

325 874 352 907 κ)
370 873 415 898 Ad
432 872 603 898 secundum..
606 871 785 897 .ident1'tat1‘s.
801 884 822 891 -
838 871 883 895 Ad
893 870 1039 896 secundnm
1053 870 1194 895 dicendum
1208 870 1280 902 quod
1292 870 1339 895 do-

272 917 337 935 num
355 911 462 941 oportet
479 915 534 933 esse
552 907 642 939 aliquo
661 907 740 932 modo
758 907 864 936 dann's5
882 907 930 931 sed
947 906 996 931 hoc
1011 909 1101 938 potest
1118 913 1174 931 esse
1188 906 1340 937 multiplici-

274 949 331 976 ter,-
343 947 435 976 potest
457 943 526 969 enim
546 942 650 975 aliquid
667 949 723 967 esse
741 942 842 967 donum
861 948 913 974 per
931 942 1039 966 modum
1065 941 1230 971 identitatis,
1248 944 1275 966 et
1288 948 1342 973 per

273 980 382 1006 modum
407 979 537 1013 originis,·
561 978 608 1004 sed
627 978 698 1010 quod
716 978 788 1010 quod
806 977 876 1010 (sic)
900 977 1014 1003 essentia
1037 977 1137 1002 dicitur
1159 983 1215 1008 esse
1239 977 1339 1002 donum

273 1015 364 1041 Patris
377 1014 470 1047 primo
489 1014 575 1043 modo,
595 1013 661 1047 quia
677 1013 791 1038 essentia
805 1016 845 1038 est
857 1012 950 1038 Patris
957 1019 1010 1045 per
1023 1012 1132 1037 modum
1146 1011 1295 1037 identitatis
1310 1011 1339 1043 C,

272 1050 318 1076 Ad
333 1050 479 1076 seeundum
498 1049 639 1075 dicendum
657 1049 729 1082 quod
743 1049 857 1074 essentia
869 1048 968 1073 dicitur
981 1055 1037 1073 esse
1051 1048 1149 1072 donum
1163 1047 1263 1075 Patris,
1275 1047 1340 1080 quia

2379 253 2452 299 393

1445 333 1504 368 AD
1534 344 1707 374 QUARTUM
1725 343 1909 370 mOENDUM
1933 332 2038 381 quod
2057 333 2205 369 donum
2223 343 2302 368 non
2322 331 2456 368 dicitur

1025 386 1152 444 :quia
1177 384 1338 422 essentia
1394 397 1438 421 ex
1467 397 1512 421 eo
1543 385 1647 433 quod
1676 393 1763 422 actu
1792 386 1902 422 datur
1924 392 1961 422 fl.
1989 385 2057 422 sed
2084 385 2309 434 inquantum
2340 385 2457 421 habet

1393 437 1642 496 aptitudinem
1669 446 1711 475 ut
1738 438 1858 487 possit
1887 438 1979 475 dari.
2008 438 2120 475 Unde
2149 438 2197 474 ab
2226 445 2380 475 aeterno
2400 437 2458 474 di-

1391 490 1483 528 vina
1515 492 1686 528 Persona
1718 490 1854 528 dicitur
1885 492 2055 538 Donum,
2084 491 2171 528 licet
2203 503 2249 527 ex
2280 498 2455 539 tempore

1393 543 1514 581 detur.
1544 545 1630 581 Nec
1655 551 1786 582 tamen
1813 556 1884 593 per
1909 545 1984 581 hoc
2013 544 2118 593 quod
2145 543 2371 592 importatur
2399 554 2459 580 re-

1394 604 1546 645 spectus
1559 597 1609 634 ad
1628 604 1852 644 creaturam,
1873 604 2024 646 oportet
2051 597 2156 644 quod
2176 596 2222 634 sit
2241 596 2454 634 essentiale:

1394 649 1463 686 sed
1491 650 1597 697 quod
1625 650 1767 699 aliquid
1796 650 1992 687 essentiale
2016 650 2055 687 in
2084 662 2155 687 suo
2183 650 2373 687 intellectu
2400 649 2459 686 in-

1395 702 1578 750 cludatur,
1594 703 1688 740 sicut
1708 703 1869 740 essentia
1888 702 2091 740 includitur
2109 703 2148 740 in
2166 703 2354 740 intellectu
2371 715 2457 751 per-

1395 768 1533 801 sonae,
1567 763 1610 792 ut
1637 768 1751 804 supra
1768 755 1789 778 ’¹‘
1817 755 1960 793 dictum
1991 763 2057 793 est.

1393 870 1509 895 essentia
1525 873 1566 895 est
1584 870 1682 900 Patris,
1702 870 1768 903 quia
1779 870 1877 895 donum
1897 873 2003 902 oportet
2020 876 2075 894 esse
2093 869 2182 902 aliquo
2197 869 2276 893 modo
2295 869 2397 899 dantis,·
2411 868 2459 894 sed

1393 905 1443 930 hoc
1460 912 1516 930 esse
1535 905 1635 930 dicitur
1654 905 1851 938 multipliciter-5
1870 913 1922 930 uno
1941 905 2020 930 modo
2032 911 2085 937 per
2097 905 2204 929 modum
2220 904 2375 933 identitatis,
2390 905 2459 930 sicut

1392 941 1558 974 Augustinus
1577 941 1643 966 dicit
1659 941 1691 966 F.

1446 975 1473 1009 λ)
1494 976 1520 1001 in
1540 975 1647 1002 divinis.
1663 989 1684 997 υ
1701 976 1766 1002 Om.
1783 976 1884 1001 codices
1903 981 1929 1001 et
1946 975 2001 1002 ab.

1446 1012 1475 1046 μ.)
1495 1011 1586 1036 datur.
1603 1025 1621 1031 —
1640 1011 1720 1036 detur
1737 1011 1848 1036 codices.

944 1135 1277 1169 Commenta-ia
1300 1133 1551 1167 Cardinalis
1574 1134 1774 1169 Caietam

303 1237 329 1258 ιτ
347 1227 460 1264 titulo,
485 1227 611 1257 adverte
632 1226 735 1267 quod,
760 1231 796 1256 ut
821 1231 910 1267 patet
930 1234 967 1255 ex
989 1223 1223 1255 introductione
1246 1223 1342 1254 huius

277 1239 501 1316 Iquaestionis
523 1271 556 1301 in
578 1270 698 1306 littera,
722 1269 894 1311 praesentis
917 1268 1100 1299 intentionis
1125 1274 1171 1298 est
1193 1277 1343 1308 quaerere

274 1321 319 1347 an
338 1316 472 1347 Donum
495 1316 536 1346 sit
557 1324 677 1347 nomen
699 1313 875 1355 personale,
901 1322 967 1343 non
990 1311 1177 1348 necessario,
1197 1311 1252 1342 sed
1265 1321 1341 1351 pos-

273 1360 427 1392 sibiliter:
447 1360 537 1396 idest,
562 1369 602 1390 an
626 1357 804 1389 secundum
826 1357 968 1398 aliquam
991 1356 1058 1387 eius
1080 1355 1342 1396 significationem

275 1403 315 1436 sit
332 1414 452 1435 nomen
471 1402 650 1445 personale,
667 1412 742 1433 cum
761 1411 804 1432 eo
819 1401 941 1432 utimur
958 1400 991 1431 in
1012 1399 1136 1431 divinis.

402 1448 438 1479 ln
466 1457 599 1490 corpore
627 1445 721 1477 unica
749 1452 796 1476 est
822 1444 1001 1481 conclusio,
1033 1444 1217 1486 responsiva
1244 1453 1342 1485 quae-

275 1493 336 1524 sito
333 1449 566 1523 naffirmafive.
597 1490 730 1521 Divinae
756 1490 914 1520 Personae
942 1488 1096 1530 competit
1118 1489 1252 1520 Donum
1275 1497 1342 1519 esse

275 1543 310 1568 et
333 1536 410 1568 dari.
434 1554 455 1559 -
481 1536 640 1567 Probatur
664 1534 718 1565 sic.
750 1533 884 1564 Divinae
906 1534 1064 1564 Personae
1095 1532 1243 1564 convenit
1274 1541 1341 1563 esse

274 1580 411 1612 alicuius
430 1590 488 1623 per
511 1579 681 1620 originem,
706 1585 737 1609 et
759 1577 866 1609 haberi
889 1588 907 1608 a
931 1584 1071 1609 creatura
1093 1576 1239 1608 rationali
1262 1576 1339 1613 sola,

274 1634 342 1656 non
365 1634 404 1655 ex
430 1623 558 1666 propria
585 1623 713 1654 virtute:
743 1631 818 1663 ergo
850 1621 1000 1654 convenit
1025 1621 1084 1653 sibi
1112 1621 1246 1652 Donum
1275 1630 1341 1651 esse

275 1675 309 1701 et
329 1668 405 1700 dari.

332 1713 541 1749 Antecedens,
565 1711 675 1763 quoad
697 1710 835 1754 primam
857 1717 990 1752 partem,
1013 1716 1118 1751 patet:
1143 1709 1219 1752 quia
1241 1709 1345 1740 Filius

275 1763 322 1790 est
342 1756 442 1788 Patris*
461 1767 518 1799 per
536 1755 702 1797 originem.
726 1755 844 1793 Quoad
861 1755 1033 1787 secundam
1051 1762 1143 1785 vero:
1164 1753 1239 1795 quia
1258 1763 1340 1785 crea-

1396 1230 1467 1254 tura
1485 1223 1645 1254 rationalis
1663 1224 1759 1254 libere
1783 1230 1887 1264 potest
1906 1223 1966 1255 frui
1985 1224 2124 1255 Persona
2146 1224 2260 1261 divina,
2281 1232 2311 1256 et
2327 1225 2372 1256 uti
2392 1225 2459 1256 eius

1397 1267 1518 1298 effectu.
1551 1268 1671 1305 Quoad
1699 1268 1824 1298 tertiam
1850 1276 1975 1299 autern:
2010 1269 2084 1309 quia
2114 1269 2201 1299 nulla
2231 1269 2290 1299 alia
2320 1276 2460 1301 creatura

1396 1318 1501 1352 potest
1520 1312 1634 1342 adduci
1650 1312 1682 1342 in
1699 1318 1888 1352 potestatem
1908 1312 2032 1343 fruendi
2052 1312 2157 1343 divina
2171 1313 2319 1344 Persona.
2339 1313 2460 1351 Quarta

1397 1355 1529 1386 demum
1551 1365 1608 1396 per
1630 1366 1663 1386 se
1687 1362 1781 1396 patet.

1457 1398 1695 1441 Consequentia
1718 1407 1824 1430 autern
1847 1400 2000 1440 probatur
2030 1410 2067 1430 ex
2096 1400 2195 1431 tribus
2225 1400 2460 1432 conditionibus

1397 1443 1488 1474 doni:
1506 1443 1623 1475 scilicet
1639 1444 1728 1485 quod
1745 1443 1784 1474 sit
1798 1444 1930 1475 alicuius
1947 1452 1982 1475 ut
1998 1444 2159 1475 donatoris
2168 1454 2176 1482 ;
2194 1452 2224 1476 et
2239 1445 2340 1486 possit
2354 1445 2460 1476 haberi

1396 1488 1435 1518 ab
1451 1497 1489 1518 eo
1510 1488 1563 1519 cui
1581 1494 1627 1518 est
1645 1487 1809 1525 donabile;
1834 1495 1865 1520 et
1887 1489 1976 1530 quod
2000 1489 2039 1519 sit
2054 1499 2149 1530 supra
2164 1489 2244 1520 vires
2266 1489 2361 1526 illius,
2380 1489 2460 1521 idest

1396 1542 1463 1562 non
1483 1532 1625 1563 debitum
1644 1532 1700 1563 illi.
1723 1532 1765 1563 Et
1787 1533 1908 1572 primae
1932 1532 2062 1574 quidem
2081 1533 2278 1564 conditiones
2297 1540 2462 1574 ponuntur

1395 1576 1429 1606 in
1447 1576 1605 1618 principio
1622 1576 1757 1613 litterae3
1779 1584 1873 1618 atque
1892 1578 2067 1617 probantur
2086 1587 2122 1608 ex
2145 1577 2216 1615 hoc,
2233 1577 2322 1618 quod
2338 1578 2461 1608 donum

1395 1620 1548 1661 importat
1570 1620 1781 1661 aptitudinem
1800 1628 1836 1652 ut
1855 1621 1999 1653 donetur.
2023 1622 2130 1652 Tertia
2154 1629 2260 1653 autem
2279 1621 2410 1663 ponitur
2427 1622 2460 1652 in

1396 1664 1479 1695 calce
1502 1664 1633 1696 litterae.

1453 1709 1495 1740 Et
1518 1709 1543 1739 si
1566 1709 1628 1746 vis,
1654 1715 1745 1750 potes
1768 1716 1887 1740 vertere
1911 1709 1992 1741 hanc
2015 1709 2186 1747 rationem,
2212 1717 2242 1741 et
2265 1709 2462 1741 conditiones

1397 1753 1474 1783 doni
1494 1763 1653 1784 assumere
1673 1763 1732 1794 pro
1756 1754 1967 1785 antecedente.

1048 1877 1367 1950 AR†1CULUS
1397 1907 1697 1951 SECUNDUS

729 2001 917 2034 UTTRUM
940 2001 1097 2033 DONUM
1121 2000 1189 2032 SIT
1211 2000 1434 2033 PROPRIUM
1457 2000 1612 2032 NOMEN
1636 2001 1826 2032 SPIRITUS
1849 2001 2007 2033 SANCTI

1174 2080 1186 2106 1
1203 2080 1291 2110 sent..
1307 2080 1365 2106 dist.
1383 2087 1455 2111 xvm,
1473 2085 1521 2106 art.
1541 2087 1565 2104 2.

322 2206 335 2217 „
397 2214 399 2217 .
429 2196 441 2205 .·
489 2184 513 2209 D
532 2183 724 2210 secunnum
737 2182 790 2208 stc
805 2181 1044 2207 moeson-ua.
1065 2169 1225 2207 Videtur
1238 2168 1347 2218 quod

310 2229 318 2240 '
344 2236 393 2273 ¹¹„
490 2226 648 2262 Donum
677 2236 756 2261 non
785 2223 830 2260 sit
847 2222 1046 2272 proprium
1069 2234 1214 2260 nomen
1232 2221 1347 2272 Spiri-

296 2308 306 2321 ,
329 2269 333 2279 ’
393 2276 398 2279 ’
579 2277 718 2315 Sancti.
748 2277 907 2314 Donum
935 2275 1036 2313 enim
1065 2275 1200 2314 dicitur
1228 2287 1274 2312 ex
1297 2287 1344 2313 eo

446 2323 600 2380 k‘quod
627 2331 748 2368 datur.
779 2330 872 2378 Sed,
894 2329 989 2367 sicut
1017 2328 1343 2375 diciturlsa.1x*,

276 2384 327 2422 F'
326 2383 356 2421 Γ
339 2396 397 2421 us
415 2377 524 2423 datus
542 2389 595 2422 est
613 2383 734 2421 nobis
760 2383 862 2431 Ergo
884 2395 967 2421 esse
986 2383 1145 2421 Donum
1166 2381 1346 2420 convenit

279 2436 388 2485 Filio,
417 2437 513 2476 sicut
539 2436 695 2486 Spiritui
723 2437 881 2475 Sancto.

333 2502 373 2528 2.
385 2491 619 2537 pueram,
636 2501 754 2527 omne
772 2501 917 2527 nomen
935 2489 1169 2539 proprium*
1187 2488 1345 2526 alicuius

230 2571 232 2573 v
279 2545 474 2581 Personae
514 2543 700 2592 significat
736 2542 904 2590 aliquam
943 2542 1024 2579 eius
1058 2542 1343 2592 proprietatem.

280 2595 358 2634 Sed
385 2596 461 2633 hoc
488 2608 634 2633 nomen
661 2595 802 2633 donum
830 2607 911 2633 non
935 2595 1119 2644 significat
1136 2595 1347 2646 proprieta-

278 2657 361 2688 tem
385 2648 555 2698 aliquam
586 2648 750 2698 Spiritus
776 2647 935 2686 Sancti.·
954 2649 1059 2696 Ergo
1091 2648 1238 2687 donum
1266 2660 1346 2686 non

280 2709 335 2741 est
361 2702 561 2751 proprium
589 2713 735 2749 nomen
761 2701 921 2751 Spiritus
950 2701 1090 2739 Sancti.

335 2756 370 2793 3.
400 2756 634 2802 Puni-nm,
660 2754 820 2804 Spiritus
840 2756 1003 2792 Sanctus
1029 2762 1154 2804 potest
1181 2754 1253 2791 dici
1272 2754 1347 2803 spi-

39 2817 109 2846 ‘Qu-
118 2823 199 2845 mvn
209 2819 251 2839 ιη·
279 2808 371 2846 ritus
403 2808 559 2846 alicuius
597 2807 784 2855 hominis,
813 2815 856 2845 ut
881 2820 997 2859 supra
1019 2808 1040 2830 ²⁸¹
1067 2808 1213 2846 dictum
1243 2805 1343 2845 estfl.

281 2861 360 2900 Sed
378 2874 457 2899 non
475 2869 600 2911 potest
620 2860 693 2898 dici
713 2860 859 2898 donum
879 2861 1034 2898 alicuius
1061 2860 1249 2899 hominis:
1279 2861 1350 2898 sed

280 2915 407 2954 solum
443 2916 604 2954 Donum
636 2914 721 2953 Dei.
756 2915 865 2962 Ergo.
895 2915 1043 2952 donum
1070 2926 1151 2953 non
1178 2921 1233 2952 est
1259 2926 1347 2963 pro-

280 2967 410 3018 prium
435 2980 580 3007 nomen
608 2967 768 3017 Spiritus
796 2967 955 3013 Sancti„

336 3021 410 3058 Sub
426 3033 572 3058 conm
591 3033 658 3059 EST
676 3020 782 3069 quod
801 3020 1035 3068 Augustinus
1054 3019 1153 3067 dicit,
1174 3019 1213 3056 in
1233 3020 1284 3056 IV
1299 3020 1346 3056 de

286 3074 328 3110 T
317 3073 390 3110 rin.
405 3073 442 3111 *z
463 3075 568 3111 Sicut
584 3079 714 3111 natum
733 3085 815 3111 esse
830 3079 884 3110 est
895 3073 992 3110 Filio
1007 3085 1031 3110 a
1045 3074 1159 3111 Patre
1178 3085 1268 3119 esse,
1295 3073 1345 3110 ita

283 3126 440 3175 Spiritui
452 3128 589 3165 Sancto
600 3133 614 3154 ⁷
628 3129 784 3165 Donum
795 3126 870 3164 Dei
881 3138 960 3165 esse
973 3131 1028 3164 est
1039 3138 1063 3164 a
1078 3127 1191 3164 Patre
1205 3131 1241 3163 et
1247 3125 1345 3163 Filio

277 3180 495 3228 procedere.
517 3180 596 3219 Sed
616 3180 780 3230 Spiritus
796 3180 960 3218 Sanctus.
975 3179 1126 3218 sortitur
1146 3178 1348 3228 proprium

283 3244 432 3271 nomen
448 3232 678 3281 inquantum
694 3232 868 3283 procedit
885 3245 908 3270 a
926 3234 1042 3270 Patre
1057 3239 1094 3269 et
1112 3232 1221 3269 Filio.
1240 3233 1349 3280 Ergo·

284 3292 322 3323 et
338 3286 497 3322 Donum
525 3294 582 3323 est
599 3286 798 3335 proprium
818 3298 963 3323 nomen
982 3285 1142 3334 Spiritus
1163 3285 1300 3322 Sancti.

337 3339 564 3376 Responnsso
582 3351 768 3378 memnon
794 3339 901 3390 quod
928 3340 1107 3386 Donum,
1134 3338 1347 3376 secundum

338 3454 365 3486 α)
382 3453 534 3485 proprium.
551 3467 570 3472 -
588 3453 650 3479 Om.
668 3455 786 3480 codices..

338 3488 363 3522 β)
384 3492 413 3514 ut
430 3496 514 3522 supra
533 3489 632 3514 d1'ctum
651 3493 698 3515 est.
715 3503 735 3510 ·-
753 3489 815 3515 Om.
834 3490 897 3516 Pab.

336 3524 364 3559 γ)
380 3524 496 3556 Spiritui
512 3524 620 3550 Sancto.
633 3538 652 3544 -
666 3524 799 3559 Spiritum
812 3525 942 3551 Sanctum
956 3526 984 3555 P.
998 3531 1019 3550 s.
1033 3532 1054 3550 s.
1068 3524 1188 3555 BDGab5
1207 3531 1262 3550 esse
1275 3524 1314 3550 ita
1324 3541 1349 3550 ...

284 3563 329 3586 ew
342 3566 360 3584 a
378 3560 460 3585 Patre
477 3567 531 3584 om.
546 3559 575 3584 C.

338 3594 364 3628 ὅ)
379 3595 439 3621 ideo
453 3595 524 3620 enim
539 3595 634 3621 damn
647 3595 738 3628 gratis
747 3595 833 3622 aliosi·
843 3596 958 3629 anquid.
967 3610 988 3617 -

429 3649 538 3674 Smfflu:
557 3648 658 3673 Timor.
679 3649 709 3673 D.
728 3648 843 3673 Tuomst
861 3649 894 3673 T.
913 3649 931 3674 1.

1400 2169 1506 2218 quod
1523 2168 1772 2218 personaliter
1791 2169 1952 2206 sumitur
1969 2169 2008 2206 in
2028 2169 2178 2217 divinis,
2195 2178 2251 2207 est
2265 2169 2463 2219 proprium

1401 2234 1546 2259 nomen
1588 2222 1747 2271 Spiritus
1786 2222 1924 2260 Sancti.
1968 2222 2030 2259 Ad
2067 2222 2174 2259 cuius
2211 2223 2461 2270 evidentiam,

1400 2274 1685 2311 sciendumest
1712 2275 1818 2324 quod
1848 2275 1992 2312 donum
2020 2275 2174 2325 proprie
2203 2283 2260 2312 est
2286 2276 2385 2313 datio
2414 2276 2464 2312 ir-

1400 2327 1608 2374 reddibilis,
1639 2328 1851 2366 secundum
1877 2328 2155 2378 Philosophum
2174 2328 2207 2378 *7
2234 2329 2331 2366 idest
2359 2329 2466 2377 quod

1400 2393 1479 2419 non
1499 2381 1608 2419 datur
1626 2381 1834 2419 intentione
1853 2381 2129 2422 retributionis:
2160 2389 2196 2419 et
2214 2382 2267 2419 sic
2286 2382 2470 2431 importat.

1400 2434 1599 2482 gratuitam
1620 2434 1880 2472 donationem.
1910 2434 2022 2471 Ratio
2048 2442 2179 2471 autern
2196 2434 2376 2483 gratuitae
2397 2435 2465 2472 do-

1399 2487 1561 2524 nationis
1581 2494 1637 2524 est
1655 2499 1785 2524 amor:
1814 2487 1903 2524 ideo
1933 2487 2035 2524 enim
2064 2487 2199 2524 damus
2223 2488 2335 2536 gratis
2355 2488 2465 2525 alicui

1399 2539 1542 2589 aliquid
1560 2538 1585 2582 ⁸⁷,
1615 2540 1704 2589 quia
1726 2540 1907 2577 volumus
1937 2540 1971 2577 ei
1994 2540 2152 2578 bonum.
2181 2541 2353 2578 Primum
2375 2553 2464 2590 ergo

1401 2593 1506 2642 quod
1526 2592 1662 2631 damus
1682 2592 1728 2640 ei,
1751 2600 1806 2631 est
1825 2605 1935 2631 amor
1954 2605 2030 2642 quo
2050 2594 2230 2631 volumus
2251 2593 2283 2631 ei
2303 2595 2463 2633 bonum.

1400 2646 1513 2685 Unde
1540 2645 1786 2684 manifestum
1808 2653 1864 2683 est
1892 2647 1998 2695 quod
2015 2659 2126 2684 amor
2143 2647 2260 2684 habet
2277 2647 2465 2685 rationem

1399 2699 1512 2748 primi
1539 2699 1651 2746 doni,
1679 2711 1750 2748 per
1779 2699 1886 2748 quod
1922 2699 2054 2737 omnia
2081 2700 2183 2737 dona
2211 2700 2371 2748 gratuim
2397 2701 2466 2738 do-

1400 2760 1550 2790 namur.
1579 2752 1703 2800 Unde,
1733 2764 1821 2789 cum
1851 2752 2011 2802 Spiritus
2031 2753 2191 2790 Sanctus
2215 2753 2399 2802 procedat
2426 2760 2468 2790 ut

1400 2807 1533 2854 Amor,
1554 2805 1650 2843 sicut
1676 2805 1753 2842 iam
1773 2805 1794 2827 ⁸²
1821 2805 1965 2843 dictum
1985 2813 2051 2853 est,
2071 2806 2246 2855 procedit
2262 2806 2301 2843 in
2320 2806 2464 2844 ratione

1402 2858 1493 2896 doni
1510 2858 1636 2909 primi.
1666 2858 1778 2897 Unde
1798 2858 1889 2896 dicit
1899 2858 2147 2908 Augustinus,
2160 2859 2232 2897 XV
2250 2859 2296 2896 de
2313 2860 2350 2896 Τ
2345 2859 2419 2897 rin.
2433 2859 2465 2908 ³⁸,

1401 2911 1508 2962 quod
1531 2924 1606 2961 per
1622 2913 1778 2949 Donum
1797 2912 1899 2960 quod
1915 2918 1970 2949 est
1985 2913 2145 2961 Spiritus
2158 2913 2333 2958 Sanctus,
2348 2912 2465 2950 naalia

1394 2966 1556 3014 propria
1584 2965 1683 3001 dona
1712 2965 1928 3002 dividuntur
1955 2966 2133 3002 membris
2165 2965 2312 3002 Christi.

1454 3020 1514 3055 An
1541 3030 1679 3055 nmmum
1711 3029 1810 3055 ERGO
1838 3029 2022 3056 nicenum
2051 3018 2176 3069 quod,
2207 3018 2303 3055 sicut
2328 3018 2463 3066 Filius,

1402 3071 1490 3121 quia
1508 3070 1682 3122 procedit
1709 3083 1781 3121 per
1797 3071 1957 3108 modum
1977 3071 2104 3119 Verbi,
2126 3070 2237 3130 quod
2251 3071 2299 3108 de
2320 3071 2465 3110 ratione

1402 3137 1471 3162 sua
1498 3125 1614 3162 habet
1647 3123 1752 3174 quod
1780 3123 1829 3162 sit
1852 3123 2060 3163 similitudo
2089 3124 2148 3162 sui
2182 3124 2377 3174 principii,
2412 3124 2466 3162 di-

1402 3177 1496 3216 citur
1522 3176 1675 3226 proprie
1703 3178 1849 3237 Imago,
1877 3177 1965 3215 licet
1991 3177 2106 3217 etiam
2125 3177 2288 3228 Spiritus
2305 3178 2465 3216 Sanctus

1402 3231 1448 3268 sit
1466 3230 1595 3268 similis
1614 3230 1734 3276 Patri=3
1763 3230 1814 3267 ita
1833 3230 1946 3267 etiam
1965 3237 1977 3252 ‘
2001 3230 2161 3280 Spiritus
2185 3231 2357 3278 Sanctus,
2377 3230 2467 3280 quia

1402 3297 1425 3321 a
1439 3285 1550 3321 Patre
1568 3283 1742 3332 procedit
1759 3290 1803 3320 ut
1820 3285 1954 3331 Amor,
1972 3283 2105 3321 dicitur
2123 3283 2275 3333 proprie
2294 3285 2465 3331 Donum,

1402 3338 1488 3374 licet
1515 3336 1633 3374 etiam
1658 3336 1773 3373 Filius
1802 3336 1920 3392 detur.
1961 3337 2048 3373 Hoc
2077 3336 2177 3383 enim
2206 3336 2333 3386 ipsum
2361 3337 2466 3386 quod

1374 3452 1378 3479 Ι
1403 3452 1484 3478 alicui
1501 3452 1624 3484 ACEFQ
1644 3452 1703 3477 ideo
1721 3452 1794 3478 enim.
1810 3452 1898 3485 gratis
1917 3452 2012 3477 damus
2029 3451 2131 3484 aliquid
2149 3451 2230 3478 alicui
2247 3452 2300 3483 BD,
2320 3452 2379 3478 ideo
2397 3453 2467 3478 enim

1404 3488 1499 3513 damus
1516 3487 1604 3521 gratis
1622 3487 1704 3513 alicui
1721 3488 1762 3513 ed.
1774 3495 1800 3514 a.

1457 3523 1479 3555 ε)
1493 3523 1562 3548 sicut
1578 3522 1670 3552 Filius,
1684 3523 1773 3555 quia..
1775 3523 1837 3548 .1'ta
1854 3522 1944 3548 etiam.
1961 3537 1980 3542 -
1998 3522 2059 3547 Om.
2073 3522 2241 3557 BCDEFpA3
2259 3522 2329 3548 sicut
2347 3522 2457 3549 Filius..

1404 3562 1492 3584 tamen
1512 3558 1576 3591 quia
1594 3558 1640 3588 sA,
1658 3558 1728 3583 sicut
1746 3558 1831 3583 Filius
1849 3559 1950 3590 quia...
1963 3558 2001 3583 ita
2019 3558 2091 3591 quod
2109 3557 2143 3583 G.
2159 3571 2178 3577 -
2196 3556 2247 3583 Pru
2265 3565 2378 3591 sequens
2395 3559 2466 3591 quia,

998 3596 1057 3622 ideo
1071 3596 1141 3622 enim
1153 3596 1247 3629 gratis
1255 3596 1355 3621 damna
1404 3594 1450 3627 qui
1468 3593 1632 3626 BCDEQA,
1650 3601 1703 3618 om.
1722 3593 1791 3619 FsA.

2292 3647 2324 3672 50

2483 733 2494 745 ⁸
2505 733 2553 760 Qu.
2563 739 2644 760 xxxiv,
2652 736 2697 755 art.

2482 766 2503 789 3,
2519 760 2548 781 ad
2563 765 2581 781 ι.

2492 2338 2501 2346 ·
2518 2336 2598 2364 Topic.
2608 2336 2648 2359 lib.
2661 2335 2703 2363 IV,

2492 2369 2544 2391 cap.
2558 2369 2589 2390 iv,
2604 2369 2628 2385 n.
2643 2369 2672 2385 12.

2492 2814 2502 2823 ”
2518 2813 2566 2840 Qu.
2577 2818 2649 2839 xxvii,
2660 2816 2704 2834 art.

2491 2846 2519 2866 43
2541 2845 2580 2867 qu.
2603 2845 2685 2861 xxxvii
2695 2855 2703 2866 ,

2492 2870 2576 2920 imai.
2590 2897 2638 2914 m.
