2768 4178
931 266 1198 315 QUAESTIO
1226 266 1335 315 XVI,
1363 266 1661 304 ARTICULUS
1687 266 1775 303 VIII
2372 280 2446 317 217

319 347 476 379 Probatur
493 347 590 388 igitur
605 347 770 379 conclusio
786 347 840 378 sic.
862 346 985 378 Veritas
1000 346 1177 378 intellectus
1193 352 1240 377 est
1255 355 1330 377 con·
1386 345 1563 377 similitudo
1592 351 1698 387 potest
1729 355 1767 377 ex
1797 352 1884 387 parte
1915 353 2127 378 extremorum
2153 347 2274 378 variari.
2306 347 2451 379 Secunda

262 390 407 423 fortuitas
434 391 612 423 intellectus
639 392 680 422 ad
701 400 771 422 res:
803 400 878 431 ergo
908 397 1015 431 potest
1040 390 1152 421 variari
1183 400 1220 421 ex
1242 396 1331 431 parte
1386 397 1510 421 autem:
1539 390 1615 431 quia
1636 390 1696 421 ista
1717 390 1849 421 variatio
1873 401 1910 421 ex
1933 398 2019 433 parte
2048 391 2224 423 intellectus
2253 391 2395 423 consistit
2416 392 2450 422 in

262 435 440 468 intellectus
464 442 495 467 et
516 436 574 467 rei:
599 445 685 477 ergo,
702 435 729 466 si
747 435 788 466 sit
810 434 923 476 aliquis
945 434 1122 466 intellectus
1145 434 1265 475 absque
1286 434 1331 465 al-
1386 434 1564 465 mutatione
1587 434 1824 475 acceptionum;
1849 444 1886 465 ex
1908 442 1996 475 parte
2013 445 2088 466 vero
2109 435 2163 472 rei,
2187 435 2220 466 in
2242 435 2357 467 latente
2379 446 2450 467 mu-

262 480 438 511 ternatione
461 480 664 521 opinionum,
681 485 713 511 et
735 479 826 510 cuius
848 478 1066 521 acceptionem
1083 478 1172 510 nulla
1194 488 1243 509 res
1258 478 1331 509 sub·
1386 478 1506 510 tatione
1527 478 1583 510 rei.
1607 478 1715 510 Tertia
1737 485 1847 510 autem
1868 478 2055 520 relinquitur
2078 479 2214 511 evidens.

262 523 420 565 terfugiat‚
445 524 513 556 eius
535 524 648 556 veritas
667 530 714 555 est
728 522 952 554 immutabilis:
977 532 1052 563 ergo
1074 522 1188 554 veritas
1211 522 1331 554 intelle·
1443 522 1661 554 Corollarium
1691 529 1800 554 autem
1831 529 1892 554 est:
1923 523 2044 554 Veritas
2072 524 2248 555 secundum
2278 534 2376 565 quam
2403 533 2451 554 res

264 574 333 600 ctus
357 568 456 600 divini
479 575 526 600 est
548 567 770 604 immutabilis,
790 566 890 598 nostri
910 576 987 598 vero
1010 566 1181 598 mutabilis.
1199 584 1218 589 -
1234 568 1332 598 Ante-
1387 567 1546 598 naturales
1576 567 1724 599 dicuntur
1745 576 1854 603 verae,
1879 573 1926 597 est
1948 567 2082 598 omnino
2109 567 2325 600 immutabilis.
2339 586 2360 591 -
2373 568 2451 599 Pro-

218 621 222 625 *
265 613 379 644 cedens
409 619 505 655 patet.
526 612 633 644 Prima
660 611 888 653 consequentia
914 611 1087 653 probatur:
1118 610 1195 652 quia
1226 609 1332 642 omnis
1386 611 1493 642 batur:
1517 611 1594 652 quia
1616 617 1664 643 est
1685 611 1798 642 veritas
1821 611 1997 642 intellectus
2021 611 2128 643 divini.

417 3681 527 3708 Suum
546 3681 648 3707 Timon.
667 3681 699 3706 D.
717 3680 832 3707 Tuom
850 3682 883 3707 T.
901 3683 919 3707 l.
970 3694 984 3706 n
2284 3680 2317 3706 28
