2768 4178
78 570 87 578 ⁴
103 569 173 591 Num.
186 575 222 590 ni.

74 1999 84 2009 ⁸
101 1998 150 2026 Qu.
162 2004 202 2025 vn,
218 2002 260 2020 art.
272 2004 287 2020 1.

173 2035 190 2060 Υ

328 278 399 314 170

322 346 359 376 de
375 345 523 376 intellecti
539 352 570 376 et
585 345 761 376 intellectus
778 345 950 382 identitate,
968 351 999 376 et
1014 346 1104 387 quod
1121 346 1256 376 dubium
1273 354 1391 377 restans

321 390 359 420 de
382 390 554 429 intelligere
574 396 724 426 remanet,
742 399 800 429 pro
820 397 943 430 quanto·
959 397 1032 421 sunt
1052 390 1176 431 aliquae
1193 390 1391 421 difficultates

321 444 357 464 ex
373 434 509 474 propriis
533 433 632 473 ipsius
652 433 834 473 intelligere,
855 442 891 465 ut
914 434 1118 474 distinguitur
1142 441 1251 465 contra
1269 434 1391 468 intelle-

321 485 416 515 ctum,
439 478 498 508 dici
515 478 603 508 aliter
617 488 712 518 posse
726 478 858 515 videtur,
880 479 1073 520 acceptando
1094 478 1183 519 quod
1205 478 1239 519 ly
1263 479 1307 508 ita
1330 479 1391 509 sci-

320 523 392 554 licet
416 527 451 553 ut
474 532 575 563 neque
598 528 709 553 careat
730 524 834 564 specie
858 529 935 560 etc.,
961 530 1104 554 teneatur
1128 521 1312 562 expositive.

375 567 412 598 V.
431 567 472 597 Et
495 567 535 596 ad
559 566 695 597 dubium
710 575 838 598 motum
854 567 872 587 *
894 567 1113 608 respondetur,
1138 567 1228 607 quod
1252 566 1391 597 exclusio

319 611 437 642 horum
460 611 601 641 duorum
624 611 781 653 adaequat
804 612 1028 643 omnimodam
1050 610 1247 641 identitatem
1270 611 1391 642 intelle-

320 662 387 686 ctus
412 662 442 686 et
464 655 624 686 intellecti.
650 656 712 686 Sed
736 657 867 687 nomine
890 657 1006 697 speciei
1029 666 1095 686 non
1119 662 1166 686 est
1188 655 1392 696 intelligenda

319 700 438 740 species
461 699 614 740 impressa
645 707 787 738 tantum,
813 701 868 732 sed
896 700 1112 732 universaliter
1141 706 1207 730 tam
1239 699 1392 740 impressa

319 755 417 785 quarn
434 754 588 784 expressa.
610 745 671 776 Ubi
689 745 774 776 enirn
798 745 974 776 intellectus
994 752 1024 775 et
1041 744 1159 785 species
1175 744 1392 775 universaliter

319 799 385 818 non
410 788 622 829 distinguitur,
639 789 682 820 ibi
706 790 883 821 intellectus
908 797 938 820 et
961 789 1157 820 intellectum
1186 789 1322 819 omnino
1346 795 1393 819 est

319 833 415 864 idem.
439 833 480 864 Et
503 833 565 864 hoc
588 833 621 864 in
646 834 789 865 doctrina
813 845 836 865 s.
854 834 1002 865 Thomae
1027 840 1074 864 est
1101 833 1232 863 indubie
1260 841 1391 863 verum:

319 878 474 918 quoniam
497 884 669 918 conceptus
686 878 754 919 ipse
778 886 824 910 est
840 879 960 919 species
984 888 1138 918 expressa,
1157 887 1239 919 quae
1262 877 1296 907 in
1319 877 1391 907 solo

318 922 388 952 Deo
412 929 459 953 est
481 923 669 959 substantia;
702 930 732 954 et
756 923 799 954 sic
823 923 855 953 in
887 923 977 954 nullo
1009 922 1072 953 alio
1103 922 1241 953 salvatur
1270 921 1390 962 integre

1015 266 1284 313 QUAESTIO
1314 268 1420 314 xw,
1450 268 1750 305 ARTICULUS
1781 270 1830 306 111

1447 346 1586 377 exclusio
1603 347 1722 377 horum
1746 347 1897 380 duorum.
1913 349 2030 380 Utrum
2046 355 2155 380 autem
2173 349 2236 380 hoc
2259 348 2394 381 sufficiat
2409 360 2521 381 secun-

1448 391 1527 421 dum
1551 391 1689 422 aliorum
1713 392 1984 433 philosophorum
2009 394 2168 433 dogmata,
2186 403 2253 424 non
2276 401 2323 425 est
2346 394 2520 435 praesentis

1447 435 1576 475 negotii,
1595 435 1651 466 sed
1674 435 1707 466 in
1725 436 1766 467 111
1790 437 1830 468 de
1845 438 1974 475 Anima,
1992 438 2042 468 vel
2058 438 2091 468 in
2108 438 2166 468 XII
2180 439 2366 479 Metaphys.
2387 439 2518 470 dicetur.

1504 479 1603 517 Quod
1626 486 1734 510 autem
1758 479 1802 517 sic
1818 481 2034 513 universaliter
2057 482 2090 512 in
2110 482 2267 523 praesenti
2289 482 2391 513 littera
2414 493 2519 514 suma-

1447 530 1499 554 tur
1522 523 1657 564 species,
1681 531 1784 556 textus
1807 525 1947 557 insinuat
1970 536 2026 567 per
2057 526 2110 557 illa
2141 526 2253 563 verba,
2278 536 2350 557 cum
2375 533 2422 558 est
2444 533 2520 558 actu

1447 568 1642 609 intelligens.
1670 568 1703 600 Si
1726 569 1766 599 de
1789 570 1893 610 specie
1916 571 2069 612 impressa
2093 577 2219 602 tanturn
2241 571 2427 608 intenderet,
2453 581 2520 602 non

1448 613 1642 652 oportuisset
1665 613 1767 644 dicere
1791 624 1863 645 cum
1879 620 1925 646 est
1943 621 2018 647 actu
2039 616 2241 657 intelligens;
2257 625 2332 646 cum
2350 615 2405 646 illa
2424 615 2520 647 etiam

1446 656 1520 688 insit
1543 667 1619 688 cum
1641 657 1818 689 intellectus
1842 665 1950 690 noster
1973 669 2040 690 non
2068 666 2115 691 est
2142 667 2215 691 actu
2243 659 2438 700 intelligens,
2464 660 2519 690 sed

1448 701 1619 732 dormiens.
1645 702 1748 739 Unde,
1769 703 1967 743 explanando
1985 704 2124 744 speciem
2141 703 2372 745 intelligibilem
2387 713 2443 744 per
2458 711 2520 735 sta-

1447 751 1519 776 tum
1541 745 1719 777 intellectus
1742 746 1775 777 in
1799 753 1870 778 actu
1891 748 2042 785 secundo,
2059 748 2231 780 insinuavit
2248 749 2338 790 quod
2357 748 2518 779 universa-

1445 788 1516 820 liter
1539 790 1578 820 de
1602 791 1706 830 specie
1725 791 1909 832 loqueretur
1928 800 2134 824 concurrente
2150 794 2191 824 ad
2207 799 2314 824 actum
2330 792 2518 829 secundum,

1446 833 1503 873 qui
1536 840 1582 865 est
1612 834 1795 875 intelligere.
1833 836 1968 868 Constat
1998 843 2106 868 autem
2139 838 2178 868 ad
2209 837 2302 868 illum
2332 847 2518 868 concurrere

1446 879 1787 922 utramque'speciem.
1812 880 1861 911 De
1877 881 1981 921 specie
2005 891 2080 922 ergo
2104 882 2322 913 universaliter
2345 887 2391 913 est
2414 891 2519 912 sermo

1446 921 1711 962 interpretandus,
1736 930 1772 955 ut
1795 924 2003 956 universalior
2027 926 2066 956 sit
2089 936 2209 958 sensus.

1501 1000 1553 1008 Μ

1130 1066 1449 1108 ARTICULUS
1478 1066 1710 1108 TERTIUS

978 1151 1135 1182 UTRUM
1158 1150 1270 1182 DEUS
1295 1150 1658 1182 COMPREHENDAT
1682 1151 1861 1183 SE1PSUM

638 1231 647 1255 1
668 1231 750 1261 Sent„
765 1231 824 1255 dist.
843 1238 912 1260 xuu,
932 1238 977 1263 qu.
996 1237 1014 1260 1,
1034 1235 1080 1255 art.
1104 1238 1125 1261 1,
1141 1230 1172 1255 ad
1191 1237 1221 1262 43
1241 1229 1281 1260 ΙΙΙ,
1302 1230 1361 1254 dist.
1379 1237 1429 1259 ΣΝ,
1443 1234 1489 1255 art.
1506 1237 1529 1261 2,
1543 1232 1591 1263 qu·
1610 1238 1634 1261 ι;
1654 1231 1663 1255 Ι
1686 1231 1762 1256 Cont.
1779 1232 1866 1260 Gent„
1883 1239 1939 1264 cap.
1958 1239 2001 1263 111;
2022 1232 2063 1263 ΙΙΙ,
2076 1240 2132 1266 cap.
2151 1240 2197 1264 ιν;

971 1266 1012 1291 De
1036 1266 1127 1294 Verit„
1141 1273 1185 1298 qu.
1199 1273 1228 1296 υ,
1242 1271 1287 1290 art.
1303 1273 1326 1296 2,
1347 1266 1379 1290 ad
1400 1265 1428 1296 55
1452 1266 1596 1298 Compend.
1619 1266 1717 1297 7heol.‚
1738 1274 1793 1300 cap.
1813 1274 1864 1292 cvr.

351 1362 419 1406 2213&
436 1365 512 1416 εμπ(
532 1360 555 1385 D
583 1359 743 1384 TERTmM
764 1359 817 1383 sm
837 1358 1078 1383 PROCEDITUR.
1102 1345 1262 1383 Videtur
1286 1345 1390 1394 quod

345 1390 513 1459 ψ’ἵιιη
533 1403 639 1439 Deus
659 1413 738 1437 non
758 1399 1061 1448 comprehendat
1088 1399 1270 1448 seipsum.
1292 1399 1392 1436 Dicit

337 1434 638 1515 ,ydnq'sfiemm
679 1453 939 1501 Augustinus,
979 1452 1018 1489 in
1051 1452 1148 1489 libro
1191 1453 1390 1502 Octoginta

378 1483 469 1538 &³3³3ss
492 1500 647 1546 &trium
667 1508 815 1549 Quaest.
832 1506 863 1553 ⁷¹⁶,
885 1506 992 1555 quod
1011 1505 1050 1543 id
1065 1512 1082 1527 α
1102 1506 1204 1554 quod
1221 1517 1390 1554 compre-

317 1561 444 1598 hendit
459 1572 510 1605 se,
521 1561 678 1609 finitum
698 1566 753 1596 est
777 1559 858 1596 sibi.
891 1559 968 1597 Sed
993 1560 1100 1596 Deus
1126 1566 1181 1595 est
1209 1559 1390 1596 omnibus

318 1614 443 1652 modis
473 1615 651 1651 infinitus.
682 1614 784 1661 Ergo
814 1625 893 1650 non
923 1612 1213 1661 comprehendit
1241 1625 1293 1649 se.

373 1681 407 1706 2.
439 1669 478 1705 Si
497 1667 514 1696 β
544 1662 687 1705 dicatur
711 1666 817 1716 quod
845 1667 951 1703 Deus
981 1666 1150 1703 infinitus
1180 1673 1236 1703 est
1264 1665 1388 1713 nobis,

318 1723 384 1759 sed
414 1721 485 1758 sibi
513 1721 655 1768 finitus,
678 1727 824 1757 contra:
853 1719 983 1756 verius
1007 1726 1063 1756 est
1082 1719 1389 1768 unumquodque

317 1775 532 1813 secundum
552 1774 658 1824 quod
679 1781 734 1811 est
754 1774 857 1821 apud
877 1774 1018 1820 Deum,
1035 1785 1154 1821 quam
1174 1773 1389 1810 secundum

317 1830 422 1878 quod
453 1836 509 1865 est
537 1828 640 1877 apud
670 1840 752 1864 nos.
793 1827 833 1865 Si
861 1826 972 1874 igitur
1000 1827 1106 1863 Deus
1135 1826 1206 1864 sibi
1235 1826 1306 1876 ipsi
1335 1833 1391 1863 est

317 1883 460 1929 finitus,
491 1881 603 1918 nobis
633 1888 762 1917 autem
800 1880 988 1927 infinitus,
1018 1880 1147 1917 verius
1177 1887 1233 1916 est
1261 1880 1390 1916 Deum

317 1948 399 1973 esse
428 1935 601 1982 finitum,
632 1946 750 1982 quam
779 1933 985 1972 infinitum.
1018 1933 1137 1980 Quod
1175 1940 1231 1970 est
1259 1940 1391 1970 contra

315 1989 418 2038 prius
442 1988 462 2011 '¹‘
491 1988 743 2025 determinata
762 1992 788 2024 ⁷.
819 1988 911 2024 Non
949 1999 1038 2035 ergo
1073 1988 1179 2024 Deus
1215 1998 1390 2035 compre-

315 2042 447 2080 hendit
475 2041 656 2090 seipsum.

371 2097 445 2133 SED
475 2106 622 2132 CONTRA
641 2105 707 2131 EST
727 2093 833 2143 quod
852 2092 1087 2141 Augustinus
1117 2092 1205 2130 dicit
1223 2091 1389 2130 ibidem:

317 2161 428 2187 omne
466 2148 567 2197 quod
599 2147 772 2197 intelligit
805 2159 870 2193 se,
909 2146 1191 2195 comprehendit
1224 2158 1274 2183 se.
1312 2145 1391 2183 Sed

317 2205 424 2240 Deus
452 2201 619 2249 intelligit
646 2213 698 2238 se.
730 2201 832 2248 Ergo
863 2199 1155 2249 comprehendit
1183 2211 1236 2236 se.

371 2257 598 2292 RESPONDEO
627 2265 813 2291 DICENDUM
833 2253 939 2302 quod
967 2254 1074 2290 Deus
1093 2252 1259 2302 perfecte
1284 2264 1389 2288 corn-

317 2308 520 2358 prehendit
554 2307 734 2357 seipsum.
771 2306 888 2353 Quod
919 2305 971 2343 sic
999 2313 1114 2355 patet.
1144 2306 1257 2342 Tunc
1286 2305 1390 2342 enim

319 2362 454 2400 dicitur
483 2360 624 2410 aliquid
654 2359 947 2410 comprehendi,
979 2359 1135 2407 quando
1168 2358 1391 2408 pervenitur

319 2416 366 2453 ad
395 2415 515 2452 finem
545 2413 770 2462 cognitionis
798 2413 934 2462 ipsius:
965 2420 1002 2450 et
1029 2413 1104 2450 hoc
1143 2420 1199 2449 est
1232 2412 1389 2461 quando

319 2481 378 2506 res
414 2467 656 2516 cognoscitur
691 2467 741 2504 ita
769 2467 957 2516 perfecte,
991 2465 1088 2503 sicut
1125 2465 1390 2514 cognoscibilis

319 2530 375 2559 est
393 2519 417 2558 ὅ.
450 2521 554 2558 Sicut
572 2520 784 2570 propositio
806 2519 1115 2557 demonstrabilis
1137 2520 1390 2568 comprehen-

319 2576 427 2623 ditur,
461 2575 618 2624 quando
649 2574 763 2611 scitur
790 2586 860 2623 per
889 2572 1281 2610 demonstrationem:
1311 2584 1390 2609 non

318 2636 447 2666 autem
477 2628 633 2677 quando
655 2627 896 2675 cognoscitur
923 2639 993 2676 per
1012 2626 1180 2675 aliquam
1201 2625 1390 2663 rationem

317 2681 570 2731 probabilem.
611 2681 857 2718 Manifestum
893 2688 948 2717 est
976 2687 1105 2721 autem
1144 2679 1250 2729 quod
1284 2680 1390 2716 Deus

317 2736 369 2773 ita
395 2735 561 2784 perfecte
583 2734 776 2782 cognoscit
805 2733 987 2783 seipsum,
1009 2733 1104 2770 sicut
1132 2733 1298 2782 perfecte
1328 2745 1390 2770 co—

318 2788 534 2837 gnoscibilis
564 2795 630 2825 est.
670 2789 738 2825 Est
767 2787 869 2824 enim
902 2786 1212 2836 unumquodque
1251 2798 1392 2834 cogno·

319 2842 447 2879 scibile
476 2841 690 2879 secundum
725 2841 887 2878 modum
924 2840 981 2877 sui
1015 2848 1143 2877 actus:
1178 2852 1258 2877 non
1287 2839 1390 2876 enirn

319 2895 559 2944 cognoscitur
596 2894 737 2944 aliquid
767 2893 982 2931 secundum
1020 2893 1125 2943 quod
1154 2893 1192 2930 in
1221 2892 1391 2942 potentia

373 3011 399 3043 α)
419 3010 491 3043 quod
509 3010 546 3035 id.
564 3023 583 3028 -
601 3010 663 3034 Om.
683 3009 785 3034 codices
805 3014 830 3034 et
848 3010 899 3034 ab.

373 3045 399 3079 β)
419 3046 459 3071 Si.
476 3059 495 3065 -
515 3045 545 3070 Si
563 3052 629 3078 ergo
647 3045 787 3077 ACDEpB,
808 3045 839 3069 Si
857 3048 946 3069 autem
966 3046 1010 3070 sB.

371 3081 398 3115 γ)
413 3082 492 3114 prius
513 3080 702 3106 determinata.
717 3094 732 3098 -
741 3080 993 3113 praedeterminata
1006 3079 1127 3109 ABDGa,
1145 3079 1325 3105 determinata
1339 3079 1390 3109 (ΣΕ,

315 3117 405 3150 primo
425 3117 604 3142 determinata
622 3116 652 3141 F.

371 3152 396 3185 ὃ)
416 3156 442 3178 et
456 3152 505 3178 hoc
559 3151 744 3185 cognoscibilis
763 3154 811 3176 est.
824 3165 844 3170 —
857 3154 883 3176 et
895 3151 944 3176 hoc
963 3151 1070 3184 quando
1089 3150 1260 3184 cognoscitur
1279 3150 1318 3176 ita
1327 3157 1390 3183 per-

311 3190 386 3222 secte
404 3189 472 3214 sicut
490 3187 665 3221 cognoscibile
683 3190 723 3212 est
742 3187 813 3212 FGa.

1447 1353 1521 1392 est,
1553 1346 1621 1383 sed
1649 1346 1863 1384 secundum
1893 1346 1999 1395 quod
2028 1355 2084 1385 est
2111 1348 2151 1385 in
2179 1356 2285 1397 actu,
2319 1356 2360 1386 ut
2387 1349 2521 1388 dicitur

1446 1398 1484 1435 in
1514 1399 1566 1435 IX
1594 1399 1812 1448 Metaphys.
1829 1399 1850 1422 *
1878 1401 2005 1438 Tanta
2039 1409 2095 1438 est
2123 1409 2253 1439 autem
2287 1402 2409 1440 virtus
2445 1402 2519 1441 Dei

1445 1451 1484 1488 in
1514 1453 1798 1501 cognoscendo,
1819 1462 1961 1501 quanta
1990 1461 2046 1491 est
2069 1455 2264 1493 actualitas
2284 1455 2366 1493 eius
2385 1455 2425 1494 in
2445 1455 2520 1494 exi-

1446 1505 1603 1543 stendo:
1633 1504 1724 1555 quia
1749 1518 1821 1555 per
1838 1507 1915 1544 hoc
1942 1507 2050 1556 quod
2069 1515 2156 1545 actu
2185 1515 2251 1555 est,
2274 1516 2310 1546 et
2343 1509 2392 1547 ab
2412 1509 2520 1548 omni

1445 1558 1604 1595 materia
1625 1566 1661 1595 et
1687 1559 1856 1608 potentia
1876 1568 2084 1610 separatus,
2106 1562 2212 1598 Deus
2237 1562 2518 1610 cognoscitivus

1447 1619 1514 1658 est,
1530 1619 1571 1648 ut
1591 1620 1790 1649 ostensum
1811 1621 1868 1650 est
1881 1613 1912 1651 *.
1935 1614 2048 1652 Unde
2072 1615 2318 1653 manifestum
2338 1624 2394 1654 est
2412 1616 2519 1666 quod

1445 1672 1593 1702 tanturn
1615 1665 1784 1714 seipsum
1815 1667 2021 1715 cognoscit,
2043 1675 2230 1717 quantum
2251 1669 2518 1717 cognoscibilis

1447 1719 1601 1808 est.dEt
1637 1726 1794 1768 propter
1821 1721 1897 1757 hoc
1934 1720 2104 1770 seipsum
2138 1721 2307 1771 perfecte
2345 1735 2519 1772 compre·

1445 1772 1521 1808 hen
1550 1771 1587 1808 it.

1499 1827 1559 1862 AD
1580 1837 1718 1862 PRIMUM
1738 1837 1837 1863 ERGO
1858 1838 2044 1864 DICENDUM
2064 1829 2169 1876 quod
2189 1829 2518 1878 comprehendere,

1446 1877 1476 1914 si
1495 1877 1651 1926 proprie
1672 1878 1889 1927 accipiatur,
1911 1879 2096 1927 significat
2120 1881 2264 1929 aliquid
2284 1883 2431 1919 habens
2452 1890 2488 1920 et
2506 1888 2518 1903 ¹

1446 1931 1644 1969 includens
1682 1932 1857 1970 alterum.
1897 1933 1947 1970 Et
1980 1933 2034 1970 sic
2071 1942 2223 1983 oportet
2257 1935 2363 1984 quod
2401 1947 2519 1978 omne

1448 1985 1774 2034 comprehensum
1795 1985 1842 2022 sit
1868 1985 2033 2034 finitum,
2055 1986 2152 2024 sicut
2170 1999 2288 2026 omne
2317 1988 2518 2026 inclusum.

1447 2038 1538 2075 Non
1568 2038 1621 2075 sic
1650 2046 1779 2076 autem
1809 2040 2086 2088 comprehendi
2111 2041 2248 2078 dicitur
2274 2042 2381 2079 Deus
2410 2053 2432 2079 a
2460 2053 2518 2079 se-

1445 2090 1551 2140 ipso,
1581 2099 1623 2128 ut
1650 2092 1860 2130 intellectus
1888 2105 1981 2130 suus
2018 2093 2063 2131 sit
2091 2093 2194 2132 aliud
2214 2093 2228 2121 '⁵
2256 2107 2376 2144 quam
2413 2095 2516 2145 ipse,

1447 2152 1483 2181 et
1511 2145 1635 2194 capiat
1667 2145 1795 2195 ipsum
1825 2153 1862 2183 et
1890 2145 2068 2184 includat.
2109 2148 2188 2186 Sed
2215 2147 2437 2187 huiusmodi
2465 2149 2520 2186 lo·

1446 2198 1618 2235 cutiones
1645 2211 1716 2247 per
1743 2199 1987 2247 negationem
2015 2208 2103 2238 sunt
2122 2203 2384 2250 exponendae.
2414 2202 2521 2242 Sicut

1446 2252 1548 2288 enirn
1583 2252 1690 2288 Deus
1718 2251 1855 2289 dicitur
1887 2265 1970 2290 esse
1999 2252 2038 2290 in
2066 2253 2215 2303 seipso,
2245 2255 2336 2304 quia
2364 2268 2387 2292 a
2414 2256 2519 2294 nuno

1447 2304 1622 2341 exteriori
1661 2304 1895 2351 continetur;
1930 2305 1981 2343 ita
2020 2306 2156 2344 dicitur
2192 2308 2469 2358 comprehendi
2497 2321 2520 2346 a

1446 2357 1585 2407 seipso,
1607 2357 1696 2406 quia
1720 2357 1812 2395 nihil
1841 2366 1897 2396 est
1916 2359 1973 2396 sui
1993 2360 2099 2408 quod
2119 2361 2232 2398 lateat
2250 2360 2390 2411 ipsum.
2420 2361 2520 2400 Dicit

1446 2411 1551 2448 enim
1579 2411 1836 2460 Augustinus,
1865 2412 1905 2449 in
1933 2412 2030 2450 libro
2059 2413 2105 2451 de
2139 2414 2304 2452 Videndo
2338 2415 2466 2453 Deum
2484 2414 2517 2463 ³⁸,

1445 2465 1553 2513 quod
1581 2470 1698 2502 totum
1718 2466 2047 2514 comprehenditur
2072 2467 2246 2514 videndo,
2267 2468 2370 2517 quod
2395 2469 2447 2506 ita
2464 2469 2519 2507 ιη’-ε

1446 2519 1565 2564 detur,
1596 2523 1637 2555 ut
1663 2518 1755 2555 nihil
1781 2519 1860 2555 eius
1889 2519 2003 2556 lateat
2028 2520 2224 2558 videntem.

1499 2573 1558 2608 Ao
1578 2583 1769 2608 SECUNDUM
1794 2584 1979 2610 meantum
2000 2574 2118 2621 quod,
2141 2586 2230 2611 cum
2251 2574 2386 2612 dicitur
2414 2575 2520 2613 Deus

1434 2625 1571 2673 finitus
1590 2630 1645 2662 est
1669 2625 1750 2671 sibi,
1771 2625 2058 2674 intelllgendurn
2080 2634 2136 2664 est
2155 2628 2369 2665 secundum
2399 2640 2519 2677 quan-

1447 2678 1538 2716 dam
1558 2678 1843 2716 similitudinem
1861 2680 2138 2729 proportionis;
2159 2680 2250 2730 quia
2269 2681 2323 2719 sic
2342 2693 2382 2719 se
2401 2682 2519 2730 habet

1445 2731 1484 2770 in
1503 2744 1583 2770 non
1598 2732 1819 2770 excedendo
1840 2732 2073 2771 intellectum
2089 2746 2216 2782 suum,
2233 2734 2329 2772 sicut
2347 2747 2389 2773 se
2403 2735 2520 2775 habet

1446 2785 1601 2834 aliquod
1625 2791 1639 2808 '¹
1667 2785 1819 2823 finitum
1853 2786 1892 2823 in
1921 2798 2001 2824 non
2035 2787 2256 2825 excedendo
2285 2787 2518 2827 intellectum

1446 2839 1610 2876 finitum.
1641 2839 1733 2875 Non
1753 2846 1882 2876 autem
1903 2839 1956 2876 sic
1980 2840 2116 2878 dicitur
2133 2841 2239 2878 Deus
2253 2838 2267 2862 ⁰
2286 2841 2357 2878 sibi
2376 2842 2517 2891 finitus,

1446 2892 1552 2942 quod
1585 2891 1667 2942 ipse
1700 2892 1879 2941 intelligat
1907 2905 1947 2930 se
1982 2905 2064 2931 esse
2097 2893 2239 2944 aliquid
2262 2894 2425 2933 finitum.

1499 3009 1521 3040 ε)
1540 3008 1638 3034 habens
1657 3011 1692 3033 et.
1709 3022 1728 3027 -
1745 3008 1844 3033 habens
1863 3009 1904 3034 ve!
1922 3010 1953 3039 Α,
1972 3016 2026 3035 orn.
2045 3009 2075 3034 Β.

1499 3043 1526 3075 ζ)
1544 3044 1629 3069 aliud.
1647 3057 1666 3063 -
1684 3044 1754 3069 anus
1772 3044 1894 3069 ABCDE.

1499 3079 1526 3111 η)
1545 3079 1663 3112 aliquod.
1682 3093 1699 3098 —
1718 3079 1821 3112 aliquid
1841 3079 1868 3104 Ρ.

1499 3113 1523 3147 θ)
1545 3116 1627 3141 Deus.
1644 3129 1663 3135 -
1682 3115 1744 3140 Om.
1763 3115 1865 3140 codices
1890 3121 1916 3140 et
1934 3115 1993 3141 edd.
2012 3115 2063 3141 ab.
2080 3128 2100 3135 —
2117 3114 2168 3140 Pro
2191 3122 2246 3141 esse
2270 3115 2376 3148 aliquid
2393 3115 2517 3151 finitum,

1446 3157 1502 3176 esse
1513 3151 1625 3184 finitum
1644 3150 1788 3176 ABCDEF.

1003 3275 1337 3309 Commentaria
1361 3265 1612 3309 Oaxfflnalis
1634 3275 1835 3309 Caietani

381 3377 487 3397 nurus
511 3366 612 3397 clarus
641 3376 678 3396 ex
701 3374 845 3406 corpore.
867 3382 885 3388 -
910 3365 944 3395 In
969 3375 1101 3405 corpore
1126 3375 1190 3396 una
1216 3364 1390 3401 conclusio,

322 3378 562 3451 Tresponsiva
585 3410 729 3451 quaesito
756 3409 955 3440 affirmative:
983 3409 1070 3440 Deus
1090 3409 1226 3449 perfecte
1246 3418 1390 3450 compre·

319 3454 429 3485 hendit
452 3455 812 3495 seipsum.-Probatur.
832 3454 919 3484 Deus
937 3454 979 3485 ita
996 3454 1132 3494 perfecte
1155 3453 1321 3494 cognoscit
1344 3463 1390 3484 se-

320 3498 436 3539 ipsum,
454 3499 534 3530 sicut
553 3499 689 3539 perfecte
713 3498 935 3539 cognoscibilis
955 3505 1019 3529 est:
1046 3508 1121 3538 ergo
1141 3498 1277 3539 perfecte
1301 3507 1390 3529 com-

321 3543 487 3583 prehendit
510 3544 660 3584 seipsum.

376 3588 572 3618 Antecedens
589 3589 740 3628 probatur
761 3587 814 3618 sic.
833 3587 1100 3628 Unumquodque
1124 3593 1250 3618 tantum
1273 3592 1319 3617 est
1334 3595 1389 3617 co-

319 3631 502 3671 gnoscibile,
520 3639 677 3673 quantum
700 3639 747 3663 est
770 3639 859 3663 actu:
886 3642 960 3672 ergo
989 3639 1075 3663 tanta
1109 3638 1155 3662 est
1183 3631 1242 3662 Dei
1270 3640 1389 3671 cogno-

1448 3364 1614 3401 scibilitas‚
1635 3372 1754 3406 quanta
1777 3372 1824 3396 est
1847 3363 2019 3396 actualitas.
2046 3364 2187 3400 Rursus,
2211 3365 2299 3395 Deus
2329 3371 2376 3396 est
2398 3374 2517 3405 cogno-

1447 3409 1575 3440 scitivus
1599 3419 1655 3449 per
1678 3409 1750 3445 hoc,
1771 3409 1861 3450 quod
1885 3415 1931 3439 est
1954 3414 2041 3439 actus
2066 3409 2104 3439 ab
2129 3408 2219 3440 omni
2251 3408 2381 3440 materia
2405 3415 2436 3440 et
2458 3418 2517 3448 po-

1446 3453 1543 3484 tentia
1566 3460 1744 3494 separatus:
1771 3462 1846 3493 ergo
1877 3459 1963 3484 tanta
1994 3459 2040 3484 est
2063 3453 2110 3483 vis
2138 3453 2370 3494 cognoscitivn,
2398 3460 2516 3494 quanta

1446 3505 1493 3529 est
1506 3497 1678 3528 actualitas.
1704 3497 1810 3538 Igitur,
1828 3496 1977 3538 utrinque
2001 3497 2233 3534 concludendo,
2250 3496 2405 3538 sequitur:
2431 3504 2517 3528 tanta

1446 3549 1492 3572 est
1515 3541 1778 3582 cognoscibilitas,
1796 3548 1915 3582 quanta
1938 3541 1983 3571 vis
2004 3541 2231 3582 cognoscitiva,
2257 3548 2288 3573 et
2310 3551 2327 3572 e
2350 3550 2515 3573 converso.

1445 3603 1466 3608 -
1481 3587 1695 3626 Assumptum
1712 3585 1854 3626 primum
1877 3592 1962 3626 patet
1982 3596 2018 3617 ex
2035 3586 2078 3618 IX
2094 3586 2278 3627 Metaphys.
2298 3587 2514 3625 Assumptum

1444 3639 1519 3661 vero
1544 3630 1722 3661 secundum
1746 3639 1783 3660 ex
1806 3637 1861 3661 art.
1886 3640 1894 3660 ι
1925 3637 1955 3661 et
1980 3640 2009 3662 2.

2546 1409 2558 1452 :
2568 1409 2761 1464 {inin-01³:

2546 1467 2598 1491 cap.
2609 1469 2641 1491 rx,
2655 1469 2680 1486 n.
2690 1463 2714 1486 6.

2545 1622 2690 1651 'Art-tn.

2545 2420 2557 2432 ⁸
2583 2419 2659 2449 Epist.
2683 2426 2760 2444 mvn

2546 2446 2583 2474 (nl.
2593 2445 2654 2475 exul,
2664 2453 2717 2476 cap.
2725 2454 2759 2470 rx.
