2768 4178
51 420 150 444 Ibidem.

46 549 98 603 ¹Bpi

99 553 129 572 ιι.
141 555 184 572 un
200 549 241 575 (nl.

117 576 146 598 ad
164 576 242 598 Pauli-

1000 240 1271 288 QUAESTIO
1301 232 1662 286 1‚ART'1CULUS
1692 229 1742 276 '111

268 323 412 356 formalis
434 322 531 353 huius
561 322 705 358 notitiae,
730 321 924 363 inquantum
951 318 1124 350 scientifica
1148 325 1208 349 est:
1233 318 1344 349 lumen

268 374 378 400 autem
393 367 540 398 divinum
563 366 787 398 obumbratum
805 372 852 396 est
867 375 924 405 per
939 374 972 395 se
988 363 1068 394 ratio
1092 373 1239 394 assensus
1258 361 1343 398 fidei,

268 422 351 454 quae
367 422 424 453 per
443 411 588 443 accidens
605 418 660 447 est,
678 417 715 442 ut
730 410 853 441 dictum
865 416 912 440 est
925 409 952 445 ¹¹²,
968 408 1095 439 habitus
1112 407 1346 457 principiorum
1386 415 1389 418 ·

268 457 398 488 horum.
434 456 475 487 Et
497 456 571 486 ideo
599 455 725 486 habitus
753 453 986 505 principiorum
1015 463 1080 483 non
1113 451 1289 483 remanebit
1311 451 1345 481 in

269 501 388 542 patria.
409 500 539 532 scientia
553 506 663 531 autem
677 499 832 540 acquisita
847 508 884 529 ex
900 497 944 528 eis
960 497 1146 533 remanebit,
1164 497 1250 527 iuxta
1266 496 1346 526 illud

270 545 464 587 Hieronymi
479 545 512 575 *ι
535 544 711 576 Discamus
735 545 768 574 in
792 544 890 574 terris
913 549 972 574 etc.

325 590 395 622 XII.
413 590 506 621 Unde
521 588 562 619 ad
580 588 718 620 rationes
732 588 766 618 in
787 587 977 629 oppositum
996 593 1106 617 contra
1123 585 1260 626 primam
1277 594 1346 625 par-

270 642 336 677 tem
358 634 504 667 inductas
520 633 548 670 *‚
573 632 767 673 singillatim,
793 639 923 673 propter
947 630 1096 666 novitios,
1121 629 1346 671 respondendo

271 671 394 710 dicitur.

326 723 368 754 Et
390 723 432 753 ad
449 724 593 763 primum
619 721 743 757 dicitur,
767 721 858 762 quod
882 720 1074 755 Incarnatio,
1099 726 1130 750 et
1153 719 1214 750 alia
1237 718 1347 749 huius-

270 767 361 798 modi
384 767 564 798 secundum
587 776 620 797 se
645 765 870 806 contingentia,
886 771 922 795 ut
937 765 1074 795 subsunt
1094 764 1169 795 huic
1189 763 1348 799 scientiae,

270 818 347 844 sunt
369 811 559 847 necessaria;
590 810 869 852 quemadmodum
893 815 929 840 ut
959 809 1036 840 scita
1059 819 1077 839 a
1100 809 1171 840 Deo
1195 814 1271 839 sunt
1294 817 1348 838 ne-

271 856 415 894 cessaria,
438 863 476 887 ut
497 856 532 887 in
554 854 742 897 quaestione
762 865 813 885 x1v
827 854 844 873 *
868 854 997 894 patebit.

327 901 379 933 Ad
401 900 579 932 secundum
595 909 682 935 vero,
702 898 768 930 iam
786 905 873 939 patet
895 898 985 939 quod
1008 898 1067 930 ista
1091 897 1222 929 scientia
1246 904 1293 928 est
1313 907 1350 927 ex

272 955 330 987 per
353 955 386 976 se
410 945 510 981 notis,
540 944 622 975 idest
645 943 853 979 evidentibus,
878 943 1034 974 mediate:
1060 950 1093 973 et
1121 942 1183 973 hoc
1214 941 1348 978 sufficit,

269 991 359 1033 iuxta
381 989 462 1021 illud
477 989 489 1020 I
512 989 619 1030 Topic.
630 987 662 1019 ‘:
679 988 912 1019 demonstratio
927 993 975 1019 est
989 997 1033 1019 ex
1049 997 1113 1028 per
1131 997 1167 1019 se
1185 988 1280 1024 notis,
1299 987 1350 1018 vel

271 1044 316 1066 ex
332 1035 383 1065 his
399 1043 493 1085 quae
500 1043 565 1074 per
588 1034 645 1064 illa
657 1032 762 1075 fidem
785 1038 1003 1073 sumpserunt.
1021 1049 1039 1058 -
1053 1032 1192 1063 Habitus
1214 1041 1349 1072 quoque

268 1089 337 1121 ’ρει
338 1089 378 1110 se
394 1078 627 1120 principiorum
642 1077 739 1108 huius
754 1077 903 1108 scientiae
918 1084 964 1108 est
983 1076 1097 1108 altior
1089 1085 1175 1116 ipsa;
1191 1075 1350 1117 quidquid

272 1124 314 1156 sit
335 1124 376 1154 de
392 1123 502 1154 habitu
519 1130 576 1163 per
591 1122 746 1158 accidens,
764 1121 845 1152 idest
863 1120 939 1157 fide;
956 1131 1039 1162 quae
1055 1121 1118 1152 dici
1134 1127 1241 1160 potest
1256 1120 1351 1151 altior

273 1167 403 1201 seientia
425 1167 535 1209 quoad
558 1166 804 1202 adhaesionem,
828 1165 901 1196 licet
924 1175 991 1196 non
1013 1165 1123 1206 quoad
1147 1164 1349 1196 evidentiam.

272 1217 275 1221 '
330 1212 382 1244 Ad
405 1211 669 1254 tertium-autern
688 1210 812 1246 dicitur,
837 1210 926 1251 quod
945 1209 1116 1250 theologus
1135 1209 1194 1240 scit
1212 1219 1244 1240 se
1261 1209 1351 1245 scire,

209 1272 213 1273 ⁷
254 1256 639 1292 ‘nffi'conditionaliten
671 1255 727 1286 sed
752 1254 957 1286 subalterne:
979 1254 1042 1285 hoc
1073 1260 1181 1285 autem
1214 1264 1282 1284 non
1305 1260 1353 1284 est

273 1302 355 1334 seire
377 1301 536 1332 illationes
559 1306 695 1335 tantum,
719 1299 775 1329 sed
797 1298 883 1329 illata
907 1308 944 1329 ex
966 1298 1130 1339 principiis
1153 1298 1352 1329 evidentibus

273 1345 480 1387 insuperiori
493 1345 632 1376 scientia.
652 1343 719 1375 Nec
733 1343 806 1384 plus
822 1349 928 1384 potest
943 1342 1050 1373 inferri
1067 1353 1104 1373 ex
1120 1343 1175 1374 tali
1190 1343 1352 1374 ineviden-

273 1389 328 1428 tia,
345 1389 407 1423 nisi
429 1389 519 1431 quod
541 1389 603 1420 tale
627 1388 705 1420 scire
730 1397 797 1419 non
819 1395 867 1418 est
889 1387 1077 1428 perfectum,
1103 1388 1163 1418 nisi
1187 1388 1352 1420 continue-

273 1441 328 1469 ιιιι·
349 1444 426 1467 cum
448 1433 604 1474 superiori
627 1432 773 1464 scientia:
798 1433 888 1474 quod
911 1442 978 1463 non
1002 1433 1111 1464 solum
1135 1433 1352 1470 concedimus,

273 1479 331 1512 sed
346 1479 540 1510 docemusff
549 1477 591 1508 Et
603 1477 749 1508 similiter
763 1477 900 1508 dicimus
915 1477 1005 1518 quod
1021 1477 1150 1508 scientia
1162 1478 1353 1514 subalterna,

274 1533 448 1566 usquequo
476 1532 543 1554 non
579 1521 784 1553 continuatur
815 1521 1057 1558 subalternanti,
1086 1531 1154 1552 non
1178 1529 1225 1553 est
1254 1523 1355 1554 virtus

273 1567 513 1602 intellectualis,
541 1566 598 1598 sed
620 1567 780 1597 inchoatio
808 1566 932 1597 virtutis
963 1565 1201 1598 intellectualis:
1226 1574 1258 1598 et
1280 1568 1354 1598 ideo

272 1619 398 1655 spectat
419 1612 460 1643 ad
482 1611 618 1642 eandem
640 1610 764 1642 virtutis
787 1610 1079 1651 speciem,sci1icet
1101 1611 1276 1643 scientiam.

331 1657 384 1689 Ad
405 1662 571 1698 quartum,
587 1655 678 1697 quod
699 1662 746 1686 est
773 1655 870 1691 Scoti,
890 1662 1023 1696 negatur
1047 1656 1246 1688 antecedens.
1264 1657 1355 1694 Quo-

272 1702 373 1736 suam·
387 1701 422 1733 in
444 1701 539 1733 Sacra
561 1699 723 1741 Scriptura
745 1700 914 1731 traduntur
929 1700 1218 1732 demonstrationes
1240 1701 1356 1733 virtua-

271 1747 363 1784 iiten
388 1753 420 1778 et
441 1751 610 1794 generatur
631 1744 714 1776 alius
736 1744 863 1776 habitus
879 1755 897 1775 a
910 1744 984 1780 fide,
1009 1755 1047 1776 ex
1069 1745 1262 1777 deductione
1277 1756 1355 1777 con-

274 1790 462 1825 dunionum
485 1800 523 1822 ex
545 1787 685 1821 articulis
709 1788 791 1821 fidei.
815 1789 883 1820 Nec
899 1796 945 1820 est
962 1799 1075 1820 verum
1090 1790 1182 1830 quod
1205 1791 1357 1822 omnibus

274 1835 488 1869 assentimus
510 1844 626 1876 aeque,
650 1843 708 1866 seu
731 1834 848 1865 eodem
877 1834 990 1866 modo.
1022 1834 1188 1871 Quoniam
1218 1835 1358 1867 articulis

275 1880 470 1913 &antimus
493 1889 560 1911 non
591 1885 723 1919 propter
745 1877 848 1910 aliud:
878 1879 1140 1910 conclusionibus
1167 1886 1294 1916 autem,
1319 1881 1358 1911 de

324 1925 332 1932 “
357 1934 398 1957 us
419 1924 498 1956 solis
520 1931 568 1955 est
586 1923 666 1954 haec
681 1922 820 1958 scientia,
837 1922 1028 1954 assentimus
1043 1930 1175 1964 propter
1197 1924 1358 1956 articulos.

303 1977 326 2003 t
341 1979 419 2002 cum
442 1968 557 2000 dicitur
579 1967 671 2009 quod
692 1976 795 2008 aeque
818 1967 1009 1998 assentimus
1027 1968 1169 2008 probatis
1188 1975 1220 2000 et
1238 1969 1359 2010 simpli-

275 2015 357 2048 dter
378 2012 564 2054 propositis,
579 2012 806 2052 respondetur:
824 2011 858 2042 Si
877 2011 988 2042 omnia
1003 2012 1188 2052 simpliciter
1204 2013 1359 2045 credenda

279 2064 547 2109 proponerentur,
571 2056 733 2103 theologia
756 2062 865 2087 nostra
887 2056 920 2086 in
945 2065 978 2086 se
1001 2056 1134 2097 quidem
1158 2064 1240 2088 esset
1259 2058 1358 2089 scien-

279 2103 334 2142 tin,
357 2102 435 2145 quia
458 2098 681 2134 conclusiones
704 2110 780 2132 suae
803 2100 983 2132 secundum
998 2111 1031 2132 se
1048 2108 1139 2132 natae
1154 2109 1230 2134 sunt
1245 2103 1359 2134 deduci

276 2158 320 2181 u
340 2146 481 2179 articulis
503 2145 595 2183 fidei;
615 2146 677 2176 sed
699 2145 809 2186 quoad
833 2154 892 2175 nos
923 2154 991 2175 non
1019 2153 1101 2177 esset
1132 2145 1279 2183 scientia,
1305 2149 1359 2178 sed

278 2193 373 2234 fidesj
397 2198 428 2223 et
451 2201 520 2222 non
542 2169 652 2222 sol'um
675 2199 786 2231 aeque,
807 2189 862 2220 sed
878 2189 994 2221 eodem
1010 2190 1111 2221 modo
1135 2191 1360 2223 assentiremus

218 2255 228 2262 =
279 2237 442 2270 omnibus.
467 2236 590 2267 Verum
604 2234 680 2276 quia
703 2235 743 2265 de
767 2233 851 2265 facto
875 2234 998 2265 articuli
1020 2242 1250 2275 proponuntur
1269 2237 1361 2267 nobis

279 2281 466 2323 simpliciter
487 2279 645 2316 credendi,
663 2286 765 2311 cetera
780 2285 889 2310 autem
906 2285 942 2309 ut
956 2289 993 2310 ex
1009 2279 1147 2311 articulis
1163 2280 1360 2317 deducenda,

279 2325 356 2361 ideo
379 2332 446 2357 non
471 2325 588 2356 eodem
610 2324 712 2354 modo
735 2323 926 2354 assentimus
950 2323 1113 2364 principiis
1137 2331 1168 2355 et
1183 2325 1361 2356 conclusio-

278 2371 387 2409 nibus.
406 2370 473 2401 Nec
487 2378 590 2410 aeque
609 2367 800 2400 assentimus
815 2368 1078 2399 conclusionibus
1094 2369 1237 2409 probatis
1252 2377 1282 2400 et
1295 2380 1361 2400 non

281 2414 442 2456 probatis:
462 2420 595 2454 propter
609 2413 700 2454 quod
719 2412 801 2444 circa
816 2422 884 2443 non
899 2413 1048 2453 probatas
1063 2420 1150 2444 tanta
1166 2413 1362 2454 opinionum

279 2459 447 2492 diversitas
462 2458 496 2489 in
513 2468 600 2489 sacra
615 2457 759 2489 doctrina
775 2457 937 2492 toleratur.
959 2457 999 2488 Et
1018 2464 1186 2498 propterea
1200 2466 1247 2489 est
1262 2459 1361 2490 scien-

281 2504 326 2538 tia
349 2514 416 2535 ιιοιι
441 2503 550 2534 solum
571 2502 607 2533 in
629 2512 678 2538 se,
703 2502 759 2533 sed
782 2502 892 2543 quoad
915 2510 990 2538 nos;
1014 2501 1200 2543 imperfecta
1219 2510 1336 2534 tamen.

313 2556 317 2558 '
338 2549 391 2580 Ad
415 2548 562 2579 ultimum
581 2553 700 2582 autem,
717 2546 782 2577 iam
798 2553 885 2586 patet
905 2547 995 2587 quod
1012 2556 1078 2577 non
1095 2547 1248 2587 ponimus
1266 2547 1363 2578 fidem

283 2599 314 2627 et
337 2592 503 2624 scientiam
527 2592 567 2622 de
591 2591 708 2622 eodem
731 2590 846 2621 simul:
871 2590 948 2632 quia
970 2589 1049 2622 fides
1073 2598 1119 2622 est
1143 2592 1182 2622 de
1206 2592 1362 2628 articulis,

282 2637 413 2672 scientia
435 2643 544 2668 autem
568 2636 607 2666 de
631 2635 902 2666 conclusionibus.

2426 250 2463 274 ll

1453 324 1537 355 XIII.
1562 324 1614 354 Ad
1629 330 1816 363 argumenta
1831 333 1906 354 vero
1923 323 2031 354 contra
2051 324 2224 354 secundam
2240 329 2362 363 partem
2376 322 2402 359 *‚
2427 332 2472 352 re-

1399 368 1590 409 spondendo
1614 367 1729 398 dicitur
1759 368 1849 408 quod
1880 367 2010 398 scientia
2034 368 2072 398 de
2102 368 2173 399 Deo
2201 368 2383 408 adaequata
2406 376 2474 397 non

1398 419 1506 453 potest
1529 422 1597 443 esse
1621 412 1682 442 nisi
1705 420 1785 442 una:
1812 412 2027 452 inadaequata
2043 422 2119 443 vero
2136 419 2243 452 potest
2258 410 2473 451 multiplicari.

1398 457 1488 488 Talis
1507 463 1616 488 autem
1631 463 1678 488 est
1691 455 1863 498 theologia.
1878 473 1896 479 -
1912 457 1972 487 Vel
1989 456 2119 493 dicatur,
2137 463 2168 487 et
2186 455 2311 492 melius,
2328 455 2474 496 quamvis

1398 501 1433 532 in
1456 501 1543 532 idem
1566 501 1694 537 redeat,
1726 501 1816 541 quod
1839 501 2029 531 antecedens
2059 507 2106 532 est
2129 500 2313 541 simpliciter
2346 499 2474 530 falsum.

1400 546 1567 584 Quoniam
1590 546 1630 577 ad
1653 545 1810 576 unitatem
1833 544 1981 575 scientiae
2005 545 2175 586 requiritur
2198 552 2229 576 et
2253 544 2358 575 unitas
2380 543 2475 574 ratio-

1400 590 1449 621 nis
1479 590 1623 621 formalis
1653 589 1771 620 obiecti
1802 595 1838 620 ut
1869 599 1942 627 res,
1974 596 2005 620 et
2035 589 2139 620 unitas
2168 589 2300 620 rationis
2331 587 2475 618 formalis

1399 635 1516 666 obiecti
1539 641 1575 666 ut
1598 635 1774 672 obiectum,
1798 640 1835 665 ut
1857 633 1890 663 in
1915 634 2061 674 sequenti
2084 633 2205 674 patebit
2227 632 2364 663 articulo
2386 632 2414 663 *.
2439 632 2475 662 In

1400 679 1569 720 proposito
1598 686 1725 715 autem,
1755 677 1904 719 quamvis
1935 677 2034 708 deitas
2061 677 2102 709 sit
2132 687 2197 708 una
2226 677 2306 708 ratio
2334 676 2477 707 formalis

1400 724 1516 755 obiecti
1539 723 1708 764 utriusque
1729 722 1910 762 theologiae
1934 729 1971 752 ut
1993 731 2042 752 res
2066 728 2129 758 est,
2154 721 2214 752 alia
2237 728 2345 752 tamen
2368 727 2399 751 et
2418 720 2479 751 alia

1401 775 1448 799 est
1463 768 1544 799 ratio
1560 767 1704 799 formalis
1719 766 1864 798 eiusdem
1879 765 1995 797 obiecti
2018 773 2055 797 ut
2070 766 2232 797 obiectum
2256 772 2312 801 est,
2337 765 2370 795 in
2394 771 2477 795 utra-

1401 823 1464 854 que
1497 812 1670 853 theologia.
1705 811 1871 849 Quoniam
1903 811 1991 841 Deus
2024 818 2060 841 ut
2093 811 2175 841 clare
2207 810 2294 840 visus
2332 809 2479 840 obiicitur

1400 857 1516 888 beatis:
1545 857 1634 888 Deus
1658 862 1767 887 autem
1790 862 1827 886 ut
1849 855 2026 892 revelatus,
2059 854 2270 886 abstrahendo
2299 864 2317 884 a
2340 853 2478 884 claritate

1402 908 1433 933 et
1465 900 1732 937 obumbratione,
1767 899 1916 931 obiicitur
1951 899 2133 940 theologiae
2169 905 2296 929 nostrae
2333 898 2479 928 absolute

1402 952 1562 986 sumptae.

1458 991 1511 1021 Ad
1533 989 1709 1021 secundum
1739 989 1864 1025 dicitur,
1889 988 1979 1029 quod
2002 987 2165 1028 theologia
2188 994 2296 1018 nostra
2320 993 2351 1017 et
2373 987 2479 1017 beato-

1402 1045 1476 1066 rum
1491 1045 1559 1066 non
1575 1041 1651 1065 sunt
1673 1034 1712 1064 de
1736 1033 1856 1064 eisdem
1874 1033 2073 1064 veritatibus:
2098 1039 2196 1073 prout
2211 1031 2378 1062 manifeste
2395 1037 2482 1071 patet

1403 1081 1443 1110 de
1466 1079 1652 1110 veritatibus
1675 1078 1883 1109 articulorum
1906 1076 2002 1114 fidei,
2034 1078 2074 1108 de
2099 1077 2217 1118 quibus
2241 1083 2288 1107 est
2317 1075 2482 1116 theologia

1403 1125 1582 1160 beatorum,
1608 1133 1675 1154 non
1699 1129 1817 1153 nostra.

1460 1169 1502 1198 Et
1524 1178 1581 1208 per
1604 1167 1681 1198 haec
1701 1173 1787 1207 patet
1811 1166 1978 1207 responsio
1999 1166 2039 1196 ad
2055 1165 2194 1196 formam
2218 1164 2397 1205 argumenti
2412 1167 2481 1195 Au-

1404 1213 1493 1243 reoli.
1519 1211 1662 1243 Concedi
1685 1211 1845 1252 siquidem
1868 1217 1975 1250 potest
1997 1210 2087 1251 quod
2103 1210 2282 1241 subiectum
2301 1209 2482 1249 theologiae

1405 1264 1532 1288 nostrae
1562 1256 1650 1286 addit
1672 1255 1782 1296 aliquo
1806 1255 1907 1285 modo
1936 1255 1975 1285 ad
1999 1254 2179 1285 subiectum
2206 1254 2387 1293 theologiae
2410 1254 2482 1284 bea-

1405 1308 1528 1337 torum,
1553 1300 1740 1341 accipiendo
1764 1299 1943 1330 subiectum
1967 1306 2092 1330 nostrae
2115 1298 2297 1338 theologiae
2324 1308 2384 1338 pro
2413 1304 2483 1328 toto

1405 1352 1576 1387 aggregato
1600 1354 1637 1375 ex
1658 1343 1802 1375 subiecto
1826 1350 1863 1375 ut
1885 1353 1918 1374 re
1942 1350 1973 1374 et
1987 1350 2024 1374 ut
2039 1343 2181 1374 obiecto:
2206 1342 2250 1373 sic
2274 1342 2360 1372 enim
2380 1342 2484 1373 subie-

1406 1398 1495 1422 ctum
1518 1396 1566 1420 est
1588 1389 1676 1420 Deus
1699 1388 1871 1424 revelatus;
1899 1388 2127 1419 revelationem
2149 1394 2259 1418 autem
2283 1393 2407 1418 constat
2430 1387 2484 1416 ad-

1407 1436 1480 1466 dere
1504 1433 1714 1465 differentiam
1737 1432 1974 1464 accidentalem.
1998 1435 2041 1463 At
2064 1432 2090 1463 si
2113 1427 2313 1473 pertinaciter
2337 1441 2374 1462 ex
2398 1438 2485 1471 parte

1406 1479 1522 1511 obiecti
1537 1485 1574 1510 ut
1589 1488 1638 1509 res
1657 1485 1713 1514 est,
1737 1477 1934 1508 additionem
1952 1477 2049 1508 talem
2065 1477 2137 1518 quis
2159 1476 2262 1516 exigat
2284 1476 2318 1506 in
2342 1476 2486 1506 subiecto

1407 1524 1657 1558 subalternatae,
1690 1529 1823 1562 negatur
1853 1529 2057 1572 assumptum
2086 1521 2321 1556 universaliter;
2353 1520 2426 1551 licet
2453 1520 2486 1551 in

1407 1569 1602 1610 quibusdam
1624 1566 1812 1598 verificetur.
1841 1567 1907 1596 Nec
1932 1566 2122 1617 oppositum
2146 1566 2260 1597 dicitur
2285 1566 2295 1595 1
2316 1566 2438 1596 Poster.
2452 1565 2485 1595 *z

1407 1614 1464 1645 sed
1487 1614 1621 1644 docetur
1650 1611 1768 1643 ibidem
1795 1611 1886 1652 quod
1917 1621 1981 1642 una
2008 1610 2138 1641 scientia
2165 1620 2232 1640 non
2263 1609 2425 1641 descendit
2453 1610 2485 1640 in

1407 1658 1513 1694 aliam,
1538 1657 1599 1688 nisi
1621 1656 1802 1687 subiectum
1826 1656 1866 1687 sit
1889 1656 1948 1686 sub
1972 1655 2116 1686 subiecto
2139 1654 2323 1695 simpliciter
2346 1655 2396 1685 vel
2418 1655 2486 1693 sic,·

1408 1703 1498 1744 quod
1527 1701 1751 1736 concedimus,
1781 1701 1862 1732 dum
1889 1700 2026 1731 dicimus
2054 1699 2218 1731 scientiam
2241 1700 2410 1730 beatorum
2434 1700 2487 1730 de-

1408 1747 1560 1779 scendere
1582 1747 1616 1777 in
1639 1753 1802 1781 nostram,
1830 1745 1907 1786 quia
1937 1744 2072 1775 formale
2103 1744 2283 1775 subiectum
2307 1751 2343 1775 ut
2370 1754 2418 1775 res
2442 1751 2489 1774 est

1410 1791 1546 1823 omnino
1575 1791 1662 1821 idem
1690 1790 1879 1831 utrobique,
1905 1796 1936 1820 et
1959 1797 1995 1820 ut
2018 1789 2181 1820 obiectum
2211 1788 2323 1824 huius,
2354 1795 2401 1819 est
2428 1789 2488 1819 sub

1410 1836 1538 1868 obiecto
1563 1836 1660 1866 illius.

1471 1881 1523 1911 Ad
1555 1880 1681 1921 reliqua
1703 1889 1780 1910 vero
1812 1879 1936 1910 obiecta
1967 1885 2077 1909 contra
2105 1878 2283 1909 secundum
2314 1883 2488 1918 punctum,

1411 1925 1527 1957 dicitur
1550 1925 1641 1965 quod
1663 1923 1722 1955 ista
1745 1923 1875 1955 scientia
1898 1923 2056 1964 dependet
2087 1933 2105 1953 a
2133 1922 2297 1963 theologia
2319 1922 2490 1953 beatorum

1411 1977 1448 2001 ut
1464 1969 1636 2000 alumine:
1662 1975 1694 1999 et
1716 1968 1807 2009 quod
1830 1975 1905 1999 sunt
1928 1967 2170 2008 compossibiles
2193 1967 2291 1998 simul
2314 1966 2347 1996 in
2363 1967 2488 1997 eodem.

1411 2015 1478 2046 Nec
1494 2013 1639 2054 sequitur
1653 2013 1744 2054 quod
1767 2012 1855 2044 idem
1878 2012 1918 2043 sit
1940 2012 2038 2043 simul
2053 2012 2156 2043 viator
2175 2018 2206 2042 et
2221 2011 2488 2051 comprehensor:

1412 2060 1467 2090 sed
1491 2059 1532 2089 sit
1555 2058 1652 2089 simul
1680 2057 1950 2098 comprehensor,
1983 2063 2014 2088 et
2044 2056 2163 2087 habens
2195 2056 2360 2087 scientiam
2390 2065 2490 2096 quam

1412 2103 1582 2144 acquisivit
1604 2102 1638 2132 in
1661 2102 1730 2137 via,
1765 2101 1828 2132 alio
1853 2102 1954 2132 modo
1968 2125 1975 2137 ,
2007 2111 2073 2132 non
2098 2100 2206 2132 solum
2230 2102 2361 2141 propter
2384 2100 2491 2130 exclu—

1413 2148 1538 2178 sionem
1562 2147 1733 2182 discursus,
1758 2147 1813 2177 sed
1837 2152 1968 2186 propter
1991 2145 2220 2186 perfectionem
2243 2155 2343 2186 quam
2362 2155 2401 2175 ex
2416 2155 2491 2175 con-

1413 2192 1592 2223 tinuatione
1616 2191 1657 2221 ad
1681 2191 1846 2222 scientiam
1869 2191 2037 2221 beatorum
2061 2190 2203 2221 sortitur.

1469 2236 1521 2267 Ad
1542 2236 1691 2266 ultimum
1716 2235 1870 2271 Durandi,
1896 2241 2028 2275 negatur
2051 2234 2249 2274 theologales
2268 2234 2493 2265 conclusiones

1414 2291 1481 2312 non
1506 2281 1620 2311 habere
1638 2285 1776 2320 propter
1797 2280 1886 2320 quid,
1910 2279 2071 2320 quidquid
2093 2279 2133 2310 sit
2157 2280 2196 2310 de
2211 2278 2384 2319 principiis.
2410 2279 2451 2309 Et
2467 2279 2492 2309 si

1414 2326 1500 2356 idem
1518 2330 1656 2366 propter
1671 2324 1749 2365 quid
1771 2334 1831 2355 nos
1851 2331 1882 2355 et
1900 2324 1982 2355 beati
1998 2324 2152 2359 dicamus,
2170 2333 2236 2354 non
2254 2331 2362 2354 tamen
2377 2324 2493 2354 eodem

1414 2371 1536 2401 modo:
1568 2369 1645 2410 quia
1668 2369 1713 2399 illi
1738 2369 1920 2404 evidenter,
1954 2378 2013 2399 nos
2038 2375 2146 2399 autem
2175 2369 2296 2409 absque
2325 2368 2494 2399 evidentia.

1415 2417 1458 2446 At
1481 2415 1507 2445 si
1532 2414 1686 2455 principia
1710 2413 1832 2444 dicatur
1855 2420 2002 2453 oportere
2026 2412 2141 2443 habere
2166 2419 2304 2453 propter
2326 2413 2420 2453 quid,
2447 2423 2493 2443 re-

1415 2469 1574 2500 sponsum
1591 2466 1638 2490 est
1653 2456 1776 2499 *quod
1793 2457 1909 2488 sufficit
1928 2458 2021 2502 quod
2035 2467 2101 2488 non
2117 2457 2180 2488 sint
2195 2457 2376 2488 evidentia
2368 2467 2401 2487 ιιι
2418 2458 2494 2488 sub-

1415 2504 1577 2540 alternam,
1595 2503 1699 2534 sedin
1715 2502 1962 2533 subalternante.
1983 2499 2025 2532 Et
2040 2502 2102 2532 hoc
2118 2501 2283 2552 loquendo
2300 2502 2339 2532 de
2357 2508 2495 2542 propter

1415 2548 1494 2589 quid
1507 2548 1652 2588 proprie:
1674 2547 1763 2578 nulla
1779 2557 1920 2587 namque
1937 2554 1983 2577 est
1998 2546 2179 2586 propositio
2196 2556 2275 2587 pure
2291 2546 2493 2586 theologalis‚

1406 2603 1500 2634 ,quae
1517 2602 1583 2623 non
1600 2592 1714 2623 habeat
1729 2591 1838 2632 aliquo
1856 2591 1956 2622 modo
1970 2596 2108 2631 propter
2122 2591 2209 2631 quid.

1474 2637 1515 2668 Et
1539 2637 1582 2668 sic
1606 2643 1692 2677 patet
1715 2635 1882 2676 responsio
1906 2636 1947 2666 ad
1970 2635 2080 2666 omnia
2103 2635 2239 2666 obiecta.

1097 2781 1418 2825 ARTICULUS
1447 2782 1678 2824 TERTIUS

835 2890 838 2894 .
890 2873 1047 2904 UTRUM
1072 2873 1214 2904 SACRA
1238 2873 1466 2904 DocrmNA
1490 2874 1558 2904 SIT
1582 2874 1672 2904 UNA
1697 2873 1897 2904 SCIENTlA

1098 2962 1166 2987 Infra
1185 2967 1232 2986 art.
1251 2969 1284 2993 4;
1304 2962 1312 2986 l
1334 2963 1418 2993 Sent„
1439 2962 1517 2991 Prol..
1538 2967 1584 2987 art.
1601 2969 1624 2993 2,
1643 2969 1670 2993 4.

316 3056 381 3100 ‘51³
404 3062 476 3105 ‘5⁴34'
499 3057 522 3082 D
549 3055 711 3081 Tannum
730 3055 784 3080 sm
803 3055 1045 3081 vaccam-rua.
1075 3043 1236 3080 Videtur
1255 3044 1360 3091 quod

306 3077 607 3188 biij·
640 3097 813 3135 doctrina
837 3102 853 3118 '¹
882 3109 962 3134 non
994 3097 1041 3133 sit
1077 3109 1155 3133 una
1191 3096 1359 3135 scientia.
1379 3121 1381 3123 -

291 3152 343 3203 J
392 3165 428 3189 r
450 3154 470 3189 τῖ
501 3152 603 3200 Quia
631 3151 845 3190 secundum
876 3150 1158 3200 Philosophum
1187 3151 1226 3188 in
1256 3151 1361 3187 IPo-

347 3195 444 3233 ‘1¹³st
460 3195 491 3236 *x
519 3212 586 3244 ter.
602 3205 634 3254 ²¹³,
661 3218 738 3243 una
760 3204 916 3242 scientia
939 3210 994 3242 est
1019 3216 1119 3253 quae
1137 3211 1191 3242 est
1208 3203 1226 3233 β
1252 3204 1362 3241 unius

285 3257 438 3308 generis
454 3259 620 3297 subiecti.
641 3260 802 3296 Creator
816 3266 948 3296 autem
963 3266 999 3296 et
1013 3267 1199 3306 creatura,
1217 3259 1265 3296 de
1279 3258 1362 3307 qui-

287 3313 360 3348 bus
388 3311 424 3347 in
456 3324 563 3349 sacra
592 3313 765 3350 doctrina
792 3319 984 3358 tractatur,
1014 3324 1093 3349 non
1122 3312 1364 3349 continentur

288 3366 360 3402 sub
379 3377 458 3402 uno
483 3377 625 3425 genere
640 3366 810 3403 subiecti.
841 3367 944 3414 Ergo
964 3378 1071 3403 sacra
1092 3366 1263 3403 doctrina
1283 3379 1362 3403 non

289 3426 345 3456 est
371 3431 450 3456 una
478 3419 644 3457 sc1entia.

1470 3055 1504 3080 2.
1536 3045 1781 3089 PRAETEREA,
1815 3043 1854 3080 in
1883 3055 1990 3079 sacra
2024 3042 2196 3079 doctrina
2231 3049 2412 3078 tractatur
2447 3042 2494 3079 de

1414 3097 1579 3145 angelis,
1619 3097 1667 3133 de
1705 3096 1887 3134 creaturis
1925 3096 2207 3144 corporalibus,
2244 3095 2291 3132 de
2320 3095 2494 3132 moribus

1415 3150 1629 3187 hominum.
1652 3149 1886 3187 Huiusmodi
1906 3157 2036 3186 autem
2056 3150 2106 3187 ad
2126 3149 2296 3186 diversas
2317 3148 2494 3186 scientias

1413 3203 1698 3253 philosophicas
1712 3208 1727 3229 Ἰ
1741 3203 1943 3253 pertinent.
1966 3203 2080 3251 Igitur
2099 3215 2206 3240 saera
2227 3202 2399 3239 doctrina
2413 3215 2493 3240 non

1418 3266 1473 3295 est
1501 3270 1579 3294 una
1607 3257 1774 3294 scientia.

1471 3312 1546 3348 SED
1566 3322 1712 3347 CONTRA
1731 3322 1799 3347 EST
1817 3310 1923 3359 quod
1944 3311 2059 3347 Sacra
2079 3307 2300 3358 Scriptura⁶
2315 3310 2362 3347 de
2380 3321 2424 3346 ea
2438 3310 2492 3346 lo-

1417 3365 1543 3414 quitur
1562 3364 1658 3401 sicut
1673 3363 1721 3401 de
1739 3377 1818 3401 una
1839 3363 2014 3401 scientia:
2036 3361 2171 3400 dicitur
2191 3363 2292 3400 enim
2313 3364 2401 3412 Sap.
2418 3375 2441 3398 x
2456 3362 2491 3398 *ς

1417 3419 1517 3456 dedit
1543 3418 1598 3454 illi
1622 3417 1816 3455 scientiam
1843 3422 2075 3455 sanctorum.

344 3548 372 3583 α)
392 3549 525 3574 doctrina.
543 3563 563 3567 —
580 3549 716 3581 scriptura
734 3549 767 3575 D.

345 3583 371 3618 β)
390 3589 462 3610 est.-
469 3585 531 3610 Om.
538 3585 589 3609 PE.
596 3598 615 3603 -
622 3585 672 3609 Pro
686 3592 744 3618 seq.

290 3621 322 3652 A,
332 3621 470 3653 scriptura
475 3628 521 3646 seu
530 3620 655 3646 doctrina
666 3621 695 3645 B.
702 3620 780 3646 -Pro
786 3621 928 3647 doctrina'
923 3631 949 3648 m
959 3621 1011 3648 fine
1021 3623 1176 3656 argumenti,
1187 3623 1323 3655 scriptura
1330 3623 1363 3647 A.

1471 3550 1498 3584 γ)
1515 3549 1723 3582 philosophicas.
1741 3563 1760 3568 -
1773 3549 1892 3581 phisicus
1912 3549 1941 3573 F.
1959 3562 1978 3568 —
1996 3549 2047 3573 Pro
2073 3548 2162 3581 Igitur
2185 3555 2277 3576 sacra,
2299 3548 2385 3572 Sacra
2409 3547 2495 3580 igitur

757 3585 891 3616 doctrina,
901 3587 1077 3619 scripturali.
1087 3587 1225 3619 scr-[ptura
1239 3587 1363 3612 doctrina
1419 3587 1535 3616 codices;
1554 3593 1603 3618 pro
1622 3585 1754 3614 doctrina,
1773 3585 1909 3617 scriptura
1928 3585 1959 3609 D.

1470 3621 1495 3656 δ)
1517 3621 1669 3653 Scriptura.
1685 3634 1706 3640 -
1724 3621 1849 3646 doctrina
1868 3621 1900 3645 D.
1917 3633 1937 3638 —
1956 3620 1989 3645 de
2007 3627 2039 3645 ea
2057 3627 2110 3644 om.
2123 3620 2153 3644 B.

2500 325 2510 335 “
2525 325 2560 347 Cf.
2576 330 2640 346 num.
2656 331 2698 346 vn.
2718 318 2723 324 ’

2503 633 2514 643 ⁸
2530 632 2565 654 ef.
2589 639 2715 657 comment.

2502 665 2566 680 num.
2583 666 2608 681 ιιι
2624 666 2676 688 sqq.

2515 1568 2596 1595 ·cap.
2608 1574 2652 1594 vu,
2668 1573 2690 1588 n.
2703 1574 2726 1593 4.

2522 2461 2617 2483 'Num.
2630 2467 2662 2482 m.

2619 3216 2635 3240 Υ

2621 3313 2635 3336 δ

2521 3379 2527 3384 ”
2547 3375 2613 3397 Vcrs.
2629 3382 2659 3397 ιο.
