2488 3938
186 312 309 365 nihil
348 311 541 364 habere
582 310 752 362 solent
788 320 1002 376 utraque
1042 307 1253 359 Summa
1290 304 1595 358 familiarius.
1636 304 1818 374 Itaque
1860 316 2060 374 quanto
2102 308 2250 360 citius
2278 308 2390 362 illas

186 383 343 436 nitide
385 394 435 435 et
473 383 763 449 emendate,
805 380 950 448 quod
990 390 1066 432 est
1102 379 1392 448 diligentiae
1419 376 1782 445 facultatisque
1810 378 2055 447 Vestrae,
2085 379 2389 448 publicave-

184 455 306 522 ritis,
329 464 469 506 tanto
493 455 657 523 magis
680 453 945 506 utilitatem
963 451 1308 520 properabitis
1335 450 1392 502 iis
1420 449 1667 502 omnibus
1696 450 1784 518 qui
1812 450 2073 503 eiusmodi
2094 451 2390 505 studiorum

184 525 346 578 dediti
373 535 491 577 sunt
516 526 709 594 generi.
736 524 910 577 Nobis
936 534 1109 576 autem
1135 533 1238 575 tam
1264 533 1459 592 gratum
1484 521 1709 576 feceritis
1751 541 1911 589 quam
1950 522 2099 590 quod
2139 525 2389 576 maxime:

184 617 357 664 neque
399 597 534 649 enim
575 596 694 648 estis
734 596 893 648 nescii
933 616 1088 663 quam
1127 595 1474 663 vehementer,
1510 605 1560 646 et
1587 594 1780 662 quibus
1814 595 1883 646 de
1913 595 2106 663 causis,
2142 605 2390 664 optemus

183 678 239 719 ut
287 667 541 735 sapientia
591 667 840 736 Angelici
890 666 1140 720 Doctoris
1192 667 1291 718 late
1336 677 1665 736 propagetur.
1714 665 2089 736 Quamobrem
2135 667 2391 720 voluntati

183 739 498 807 ingenioque
539 738 734 790 Vestro
774 759 884 791 rem
924 759 1134 791 omnem
1164 738 1615 791 commendamus:
1643 739 1948 806 intereaque
1976 739 2245 807 auspicem
2274 759 2389 792 cae-

181 810 385 862 lestium
442 811 718 878 donorum,
743 820 1096 878 get-paternae
1148 811 1542 863 benevolentiae
1589 811 1817 864 Nostrae
1870 820 2079 879 testem,
2122 810 2299 863 Vobis
2339 822 2392 864 et

181 880 503 933 adiutoribus
543 881 745 934 Vestris
784 882 1159 951 ApostOIicam
1197 881 1641 936 Benedictionem-
1668 893 2001 951 peramanter
2044 884 2095 935 in
2147 882 2388 936 Domino

181 951 516 1020 impertimus.

286 1023 485 1076 Datum
523 1023 759 1093 Romae,
798 1026 945 1092 apud
981 1024 1032 1076 S.
1055 1025 1290 1093 Petrum,
1331 1026 1416 1078 die
1450 1042 1481 1077 ΙΙ
1522 1025 1800 1095 Octobris,
1842 1046 1921 1078 an.
1958 1041 2387 1097 MDCCCLXXXVI,

178 1092 514 1147 Pontificatus
552 1096 732 1160 Nostri
773 1115 930 1147 nono.

1040 1439 1201 1492 LEO
1248 1441 1346 1494 ΡΡ.
1382 1443 1521 1495 XIII.

703 2505 705 2507 ,
2177 2443 2343 2534 gfff-³·

2192 2541 2209 2553 Ἃ
2225 2539 2229 2543 .
2248 2541 2270 2552 x,
