2768 4178
19 1057 30 1068 ·
45 1054 84 1078 Cf.
97 1059 163 1078 anm.
172 1059 205 1077 vi.

16 1368 29 1380 ⁸⁵
41 1366 115 1391 Nam.
129 1373 202 1391 mn.

15 1407 28 1420 ·
42 1407 80 1431 α’.
89 1414 155 1432 aum.
164 1414 231 1432 xxxx.

21 1537 71 1561 ·ef.
76 1542 231 1560 nummum.

137 1663 214 1687 ,¹⁵¹4-

15 2032 26 2042 '
38 2030 111 2054 Num.
124 2037 187 2055 xm.

11 2386 22 2396 ·
44 2384 117 2408 Num.
131 2390 161 2413 v,
179 2391 228 2413 vn,

11 2652 24 2664 ⁴
37 2650 111 2674 Num.
121 2657 163 2680 vn,
179 2657 229 2679 xvi,

13 2683 72 2701 xvu.

936 261 1204 308 QUAESTIO
1234 261 1335 309 XIV,
1365 262 1662 300 ARTICULUS
1691 264 1779 300 XIII

257 341 523 374 infallibilitatem.
550 342 610 373 Ista
628 351 704 372 vero
729 340 965 381 consequentia,
989 341 1055 371 scio
1079 340 1238 370 hominem
1263 349 1331 370 esse

259 387 511 427 corruptibilem,
537 396 616 428 ergo
641 391 688 417 est
711 385 937 425 corruptibilis,
964 391 1010 415 est
1032 385 1127 420 bona,
1144 383 1224 415 sicut
1243 394 1331 424 prae—

259 431 391 467 cedens;
417 438 447 462 et
475 430 649 462 formaliter
671 430 845 465 intellecta,
877 428 971 459 infert
994 438 1193 469 consequens
1216 428 1331 459 intelli-

259 476 400 516 gendum
420 475 501 506 sicut
520 474 725 516 praecedens;
750 473 805 504 sed
827 472 926 513 gratia
949 473 1108 509 materiae,
1132 482 1330 513 consequens

260 520 355 551 etiarn
375 529 520 550 seorsum
539 525 716 559 sumptum,
738 524 784 548 est
803 523 933 548 certum.

317 564 460 595 XXXIV.
486 563 585 602 Quod
609 569 717 593 autem
744 562 821 592 haec
846 561 885 592 sit
908 571 999 591 mens
1022 561 1159 597 litterae,
1180 568 1266 601 patet
1294 571 1331 591 ex

260 618 298 639 eo
324 608 414 649 quod
429 608 462 638 in
478 608 580 639 littera
603 607 662 637 sub
681 606 714 647 ly
733 615 800 636 esse
820 606 852 636 in
872 606 982 635 anima
1002 605 1067 636 duo
1088 606 1330 637 subsumuntur.

259 653 406 683 Alterum
429 651 590 692 pertinens
613 650 654 680 ad
677 660 744 680 esse
768 649 982 686 obiectivum,
1015 650 1049 679 in
1078 649 1134 680 illo
1164 650 1329 690 exemplo,

259 697 406 737 intelligo
435 696 592 736 lapidem,
622 704 702 736 ergo
735 694 819 734 lapis
849 699 896 725 est
926 694 1160 725 immaterialis.
1184 694 1331 725 Alterum

259 748 404 782 spectans
431 741 471 771 ad
493 738 711 770 conditionem
729 738 946 769 inhaerentem
969 738 1013 769 rei
1036 738 1187 775 obiectae,
1203 749 1267 780 qua
1283 749 1331 770 res

259 784 407 816 terminat
430 791 537 816 actum
560 783 695 820 animae,
719 782 752 813 in
775 783 830 813 illa
853 782 1073 823 propositione
1089 793 1171 825 quae
1191 790 1237 814 est
1255 793 1330 814 con—

259 838 395 870 sequens
409 827 631 859 conditionalis
646 827 839 869 propositae,
853 827 979 863 scilicet,
998 828 1027 858 A
1042 828 1104 858 erit
1108 835 1122 866 ,·
1140 828 1330 868 exponendo

259 872 348 915 quod
367 872 460 903 debet
481 871 580 913 accipi
603 877 640 902 ut
661 872 768 903 subest
790 871 920 903 divinae
941 873 1105 910 scientiae,
1130 872 1211 903 idest
1230 879 1266 903 ut
1284 879 1330 903 est

258 917 291 948 in
307 927 365 948 sua
380 916 652 957 praesentialitate.
678 916 813 948 Constat
837 916 923 947 enim
946 917 1036 957 quod
1060 917 1099 947 de
1123 926 1189 947 esse
1205 916 1238 946 in
1257 923 1329 948 actu

258 961 506 1003 praesentialiter
532 960 632 1001 ipsius
662 963 691 991 A
721 960 755 991 in
784 970 890 992 rerum
919 968 1032 992 natura
1059 960 1218 1002 loquitur:
1250 961 1331 992 illud

259 1006 346 1037 enim
368 1012 416 1036 est
436 1005 492 1036 illa
514 1005 656 1036 conditio
680 1005 858 1036 secundum
888 1015 987 1046 quam
1015 1005 1163 1037 terminat
1185 1005 1331 1036 divinum

257 1050 430 1086 intuitum,
460 1056 496 1081 ut
519 1056 605 1090 patet
628 1059 666 1080 ex
689 1049 779 1080 dictis
795 1049 821 1080 *.
846 1049 887 1080 Et
910 1050 936 1080 si
959 1049 1098 1081 iunxeris
1120 1049 1217 1080 simul
1241 1049 1330 1091 quod

259 1104 326 1126 esse
349 1094 382 1125 in
401 1101 473 1126 actu
497 1093 646 1125 convenit
668 1096 697 1125 A
721 1093 755 1124 in
779 1093 893 1135 seipse,
916 1101 946 1126 et
969 1094 1060 1135 quod
1082 1094 1223 1134 accipere
1246 1096 1276 1125 A
1295 1101 1331 1125 ut

258 1138 407 1170 terminat
429 1138 593 1170 scientiam
616 1138 690 1175 Dei,
714 1138 795 1170 idest
818 1138 996 1169 secundum
1019 1148 1111 1169 suam
1138 1138 1330 1178 praesentia-

256 1182 389 1220 litatem,
414 1193 481 1214 non
504 1190 551 1214 est
574 1182 715 1224 accipere
737 1185 767 1213 A
790 1182 823 1213 in
839 1183 954 1224 seipso,
974 1183 1030 1213 sed
1048 1182 1226 1213 secundum
1241 1182 1331 1223 quod

259 1234 306 1259 est
327 1228 361 1258 in
385 1227 510 1264 anima;
533 1226 699 1259 manifeste
722 1226 842 1258 videbis
864 1227 955 1268 quod
977 1229 1007 1257 A
1029 1233 1106 1258 tunc
1129 1233 1255 1257 tantum
1278 1236 1330 1257 su-

258 1272 357 1307 mitur
373 1271 558 1304 secundum
581 1282 648 1302 esse
670 1271 703 1302 in
720 1281 763 1307 se,
787 1271 918 1312 quando
941 1270 1078 1302 sumitur
1101 1271 1280 1301 secundum
1298 1270 1331 1301 id

258 1317 348 1358 quod
377 1316 526 1348 convenit
554 1316 582 1347 ei
605 1315 751 1347 absolute
775 1321 810 1346 ut
832 1316 896 1353 sic,
924 1322 954 1346 et
977 1324 1045 1345 non
1073 1322 1109 1346 ut
1136 1314 1270 1346 infertur
1293 1325 1330 1346 ex

258 1367 331 1393 actu
355 1361 494 1398 animae,
519 1367 555 1392 ut
578 1359 785 1401 exposuimus
804 1359 830 1390 *.

293 1405 357 1437 -Et
380 1405 424 1436 sic
447 1411 534 1446 patet
561 1403 727 1444 responsio
758 1403 798 1434 ad
827 1402 950 1434 obiecta
967 1402 1000 1433 *τ
1025 1403 1100 1445 quia
1127 1402 1331 1435 materialiter

257 1449 403 1486 militant,
420 1459 487 1480 non
510 1447 702 1484 formaliter,
727 1454 758 1479 et
779 1447 862 1478 male
885 1447 1131 1488 interpretantur
1153 1447 1185 1489 ly
1209 1457 1278 1479 esse
1296 1449 1328 1478 in

257 1495 377 1526 anima.
394 1509 414 1517 -
429 1494 518 1524 Haec
540 1493 579 1523 de
602 1492 754 1524 secundo.

313 1538 444 1570 XXXV.
469 1537 588 1575 Quoad
611 1538 740 1568 tertium
756 1534 782 1573 *‚
807 1536 924 1568 scilicet
940 1536 1188 1577 applicationem
1204 1536 1330 1576 regulae

256 1582 296 1613 ad
319 1582 494 1624 proposita,
519 1581 709 1622 ambiguitas
733 1581 832 1621 surgit
849 1582 970 1622 primo,
985 1581 1062 1622 quia
1076 1580 1110 1612 in
1123 1580 1226 1612 littera
1242 1591 1330 1611 com-

15 1630 137 1687 232⁶?ss
151 1631 230 1655 omitt.
255 1626 392 1658 mittitur
414 1625 589 1668 implicatio
613 1626 646 1656 in
670 1625 804 1662 adiecto,
829 1625 963 1656 dicendo
979 1625 997 1645 *
1019 1626 1110 1667 quod
1131 1635 1330 1668 consequens

256 1670 394 1703 sumitur
418 1677 454 1702 ut
476 1671 585 1702 subest
608 1670 756 1701 scientiae
774 1669 844 1706 Dei,
868 1670 999 1708 scilicet,
1018 1675 1121 1711 prout
1144 1674 1191 1701 est
1214 1671 1246 1700 in
1268 1679 1329 1701 sua

249 1716 540 1757 praesentialitate.
565 1715 710 1755 Implicat
734 1714 820 1745 enirn
843 1714 934 1755 quod
953 1714 1082 1756 aliquid,
1099 1714 1124 1745 si
1142 1714 1280 1745 sumitur
1294 1721 1331 1745 ut

256 1759 412 1797 futurum,
430 1766 467 1791 ut
490 1759 543 1797 sic,
568 1767 713 1791 sumatur
728 1765 764 1790 ut
779 1767 943 1799 praesens:
968 1766 1092 1791 constat
1115 1765 1223 1790 autem
1239 1759 1330 1800 quod

255 1804 290 1836 in
313 1811 528 1846 consequente
545 1803 668 1835 dicente
682 1805 711 1834 A
729 1805 802 1842 erit,
822 1805 850 1834 A
864 1803 1002 1834 sumitur
1017 1810 1054 1835 ut
1068 1803 1229 1835 futurum:
1254 1813 1329 1844 ergo

255 1859 323 1880 non
346 1856 407 1880 stat
425 1849 514 1890 quod
537 1848 600 1879 hoc
624 1858 834 1889 consequenS,
858 1847 1036 1888 significans
1059 1851 1089 1879 A
1113 1855 1149 1879 ut
1171 1847 1328 1884 futurum,

256 1901 401 1926 sumatur
423 1900 460 1925 ut
482 1902 640 1934 praesens.
666 1892 821 1930 Quamvis
845 1899 904 1923 stet
927 1893 1016 1933 quod
1035 1903 1084 1923 res
1099 1892 1206 1924 futura
1222 1902 1327 1923 suma-

255 1945 308 1970 tur
326 1945 363 1970 ut
380 1946 546 1979 praesens:
571 1937 657 1968 aliud
681 1937 767 1967 enirn
791 1943 837 1968 est
860 1936 1015 1968 iudicium
1039 1937 1077 1967 de
1101 1937 1169 1977 ipsa
1188 1946 1221 1967 re
1236 1937 1327 1966 abso-

254 1982 332 2020 lute,
357 1989 388 2014 et
411 1982 451 2013 de
473 1982 543 2022 ipsa
565 1988 602 2013 ut
625 1980 797 2021 significata
820 1990 877 2022 per
900 1981 1080 2012 orationem
1099 1982 1138 2012 de
1153 1980 1275 2018 futuro,
1292 1987 1328 2012 ut

255 2034 343 2068 patet
366 2037 403 2057 ex
426 2026 516 2057 dictis
530 2026 557 2056 *.
582 2026 675 2057 Unde
699 2035 765 2056 non
789 2025 913 2056 videtur
934 2025 1129 2066 intelligibile
1152 2025 1242 2066 quod
1265 2025 1328 2056 hoc

257 2081 466 2112 consequens,
485 2071 512 2101 A
533 2071 606 2108 erit,
627 2077 772 2101 sumatur
794 2077 830 2101 ut
853 2079 1018 2110 praesens:
1043 2071 1119 2111 quia
1141 2070 1167 2101 si
1191 2069 1329 2100 sumitur

256 2123 293 2148 ut
315 2125 473 2157 praesens,
498 2115 562 2146 iam
581 2125 648 2145 non
663 2121 710 2145 est
727 2114 760 2156 ly
774 2115 802 2145 A
820 2115 892 2152 erit,
916 2115 970 2145 sed
985 2116 1014 2145 A
1034 2120 1100 2146 est:
1123 2121 1154 2146 et
1172 2113 1198 2144 si
1213 2121 1259 2145 est
1274 2114 1328 2144 illa

256 2159 435 2201 propositio
458 2159 486 2190 A
511 2160 582 2197 erit,
607 2158 672 2189 iam
694 2168 761 2189 non
785 2158 922 2190 sumitur
945 2165 981 2190 ut
1003 2169 1161 2200 praesens.

314 2204 462 2235 Secundo
486 2203 656 2239 dubitatur,
682 2203 756 2244 quia
779 2203 981 2243 incompacta
997 2210 1027 2234 et
1051 2203 1179 2234 dissona
1204 2201 1329 2233 videtur

255 2248 422 2290 responsio
445 2248 532 2279 haec.
562 2247 727 2285 Quoniam
755 2247 943 2279 antecedens
967 2247 1080 2288 accipit
1107 2246 1271 2279 scientiam
1294 2252 1329 2277 ut

255 2291 464 2334 significatam
478 2293 511 2323 in
518 2293 710 2333 praeterito,
724 2298 756 2322 et
769 2302 836 2322 non
851 2298 887 2322 ut
901 2291 1082 2323 aeternitate
1097 2298 1327 2328 mensuratam;

255 2344 287 2369 et
311 2347 509 2378 consequens
533 2336 754 2378 accipiendum
777 2336 852 2368 dicit
876 2341 911 2366 ut
929 2346 1096 2376 praesens.
1131 2337 1219 2368 Haec
1243 2335 1329 2366 enim

255 2391 323 2413 non
347 2387 528 2422 congruunt
552 2381 592 2411 ad
614 2380 769 2411 invicem:
795 2391 834 2411 eo
857 2380 957 2422 quod,
982 2387 1019 2412 ut
1041 2387 1128 2422 patet
1144 2391 1181 2411 ex
1196 2380 1286 2412 dictis
1299 2379 1328 2416 *,

255 2435 304 2458 res
327 2433 364 2458 ut
387 2435 535 2468 praesens
558 2425 730 2466 respondet
758 2424 950 2462 aeternitati,
975 2432 1006 2456 et
1028 2425 1113 2457 actui
1138 2424 1328 2466 cognitionis

256 2477 292 2502 ut
315 2477 517 2502 mensuratur
540 2476 731 2501 aeternitate.

317 2515 425 2546 Tertio
442 2514 613 2551 dubitatur,
631 2514 707 2555 quia
720 2514 779 2546 ista
797 2513 975 2555 responsio,
993 2514 1067 2546 dato
1084 2514 1174 2556 quod
1190 2514 1230 2545 sit
1245 2524 1327 2550 vera,

256 2569 324 2590 non
337 2566 445 2591 tamen
462 2565 508 2590 est
529 2557 698 2589 sufficiens.
723 2558 808 2597 Quia
831 2565 899 2590 tota
922 2558 1088 2599 responsio
1113 2558 1243 2590 recurrit
1261 2565 1328 2589 tan-

257 2604 332 2634 dem
354 2604 395 2634 ad
417 2603 635 2635 necessitatem
662 2603 707 2633 rei
730 2602 763 2633 in
786 2613 844 2633 sua
866 2603 1139 2643 praesentialitate.
1168 2604 1216 2634 Ex
1239 2603 1329 2634 dictis

258 2653 366 2679 autem
389 2647 534 2688 superius
552 2646 571 2665 ⁴*
596 2653 719 2682 constat
742 2647 846 2688 quod,
871 2647 967 2678 etiam
986 2648 1107 2679 sublata
1130 2647 1185 2678 illa
1208 2647 1329 2678 ratione

257 2691 528 2733 praesentialitatis
551 2701 657 2722 rerum
680 2691 719 2721 ad
743 2691 974 2728 aeternitatem,
999 2692 1103 2723 adhuc
1126 2692 1213 2723 Deus
1236 2692 1330 2722 habet

258 2743 375 2767 certam
389 2735 536 2767 notitiam
553 2735 816 2776 contingentium,
828 2742 959 2777 propter
973 2736 1111 2768 rationes
1123 2747 1229 2767 rerum
1244 2736 1330 2777 apud

257 2790 290 2811 se
306 2787 495 2821 praesentes.
522 2780 629 2821 Igitur,
646 2790 721 2811 cum
743 2780 806 2811 hoc
829 2787 1055 2821 argumentum
1078 2781 1192 2812 militet
1211 2780 1329 2821 simpli-

232 2832 244 2841 ·
258 2825 342 2862 citer,
363 2832 394 2856 et
412 2835 479 2856 non
502 2824 681 2855 secundum
703 2824 792 2855 illam
815 2825 972 2856 rationem
994 2832 1136 2862 tantum3
1163 2825 1330 2866 oportebat

256 2870 448 2911 respondere
471 2868 665 2909 simpliciter,
682 2875 712 2900 et
728 2879 795 2899 non
810 2869 896 2900 iuxta
910 2869 999 2900 illam
1014 2870 1172 2901 rationem
1192 2876 1328 2906 tantum,

257 2921 292 2946 ut
311 2914 344 2945 in
362 2913 466 2946 littera
484 2912 528 2945 fit.
549 2913 634 2954 Ergo
653 2912 856 2945 insufficiens.

309 2958 453 2990 XXXVI.
469 2958 522 2989 Ad
540 2958 731 2989 evidentiam
744 2957 872 2995 horum,
889 2958 1171 2999 praedeclarandus
1195 2964 1242 2988 est
1260 2967 1329 2988 sen-

257 3013 311 3034 sus
331 3002 460 3034 litterae.
481 3002 533 3034 Ad
553 3002 643 3034 cuius
660 3001 907 3043 perceptionem,
924 3010 1000 3034 nota
1015 3003 1104 3044 quod
1118 3002 1203 3034 istud
1219 3011 1328 3033 conse—

257 3057 359 3088 quens
381 3057 503 3084 verum,
520 3047 637 3078 scilicet
659 3047 687 3077 A
705 3047 776 3084 erit,
794 3046 911 3078 claudit
925 3047 1006 3078 duo:
1031 3046 1148 3078 scilicet
1167 3046 1327 3078 futuritio-

257 3101 332 3122 nem
360 3091 460 3131 ipsius
484 3093 531 3128 A,
561 3099 592 3123 et
615 3090 912 3132 praesentialitatem
940 3092 1136 3134 quandoque
1164 3090 1264 3132 ipsius
1288 3092 1326 3122 A.

258 3135 394 3177 Oportet
418 3135 503 3166 enim
526 3136 566 3166 ad
590 3136 658 3167 eius
681 3135 844 3166 veritatem
867 3142 1041 3177 utrumque
1070 3145 1272 3172 concurrere,
1299 3141 1329 3166 et

257 3179 347 3221 quod
362 3180 401 3211 sit
415 3179 569 3217 futurum,
586 3187 616 3212 et
640 3180 729 3222 quod
748 3180 943 3221 quandoque
958 3180 1012 3211 illa
1027 3181 1066 3211 de
1084 3180 1225 3211 secundo
1245 3179 1328 3210 adia-

401 3692 510 3716 Scmmi:
530 3691 630 3715 Tuam..
652 3690 682 3714 D.
702 3690 816 3714 Tamna
836 3690 867 3714 T.
887 3691 904 3715 Ι.

2378 269 2448 316 193

1384 347 1472 371 cente
1502 341 1540 371 de
1565 342 1734 383 praesenti,
1760 343 1817 374 sibi
1846 346 2113 386 correspondens,
2139 346 2255 378 scilicet
2278 348 2305 377 A
2331 353 2387 385 est,
2413 347 2452 378 sit

1383 395 1464 416 vera.
1491 385 1577 416 Cum
1596 393 1713 423 autem,
1731 394 1767 418 ut
1783 397 1820 418 ex
1837 388 1925 419 dictis
1939 389 1956 408 *
1979 397 2072 430 patet,
2090 393 2118 421 A
2137 390 2170 421 in
2187 401 2243 421 sua
2257 398 2383 423 tantum
2402 391 2450 422 fu-

1382 429 1534 460 turitione
1557 430 1754 471 inspectum,
1778 442 1846 462 non
1870 433 1908 464 sit
1932 434 2006 464 certi
2028 434 2161 466 intuitus
2185 445 2298 476 capax,
2322 442 2452 477 propter

1384 473 1433 504 sui
1457 474 1636 511 defectum,
1666 475 1741 516 quia
1765 476 1882 507 scilicet
1909 487 1975 507 non
1998 478 2272 510 habet-rationem
2301 480 2375 511 certi
2399 490 2450 510 co-

1383 518 1583 557 gnoscibilis;
1608 526 1735 560 oportet
1758 520 1848 561 quod
1869 523 1898 551 A
1922 529 1957 552 ut
1980 532 2126 563 praesens
2150 531 2302 560 sumatur,
2327 524 2367 554 ad
2389 524 2451 555 hoc

1384 569 1419 593 ut
1435 563 1509 593 certi
1525 562 1659 595 intuitus
1678 564 1832 595 terminus
1852 565 1900 596 sit.
1921 568 1967 595 Ac
1983 576 2039 606 per
2054 567 2125 603 hoc,
2141 567 2226 598 istud
2242 578 2449 609 consequenS,

1383 607 1411 636 A
1441 608 1518 645 erit,
1551 618 1625 638 cum
1653 608 1774 639 ratione
1805 608 2001 640 futuritionis
2029 620 2094 641 non
2126 611 2165 642 sit
2193 612 2346 642 terminus
2376 613 2450 643 certi

1383 650 1517 682 intuitus
1547 652 1637 693 quod
1666 655 1695 683 A
1723 653 1919 694 quandoque
1949 653 2006 690 sit,
2038 655 2226 696 relinquitur
2254 657 2343 697 quod
2370 656 2450 687 ratio

1384 705 1482 736 quare
1505 696 1653 728 terminet
1676 703 1798 728 certum
1821 697 1982 734 intuitum,
2001 706 2047 730 est
2069 699 2190 730 inclusa
2212 700 2245 730 in
2269 710 2307 731 eo
2331 710 2449 741 propo-

1384 739 1457 771 sitio
1472 740 1511 770 de
1526 741 1682 781 praesenti
1698 741 1756 772 sibi
1773 743 2033 782 correspondens,
2045 743 2162 774 scilicet
2174 745 2202 774 A
2219 749 2274 775 est.
2298 744 2342 775 Ita
2361 745 2450 786 quod

1383 784 1470 815 istud
1493 795 1710 826 consequens,
1733 786 1762 816 A
1787 787 1869 824 erit,
1899 797 1965 817 non
1988 787 2116 817 aliunde
2144 794 2228 819 certo
2256 788 2373 819 intuitu
2397 799 2449 819 co-

1383 829 1546 868 gnoscitur
1568 839 1690 866 verum,
1715 830 1775 860 nisi
1799 830 1875 871 quia
1896 830 2021 862 videtur
2043 831 2102 862 ista
2125 831 2183 862 sibi
2206 833 2401 873 respondens
2420 839 2451 864 et

1383 872 1505 904 inclusa
1527 874 1560 904 in
1585 883 1634 910 eo,
1658 873 1775 905 scilicet
1796 875 1824 905 A
1850 880 1897 906 est
1919 875 2118 916 quandoque.
2143 876 2200 907 Est
2223 876 2317 916 igitur
2340 887 2450 907 sensus

1383 917 1513 954 litterae,
1531 917 1620 959 quod
1638 918 1697 949 ista
1721 919 1909 960 propositio,
1931 919 2048 951 scilicet
2070 920 2098 951 A
2123 921 2194 958 erit,
2212 930 2293 961 quae
2310 927 2356 951 est
2375 931 2450 951 con-

1383 971 1519 1002 sequens
1542 962 1575 992 in
1600 962 1806 994 conditionali
1830 963 2011 1004 proposita,
2035 971 2141 1004 potest
2164 964 2248 995 sumi
2273 964 2447 1006 dupliciter.

1383 1006 1501 1042 Primo,
1518 1006 1678 1038 absolute:
1705 1014 1735 1038 et
1758 1007 1802 1038 sic
1825 1018 1892 1038 non
1916 1015 1962 1039 est
1980 1008 2162 1039 necessaria.
2187 1009 2228 1040 Et
2243 1015 2347 1049 potest
2366 1009 2450 1040 sumi

1384 1057 1420 1081 ut
1438 1051 1559 1082 substat
1578 1050 1702 1082 divinae
1726 1051 1883 1089 scientiae,
1907 1052 1988 1084 idest
2011 1060 2047 1084 ut
2071 1060 2117 1084 est
2139 1053 2294 1084 terminus
2317 1053 2450 1085 intuitus

1384 1094 1459 1126 certi
1483 1102 1513 1126 et
1535 1095 1728 1126 infallibilis:
1753 1103 1793 1127 et.
1814 1096 1857 1127 sic
1888 1103 1934 1128 est
1962 1097 2153 1133 necessaria,
2177 1097 2234 1128 illo
2258 1098 2449 1129 necessitatis

1384 1139 1484 1169 modo
1515 1149 1581 1180 quo
1605 1139 1664 1170 ista
1688 1147 1734 1171 est
1762 1141 1952 1178 necessaria,
1976 1141 2004 1171 A
2030 1147 2093 1179 est,
2118 1142 2194 1172 dum
2219 1147 2265 1173 est
2273 1149 2287 1179 ;
2318 1141 2394 1183 quia
2416 1142 2449 1183 ly

1382 1183 1410 1212 A
1435 1184 1496 1213 erit
1519 1190 1564 1214 est
1582 1183 1736 1215 terminus
1761 1184 1858 1215 divini
1882 1185 2025 1222 intuitus,
2050 1185 2243 1226 inquantum
2265 1185 2398 1217 includit
2415 1187 2449 1216 in

1384 1227 1522 1257 seillam
1545 1228 1584 1258 de
1607 1229 1773 1268 praesenti,
1796 1228 1912 1260 scilicet
1933 1230 1961 1260 A
1986 1235 2043 1268 est,
2061 1236 2092 1261 et
2106 1239 2173 1260 non
2195 1229 2387 1271 inquantum
2404 1237 2450 1262 est

1383 1270 1539 1302 futurum.

1436 1315 1594 1347 XXXVII.
1609 1316 1660 1347 Ad
1669 1317 1813 1356 primam
1829 1326 1904 1356 ergo
1929 1317 2142 1348 obiectionem
2154 1317 2183 1354 θ’,
2207 1324 2338 1358 negatur
2360 1319 2450 1359 quod

1383 1358 1434 1390 hic
1457 1359 1497 1390 sit
1519 1359 1693 1400 implicatio
1717 1361 1750 1391 in
1773 1361 1905 1392 adiecto.
1936 1361 2100 1399 Quoniam
2128 1361 2180 1392 hic
2209 1372 2277 1393 non
2299 1362 2451 1403 accipitur

1383 1403 1529 1435 futurum
1553 1404 1735 1441 formaliter,
1760 1412 1797 1448 ut
1819 1414 1982 1446 praesens:
2008 1406 2062 1436 s‘ed
2086 1412 2133 1437 est
2155 1406 2322 1447 explicatio
2339 1413 2369 1437 et
2388 1406 2450 1437 dis-

1382 1448 1493 1479 tinctio
1511 1448 1711 1479 inclusorum
1734 1449 1767 1479 in
1790 1450 2010 1490 propositione
2034 1450 2072 1480 de
2096 1450 2216 1482 futuro.
2240 1450 2450 1490 Distinguitur

1382 1492 1434 1523 hic
1457 1492 1703 1534 praesentialitas
1722 1492 1828 1525 futura
1843 1493 1942 1533 ipsius
1959 1496 1988 1525 A
2004 1501 2113 1525 contra
2128 1494 2350 1526 futuritionem
2365 1495 2448 1525 eius:

1383 1543 1414 1568 et
1432 1543 1567 1578 utraque
1591 1537 1747 1569 clauditur
1769 1538 1802 1568 in
1818 1538 1874 1568 illo
1898 1546 2121 1579 consequente.
2146 1539 2188 1570 Et
2206 1539 2338 1570 docetur
2361 1540 2451 1580 quod

1382 1581 1463 1612 illud
1479 1591 1678 1623 consequens
1702 1589 1748 1613 est
1772 1589 1872 1614 certae
1897 1583 2086 1623 cognitionis
2107 1593 2204 1623 capax
2226 1583 2346 1615 ratione
2362 1591 2461 1624 prae-·

1383 1625 1589 1663 sentialitatis,
1608 1633 1638 1658 et
1660 1636 1728 1657 non
1750 1627 1871 1658 ratione
1896 1627 2101 1659 futuritionis.
2126 1628 2167 1658 Et
2190 1627 2265 1668 quia
2284 1628 2342 1658 sub
2361 1638 2450 1668 prae—

1383 1670 1570 1702 sentialitate
1585 1677 1631 1702 est
1651 1671 1874 1708 necessarium,
1894 1671 2038 1713 sequitur
2053 1672 2142 1713 quod
2163 1672 2225 1702 hoc
2241 1680 2448 1713 consequens,

1383 1721 1551 1756 sumptum
1582 1716 1759 1746 secundum
1783 1726 1854 1746 eam
1886 1716 2128 1757 dispositionem
2152 1726 2215 1757 qua
2238 1717 2345 1747 subest
2373 1716 2449 1746 divi-

1383 1769 1442 1790 nae
1465 1759 1622 1796 scientiae,
1640 1759 1679 1791 sit
1693 1761 1915 1792 necessarium.
1940 1760 2003 1791 Ubi
2020 1767 2106 1801 patet
2122 1761 2243 1791 nullam
2261 1760 2450 1791 intercedere

1382 1803 1643 1845 implicationem.

1440 1848 1492 1879 Ad
1513 1849 1686 1879 secundam
1711 1855 1819 1879 autem
1849 1849 2062 1880 obiectionem
2090 1849 2180 1881 facile
2205 1848 2335 1886 dicitur,
2361 1849 2450 1889 quod

1382 1899 1470 1923 actus
1494 1892 1612 1923 sciendi
1634 1893 1668 1923 in
1691 1893 1761 1924 Deo
1784 1903 1841 1934 per
1867 1894 2001 1924 verbum
2023 1894 2180 1934 praeteriti
2203 1893 2356 1934 temporis
2383 1903 2450 1924 non

1382 1935 1638 1977 consignificatur
1656 1943 1692 1968 ut
1706 1937 1892 1978 praeteritus
1917 1936 2220 1980 (consignificaretur
2235 1937 2320 1968 enim
2335 1935 2447 1979 falso):

1382 1981 1437 2011 sed
1460 1980 1716 2022 consignificatur
1744 1987 1780 2012 ut
1808 1983 1986 2013 coexistens
2002 1984 2192 2023 praeterito.
2225 1981 2312 2013 Nihil
2342 1988 2450 2012 autem

1382 2025 1472 2056 obest
1488 2025 1662 2057 aeternitati
1679 2033 1767 2057 actus
1783 2026 1985 2057 coexistentia
2000 2027 2040 2057 ad
2054 2027 2275 2067 praeteritum:
2295 2026 2362 2056 imo
2378 2035 2449 2056 eam

1382 2077 1624 2101 concomitatur.

1440 2114 1491 2145 Ad
1515 2115 1644 2145 tertiam
1668 2121 1776 2145 autem
1799 2114 1912 2146 dicitur
1934 2115 2078 2152 breviter,
2103 2115 2192 2156 quod
2215 2114 2351 2145 obiectio
2375 2124 2449 2155 pro-

1383 2158 1464 2190 cedit
1488 2168 1525 2189 ex
1548 2159 1634 2189 malo
1658 2158 1817 2190 intellectu
1841 2159 1971 2190 litterae.
1994 2160 2069 2190 Non
2093 2159 2179 2190 enim
2201 2158 2366 2199 responsio
2389 2158 2449 2189 ista

1383 2202 1534 2233 fundatur
1557 2212 1653 2243 super
1681 2203 1861 2234 aeternitate
1892 2210 1980 2234 actus
1993 2227 2000 2239 ,
2034 2210 2089 2234 aut
2121 2213 2216 2244 super
2248 2202 2450 2234 coexistentia

1383 2256 1489 2277 rerum
1513 2247 1552 2277 ad
1576 2246 1802 2283 aeternitatem,
1823 2254 1859 2278 ut
1878 2247 2014 2279 obiectio
2036 2247 2203 2288 supponit:
2230 2247 2286 2277 sed
2300 2247 2451 2278 fundatur

1383 2301 1479 2331 super
1502 2291 1711 2331 dispositione
1734 2292 1912 2322 secundum
1935 2302 2034 2332 quam
2056 2302 2104 2322 res
2121 2298 2167 2322 est
2182 2291 2297 2322 scibilis
2316 2297 2370 2322 aut
2384 2300 2451 2321 non

1383 2335 1509 2366 scibilis.
1541 2336 1603 2366 Res
1627 2335 1713 2366 enim
1737 2336 1922 2376 contingens
1946 2336 2070 2373 futura,
2097 2343 2133 2367 ut
2156 2336 2209 2372 sic,
2234 2345 2300 2366 non
2325 2342 2371 2366 est
2393 2335 2450 2365 sci-

1383 2379 1470 2416 bilis;
1496 2380 1551 2410 sed
1574 2387 1610 2411 ut
1631 2389 1779 2420 praesens
1803 2387 1849 2411 est
1872 2380 2002 2417 scibilis,
2027 2387 2063 2411 ut
2085 2386 2171 2421 patet
2194 2390 2231 2410 ex
2254 2379 2343 2411 dictis
2359 2378 2385 2410 *.
2410 2379 2451 2410 Et
2477 2379 2487 2389 “
2501 2377 2687 2406 Num.praeced.

1383 2423 1446 2455 hoc
1461 2431 1508 2455 est
1522 2434 1645 2461 verum,
1663 2424 1728 2455 sive
1752 2424 1867 2455 sciatur
1890 2424 2134 2465 praesentialitas
2158 2424 2202 2455 rei
2217 2423 2338 2454 ratione
2354 2429 2449 2454 aeter—

1383 2468 1507 2507 nitatis;
1539 2468 1604 2499 sive
1627 2469 1750 2500 ratione
1772 2468 1916 2499 idearum
1943 2468 1976 2499 in
1999 2475 2106 2499 mente
2137 2468 2242 2498 divina
2271 2477 2448 2508 repraesen-

1384 2513 1520 2545 tantium
1550 2523 1599 2543 res
1630 2523 1705 2544 cum
1735 2512 1971 2544 conditionibus
2002 2512 2199 2549 existentiae;
2233 2511 2298 2542 sive
2328 2511 2449 2542 ratione

1384 2557 1536 2588 essentiae
1552 2557 1675 2588 divinae
1691 2556 1950 2597 repraesentantis
1966 2557 2124 2597 praedicta
2146 2556 2179 2586 in
2198 2556 2319 2587 ratione
2335 2555 2449 2596 speciei

1383 2601 1607 2641 intelligibilis;
1640 2601 1706 2631 sive
1728 2600 1849 2632 ratione
1874 2601 2050 2642 specierum
2073 2600 2251 2631 infusarum
2281 2600 2314 2630 in
2342 2606 2448 2630 mente

1384 2645 1526 2682 alicuius,
1544 2652 1621 2686 puta
1637 2644 1769 2676 alicuius
1785 2645 1897 2686 angeli,
1913 2645 1964 2676 vel
1980 2645 2103 2676 animae
2119 2644 2245 2676 Christi.
2261 2644 2348 2675 Nihil
2363 2643 2449 2674 enim

1384 2690 1477 2721 refert
1492 2690 1525 2720 in
1540 2689 1718 2730 proposito,
1743 2699 1809 2730 quo
1834 2689 1905 2730 quis
1929 2690 2030 2720 modo
2053 2696 2153 2730 ponat
2176 2688 2385 2729 praesentiam
2403 2688 2448 2719 rei

1384 2735 1543 2775 cognosci.
1568 2734 1623 2765 Sat
1645 2740 1692 2764 est
1713 2733 1746 2764 in
1769 2733 1954 2774 proposito,
1979 2734 2068 2775 quod
2092 2743 2289 2774 consequens
2312 2743 2379 2763 non
2403 2739 2449 2763 est

1384 2778 1597 2820 cognoscibile
1628 2785 1709 2810 certe
1723 2801 1730 2814 ,
1764 2777 1823 2808 nisi
1856 2778 1977 2809 ratione
2009 2777 2279 2819 praesentialitatis
2309 2777 2448 2807 inclusae

1384 2833 1656 2863 corresponsurae.

1434 2867 1607 2899 XXXVIII.
1628 2867 1663 2897 In
1686 2866 1893 2907 responsione
1917 2867 1956 2896 ad
1979 2866 2117 2902 tertium,
2135 2865 2245 2896 omnia
2268 2875 2304 2895 ex
2327 2864 2447 2905 praedi—

1383 2911 1439 2943 ctis
1463 2918 1581 2952 patent.
1598 2911 1680 2941 Illud
1703 2917 1809 2942 tamen
1824 2911 1959 2948 adverte,
1977 2911 2066 2952 quod
2089 2910 2122 2940 in
2145 2909 2300 2950 principio
2316 2918 2447 2949 respon-

1383 2956 1500 2992 sionis,
1525 2955 1580 2986 ubi
1604 2955 1779 2995 assignatur
1802 2954 1974 2986 differentia
1996 2955 2077 2986 inter
2099 2954 2316 2985 necessitatem
2339 2952 2407 2983 sciti
2429 2963 2447 2982 a

1382 3000 1474 3031 nobis
1491 3007 1521 3031 et
1539 3010 1557 3030 a
1570 3000 1651 3036 Deo,
1668 2997 1762 3042 (quia
1784 2999 1865 3030 illud
1888 2999 2053 3040 dupliciter
2076 3005 2202 3039 oportet
2223 3007 2288 3027 esse
2315 3003 2446 3033 certum,

1383 3045 1500 3075 scilicet
1515 3044 1547 3074 in
1571 3054 1619 3080 se,
1645 3050 1675 3074 et
1694 3051 1730 3075 ut
1749 3044 1856 3075 subest
1879 3043 2042 3079 scientiae;
2066 3043 2128 3073 hoc
2151 3048 2258 3072 autem
2274 3048 2310 3072 ut
2333 3040 2447 3072 scitum

1382 3087 1535 3131 tantum),
1553 3088 1694 3119 redditur
1715 3088 1795 3119 ratio
1811 3087 1907 3118 huius
1931 3087 2120 3119 differentiae
2137 3096 2174 3117 ex
2197 3085 2375 3116 aeternitate
2398 3084 2446 3114 in-

1382 3134 1481 3165 tuitus
1505 3132 1611 3163 divini.
1641 3132 1682 3163 Et
1705 3132 1836 3173 quidem
1858 3131 1938 3163 ratio
1962 3139 2007 3163 est
2029 3132 2113 3162 bona
2143 3128 2446 3170 sufficiensque‚sssed

1383 3189 1449 3209 non
1473 3185 1519 3209 est
1541 3176 1626 3207 sola:
1651 3186 1748 3217 quare
1772 3186 1846 3207 cave
1869 3186 1908 3206 ne
1933 3175 2055 3207 fallaris.

2272 3682 2302 3706 25

2477 389 2488 400 ⁸
2498 389 2533 411 Cf.
2544 395 2608 411 num.
2616 395 2651 416 111,
2660 396 2692 417 tv,

2478 422 2525 437 xiv.

2477 1319 2486 1328 ·
2502 1318 2538 1341 Cf.
2548 1324 2689 1341 num-xxxv.
