2768 4178
939 236 1207 283 QUAESTIO
1236 237 1324 283 XII,
1353 237 1650 274 ARTICULUS
1680 238 1731 274 IV
2365 253 2430 278 121

246 328 328 353 esse
347 315 419 353 nisi
438 315 478 353 in
496 316 569 353 hac
587 316 747 353 materia
768 315 1009 353 individuali:
1039 323 1076 352 et
1093 315 1315 352 huiusmodi

245 376 332 406 sunt
351 368 483 406 omnia
508 369 731 418 corporalia.
762 368 965 416 Quaedam
984 380 1079 405 vero
1101 375 1198 415 sunt,
1220 380 1315 417 quo-

245 434 332 458 rum
361 429 518 459 naturae
539 429 626 459 sunt
643 433 713 472 per
740 434 781 458 se
801 420 1058 469 subsistentes,
1079 433 1159 458 non
1179 418 1216 458 ih
1236 433 1317 458 ma-

244 475 339 512 teria
366 475 511 525 aliqua,
541 487 641 525 quae
678 482 808 512 tamen
844 487 924 512 non
961 482 1049 512 sunt
1077 487 1191 511 suum
1220 486 1314 522 esse,

246 528 314 565 sed
343 536 430 566 sunt
454 541 536 566 esse
565 528 768 565 habentes:
799 535 836 564 et
854 527 1077 564 huiusmodi
1093 527 1107 554 ς
1125 535 1214 564 sunt
1228 527 1316 564 sub-

246 581 404 619 stantiae
422 581 685 630 incorporeae,
701 592 798 630 quas
816 580 972 628 angelos
992 580 1166 618 dicimus.
1190 580 1316 617 Solius

246 642 375 671 autem
413 634 487 671 Dei
523 634 700 683 proprius
738 633 879 670 modus
917 633 1068 671 essendi
1098 641 1173 681 est,
1202 641 1244 670 ut
1271 633 1316 670 sit

246 699 360 724 suum
389 699 472 724 esse
501 686 721 724 subsistens.

299 740 358 777 Ea
385 739 497 788 igitur
516 751 616 788 quae
636 752 716 776 non
743 739 888 776 habent
907 752 989 776 esse
1009 739 1080 777 nisi
1099 739 1138 776 in
1158 739 1316 776 materia

244 792 484 839 individuali,
503 804 735 840 cognoscere
752 800 808 829 est
826 792 937 830 nobis
958 794 1201 830 connaturale
1217 799 1246 829 ⁷¹:
1269 805 1315 830 eo

246 845 351 894 quod
379 845 507 882 anima
534 853 676 893 nostra,
705 857 775 894 per
803 858 922 894 quarn
952 846 1231 894 cognoscimus,
1262 854 1318 883 est

245 899 370 936 forma
398 898 556 935 alicuius
575 898 768 936 materiae.
799 899 910 946 Quae
938 906 1068 936 tamen
1087 900 1202 936 habet
1221 899 1316 936 duas

244 951 402 989 virtutes
427 951 716 1000 cognoscitivas.
746 952 886 998 Unam,
908 965 1007 1000 quae
1038 960 1093 990 est
1120 960 1225 990 actus
1253 952 1316 989 ali-

246 1004 353 1042 cuius
382 1004 555 1054 corporei
585 1006 717 1053 organi
737 1004 760 1042 ⁰.
791 1006 840 1042 Et
867 1006 957 1043 huic
986 1006 1231 1043 connaturale
1261 1013 1317 1042 est

246 1070 478 1106 cognoscere
513 1071 572 1095 res
600 1059 815 1096 secundum
844 1059 950 1108 quod
978 1066 1065 1096 sunt
1091 1059 1130 1096 in
1159 1058 1317 1095 materia

244 1111 486 1149 individuali:
510 1111 614 1148 unde
634 1124 768 1149 sensus
788 1124 867 1149 non
887 1112 1082 1160 cognoscit
1100 1111 1172 1149 nisi
1191 1111 1316 1159 singu-

244 1164 348 1201 laria.
379 1164 464 1201 Alia
483 1177 578 1202 vero
598 1164 718 1202 virtus
738 1165 998 1213 cognoscitiva
1027 1165 1107 1202 eius
1128 1172 1183 1201 est
1210 1164 1318 1201 intel-

244 1218 375 1266 lectus,
392 1217 555 1266 quinon
573 1225 629 1255 est
643 1226 749 1255 actus
768 1218 926 1255 alicuius
946 1217 1076 1266 organi
1096 1216 1316 1266 corporalis.

245 1269 357 1309 Unde
374 1280 377 1281 ’
384 1272 455 1320 per
482 1271 715 1308 intellectum
751 1271 996 1308 connaturale
1031 1278 1087 1308 est
1114 1269 1225 1308 nobis
1255 1283 1317 1307 co-

245 1335 430 1372 gnoscere
458 1331 624 1371 naturaS,
646 1336 745 1372 quae
769 1324 926 1372 quidem
955 1336 1035 1361 non
1062 1324 1205 1361 habent
1234 1335 1317 1360 esse

245 1376 318 1414 nisi
341 1376 380 1414 in
399 1376 558 1414 materia
576 1376 818 1423 individuali3
847 1389 927 1414 non
945 1384 1075 1414 tamen
1103 1375 1317 1414 secundum

246 1430 352 1480 quod
380 1437 468 1468 sunt
495 1430 534 1467 in
562 1429 720 1467 materia
748 1429 982 1477 individuali,
1012 1429 1081 1467 sed
1105 1429 1318 1467 secundum

245 1483 352 1532 quod
370 1482 640 1520 abstrahuntur
667 1483 716 1520 ab
746 1495 791 1520 ea
809 1495 879 1533 per
898 1482 1244 1520 considerationem
1263 1483 1319 1520 in-

245 1535 415 1574 tellectus
429 1535 460 1573 ²⁸⁸.
490 1535 603 1573 Unde
623 1535 836 1573 secundum
855 1536 1085 1574 intellectum
1112 1548 1319 1586 possumus

246 1601 478 1638 cognoscere
498 1589 721 1627 huiusmodi
749 1601 808 1627 res
826 1589 866 1626 in
884 1589 1106 1627 universali:
1138 1590 1244 1639 quod
1264 1598 1320 1627 est

246 1654 362 1692 supra
389 1643 606 1680 facultatem
641 1655 786 1679 sensus.
807 1663 831 1670 -
854 1642 1060 1680 Intellectui
1094 1650 1223 1680 autem
1253 1655 1319 1680 an-

246 1695 367 1745 gelico
397 1696 642 1733 connaturale
663 1703 719 1733 est
739 1707 971 1744 cognoscere
1000 1703 1152 1733 naturas
1181 1708 1261 1733 non
1280 1696 1318 1733 in

245 1749 405 1788 materia
434 1748 646 1786 existentes.
677 1749 795 1796 Quod
825 1757 880 1786 est
898 1762 1014 1799 supra
1033 1750 1246 1787 naturalem
1266 1749 1319 1786 fa-

246 1803 425 1840 cultatem
454 1801 663 1840 intellectus
691 1801 842 1840 animae
870 1803 1074 1850 humanae,
1105 1803 1317 1841 secundum

245 1863 384 1895 statum
411 1855 621 1905 praesentis
648 1855 762 1903 vitae,
791 1868 870 1904 quo
900 1855 1052 1905 corpori
1080 1855 1217 1893 unitur.

298 1909 539 1959 Relinquitur
566 1921 656 1957 ergo
685 1909 792 1958 quod
820 1921 1052 1957 cognoscere
1081 1908 1210 1958 ipsum
1234 1921 1316 1946 esse

246 1963 466 2009 subsistens,
497 1962 542 1999 sit
570 1962 814 1999 connaturale
844 1962 914 1999 soli
941 1962 1144 1999 intellectui
1173 1962 1316 2010 divino,

247 2025 284 2055 et
315 2015 422 2066 quod
459 2015 505 2053 sit
542 2028 657 2065 supra
694 2015 910 2053 facultatem
943 2015 1155 2052 naturalem
1196 2015 1318 2052 cuius-

245 2070 336 2108 libet
372 2069 582 2106 intellectus
619 2069 754 2106 creati:
788 2068 878 2117 quia
906 2069 1008 2106 nulla
1038 2076 1207 2106 creatura
1226 2076 1234 2090 ‘
1262 2077 1318 2106 est

247 2135 361 2161 suum
396 2134 492 2170 esse,
526 2121 595 2159 sed
624 2122 739 2159 habet
776 2134 859 2158 esse
897 2121 1175 2170 participatum.
1224 2123 1316 2159 Non

246 2177 358 2226 igitur
392 2182 518 2225 potest
555 2174 764 2212 intellectus
802 2182 949 2211 creatus
988 2175 1116 2211 Deum
1154 2186 1224 2223 per
1262 2187 1318 2212 es-

245 2229 407 2268 sentiam
435 2228 586 2275 videre,
621 2228 691 2265 nisi
721 2227 947 2277 inquantum
975 2228 1080 2264 Deus
1110 2240 1180 2277 per
1208 2240 1318 2265 suam

246 2282 405 2334 gratiam
434 2294 474 2320 se
509 2281 713 2318 intellectui
750 2288 876 2318 creato
906 2280 1112 2329 coniungit,
1142 2288 1183 2318 ut
1211 2281 1317 2318 intel-

246 2335 384 2385 ligibile
405 2342 418 2356 '‘
446 2336 494 2373 ab
525 2334 608 2384 ipso
628 2333 659 2372 *.

298 2450 324 2484 ζ)
343 2453 370 2475 et
388 2449 548 2475 huiusmodi.
566 2463 585 2468 -
603 2449 754 2474 cuiusmodi
771 2449 825 2474 FG.

298 2485 327 2519 η)
345 2485 530 2511 connaturale.
548 2497 567 2503 -
585 2485 710 2510 naturale
729 2485 770 2510 ed.
788 2492 815 2509 a.
833 2499 852 2503 —
870 2488 964 2510 nostra
981 2492 1035 2509 om.
1054 2486 1086 2510 Α.

299 2519 324 2554 Θ)
343 2521 467 2553 corporei
486 2520 593 2554 organi.
606 2534 625 2539 -
637 2520 737 2554 organi
755 2520 879 2553 corporei
890 2520 1041 2550 ABCEFG;
1061 2520 1125 2545 haec
1139 2526 1164 2545 et
1183 2520 1318 2553 sequentia

245 2564 333 2590 usque
351 2557 383 2581 ad
401 2556 515 2581 alicuius
533 2555 666 2586 inclusive,
686 2563 740 2582 om.
755 2556 786 2580 D.
798 2569 816 2574 —
836 2556 899 2581 Post
917 2555 978 2580 huic
993 2555 1016 2581 G
1031 2555 1101 2581 addit
1120 2556 1222 2581 virtuti.
1236 2570 1255 2575 -
1267 2556 1318 2581 Pro

245 2592 429 2621 connaturale,
443 2591 660 2616 communicabile
679 2591 720 2616 ed.
735 2599 760 2616 a.

256 2636 259 2638 ·
301 2627 320 2660 ι)
339 2630 474 2653 creatura.
492 2640 512 2646 —
529 2629 629 2651 natura
647 2630 740 2652 creata
758 2626 906 2651 ABCDEG.

1424 317 1484 352 AD
1518 328 1656 354 PRIMUM
1693 328 1791 354 ERGO
1830 330 2013 356 monimum
2051 320 2154 368 quod
2191 320 2260 357 iste
2297 321 2436 358 modus

1372 369 1629 416 cognoscendi
1658 370 1807 418 Deum,
1839 379 1894 408 est
1926 373 2060 420 angelo
2093 373 2365 420 connaturalis,
2395 382 2438 411 ut

1372 421 1511 459 scilicet
1540 430 1745 471 cognoscat
1773 435 1861 460 eum
1889 436 1958 472 per
1982 424 2267 463 similitudinem
2295 426 2375 463 eius
2399 427 2437 463 in

1370 474 1454 524 ipso
1483 477 1619 524 angelo
1647 476 1908 524 refulgentem.
1945 478 2022 514 Sed
2051 490 2280 526 cognoscere
2308 481 2436 516 Deum

1371 540 1440 576 per
1467 528 1633 577 aliquam
1661 528 1945 567 similitudinem
1976 538 2152 578 creatam,
2182 544 2262 569 non
2291 539 2346 569 est
2374 545 2436 569 co-

1370 593 1555 628 gnoscere
1583 582 1786 619 essentiam
1806 583 1890 630 Dei,
1911 590 1953 619 ut
1971 595 2086 632 supra
2105 584 2124 605 '¹‘
2153 592 2348 622 ostensum
2370 594 2435 623 est.

1371 634 1483 671 Unde
1513 647 1592 671 non
1619 635 1789 685 sequitur
1823 636 1927 685 quod
1957 637 2112 684 angelus
2138 649 2208 685 per
2235 650 2303 675 sua
2331 646 2437 675 natu-

1371 687 1463 724 ralia
1489 687 1610 737 possit
1638 700 1870 737 cognoscere
1900 689 2102 726 essentiam
2131 690 2216 727 Dei.

1424 742 1483 778 AD
1512 753 1702 779 SECUNDUM
1731 753 1915 779 Dici-:noum
1944 742 2050 791 quod
2077 742 2284 780 intellectus
2316 744 2437 792 angeli

1371 806 1450 831 non
1477 794 1593 831 habet
1612 794 1816 841 defectum,
1837 795 1867 832 si
1897 795 2064 832 defectus
2085 795 2289 844 accipiatur
2312 797 2437 845 priva-

1371 847 1460 895 tive,
1480 854 1522 884 ut
1550 847 1690 884 scilicet
1718 855 1845 884 careat
1873 860 1919 884 eo
1949 848 2053 897 quod
2080 849 2222 885 habere
2251 850 2374 886 debet.
2397 850 2436 886 Si

1370 912 1465 937 vero
1493 900 1699 950 accipiatur
1735 901 1931 949 negative,
1962 900 2015 937 sic
2043 901 2234 949 quaelibet
2268 910 2437 939 creatura

1371 953 1562 990 invenitur
1595 953 1793 1002 deficiens,
1824 955 1909 991 Deo
1944 962 2180 1003 comparata,
2215 954 2307 992 dum
2327 953 2339 975 λ
2359 967 2437 992 non

1371 1007 1486 1050 habet
1514 1006 1616 1044 illam
1646 1006 1906 1044 excellentiam
1940 1019 2039 1055 quae
2068 1007 2257 1045 invenitur
2280 1008 2318 1045 in
2337 1009 2435 1045 Deo.

1424 1061 1483 1097 An
1508 1071 1668 1097 TERTmM
1692 1071 1876 1098 DicENDUM
1896 1060 2002 1108 quod
2021 1073 2154 1098 sensus
2173 1060 2278 1098 visus
2296 1068 2326 1107 μ,
2348 1061 2436 1109 quia

1372 1112 1531 1149 omnino
1551 1112 1754 1149 materialis
1779 1120 1846 1160 est,
1867 1114 1972 1150 nullo
2001 1114 2121 1151 modo
2148 1114 2287 1151 elevari
2312 1122 2437 1163 potest

1372 1165 1422 1202 ad
1441 1165 1583 1213 aliquid
1602 1165 1863 1203 immateriale.
1899 1166 1976 1203 Sed
1999 1166 2207 1204 intellectus
2226 1175 2355 1204 noster
2373 1168 2436 1204 vel

1372 1217 1575 1266 angelicus,
1597 1218 1685 1266 quia
1713 1219 1926 1256 secundum
1947 1227 2122 1256 naturam
2144 1232 2167 1256 a
2195 1220 2353 1257 materia
2372 1220 2436 1257 ali-

1371 1270 1531 1319 qualiter
1559 1271 1728 1308 elevatus
1757 1280 1829 1320 est,
1849 1279 1974 1320 potest
2001 1273 2096 1309 ultra
2124 1285 2232 1310 suam
2262 1280 2436 1310 naturam

1371 1336 1441 1372 per
1468 1323 1628 1371 gratiam
1657 1324 1706 1361 ad
1744 1324 1885 1373 aliquid
1913 1325 2022 1362 altius
2060 1325 2212 1363 elevari.
2242 1326 2291 1362 Et
2323 1326 2436 1363 huius

1372 1376 1522 1425 signum
1551 1384 1618 1424 est,
1639 1377 1730 1425 quia
1747 1378 1853 1414 visus
1872 1385 1883 1397 “
1902 1378 2004 1415 nullo
2027 1379 2147 1415 modo
2166 1385 2291 1427 potest
2313 1378 2350 1415 in
2372 1380 2437 1415 ab·

1373 1429 1575 1467 stractione
1606 1442 1837 1478 cognoscere
1865 1430 1904 1468 id
1929 1430 2036 1480 quod
2055 1431 2093 1468 in
2113 1431 2354 1468 concretione
2375 1444 2436 1468 co—

1372 1483 1539 1531 gnoscit:
1569 1484 1672 1520 nullo
1702 1483 1806 1521 enim
1826 1484 1945 1521 modo
1973 1491 2099 1533 potest
2116 1484 2311 1534 percipere
2331 1492 2437 1522 natu-

1373 1549 1476 1583 ram,
1507 1536 1579 1573 nisi
1606 1544 1648 1574 ut
1674 1538 1784 1574 hanc.
1816 1537 1894 1574 Sed
1921 1537 2130 1586 intellectus
2158 1545 2287 1574 noster
2313 1546 2438 1586 potest

1373 1590 1411 1626 in
1431 1590 1683 1627 abstractione
1713 1589 1954 1627 considerare
1987 1589 2119 1639 quod‘
2138 1591 2176 1628 in
2197 1591 2437 1628 concretione

1374 1642 1579 1691 cognoscit.
1601 1643 1682 1680 Etsi
1709 1643 1812 1680 enim
1833 1652 2038 1692 cognoscat
2066 1656 2125 1681 res
2153 1645 2336 1681 habentes
2365 1644 2438 1680 for-

1373 1709 1479 1733 mam
1507 1696 1545 1733 in
1573 1696 1744 1744 materia,
1773 1704 1903 1734 tamen
1931 1692 2093 1734 resolvit'
2114 1697 2370 1746 compositum
2401 1697 2438 1733 in

1373 1757 1600 1799 utrumque,
1628 1757 1665 1787 et
1694 1749 1908 1787 considerat
1944 1750 2066 1799 ipsam
2095 1751 2261 1787 formam
2289 1762 2357 1798 per
2385 1762 2436 1786 se.

1374 1803 1423 1840 Et
1442 1802 1612 1840 similiter
1641 1803 1851 1840 intellectus
1871 1803 2003 1852 angeli,
2023 1803 2109 1840 licet
2130 1803 2373 1841 connaturale
2394 1803 2439 1840 sit

1374 1856 1408 1893 ei
1437 1868 1668 1904 cognoscere
1698 1869 1780 1893 esse
1810 1864 2030 1893 concretum
2058 1856 2097 1893 in
2129 1857 2255 1904 aliqua
2282 1864 2436 1902 natura,

1373 1917 1503 1946 tamen
1530 1916 1656 1958 potest
1693 1909 1820 1958 ipsum
1849 1922 1932 1946 esse
1969 1921 2165 1946 secernere
2193 1922 2262 1958 per
2299 1909 2438 1946 intelle-

1374 1970 1488 2010 ctum,
1510 1962 1602 1999 dum
1619 1962 1813 2011 cognoscit
1831 1963 1937 2011 quod
1956 1962 2057 1999 aliud
2077 1970 2132 1999 est
2150 1962 2251 2011 ipse,
2283 1970 2319 1999 et
2337 1962 2437 1999 aliud

1374 2023 1430 2053 est
1458 2028 1571 2053 suum
1600 2028 1695 2053 esse.
1725 2016 1774 2053 Et
1801 2015 1908 2064 ideo,
1939 2028 2027 2053 cum
2056 2015 2263 2053 intellectus
2293 2023 2438 2052 creatus

1373 2081 1441 2118 per
1469 2081 1580 2106 suam
1618 2076 1794 2106 naturam
1832 2077 1942 2106 natus
1974 2068 2020 2106 sit
2048 2068 2335 2118 apprehendere
2365 2068 2437 2105 for-

1374 2134 1481 2159 mam
1511 2129 1729 2159 concretam
1756 2130 1792 2159 et
1820 2135 1902 2159 esse
1936 2130 2158 2159 concretum
2186 2127 2197 2142 ⁰
2225 2122 2264 2158 in
2297 2122 2437 2158 abstra-

1375 2174 1512 2222 ctione,
1536 2175 1788 2223 per2modum
1816 2174 2055 2212 resolutionis
2080 2175 2291 2221 cuiusdam,
2314 2180 2455 2223 potest'

1373 2239 1442 2277 per
1461 2227 1619 2276 gratiam
1651 2228 1790 2265 elevari
1818 2236 1858 2264 ut
1879 2235 2084 2276 cognoscat
2112 2227 2360 2265 substantiam
2380 2240 2439 2263 se-

1374 2289 1547 2330 paratam
1586 2281 1871 2328 subsistentem,
1909 2289 1944 2318 et
1982 2294 2063 2318 esse
2098 2289 2315 2330 separatum
2354 2281 2440 2317 sub-

1376 2343 1522 2372 Sistens.

1426 2451 1451 2482 κ)
1472 2450 1645 2483 intelligibile.
1663 2464 1682 2469 -
1699 2451 1735 2475 sit
1754 2450 1927 2483 intelligibilis
1945 2450 1977 2474 G.

1425 2485 1453 2518 λ)
1474 2485 1546 2510 dum.
1565 2498 1583 2505 —-
1602 2485 1671 2510 unde
1690 2485 1812 2510 ABCDE.

1427 2520 1456 2555 μ)
1474 2521 1666 2561 εεζιειιεινὶειιε.
1684 2534 1703 2540 -
1721 2520 1932 2561 visus'ABCDE,
1947 2527 2047 2560 sensus·
2058 2520 2089 2550 G,
2104 2521 2174 2545 visus
2193 2527 2284 2545 sensus
2303 2521 2343 2545 ed.
2363 2528 2387 2544 a.

1427 2556 1451 2623 ἔξ
1470 2563 1672 2624 Ξιιῖἓιὲ.νὲςιιξῖιῶ
1686 2556 1848 2615 ἳιὲἕῡιέῗιις
1868 2555 1987 2584 ABCDE,
2002 2563 2064 2588 quia
2083 2562 2174 2580 sensus
2193 2555 2224 2580 G.

1427 2627 1453 2659 ο)
1473 2634 1528 2652 esse
1546 2630 1706 2652 concretum.
1725 2640 1743 2645 -
1761 2634 1838 2651 omne
1857 2626 1993 2659 cognitum
2012 2627 2041 2651 B.

929 2707 1262 2742 Commentaria
1286 2707 1536 2740 Gaii-dinalis
1558 2706 1757 2740 Caietam

277 2807 299 2828 N
322 2796 417 2828 titulo
441 2796 520 2826 nihil
544 2802 590 2826 est
621 2796 795 2826 obscurum
827 2796 1060 2827 advertentibus
1088 2796 1177 2837 quod
1200 2796 1232 2836 ly
1255 2805 1318 2835 per

278 2850 340 2873 sua
363 2841 528 2872 naturalia
553 2840 683 2871 denotat
705 2849 834 2871 causam
856 2839 1076 2872 sufficientem.

304 2885 341 2917 In
364 2894 498 2926 corpore
521 2891 568 2915 est
591 2883 686 2915 unica
702 2884 876 2921 conclusio,
893 2885 1077 2925 responsiva
1100 2884 1244 2926 quaesito
1263 2894 1317 2914 ne-

248 2929 367 2971 gative:
393 2928 592 2970 Impossibile
614 2935 661 2960 est
683 2928 773 2969 quod
795 2928 909 2970 aliquis
932 2929 1109 2960 intellectus
1125 2935 1246 2960 creatus
1262 2938 1318 2969 per

249 2983 308 3006 sua
330 2973 484 3004 naturalia
507 2972 675 3004 essentiam
698 2972 758 3003 Dei
780 2972 894 3004 videat.

304 3017 460 3048 Probatur
474 3018 568 3048 unica
582 3017 713 3053 ratione,
734 3016 787 3047 sic.
813 3016 964 3058 Cognitio
980 3016 1016 3048 fit
1035 3017 1212 3048 secundum
1228 3017 1318 3058 quod

251 3062 416 3102 cognitum
439 3067 485 3092 est
508 3061 540 3092 in
564 3067 791 3102 cognoscente:
817 3071 892 3102 ergo
916 3063 1094 3093 secundum
1109 3062 1246 3093 modum
1265 3071 1318 3092 co-

250 3105 446 3147 gnoscentis:
470 3115 545 3146 ergo
568 3106 747 3137 secundum
769 3106 905 3136 modum
924 3113 1054 3137 naturae
1077 3106 1176 3146 ipsius
1199 3116 1317 3146 cogno-

251 3150 374 3181 scentis.
398 3150 502 3190 Ergo,
527 3150 552 3180 si
575 3150 693 3180 modus
724 3150 846 3180 essendi
878 3150 1011 3182 alicuius
1034 3150 1078 3181 rei
1102 3151 1246 3191 cognitae
1270 3160 1319 3181 ex-

251 3195 340 3226 cedat
362 3193 500 3224 modum
522 3200 651 3225 naturae
675 3194 908 3235 cognoscentis,
933 3194 1073 3235 cognitio
1096 3195 1180 3226 illius
1204 3195 1248 3225 rei
1272 3202 1318 3226 est

251 3248 347 3279 supra
370 3244 516 3268 naturam
537 3238 623 3270 illius
647 3238 878 3279 cognoscentis.
902 3239 988 3279 Ergo
1003 3249 1194 3279 cognoscere
1210 3239 1318 3280 ipsum

252 3293 319 3314 esse
342 3281 524 3318 subsistens,
548 3289 595 3313 est
617 3293 713 3323 supra
737 3282 917 3314 facultatem
938 3283 1114 3314 naturalem
1138 3284 1318 3315 cuiuscum-

252 3337 315 3368 que
331 3326 507 3357 intellectus
527 3327 629 3363 creati,
645 3327 769 3368 solique
784 3327 957 3358 intellectui
973 3327 1082 3358 divino
1103 3329 1318 3359 connaturale.

251 3371 337 3411 Ergo
361 3369 539 3401 intellectus
562 3377 683 3402 creatus
715 3381 782 3402 non
806 3378 910 3412 potest
941 3372 1047 3403 Deum
1070 3382 1127 3413 per
1150 3373 1318 3403 essentiam

251 3415 366 3451 videre,
391 3414 450 3444 nisi
474 3423 531 3454 per
552 3414 694 3454 gratiam.

307 3459 412 3490 Prima
435 3458 849 3500 consequentiarprobatur:
874 3460 949 3501 quia
972 3460 1138 3501 cognitum
1153 3467 1200 3495 est
1216 3461 1249 3491 in
1266 3470 1318 3491 co-

252 3510 423 3544 gnoscente
457 3502 634 3533 secundum
661 3503 797 3534 modum
820 3505 1050 3545 cognoscentis.
1075 3505 1221 3535 Secunda
1243 3514 1318 3535 vero

251 3547 439 3589 relinquitur
461 3554 548 3577 nota.
565 3546 672 3577 Tertia
694 3553 802 3578 autem
825 3548 990 3580 manifeste
1013 3549 1156 3590 sequitur
1171 3559 1208 3580 ex
1231 3559 1319 3589 prae-

253 3591 453 3623 cedentibus:
479 3597 509 3621 et
531 3590 740 3622 nihilominus
763 3591 796 3622 in
814 3591 916 3623 littera
934 3593 1117 3630 declaratur,
1138 3599 1168 3625 et
1183 3604 1201 3624 a
1217 3599 1321 3634 poste-

395 3653 505 3677 Summe
523 3652 625 3676 Tar-tor.
645 3651 675 3675 D.
689 3651 804 3676 Tuonnuz
818 3651 850 3676 T.
868 3653 887 3676 1.

1373 2795 1448 2825 riori
1464 2794 1622 2825 inductive
1639 2795 1799 2835 probatur,
1817 2795 2040 2835 distinguendo
2060 2795 2176 2825 modos
2193 2795 2314 2825 essendi
2334 2805 2438 2825 rerum

1374 2839 1638 2879 cognoscibilium
1661 2845 1697 2869 ut
1719 2839 1772 2875 sic,
1797 2839 1830 2869 in
1854 2846 1926 2875 tres,
1951 2845 1982 2869 et
2004 2839 2202 2869 ostendendo
2225 2849 2280 2869 eos
2304 2848 2439 2879 propor-

1372 2883 1531 2915 tionaliter
1553 2883 1744 2924 respondere
1767 2883 1867 2914 tribus
1890 2883 1995 2914 modis
2020 2884 2142 2914 essendi
2169 2889 2298 2914 naturae
2322 2893 2438 2923 cogno-

1372 2928 1507 2964 scifivae,
1522 2934 1557 2958 ut
1573 2928 1653 2958 clare
1669 2933 1755 2967 patet
1769 2927 1802 2958 in
1818 2928 1928 2958 littera.
1943 2928 2063 2965 Quarta
2083 2934 2189 2958 autern
2213 2927 2438 2968 consequentia

1373 2973 1539 3013 probatur:
1564 2972 1639 3012 quia
1655 2972 1742 3002 nulla
1761 2979 1901 3003 creatura
1918 2978 1964 3002 est
1980 2982 2075 3002 suum
2091 2981 2167 3007 esse,
2193 2971 2247 3002 sed
2262 2971 2356 3001 habet
2372 2981 2438 3001 esse

1372 3016 1605 3057 participatum.
1630 3016 1750 3047 Ultima
1773 3011 1880 3047 autem
1904 3023 1950 3047 est
1972 3026 2029 3056 per
2051 3026 2084 3046 se
2107 3022 2191 3046 nota.

1428 3061 1465 3091 11.
1491 3060 1582 3091 Circa
1610 3060 1855 3091 declarationem
1885 3070 1921 3091 ac
1945 3060 2165 3100 probationem
2193 3059 2299 3090 tertiae
2329 3069 2437 3089 conse-

1371 3105 1529 3145 quentiae,
1547 3105 1673 3135 adverte
1692 3105 1768 3135 du0.
1787 3105 1897 3135 Primo
1912 3105 2010 3146 quod,
2027 3104 2099 3135 licet
2114 3104 2146 3134 in
2162 3104 2262 3134 littera
2278 3110 2438 3143 ponantur

1372 3157 1433 3180 tres
1450 3156 1573 3180 tanturn
1589 3149 1677 3179 modi
1697 3149 1819 3179 essendi
1843 3159 1880 3179 ex
1898 3156 1985 3190 parte
2004 3149 2047 3179 rei
2071 3148 2223 3188 cognitae,
2240 3147 2355 3178 scilicet
2371 3157 2438 3177 esse

1372 3194 1405 3224 in
1429 3194 1486 3224 hac
1509 3193 1657 3229 materia,
1687 3199 1718 3224 et
1741 3203 1808 3223 esse
1831 3193 1898 3224 sine
1921 3193 2068 3228 materia,
2098 3199 2128 3222 et
2151 3202 2218 3222 esse
2241 3191 2347 3231 ipsum
2371 3201 2438 3221 esse

1373 3238 1564 3273 subsistens,
1593 3237 1674 3267 idest
1696 3237 1763 3268 sine
1786 3238 1876 3268 omni
1900 3237 2060 3278 potentia;
2088 3237 2163 3277 quia
2185 3243 2291 3266 tamen
2315 3235 2437 3275 primus

1373 3283 1490 3313 modus
1514 3281 1726 3321 distinguitur,
1748 3291 1813 3312 non
1837 3282 1869 3312 in
1894 3282 1999 3322 plures
2023 3281 2139 3311 modos
2163 3279 2285 3310 essendi
2301 3277 2347 3322 (et
2365 3280 2437 3310 ideo

1373 3334 1434 3358 tres
1464 3332 1589 3357 tanturn
1613 3324 1717 3368 sunt),
1742 3326 1797 3356 sed
1820 3326 1853 3356 in
1878 3327 1959 3356 duos
1989 3325 2104 3355 modos
2127 3334 2267 3365 quorum
2293 3324 2369 3354 alter
2392 3330 2438 3354 est

1373 3371 1426 3407 rei,
1450 3371 1526 3401 alter
1541 3369 1680 3406 rationis,
1706 3370 1822 3401 scilicet
1840 3380 1906 3400 esse
1929 3370 1962 3399 in
1985 3370 2043 3399 hac
2059 3369 2197 3405 materia,
2213 3375 2244 3398 et
2262 3368 2438 3398 abstrahere

1374 3416 1412 3446 ab
1435 3415 1497 3450 illa,
1518 3424 1573 3444 seu
1597 3414 1795 3454 singulariter
1810 3421 1841 3445 et
1856 3413 2087 3449 universaliter;
2113 3419 2143 3443 et
2157 3412 2326 3452 singularia
2340 3418 2376 3442 ut
2394 3412 2437 3442 sic

1374 3459 1413 3490 ad
1437 3465 1583 3489 naturam
1606 3464 1748 3499 spectant
1774 3458 2021 3498 cognoscitivam
2052 3457 2141 3487 cuius
2165 3463 2212 3487 est
2241 3466 2308 3487 esse
2331 3463 2438 3486 actum

1375 3503 1524 3544 corporis,
1550 3502 1625 3543 quia
1649 3502 1689 3532 ad
1711 3502 1902 3538 sensitivam,
1927 3501 2113 3532 universalia
2135 3511 2210 3531 vero
2235 3501 2274 3531 ad
2293 3507 2437 3531 naturam

1374 3558 1455 3588 quae
1479 3546 1722 3587 quodammodo
1746 3553 1793 3577 est
1814 3547 1847 3576 in
1871 3555 2004 3586 corpore
2028 3552 2058 3576 et
2080 3545 2323 3586 quodammodo
2353 3554 2435 3579 non,

1374 3592 1449 3633 quia
1472 3592 1511 3621 ad
1533 3590 1755 3622 intellectivam
1778 3591 1961 3626 humanam,
1986 3599 2067 3631 quae
2091 3589 2205 3630 partim
2229 3596 2275 3620 est
2298 3595 2437 3628 separata

2263 3649 2292 3674 16

2466 593 2473 600 ·
2489 592 2539 613 Art.
2555 597 2575 612 2.
