2768 4178
75 437 83 445 ·
100 435 152 457 Lib.
166 435 183 461 1,
199 439 250 462 cap.
264 440 286 456 v.

75 946 86 957 ⁸
101 945 167 968 Vers.
182 952 206 972 4.

76 1762 87 1772 ⁸
101 1761 129 1783 D.
145 1767 202 1789 927.>

77 1868 86 1877 ·
100 1866 129 1889 D.
144 1872 174 1894 ¹7·

76 2507 87 2518 '
100 2506 152 2528 Art.
168 2512 244 2534 praec.

76 3237 87 3249 ⁸
97 3236 132 3259 Cf.
148 3242 213 3259 num.
227 3243 261 3260 m.

310 256 389 293 400

314 327 389 364 hoc
410 339 553 364 nomen
581 325 773 375 pluraliter
795 325 1037 375 praedicatur
1069 325 1115 364 de
1149 324 1267 363 tribus
1292 325 1382 361 Per-

316 379 439 418 sonis:
476 379 563 416 dicit
596 378 698 416 enim
729 378 975 426 Augustinus,
996 378 1035 416 in
1054 378 1149 415 libro
1177 376 1224 414 de
1249 378 1382 415 Doctr.

320 433 453 470 Christ.
474 432 509 468 ³¹⁶:
538 433 615 470 Res
647 431 780 480 quibus
798 432 1014 480 fruendum
1052 436 1122 476 est,
1158 435 1246 467 sunt
1269 431 1386 467 Pater·

316 491 352 523 et
366 485 486 525 Filius
504 490 541 522 et
556 485 715 534 Spiritus
734 485 904 524 Sanctus.
934 485 1037 532 Ergo
1068 491 1103 522 et
1131 483 1204 521 alia
1223 482 1382 521 nomina

316 538 528 576 essentialia
555 537 750 586 pluraliter
775 537 984 587 praedicari
1002 543 1164 585 possunt
1198 535 1245 573 de
1264 535 1383 575 tribus

264 635 268 638 ,
316 590 504 631 Personis.

368 656 406 691 4.
427 645 661 690 Prienam,
682 643 778 684 sicut
798 645 875 683 hoc
894 654 1039 682 nomen
1066 643 1171 679 Deus
1198 641 1383 689 significat

315 697 522 737 habentem
558 696 754 745 deitatem,
783 696 834 735 ita
862 697 937 734 hoc
969 707 1114 733 nomen
1140 706 1306 743 persona
1335 694 1385 732 si-

283 773 290 778 ·
316 749 469 798 gnificat
488 750 757 789 subsistentem
775 749 813 787 in
832 757 966 789 natura
987 748 1113 797 aliqua
1130 747 1383 785 intellectuali.

317 803 394 840 Sed
423 802 584 843 dicimus
611 809 684 840 tres
701 804 901 841 Personas.
928 803 1042 850 Ergo,
1069 800 1204 840 eadem
1223 800 1380 848 ratione,

316 856 441 897 dicere
468 868 675 905 possumus
703 861 776 893 tres
803 856 903 895 deos.

370 909 445 946 SED
465 921 612 947 CONTRA
630 921 697 949 EST
717 909 824 957 quod
843 908 977 947 dicitur
995 909 1106 946 Deut.
1123 918 1158 943 V1
1178 906 1198 928 *
1211 911 1246 942 ²:
1266 906 1380 952 Audi,

315 962 457 1008 Israel,
487 963 674 1000 Dominus
710 963 815 1001 Deus
847 967 955 1008 tuus,
980 962 1084 998 Deus
1113 971 1208 997 unus
1237 965 1300 997 est.

369 1016 595 1054 Rrsposnno
623 1026 807 1054 melerinum
835 1014 940 1063 quod
968 1013 1171 1052 nominum
1205 1011 1383 1050 essentia-

315 1067 410 1108 lium
438 1068 629 1117 quaedam
658 1067 867 1116 significant
895 1068 1098 1106 essentiam
1125 1065 1381 1112 substantive,

315 1121 508 1170 quaedam
534 1133 628 1159 vero
657 1120 855 1160 adiective.
895 1121 954 1160 Ea
981 1119 1137 1169 quidem
1166 1131 1264 1168 quae
1294 1119 1382 1157 sub-

315 1174 476 1214 stantive
496 1173 702 1214 essentiam
723 1173 948 1221 significant,
967 1172 1237 1222 praedicantur
1254 1171 1301 1210 de
1321 1172 1383 1209 tri-

315 1227 387 1267 bus
415 1227 596 1267 Personis
625 1227 860 1275 singulariter
887 1234 1055 1273 tantum,
1087 1233 1124 1263 et
1151 1237 1230 1265 non
1257 1226 1384 1274 plura-

317 1280 419 1319 liter:
450 1292 547 1329 quae
574 1292 668 1318 vero
698 1280 883 1319 adjective
921 1280 1124 1318 essentiam
1153 1277 1380 1326 significant,

314 1333 581 1382 praedicantur
596 1333 642 1370 de
657 1333 774 1372 tribus
790 1333 968 1371 Personis
981 1332 1020 1370 in
1034 1332 1167 1382 plurali
1182 1330 1210 1368 β.
1222 1351 1248 1363 -
1264 1331 1383 1370 Cuius

316 1386 412 1426 ratio
433 1394 505 1434 est,
529 1386 620 1436 quia
647 1386 806 1427 nomina
833 1385 1068 1424 substantiva
1088 1385 1300 1433 significant
1318 1384 1383 1422 ali-

316 1439 407 1487 quid
426 1451 497 1488 per·
513 1439 678 1479 modum
695 1440 949 1479 substantiae:
977 1439 1136 1477 nomina
1163 1450 1258 1477 vero
1281 1438 1383 1476 adie-

317 1492 416 1529 ctiva
444 1492 655 1541 significant
679 1492 819 1541 aliquid
840 1498 854 1521 ⁷-
878 1505 947 1542 per
974 1493 1138 1532 modum
1166 1491 1387 1539 accidentis,

317 1545 422 1594 quod
450 1545 622 1584 inhaeret
649 1545 832 1583 subiecto.
868 1546 1086 1585 Substantia
1114 1552 1255 1591 autem,
1289 1544 1384 1582 sicut

315 1611 386 1648 per
408 1611 448 1636 se
472 1599 588 1637 habet
607 1610 702 1646 esse,
731 1598 782 1636 ita
808 1611 884 1648 per⁴
905 1611 946 1636 se
975 1599 1091 1638 habet
1117 1598 1301 1637 unitatem
1319 1598 1384 1635 vel

317 1651 623 1691 multitudinem:
649 1652 753 1692 unde
773 1659 809 1690 et
828 1652 1066 1700 singularitas
1084 1652 1146 1691 vel
1164 1651 1355 1700 pluralitas
1371 1648 1385 1673 ³

316 1705 487 1745 nominis
501 1705 724 1744 substantivi
753 1706 956 1744 attenditur
973 1704 1186 1743 secundum
1219 1704 1384 1743 formam

317 1758 564 1806 significatam
583 1770 653 1808 per
671 1770 815 1797 nomen
834 1758 865 1796 *.
886 1758 1110 1797 Accidentia
1127 1765 1272 1804 autern,
1289 1757 1385 1797 sicut

318 1824 400 1850 esse
413 1812 558 1851 habent
570 1811 610 1851 in
629 1811 813 1859 subiecto,
828 1811 879 1851 ita
898 1824 944 1850 ex
961 1811 1134 1850 subiecto
1154 1810 1384 1860 suscipiunt‘

315 1864 500 1903 unitatem
521 1873 557 1902 et
575 1864 858 1904 multitudinem
878 1865 919 1902 *τ
949 1872 985 1902 et
1007 1864 1095 1903 ideo
1123 1864 1162 1903 in
1190 1863 1385 1902 adiectivis

317 1917 520 1955 attenditur
539 1917 773 1966 singularitas
794 1925 831 1955 et
848 1917 1042 1968 pluralitas
1063 1917 1276 1955 secundum
1295 1929 1384 1966 sup-

315 1978 450 2020 posita.

370 2025 412 2061 In
432 2024 610 2061 creaturis
635 2032 763 2065 autem
792 2036 871 2062 non
898 2024 1089 2062 invenitur
1107 2036 1184 2063 una
1203 2023 1328 2062 forma
1346 2023 1384 2060 in

314 2076 486 2126 pluribus
514 2077 719 2129 suppositis
738 2077 809 2115 nisi
837 2077 979 2114 unitate
1007 2076 1162 2124 ordinis,
1191 2084 1232 2114 ut
1260 2076 1384 2114 forma

316 2130 568 2168 multitudinis
589 2131 797 2172 ordinatae.
826 2130 938 2171 Unde
959 2130 1117 2171 nomina
1136 2129 1384 2179 significantia

315 2183 432 2222 talem
458 2184 644 2232 formam,
674 2183 705 2221 si
733 2183 806 2222 sint
834 2184 1091 2231 substantiva,
1120 2183 1386 2233 praedicantur

318 2236 365 2273 de
392 2236 563 2285 pluribus
591 2236 630 2273 in
658 2237 853 2285 singulari:
884 2249 963 2274 non
991 2244 1119 2274 autern
1139 2236 1169 2273 si
1189 2236 1263 2273 sint
1281 2236 1384 2273 adie-

318 2289 427 2326 ctiva.
448 2289 620 2327 Dicimus
637 2290 738 2327 enirn
758 2289 864 2338 quod
883 2290 991 2327 multi
1010 2290 1190 2329 homines
1206 2296 1293 2326 sunt
1311 2289 1385 2326 col-

316 2342 457 2392 legium
480 2343 543 2379 vel
570 2343 755 2380 exercitus
774 2350 839 2380 aut
850 2343 1036 2392 populus:
1065 2342 1227 2380 dicimus
1255 2349 1385 2379 tamen

317 2395 425 2445 quod
458 2396 587 2445 plures
613 2396 792 2436 homines
818 2403 907 2436 sunt
939 2396 1138 2446 collegiati.
1177 2397 1220 2434 ln
1249 2395 1384 2435 divinis

317 2456 447 2487 autem
467 2448 628 2490 essentia
647 2449 776 2488 divina
794 2449 1026 2497 significatur
1043 2461 1113 2499 per
1127 2449 1291 2487 modum
1310 2448 1384 2487 for-

315 2513 414 2550 mae,
438 2509 481 2540 ut
509 2502 652 2540 dictum
681 2510 737 2540 est
753 2502 784 2539 ²⁸.
816 2502 926 2550 Quae
955 2502 1111 2552 quidem
1140 2502 1302 2552 simplex
1330 2510 1386 2540 est

370 2615 397 2649 α)
417 2616 497 2642 Deut-
512 2623 546 2642 νι.
564 2630 582 2635 -
600 2616 692 2642 Exod.
705 2624 738 2642 xx
756 2616 857 2642 codices
876 2621 902 2642 et
919 2617 976 2647 am·
995 2616 1027 2643 cf.
1046 2625 1092 2650 qu.
1103 2624 1142 2647 n,
1161 2622 1209 2642 art.
1225 2617 1253 2648 3,
1272 2622 1327 2643 not.
1340 2615 1365 2650 β.

369 2650 394 2684 β)
413 2659 481 2684 quae
498 2652 662 2678 substantive
671 2668 697 2679 ...
704 2652 817 2685 plurali.
834 2666 854 2672 -
871 2659 939 2685 quae
951 2652 1117 2679 substantive
1135 2653 1276 2678 essentiam
1298 2652 1382 2687 signi-

308 2686 404 2719 ficant,
420 2687 616 2719 praedicantur
630 2688 663 2712 de
677 2688 762 2713 tribus
780 2687 904 2713 Personis
923 2688 949 2713 in
968 2688 1104 2721 singulari
1121 2687 1237 2720 (tantum
1252 2688 1322 2715 addit
1333 2688 1382 2721 sA)

969 244 1236 292 QUAESTIO
1266 244 1447 292 XXXIX,
1475 244 1773 282 ARTICULUS
1802 245 1851 281 111

1438 332 1473 362 et
1501 325 1668 363 maxime
1696 337 1786 372 una,
1814 333 1857 362 ut
1884 337 1999 374 supra
2024 325 2044 347 ²⁸
2073 333 2270 362 ostensum
2299 332 2366 362 est.
2396 325 2506 363 Unde

1437 377 1596 416 nomina
1623 377 1873 425 significantia
1901 378 2072 416 divinam
2103 378 2307 415 essentiam
2335 378 2508 416 substan-

1436 431 1526 478 tive,
1555 430 1804 479 singulariter,
1833 439 1869 468 et
1893 443 1972 469 non
1990 431 2194 480 pluraliter,
2214 432 2262 469 de
2281 431 2398 469 tribus
2417 432 2506 468 Per-

1437 483 1542 522 sonis
1577 483 1855 533 praedicantur.
1897 485 2003 521 Haec
2040 484 2150 532 igitur
2179 491 2234 521 est
2267 483 2359 521 ratio
2389 496 2507 532 quare

1438 538 1637 575 Socratem
1658 544 1697 574 et
1714 538 1915 575 Platonem
1935 545 1971 574 et
1992 537 2222 574 Ciceronem
2242 536 2403 574 dicimus
2431 544 2507 574 tres

1436 590 1635 634 homines3
1664 591 1819 628 Patrem
1856 598 1985 628 autem
2014 598 2051 627 et
2083 590 2220 627 Filium
2253 597 2288 627 et
2323 590 2507 639 Spiritum

1438 644 1621 680 Sanctum
1637 655 1716 680 non
1737 643 1896 681 dicimus
1916 651 1991 681 tres
2011 644 2117 691 deos,
2134 643 2203 680 sed
2221 655 2344 680 unum
2358 644 2506 680 Deum:

1436 696 1527 744 quia
1554 696 1595 734 in
1620 696 1739 734 tribus
1771 696 1977 746 suppositis
2008 697 2202 734 humanae
2235 703 2392 733 naturae
2421 703 2507 733 sunt

1437 756 1512 786 tres
1543 749 1817 795 humanitates3
1851 749 1892 786 in
1922 750 2042 787 tribus
2076 757 2206 787 autem
2238 749 2421 786 Personis
2451 756 2510 786 est

1436 814 1514 840 una
1543 801 1675 839 divina
1700 802 1878 840 essentia.

1490 855 1548 892 Ea
1566 866 1664 892 vero
1686 867 1787 903 quae
1810 854 1825 881 ζ
1852 855 2065 903 significant
2084 856 2286 893 essentiam
2307 855 2505 902 adiective,

1436 907 1709 956 praedicantur
1731 907 1925 956 pluraliter
1952 908 1999 945 de
2027 908 2157 956 tribus,
2181 916 2340 958 propter
2356 908 2507 958 plurali-

1436 968 1553 999 tatem
1573 960 1870 1009 suppositorum.
1900 960 2078 998 Dicimus
2100 962 2202 999 enim
2221 968 2294 999 tres
2312 963 2508 1000 existentes

1435 1014 1499 1051 vel
1527 1019 1604 1051 tres
1632 1013 1835 1062 sapientes,
1864 1021 1929 1051 aut
1956 1019 2032 1051 tres
2058 1020 2234 1052 aeternos
2258 1023 2294 1052 et
2321 1016 2507 1053 incr-catos

1438 1074 1474 1103 et
1493 1067 1705 1112 immensos,
1726 1066 1758 1104 si
1776 1066 1962 1104 adiective
1990 1074 2201 1105 sumantur.
2231 1067 2271 1105 Si
2297 1080 2393 1106 vero
2417 1069 2507 1107 sub-

1437 1119 1599 1158 stantive
1637 1127 1835 1157 sumantur
1854 1128 1891 1167 ⁷¹,
1921 1119 2084 1158 dicimus
2120 1133 2237 1158 unum
2275 1121 2504 1169 increatum,

1438 1173 1661 1211 hnmensum
1676 1183 1678 1185 ·
1691 1180 1727 1210 et
1753 1179 1965 1220 aeternum,
1990 1181 2032 1210 ut
2054 1173 2288 1212 Athanasius
2313 1174 2402 1212 dicit
2419 1174 2452 1211 ²¹⁸.

1489 1228 1549 1264 AD
1578 1238 1716 1264 paruum
1742 1238 1846 1263 ERGO·
1869 1238 2054 1264 DICENDUM
2083 1227 2201 1276 quod,
2229 1227 2317 1264 licet
2337 1228 2446 1265 Deus
2460 1228 2509 1265 sii-

1436 1279 1589 1328 gnificet
1607 1280 1803 1317 habentem
1823 1280 2006 1326 deitatem,
2028 1288 2084 1317 est
2101 1287 2232 1317 tamen
2251 1280 2346 1318 alius
2366 1281 2510 1319 modus

1437 1332 1694 1382 significandi:
1729 1344 1817 1370 nam
1846 1334 1951 1370 Deus
1988 1333 2123 1370 dicitur
2154 1334 2408 1383 substantive,
2438 1335 2510 1373 sed

1436 1387 1578 1425 habens
1604 1386 1776 1424 deitatem
1797 1385 1931 1428 dicitur
1950 1386 2145 1424 adiective.
2176 1387 2300 1435 Unde,
2320 1387 2408 1425 licet
2433 1387 2509 1426 sint

1436 1445 1510 1478 tres
1536 1440 1712 1477 hahentes
1739 1439 1927 1486 denatem,
1953 1452 2032 1478 non
2055 1447 2186 1478 tamen
2205 1440 2375 1490 sequitur
2400 1440 2508 1491 quod

1437 1493 1511 1532 sint
1538 1499 1614 1530 tres
1639 1493 1701 1530 dii.

1491 1548 1550 1583 An
1578 1558 1768 1583 SECUNDUM
1796 1558 1982 1583 monimum
2018 1547 2125 1596 quod
2153 1546 2329 1585 diversae
2357 1547 2512 1596 linguae

1437 1599 1582 1638 habent
1608 1599 1804 1636 diversum
1833 1599 1997 1638 modum
2025 1599 2220 1649 loquendi.
2249 1601 2380 1649 Unde,
2410 1601 2506 1639 sicut

1437 1660 1596 1702 propter
1621 1652 1872 1701 pluralitatem
1901 1653 2189 1702 suppositorum
2209 1653 2346 1691 Graeci
2374 1654 2506 1692 dicunt

1437 1712 1511 1744 tres
1537 1707 1771 1754 hypostases,
1801 1705 1851 1743 ita
1878 1714 1914 1743 et
1941 1706 1980 1743 'm
2009 1707 2188 1744 Hebraeo
2218 1706 2354 1744 dicitur
2379 1708 2509 1757 phara-

1438 1759 1523 1797 liter
1546 1759 1711 1797 Eloliim.
1746 1759 1830 1796 Nos
1858 1766 1989 1796 autem
2015 1771 2096 1796 non
2123 1759 2284 1797 dicimus
2311 1760 2510 1809 pluraliter

1437 1824 1563 1860 neq-ue
1590 1813 1695 1849 Deos
1729 1824 1855 1860 neque
1887 1812 2131 1859 substantia-s,
2160 1825 2208 1850 ne
2236 1813 2428 1862 pluralitas
2456 1813 2510 1851 ad

1438 1865 1690 1903 substantiam
1717 1865 1910 1902 referatur.

1491 1920 1550 1956 An
1578 1929 1738 1956 mariun
1765 1930 1950 1956 montinum
1978 1918 2084 1967 quod
2111 1918 2187 1956 hoc
2206 1931 2352 1958 nomen
2371 1931 2431 1957 res
2451 1926 2509 1957 est

1438 1971 1486 2010 de
1514 1970 1881 2009 transcendentibus.
1912 1971 2036 2019 Unde,
2057 1971 2269 2009 secundum
2297 1972 2403 2022 quod
2420 1985 2507 2022 per·

1436 2025 1528 2062 tinet
1546 2024 1596 2062 ad
1616 2024 1850 2072 relationem,
1878 2024 2072 2074 pluraliter
2093 2025 2335 2074 praedicatur
2352 2025 2393 2066 in
2411 2025 2507 2065 divi-

1437 2078 1511 2116 nis:
1532 2078 1745 2116 secundum
1759 2090 1854 2115 vero
1875 2078 1981 2128 quod
1994 2078 2155 2127 pertinet
2169 2078 2218 2116 ad
2237 2078 2503 2128 substantiam,

1437 2131 1671 2182 singulariter
1683 2131 1936 2182 praedicatur.
1953 2131 2064 2170 Unde
2079 2131 2317 2181 Augustinus
2329 2131 2419 2171 dicit
2436 2132 2505 2172 ibi-

1438 2185 1528 2223 dem
1544 2184 1650 2234 quod
1664 2185 1794 2222 eadem
1815 2185 1978 2222 Trinitas
1992 2185 2178 2234 quaedam
2192 2197 2342 2223 summa
2361 2198 2422 2224 res
2440 2191 2504 2224 est.

1489 2239 1548 2274 AD
1583 2249 1755 2280 QUARTUM
1788 2249 1972 2275 mCENDUM
2005 2238 2112 2286 quod
2140 2238 2264 2276 forma
2297 2238 2506 2288 significata

1435 2303 1506 2342 per
1528 2291 1603 2329 hoc
1622 2302 1767 2328 nomen
1781 2302 1958 2340 persona,
1988 2303 2067 2328 non
2095 2299 2151 2328 est
2178 2292 2339 2329 essentia
2357 2293 2420 2331 vel
2440 2305 2506 2331 na-

1437 2351 1532 2390 tura,
1563 2343 1630 2380 sed
1652 2343 1915 2392 personalitas.
1944 2343 2068 2391 Unde,
2099 2356 2187 2382 cum
2216 2345 2290 2382 sint
2317 2353 2392 2383 tres
2418 2358 2506 2395 per-

1438 2396 1673 2443 sonalitates,
1703 2396 1799 2434 idest
1826 2404 1903 2434 tres
1928 2398 2149 2446 personales
2176 2398 2438 2448 proprietateS,
2466 2399 2507 2438 in

1437 2450 1550 2487 Patre
1580 2457 1615 2486 et
1644 2449 1738 2486 Filio
1757 2457 1795 2487 et
1814 2449 1955 2499 Spiritu
1975 2451 2128 2498 Sancto,
2150 2463 2230 2488 non
2258 2451 2504 2502 singulariter,

1438 2503 1506 2540 sed
1533 2502 1726 2552 pluraliter
1752 2503 1991 2552 praedicatur
2020 2503 2067 2541 de
2095 2504 2225 2542 tribus.

1489 2617 1516 2677 ἔ)
1535 2617 1647 2650 aliquid.
1663 2631 1682 2636 -
1701 2618 1762 2643 Om.
1776 2617 1898 2644 ABCDE.

1504 2653 1514 2686 )
1534 2653 1574 2678 νει
1587 2653 1743 2686 pluralitas.
1760 2667 1780 2672 -
1797 2653 1859 2678 Om.
1878 2653 1932 2678 BD.

1489 2689 1512 2722 ε)
1530 2688 1686 2721 suscipiunt.
1703 2702 1722 2708 -
1740 2688 1873 2721 recipiunt
1891 2689 2002 2714 codices.
2015 2703 2035 2708 -
2049 2689 2100 2714 Pro
2115 2689 2244 2715 unitatem
2258 2692 2285 2716 et
2298 2689 2505 2722 multitudinem,

315 2725 342 2747 et
360 2729 411 2747 non
432 2723 577 2755 pluraliter
596 2723 633 2755 (et
651 2731 703 2748 non
725 2723 873 2756 pluraliter
890 2731 944 2749 om.
958 2723 1003 2756 B),
1022 2730 1090 2756 quae
1109 2731 1172 2749 vero
1190 2723 1334 2754 adtecttve,
1354 2723 1381 2748 in
1436 2723 1566 2749 unitatem
1585 2724 1627 2749 vel
1644 2724 1842 2750 multitudinem
1860 2724 2040 2750 ABCEFGab.

310 2757 414 2789 plurali
432 2759 491 2788 ΑΒ;
510 2765 578 2791 quae
602 2759 765 2784 substantive
787 2759 927 2784 essentiam
950 2759 1104 2792 significant
1128 2759 1190 2791 (non
1211 2759 1308 2784 addunt
1326 2758 1382 2791 DF)

311 2793 507 2824 praedicantur
526 2794 559 2819 de
577 2794 662 2819 tribus
681 2794 805 2820 Personis
824 2794 850 2819 in
866 2794 971 2827 plurali
987 2795 1132 2831 (singulari
1150 2798 1255 2820 tantum
1274 2795 1309 2826 E,
1329 2795 1383 2820 sin-

313 2828 405 2860 gulari
423 2829 468 2862 sC)
488 2829 610 2854 CDEFG.

1488 2759 1514 2792 ζ)
1535 2759 1576 2784 Ea
1595 2766 1658 2785 uero
1676 2767 1751 2792 quae.
1769 2773 1787 2779 -
1808 2760 1883 2790 Quae
1901 2767 1964 2785 vero
1982 2760 2104 2786 ABCDE.

1489 2796 1515 2829 η)
1534 2798 1685 2820 sumantur.
1702 2809 1721 2815 -
1739 2795 1802 2821 Om.
1815 2795 1955 2822 ACDEFa.

995 2917 1327 2954 Commontafia
1349 2917 1599 2952 cardinalis
1621 2917 1822 2953 Caietam

317 3023 364 3086 IN
387 3013 480 3044 titulo
504 3020 649 3046 notanter
676 3013 804 3051 dicitur,
831 3020 865 3047 ut
886 3016 946 3048 hoc
970 3025 1083 3047 nomen
1110 3016 1219 3055 Deus,
1244 3017 1283 3047 ad
1306 3016 1383 3049 insi-

345 3058 511 3089 nuandum
540 3059 630 3100 quod
653 3068 799 3099 praesens
823 3059 966 3100 quaestio
991 3067 1038 3091 est
1066 3060 1105 3091 de
1127 3060 1312 3092 nominibus
1335 3070 1381 3091 es-

315 3102 496 3133 sentialibus
520 3103 552 3133 in
578 3108 734 3141 concreto,
760 3103 824 3134 sive
841 3104 992 3135 adiectiva
1011 3105 1076 3135 sive
1094 3105 1288 3137 substantiva
1307 3105 1379 3137 sint.

304 3146 317 3151 ⁶
374 3146 409 3176 In
425 3156 557 3187 corpore
573 3147 639 3177 duo
660 3146 748 3178 facit:
770 3147 884 3188 primo,
909 3148 1073 3189 distinguit
1091 3149 1270 3180 subiectum
1285 3159 1380 3190 quae-

314 3190 434 3227 stionis,
458 3201 652 3232 proponenS,
676 3191 762 3223 iuxta
786 3191 996 3224 distinctionis
1019 3194 1176 3229 membra.
1202 3194 1280 3226 duas
1304 3203 1382 3224 con-

315 3234 472 3265 clusiones
487 3235 684 3276 responsivas
699 3236 858 3277 quaesito;
878 3237 1029 3274 secundo,
1046 3238 1160 3279 probat
1176 3247 1227 3270 eas
1243 3237 1339 3269 simul
1351 3237 1379 3268 *.

372 3278 409 3309 11.
435 3279 555 3316 Quoad·
563 3280 720 3320 primum,
746 3279 905 3311 distinctio
924 3288 980 3312 est.
1004 3282 1182 3313 Nominum
1199 3281 1380 3313 divinorum

315 3322 529 3355 essentialium
551 3324 709 3365 quaedam
732 3331 807 3355 sunt
828 3325 1038 3364 substantiva,
1064 3333 1094 3358 et
1116 3327 1275 3368 quaedam
1293 3326 1379 3358 adie—

315 3367 408 3398 ctiva.
424 3384 445 3389 —
459 3367 567 3399 Prima
591 3368 754 3402 conclusio
779 3375 841 3401 est:
870 3369 1070 3402 substantiva
1099 3371 1318 3411 praedicantur
1340 3370 1386 3403 da

315 3410 414 3442 tribus
432 3411 590 3452 ‚Personis
613 3412 811 3454 singulariter
838 3420 980 3451 tantum,
1007 3414 1050 3445 ita
1072 3416 1162 3458 quod
1185 3425 1252 3446 non
1274 3414 1379 3458 plura-

314 3453 391 3485 liter.
410 3472 428 3477 -
445 3455 589 3486 Secunda
612 3463 673 3487 est:
698 3457 862 3488 Adiectiva
884 3457 1103 3498 praedicantur
1125 3460 1164 3491 de
1187 3459 1287 3493 tribus
1307 3459 1378 3491 Per-

315 3498 401 3528 sonis
424 3498 457 3528 in
480 3509 614 3530 numero
638 3501 762 3540 plurali.

373 3542 425 3573 111.
450 3542 567 3580 Quoad
589 3545 780 3583 secundum,
804 3546 958 3586 probatur
981 3553 1115 3588 utraque
1138 3547 1303 3578 conclusio
1325 3547 1379 3578 tali

316 3585 442 3617 ordine:
467 3587 581 3627 primo,
605 3589 736 3629 ponitur
758 3589 860 3620 maior
882 3590 916 3621 in
939 3591 1120 3628 communi;
1145 3592 1300 3629 secunde,
1325 3601 1379 3622 an-

1435 3023 1570 3058 tequam
1581 3012 1908 3057 subsumsrsgminor
1923 3017 1957 3049 in
1973 3017 2101 3054 divinis„
2110 3016 2295 3058 explanatur
2309 3016 2343 3048 in
2355 3017 2503 3049 creaturis

1434 3060 1503 3101 ipsa
1526 3060 1641 3098 maior,
1666 3060 1728 3092 ibi:
1753 3060 1977 3093 In‘weaturis
2000 3067 2107 3093 autem
2122 3061 2153 3098 *;
2178 3061 2280 3098 tertio,
2305 3061 2503 3094 subsumitur

1434 3105 1558 3142 minor,
1592 3111 1624 3137 et
1650 3105 1783 3136 infertur
1805 3112 1939 3147 utraque
1969 3105 2153 3142 conclusio,
2185 3106 2383 3147 explanando
2407 3105 2502 3138 etiam

1433 3148 1597 3180 Athanasii
1621 3150 1715 3180 verba
1729 3149 1756 3180 *.
2015 3167 2021 3173 ·

1493 3194 1545 3225 IV.
1575 3193 1632 3225 Est
1661 3203 1736 3235 ergo
1768 3194 1847 3226 ratio
1877 3204 1915 3226 ex
1943 3193 2116 3226 differentia
2141 3193 2222 3225 inter
2249 3194 2443 3227 substantiva
2470 3201 2502 3227 et

1433 3237 1584 3270 adiectiva
1607 3237 1641 3268 in
1664 3238 1763 3268 modo
1793 3238 1990 3279 significandi
2013 3245 2150 3280 sumpta.
2177 3237 2380 3271 Substaniivn
2405 3238 2500 3281 ᾤ

1432 3281 1528 3313 ficant
1549 3292 1606 3323 per
1628 3282 1765 3313 modum
1788 3283 1989 3319 substantiae,
2013 3282 2164 3314 adiectiva
2186 3292 2262 3314 vero
2286 3292 2344 3324 per
2363 3283 2501 3316 modum

1432 3326 1617 3358 accidentis:
1647 3335 1722 3367 ergo
1751 3326 1950 3368 singularitas
1975 3326 2026 3358 vel
2055 3326 2217 3367 pluralitas
2244 3326 2433 3360 substantivi
2454 3333 2500 3361 tt-

1432 3371 1571 3403 tenditur
1597 3380 1695 3411 penes
1723 3370 1862 3404 formam
1889 3370 2109 3412 significatam,
2138 3371 2283 3403 adiectivi
2313 3377 2423 3405 autem
2443 3380 2507 3412 pem

1433 3424 1488 3446 nes
1512 3415 1725 3456 suppositum.
1749 3433 1771 3440 -
1793 3416 1834 3448 Et
1857 3422 1946 3449 tenet
1964 3415 2108 3457 sequela,
2136 3416 2246 3458 quoad
2268 3415 2409 3457 primam
2428 3425 2506 3457 par--

1433 3465 1510 3495 tem,
1535 3459 1690 3501 quoniam
1714 3459 1901 3497 substantia,
1926 3459 2007 3492 sicut
2029 3470 2096 3491 esse
2119 3460 2214 3493 habet
2237 3470 2277 3492 ex
2298 3470 2340 3498 se.
2363 3460 2408 3492 ita
2429 3458 2499 3492 tmi-

1433 3509 1530 3534 tatem
1553 3510 1584 3534 et
1603 3503 1831 3545 pluralitatem..
1848 3503 2003 3535 Accidens
2026 3514 2111 3541 vero,
2136 3504 2218 3536 sicut
2233 3514 2299 3535 esse
2318 3514 2385 3535 non
2405 3503 2501 3535 habet

1433 3546 1493 3577 nisi
1522 3547 1555 3577 in
1587 3547 1744 3584 subiecto,
1773 3547 1817 3579 ita
1846 3547 2000 3579 unitatem
2030 3555 2062 3580 et
2091 3548 2330 3580 multitudinem
2360 3557 2397 3579 ex
2426 3547 2498 3588 ipso

1433 3598 1572 3632 suscipit.

2537 334 2546 343 '¹
2555 332 2603 361 Qu.
2615 338 2649 360 nr,
2664 336 2706 355 art.
2720 339 2751 362 7;

2535 365 2576 388 qu.
2589 365 2622 387 xi,
2638 363 2679 382 art.
2694 366 2718 387 4.

2630 1127 2647 1151 η

2531 1178 2543 1190 ·
2560 1178 2587 1200 in
2601 1178 2726 1207 symbolo.

2529 3069 2540 3080 ·
2551 3068 2588 3092 Cf.
2602 3074 2668 3092 num.
2682 3075 2716 3092 ix.

2528 3157 2538 3168 ·
2554 3155 2591 3180 Cf.
2606 3161 2674 3180 num.
2686 3162 2710 3179 ι.
