2768 4178
95 590 103 599 ¹
111 588 168 616 Cap.
177 594 230 614 xxn,
241 594 308 610 xxm.

98 1187 173 1235 athu
189 1194 224 1216 sq.
240 1190 281 1208 art
293 1192 309 1213 ι,

102 1679 110 1687 ·
125 1678 177 1699 Art.
191 1683 223 1698 vi.

188 3212 301 3233 .‚v1n.2.

110 3234 137 3256 S.
145 3233 191 3255 Τ.
202 3223 253 3255 lect.
264 3239 295 3254 νι.

331 265 383 310 64

333 397 459 433 solum
488 395 673 443 modurn,
704 394 873 444 speciem
905 402 940 431 et
974 394 1150 431 ordinem
1185 407 1282 443 quae
1318 407 1406 431 con-

334 456 546 498 sequuntur
575 461 657 486 esse
685 449 804 486 visus.

387 505 446 539 AD
477 514 649 545 QUARTUM
678 514 863 539 DICENDUM
893 501 1011 550 quod,
1038 501 1133 538 sicut
1162 501 1250 537 dicit
1279 502 1407 548 Augu—

335 556 454 593 stinus
473 555 512 593 in
531 555 627 592 libro
648 562 659 575 ‘'
683 556 728 593 de
746 556 902 592 Natura
926 555 1028 591 Boni
1045 554 1076 602 ²⁸,
1107 554 1229 591 omnis
1258 554 1404 600 modus,

336 610 557 658 inquantum
586 609 731 655 modus,
761 610 880 646 bonus
909 614 962 645 est
990 611 1046 655 (et
1074 608 1126 644 sie
1146 604 1159 630 t
1176 614 1303 656 potest
1336 607 1406 644 dici

336 662 384 700 de
413 662 540 711 specie
560 669 596 699 et
615 663 791 709 ordine):
819 663 886 699 sed
912 662 1035 699 malus
1059 661 1204 706 modus,
1226 661 1287 697 vel
1305 661 1407 697 mala

333 717 493 764 species,
522 716 582 753 vel
609 715 733 753 malus
765 716 877 762 ordo,
906 721 974 752 aut
1000 715 1081 751 ideo
1111 715 1287 751 dicuntur
1319 715 1407 763 quia

336 770 486 806 minora
513 774 600 806 sunt
625 781 740 818 quam
769 781 848 806 esse
876 770 1104 812 debuerunt,·
1132 773 1199 805 aut
1223 768 1311 816 quia
1332 780 1406 804 non

390 913 413 945 ν)
434 913 460 937 ίη
480 913 557 938 libro.
569 926 588 931 —
606 913 674 937 libro
692 913 723 943 A,
742 920 796 936 om.
817 911 914 936 BCDE.

391 947 414 981 ξ)
434 949 479 973 sic.
498 962 516 967 -
535 948 596 973 Om.
616 948 645 979 C,
664 948 788 973 similiter
808 948 894 972 ceteri.

1056 261 1324 309 QUAESTIO
1353 262 1400 309 v,
1431 261 1727 299 ARTICULUS
1757 262 1807 299 vi

273 379 275 381 ,
332 342 425 379 tollit
454 354 613 379 omnem
643 341 819 388 modum,
850 341 1019 390 speciem
1050 348 1085 377 et
1114 341 1308 387 ordinem;
1339 341 1406 377 sed

1461 341 1518 377 his
1547 342 1657 378 rebus
1686 342 2034 388 accommodantur,
2056 341 2189 390 quibus
2206 342 2532 380 accommodanda

1460 400 1568 439 sunt;
1597 400 1638 430 ut
1664 395 1746 431 ideo
1775 395 1950 432 dicantur
1974 401 1985 415 ⁰
2015 395 2136 441 mala,
2173 395 2262 443 quia
2294 401 2383 432 sunt
2407 395 2532 433 aliena

1461 453 1497 484 et
1524 448 1750 498 incongrua.

1515 503 1574 538 AD
1604 513 1767 543 QU1NTUM
1796 514 1981 539 DICENDUM
2001 501 2107 550 quod
2127 509 2262 538 natura
2281 501 2374 538 lucis
2399 502 2534 539 dicitur

1462 566 1544 591 esse
1575 554 1656 591 sine
1693 567 1856 592 numero
1887 563 1923 592 et
1950 555 2123 604 pondere
2154 562 2191 592 et
2218 553 2419 603 mensura}
2454 568 2534 592 non

1462 608 1690 657 simpliciter,
1721 609 1789 646 sed
1817 621 1886 657 per
1916 609 2247 658 comparationem
2276 608 2326 646 ad
2355 621 2534 658 corpora-

1462 661 1530 698 lia:
1561 661 1651 709 quia
1678 662 1798 699 virtus
1827 662 1920 699 lucis
1949 663 1998 700 ad
2027 662 2158 700 omnia
2180 662 2392 712 corporalia
2412 675 2452 699 se
2473 675 2534 699 ex—

1462 714 1593 762 tendit,
1623 715 1851 764 inquantum
1881 723 1938 753 est
1965 716 2125 766 qualitas
2154 716 2277 753 activa
2306 716 2420 765 primi
2454 728 2535 753 cor-

1462 768 1568 817 poris
1596 769 1800 816 alterantis‚
1830 769 1970 806 scilicet
1999 770 2104 807 caeli.

1515 910 1541 942 ο)
1562 914 1590 935 ut
1610 910 1670 935 ideo
1689 910 1824 935 dicantur.
1842 925 1861 930 —
1880 912 1920 936 vel
1940 909 1978 944 (et
1997 911 2046 946 sA)
2067 911 2126 937 ideo
2145 911 2272 937 dicantur
2290 912 2348 942 Ac,
2369 915 2398 937 ut
2417 912 2477 938 ideo
2495 912 2536 938 di-

1460 949 1560 970 cuntur
1577 945 1613 977 E,
1633 946 1675 970 vel
1693 945 1753 971 ideo
1773 946 1900 972 dicuntur
1918 947 1964 972 Pb.

1021 1047 1355 1081 Commentariis.
1379 1047 1630 1080 Cardinaus
1653 1046 1854 1080 Caietam

368 1148 388 1168 N
412 1138 515 1174 titulo,
545 1144 621 1168 nota
644 1136 808 1168 terminos.
838 1137 934 1167 Ratio
958 1136 1050 1166 boni.-
1079 1146 1145 1167 non
1175 1135 1408 1172 universaliter,

341 1150 424 1213 Ised
447 1183 583 1219 causati,
608 1188 644 1212 ut
659 1188 746 1222 patet
761 1181 794 1211 in
814 1181 947 1211 articulo
972 1181 1156 1222 sequenti*;
1182 1181 1214 1211 in
1231 1181 1301 1211 Deo
1321 1180 1406 1211 enim

337 1237 404 1258 non
427 1227 543 1257 habent
566 1226 643 1257 haec
666 1226 786 1257 locum.
818 1226 860 1256 Et
882 1235 990 1256 rursus
1015 1226 1099 1256 ratio
1122 1226 1212 1263 boni,
1239 1235 1305 1256 non
1329 1235 1409 1266 quo-

337 1271 524 1307 modolibet,
539 1271 594 1301 sed
611 1271 687 1301 boni
703 1277 740 1301 ut
754 1271 848 1311 quod.
866 1288 885 1292 -
901 1270 1032 1307 Modus,
1052 1271 1172 1311 species
1188 1277 1219 1301 et
1234 1270 1323 1301 ordo.
1341 1270 1410 1300 Tri-

338 1315 449 1347 fariam
475 1315 633 1346 invenitur
656 1325 680 1345 s.
696 1314 861 1346 Thornam
884 1325 979 1345 usum
997 1314 1093 1345 fuisse
1109 1315 1158 1345 his
1172 1314 1324 1346 terminis.
1349 1314 1410 1345 Hic

338 1361 506 1402 siquidem,
522 1360 556 1390 in
580 1369 723 1400 corpore,
744 1369 800 1400 per
818 1359 946 1390 modum
966 1359 1101 1390 intendit
1124 1359 1411 1390 commensuratio-

338 1415 413 1436 nem
436 1404 668 1446 principiorum
687 1403 902 1440 efficientium,
928 1414 984 1435 seu
1009 1404 1237 1440 materialium;
1262 1414 1318 1444 per
1340 1414 1410 1444 spe-

338 1451 429 1487 ciem,
455 1449 607 1485 formam;
632 1459 688 1490 per
711 1449 867 1487 ordinem,
892 1449 1132 1480 inclinationem
1157 1449 1196 1479 ad
1220 1448 1350 1490 aliquid.
1376 1449 1410 1478 In

339 1495 366 1525 1·
379 1504 455 1525 vero
472 1494 536 1530 11³⁶,
563 1503 617 1536 qu.
634 1503 743 1530 Lxxxv,
762 1501 817 1524 art.
835 1503 866 1532 4,
887 1503 943 1534 per
959 1495 1094 1534 speciem
1119 1493 1254 1524 intendit
1271 1493 1409 1524 formam

339 1539 499 1574 absolute;
525 1548 581 1578 per
608 1537 759 1576 modum,
783 1548 967 1569 mensuram
997 1538 1098 1578 ipsius
1127 1538 1248 1568 formae
1273 1537 1412 1580 (species

339 1583 426 1614 enim
449 1593 555 1614 rerum
578 1590 653 1614 sunt
680 1589 879 1613 mensuratae
903 1583 985 1613 sicut
1008 1582 1166 1624 numeri);
1191 1593 1247 1623 per
1265 1583 1410 1613 ordinem

339 1638 426 1664 vero,
443 1634 623 1668 respectum
639 1627 678 1658 ad
697 1627 794 1658 aliud.
820 1628 855 1658 In
872 1627 1059 1668 quaestione
1074 1635 1183 1658 autem
1198 1627 1238 1658 de
1261 1627 1409 1664 Veritate,

340 1682 393 1713 qu.
410 1682 462 1703 xx1
476 1669 491 1686 ³⁸
503 1696 510 1709 ,
535 1671 669 1703 intendit
685 1681 741 1711 per
761 1673 896 1712 speciem
913 1671 1065 1708 formam;
1090 1682 1146 1713 per
1163 1672 1302 1709 modum,
1327 1681 1411 1702 com-

340 1716 611 1747 mensurationem
635 1716 734 1757 ipsius
759 1726 826 1746 esse
850 1717 889 1747 ad
914 1717 1082 1748 essentiam
1113 1716 1202 1747 cuius
1232 1724 1294 1753 est;
1326 1716 1411 1747 ordi-

341 1771 412 1792 nem
437 1771 528 1798 vero,
553 1771 649 1801 penes
673 1768 852 1801 respectum
881 1761 1042 1801 perfectivi
1066 1760 1209 1798 finaliter,
1234 1762 1266 1792 in
1291 1761 1412 1792 ratione

341 1805 418 1837 boni
448 1806 602 1837 clausum.
627 1823 648 1828 -
675 1805 766 1842 Quae
795 1813 856 1836 tres
885 1805 1113 1846 expositiones,
1144 1806 1292 1847 quamvis
1322 1805 1413 1836 valde

342 1850 464 1881 differre
487 1850 653 1881 videantur
676 1850 784 1890 quoad
809 1860 912 1881 unum
935 1850 1124 1888 terminum,
1151 1851 1268 1882 scilicet
1291 1851 1324 1892 ly
1348 1860 1412 1881 mo-

342 1895 404 1926 dus
413 1905 427 1933 ;
453 1894 479 1925 si
507 1901 614 1925 tamen
643 1894 788 1925 subtilius
817 1902 1066 1935 perscrutemur,
1090 1895 1123 1926 in
1152 1905 1256 1926 unum
1284 1902 1411 1926 coeunt.

344 1939 625 1970 Commensuratio
642 1949 782 1980 namque
802 1939 1044 1980 principiorum,
1062 1950 1211 1970 mensura
1230 1939 1362 1976 formae,
1384 1946 1414 1970 et

344 1983 612 2015 commensuratio
637 1993 703 2014 esse
726 1984 766 2013 ad
790 1984 968 2020 essentiam,
994 1991 1111 2015 mutuo
1135 1994 1168 2015 se
1191 1983 1342 2015 inferunt.
1366 1984 1413 2015 Ex

343 2028 397 2058 tali
414 2028 499 2058 enim
515 2027 745 2068 principiorum
769 2028 946 2065 harmonia,
963 2035 1067 2060 tantae
1092 2028 1294 2069 perfectionis
1311 2029 1414 2059 forma

344 2079 406 2109 est;
431 2079 461 2103 et
484 2082 520 2103 ex
543 2079 629 2103 tanta
658 2072 762 2103 forma
789 2079 914 2104 tantum
943 2083 1030 2110 esse,
1061 2073 1239 2104 secundum
1267 2074 1414 2105 ordinem

343 2117 565 2158 generationis.
594 2117 779 2148 Secundum
809 2127 884 2148 vero
913 2117 1116 2158 perfectionis
1146 2128 1202 2149 seu
1230 2117 1302 2149 finis
1331 2118 1414 2149 ordi-

345 2171 436 2197 nem,
461 2161 486 2191 si
515 2167 619 2192 tantae
649 2161 851 2202 perfectionis
880 2172 946 2193 esse
976 2170 1022 2193 est
1050 2163 1313 2203 producendum,
1339 2173 1414 2203 ergo

344 2213 448 2237 tantae
469 2205 670 2246 perfectionis
694 2205 832 2236 formam
860 2217 895 2237 ac
920 2207 1088 2238 essentiam
1112 2213 1239 2247 oportet
1256 2207 1413 2248 supponi:

345 2257 376 2281 et
392 2250 417 2280 si
441 2250 531 2286 hanc,
558 2259 633 2290 ergo
657 2250 753 2280 talem
770 2251 1028 2291 praecedentium
1051 2251 1283 2292 principiorum
1307 2251 1415 2292 dispo-

345 2294 503 2326 sitionem.

400 2339 570 2370 Rationem
594 2338 670 2369 boni
695 2339 865 2370 consistere
889 2339 923 2370 in
947 2339 1066 2375 modo,
1092 2340 1196 2380 specie
1228 2347 1259 2371 et
1290 2340 1416 2376 ordine,

344 2383 510 2424 dupliciter
533 2390 638 2424 potest
656 2383 797 2424 intelligi.
815 2384 889 2414 Uno
914 2384 1024 2420 modo,
1042 2391 1077 2414 ut
1100 2384 1133 2414 in
1154 2384 1295 2425 partibus
1312 2394 1415 2416 essen-

344 2428 490 2466 tialibus;
507 2427 589 2458 sicut
604 2428 683 2459 ratio
700 2428 840 2458 hominis
858 2428 1002 2459 consistit
1019 2428 1052 2459 in
1067 2428 1195 2459 animali
1213 2436 1243 2459 et
1259 2429 1414 2460 rationali.

342 2472 416 2503 Alio
441 2472 551 2508 modo,
572 2479 608 2503 ut
630 2472 663 2503 in
686 2472 828 2513 partibus
852 2472 1076 2514 integralibus,
1102 2483 1168 2503 non
1191 2473 1340 2510 rationis,
1361 2474 1416 2504 sed

343 2516 490 2557 propriae
510 2516 577 2547 eius
594 2517 756 2553 materiae;
778 2517 859 2548 sicut
883 2517 962 2548 ratio
979 2517 1119 2548 hominis
1140 2517 1283 2548 consistit
1298 2518 1330 2548 in
1351 2528 1415 2548 car-

344 2561 447 2596 nibus,
466 2561 590 2592 ossibus
618 2568 648 2592 et
671 2561 784 2592 nervis.
802 2562 842 2592 Et
866 2561 928 2592 hoc
952 2561 1052 2592 modo
1071 2561 1214 2602 intelligo
1238 2562 1271 2592 in
1294 2572 1415 2602 propo-

344 2605 405 2636 sito
430 2605 585 2636 rationem
609 2605 685 2636 boni
710 2605 879 2637 consistere
903 2606 936 2636 in
960 2606 1070 2642 modo,
1094 2606 1198 2647 specie
1215 2613 1245 2637 et
1261 2606 1383 2637 ordine.
1397 2624 1416 2629 -

1462 1136 1519 1167 Est
1542 1146 1617 1176 ergo
1637 1146 1748 1166 sensus
1765 1135 1861 1167 tituli:
1887 1139 1938 1167 An
1958 1136 2037 1167 ratio
2054 1137 2131 1167 boni
2151 1144 2187 1171 ut
2204 1138 2299 1179 quod,
2317 1139 2445 1175 causati,
2462 1149 2537 1170 con-

1463 1180 1550 1211 sistat
1573 1181 1606 1211 in
1622 1180 1735 1217 forma,
1751 1180 2019 1217 antecedentibus,
2037 1188 2068 1212 et
2088 1183 2366 1223 consequentibus,
2384 1190 2538 1224 tanquam

1463 1225 1495 1255 in
1519 1225 1662 1266 partibus
1686 1235 1761 1256 suae
1785 1225 1932 1266 propriae
1956 1226 2115 1257 materiae.

1517 1270 1554 1300 11.
1580 1270 1615 1300 ln
1640 1280 1773 1310 corpore
1798 1280 1863 1300 una
1886 1271 2062 1307 conclusio,
2087 1271 2272 1311 responsiva
2288 1272 2432 1313 quaesito
2456 1272 2537 1303 affir-

1464 1315 1598 1345 mative:
1626 1315 1719 1346 Ratio
1743 1315 1820 1345 boni
1845 1315 1987 1346 consistit
2010 1315 2043 1345 in
2068 1316 2178 1352 modo,
2199 1316 2303 1357 specie
2326 1323 2357 1348 et
2380 1316 2502 1348 ordine.
2518 1334 2540 1340 -

1463 1359 1627 1390 Probatur.
1654 1360 1921 1400 Unumquodque
1945 1367 1991 1391 est
2014 1360 2047 1390 id
2071 1361 2161 1401 quod
2185 1368 2249 1398 est,
2274 1371 2331 1402 per
2358 1370 2452 1392 suam
2475 1360 2538 1392 for-

1465 1414 1570 1440 mam,
1606 1404 1783 1444 exigentem
1814 1405 1973 1445 quaedam
2005 1405 2221 1436 antecedentia
2247 1412 2277 1436 et
2301 1405 2539 1447 consequentia.

1463 1449 1559 1488 Ergo,
1586 1448 1636 1479 cui
1656 1448 1735 1479 nihil
1751 1449 1839 1479 deest
1862 1449 2040 1480 secundum
2063 1450 2201 1480 modum
2225 1460 2300 1481 suae
2324 1457 2464 1486 naturae,
2484 1450 2540 1480 ha-

1465 1494 1517 1524 bet
1540 1493 1696 1534 speciem,
1724 1493 1861 1524 modum
1885 1500 1915 1524 et
1938 1494 2095 1525 ordinem.
2124 1494 2210 1535 Ergo
2245 1494 2422 1535 perfectum
2444 1494 2540 1526 habet

1465 1538 1550 1568 haec.
1569 1538 1654 1578 Ergo
1669 1539 1794 1569 bonum
1811 1537 1906 1578 exigit
1929 1538 2015 1569 haec.
2033 1556 2053 1561 ·—
2069 1539 2278 1576 Antecedens,
2295 1540 2405 1580 quoad
2421 1545 2540 1571 utram-

1465 1593 1528 1623 que
1551 1589 1683 1623 partem,
1701 1589 1797 1623 patet.
1814 1582 1920 1613 Prima
1942 1593 2018 1613 vero
2043 1583 2270 1624 consequentia
2293 1590 2380 1623 patet
2403 1594 2441 1615 ex
2463 1584 2542 1625 quid

1466 1629 1605 1658 nominis
1624 1627 1753 1668 speciei,
1782 1627 1871 1658 modi
1897 1634 1927 1658 et
1950 1627 2082 1659 ordinis.
2110 1627 2256 1659 Secunda
2277 1638 2353 1659 vero
2377 1635 2462 1660 tenet
2484 1638 2541 1669 per

1465 1672 1575 1702 locum
1598 1681 1618 1702 a
1642 1672 1824 1710 definitione
1847 1672 1891 1702 ad
1912 1671 2090 1713 definitum.
2107 1672 2215 1703 Tertia
2238 1679 2346 1704 autern
2370 1673 2539 1713 probatur:

1466 1717 1541 1757 quia
1564 1716 1716 1757 perfectio
1742 1723 1788 1747 est
1811 1716 1890 1747 ratio
1914 1716 2103 1757 appetibilis.

1521 1761 1573 1792 111.
1591 1760 1682 1792 Circa
1698 1761 1779 1791 hanc
1795 1758 2037 1792 conclusionem
2050 1761 2187 1792 occurrit
2203 1761 2354 1792 dubium:
2372 1762 2542 1803 quomodo

1466 1812 1572 1846 potest
1595 1805 1707 1836 salvari
1731 1806 1848 1836 modus
1872 1805 1904 1835 in
1929 1805 2016 1835 bono
2041 1805 2238 1836 substantiali
2262 1806 2462 1857 angelorum,
2490 1816 2542 1837 ex-

1467 1851 1619 1891 ponendo
1650 1850 1799 1887 modum,
1824 1850 1904 1880 idest
1931 1850 2278 1882 commensurationem
2311 1850 2543 1891 principiorum

1467 1894 1681 1930 efficientium,
1699 1904 1755 1924 seu
1780 1894 2002 1930 materialium,
2024 1901 2060 1925 ut
2078 1894 2130 1925 hic
2149 1894 2278 1932 dicitur;
2303 1905 2379 1926 cum
2399 1895 2432 1926 in
2447 1905 2542 1936 ange-

1467 1939 1504 1969 lis
1521 1949 1587 1969 non
1607 1939 1670 1969 sint
1685 1938 1839 1989 principia
1846 1931 2036 1974 materialia,
2058 1945 2088 1970 et
2105 1938 2242 1970 efficiens
2259 1949 2372 1971 eorum
2396 1939 2435 1971 sit
2454 1939 2543 1971 solus

1468 1984 1565 2020 Deus,
1586 1983 1676 2014 cuius
1700 1982 1782 2014 actio
1808 1989 1854 2014 est
1877 1993 1934 2014 sua
1958 1983 2143 2014 substantia.

1522 2028 1572 2059 Ad
1601 2028 1663 2059 hoc
1696 2027 1830 2058 breviter
1861 2027 1975 2058 dicitur
2003 2027 2109 2069 quod,
2139 2027 2225 2059 iuxta
2253 2027 2487 2068 expositionem
2509 2028 2543 2059 in

1468 2073 1530 2104 hoc
1554 2073 1627 2104 loco
1650 2072 1799 2113 positam,
1820 2072 1957 2103 salvatur
1971 2072 2089 2103 modus
2109 2072 2186 2103 boni
2209 2072 2341 2114 angelici
2365 2073 2544 2104 secundum

1469 2117 1698 2153 substantiam,
1724 2117 1833 2158 quoad
1862 2116 2056 2157 principium
2079 2116 2232 2154 efficiens,
2263 2117 2317 2149 sic.
2345 2117 2434 2149 Deus
2456 2117 2544 2150 enim

1468 2172 1564 2212 agens
1588 2168 1692 2202 potest
1716 2161 1884 2201 dupliciter
1907 2161 2002 2192 sumi.
2029 2161 2103 2192 Uno
2126 2161 2236 2198 modo,
2261 2162 2421 2194 absolute:
2445 2169 2476 2194 et
2499 2162 2544 2194 sic

1469 2214 1535 2238 tam
1551 2206 1618 2246 ipse
1637 2215 1736 2247 quam
1760 2215 1817 2236 sua
1841 2205 1923 2236 actio
1947 2212 1994 2236 est
2018 2215 2114 2246 supra
2139 2215 2270 2237 omnem
2295 2207 2442 2239 modum.
2466 2206 2543 2238 Alio

1470 2251 1581 2287 modo,
1603 2255 1637 2281 ut
1652 2251 1722 2292 agit
1735 2250 1911 2281 secundum
1927 2250 2012 2280 hanc
2031 2250 2082 2281 vel
2097 2250 2186 2281 illam
2204 2250 2325 2281 ideam:
2346 2257 2377 2282 et
2400 2251 2445 2282 sic
2461 2250 2544 2282 actio

1470 2295 1529 2326 Dei
1546 2301 1593 2326 est
1609 2301 1864 2326 commensurata
1879 2294 1922 2325 ita
1937 2293 2021 2330 huic,
2045 2294 2135 2335 quod
2150 2304 2217 2325 non
2237 2294 2305 2331 alii;
2323 2295 2405 2326 sicut
2423 2302 2455 2326 et
2472 2294 2544 2326 idea

1470 2346 1516 2371 est
1530 2340 1573 2371 ita
1592 2338 1720 2380 propria
1735 2338 1806 2369 idea
1822 2338 1927 2374 huius,
1948 2339 2037 2379 quod
2062 2348 2128 2369 non
2145 2338 2283 2370 alterius.
2307 2339 2349 2371 Et
2364 2339 2427 2371 hoc
2442 2340 2544 2371 modo

1470 2384 1551 2416 actio
1576 2383 1763 2424 productiva
1780 2383 1933 2414 Gabrielis
1950 2390 1997 2414 est
2012 2382 2203 2420 modificata,
2221 2390 2252 2414 et
2271 2383 2459 2416 modificans
2475 2394 2545 2415 esse

1471 2436 1501 2460 et
1524 2429 1649 2459 bonum
1676 2427 1880 2459 substantiale
1909 2427 2078 2459 Gabrielis:
2104 2435 2134 2459 et
2158 2428 2220 2459 hoc
2243 2427 2368 2459 sufficit.
2393 2446 2414 2452 —
2436 2428 2546 2460 Potest

1470 2483 1602 2514 quoque
1615 2472 1793 2503 secundum
1805 2471 1964 2503 materiale
1979 2471 2172 2513 principium
2185 2472 2296 2503 salvari
2309 2473 2428 2504 modus
2442 2472 2476 2504 in
2489 2483 2544 2504 an—

1470 2517 1561 2558 gelis:
1575 2516 1731 2559 quoniam
1746 2516 1879 2547 essentia
1891 2523 1938 2547 est
1954 2523 1989 2547 ut
2004 2516 2133 2548 materia
2149 2516 2248 2557 ipsius
2265 2527 2342 2554 esse,
2356 2524 2386 2548 et
2398 2523 2445 2549 est
2457 2527 2544 2548 com-

1471 2568 1652 2593 mensurata
1664 2561 1720 2592 illi.
1740 2561 1801 2592 Sed
1814 2560 1875 2592 hoc
1892 2561 1992 2601 magis
2006 2561 2045 2591 ad
2062 2561 2137 2592 alias
2157 2561 2396 2602 expositiones*
2410 2568 2542 2603 spectat:

1471 2605 1625 2648 quoniam
1645 2605 1758 2636 modus
1781 2605 1831 2636 hic
1851 2605 2007 2636 antecedit
2017 2605 2179 2646 formam,
2197 2613 2233 2637 ut
2256 2613 2343 2647 patet
2356 2605 2390 2637 in
2405 2605 2515 2638 littera.

1168 2768 1487 2811 ARTICULUS
1517 2767 1727 2810 SEXTUS

490 2861 645 2892 UTRUM
670 2860 1012 2893 CONVENIENTER
1035 2861 1278 2893 D1vinATUR
1300 2861 1455 2892 BONUM
1478 2861 1561 2892 PER
1584 2860 1837 2897 HONESTUM,
1862 2861 1992 2892 υτιιε
2016 2862 2074 2892 ET
2098 2861 2400 2893 DELECTABILE

865 2950 897 2974 11·
918 2950 969 2980 11··,
990 2958 1034 2983 qu.
1054 2958 1129 2982 cxcv,
1151 2955 1197 2975 art.
1219 2950 1245 2980 35
1266 2950 1285 2975 [Ι
1306 2950 1389 2979 Sent„
1410 2950 1469 2976 diat.
1488 2957 1537 2980 xxi,
1558 2957 1602 2982 qu.
1622 2957 1639 2980 1,
1659 2955 1705 2974 art.
1727 2948 1756 2980 3;
1776 2950 1784 2974 l
1806 2949 1902 2979 Ethic„
1924 2951 1982 2975 lect.
2002 2959 2026 2976 v.

466 3066 531 3101 “iffi
562 3051 584 3076 D
612 3050 753 3076 sexrum
782 3050 835 3076 sm
865 3050 1103 3076 PROCEDrrUR.
1134 3039 1294 3077 Videtur
1312 3039 1417 3088 quod

477 3083 530 3154 ’ᾆῇ
563 3104 641 3129 non
671 3092 944 3129 convenienter
964 3092 1154 3130 dividatur
1183 3093 1330 3130 bonum
1350 3103 1420 3141 per

385 3184 413 3194 Ι,
502 3137 550 3191 ’ἦς
562 3146 781 3192 honestum,
815 3145 905 3182 utile
935 3153 971 3182 et
1000 3145 1233 3183 delectabile.
1263 3146 1418 3182 Bonum

357 3193 379 3221 Γ
407 3217 414 3225 κ
517 3191 679 3246 Χεῐιίιῃ,
696 3198 792 3235 sicut
807 3197 895 3236 dicit
910 3198 1221 3247 Philosophusin
1238 3198 1405 3235 lEthic.*

350 3237 530 3288 dividitur
566 3264 636 3301 per
670 3251 807 3289 decem
839 3251 1160 3312 praedicamenta.
1200 3253 1417 3289 Honestum

351 3311 499 3351 autem,
528 3305 618 3342 utile
657 3312 692 3342 et
729 3304 951 3342 delectabile
990 3305 1149 3342 inveniri
1186 3312 1348 3354 possunt
1380 3305 1418 3342 in

349 3369 428 3394 uno
457 3355 781 3406 praedicamento.
813 3358 915 3406 Ergo
945 3370 1023 3395 non
1049 3358 1323 3396 convenienter
1349 3370 1419 3407 per

349 3410 446 3447 haec
475 3410 653 3447 dividitur
681 3411 841 3448 bonum.

407 3474 441 3499 2.
472 3463 710 3511 PRAETEREA,
741 3464 866 3501 omnis
896 3463 1032 3501 divisio
1062 3464 1104 3501 fit
1131 3477 1200 3513 per
1228 3464 1403 3514 opposita

1471 3039 1548 3077 Sed
1577 3039 1672 3075 haec
1701 3038 1770 3075 tria
1798 3051 1876 3075 non
1905 3039 2085 3077 videntur
2109 3051 2190 3076 esse
2224 3038 2421 3088 opposita:
2452 3051 2543 3078 nam

1470 3092 1631 3129 honesta
1650 3099 1738 3129 sunt
1751 3097 1769 3113 ²
1785 3092 2032 3140 delectabilia,
2049 3092 2275 3141 nullumque
2295 3092 2543 3131 inhonestum

1471 3152 1527 3182 est
1554 3145 1644 3182 utile
1674 3145 1800 3193 (quod
1835 3153 1966 3184 tamen
2000 3153 2173 3194 oportet,
2203 3145 2234 3182 si
2264 3145 2401 3184 divisio
2434 3147 2544 3184 fieret

1469 3210 1539 3247 per
1553 3197 1743 3258 opposita,
1759 3205 1800 3235 ut
1816 3206 2105 3248 opponerentur
2118 3199 2326 3236 honestum
2343 3207 2380 3237 et
2394 3199 2484 3237 utile
2498 3198 2543 3248 Ρ),

1471 3259 1512 3288 ut
1540 3251 1654 3288 etiarn
1685 3251 1773 3288 dicit
1792 3252 1982 3300 Tullius,
1974 3264 2013 3290 m
2034 3251 2129 3288 libro
2150 3252 2196 3289 de
2219 3252 2362 3301 Officiis
2385 3252 2416 3290 ⁸¹.
2439 3253 2543 3302 Ergo

1470 3304 1663 3354 praedicta
1692 3304 1827 3342 divisio
1857 3318 1936 3343 non
1965 3313 2020 3342 est
2049 3305 2295 3343 conveniens.

1527 3359 1561 3395 3.
1592 3359 1825 3405 PRAETEREA,
1855 3358 1923 3395 ubi
1950 3370 2072 3395 unum
2101 3366 2259 3408 propter
2287 3359 2462 3406 alterum,
2491 3358 2543 3395 ibi

1471 3423 1592 3448 unum
1627 3418 1774 3448 tantum
1809 3419 1864 3448 est
1897 3416 1923 3448 ⁷.
1959 3411 2036 3449 Sed
2070 3411 2158 3449 utile
2192 3424 2271 3450 non
2305 3419 2360 3450 est
2394 3412 2542 3449 bonum

1407 3493 1415 3500 .
1472 3464 1539 3501 nisi
1568 3471 1724 3513 propter
1752 3464 1972 3502 delectabile
2001 3465 2062 3502 vel
2093 3466 2312 3503 honestum.
2343 3465 2444 3513 Ergo
2464 3476 2543 3502 non

398 3604 425 3636 α)
444 3607 515 3628 sunt.
529 3618 548 3622 —
567 3604 647 3629 etiam
666 3608 728 3630 sunt
747 3605 857 3630 codices.

398 3637 423 3671 β)
434 3639 506 3671 quod
515 3642 629 3665 tamen...
640 3643 666 3664 et
677 3640 842 3673 atila-quia
849 3648 928 3666 omne
938 3641 1076 3666 honestum
1089 3642 1151 3667 utile
1162 3642 1303 3672 B,om.cet.
1312 3646 1337 3666 et
1347 3641 1419 3666 eda.

1528 3605 1555 3638 γ)
1575 3605 1611 3630 ibi
1630 3613 1711 3630 unum
1732 3609 1836 3631 tantum
1857 3609 1904 3631 est.
1923 3620 1941 3626 -
1960 3606 1996 3631 ibi
2015 3614 2096 3631 unum
2116 3610 2220 3632 tantum
2240 3605 2350 3631 codices.

2573 2567 2581 2576 ·
2597 2565 2635 2588 Cf.
2651 2571 2717 2589 num.
2733 2572 2749 2588 ι.

2573 3264 2684 3293 ·1.ib.n,
2695 3269 2768 3293 eapm
