2768 4178
87 365 138 386 ‘In
158 365 224 386 loam
224 364 252 385 zis
270 363 302 385 E—

102 392 197 439 315te
236 394 301 412 tract.

141 424 228 465 ι’,εευρε
231 423 240 438 r
231 423 303 467 ccv).

87 398 173 492 {xlrve
146 471 210 492 illum
217 450 268 491 2dis
257 470 302 491 sci-

89 504 120 525 pu
106 497 167 518 ulum
183 500 226 519 etc.

187 533 203 559 Υ

89 680 98 687 ·
113 677 139 698 In
158 677 246 699 Isaiam
261 683 300 704 111,

86 711 107 732 9'
187 731 200 756 δ

88 784 98 794 '⁴
113 783 182 805 Vers.
198 789 218 811 7.

193 1002 203 1018 ε

87 1372 98 1382 *
114 1371 182 1394 Vers.
199 1378 230 1399 19.

88 1696 96 1703 ·
112 1695 163 1716 Art.
178 1694 282 1722 praeced.

86 2280 93 2287 ·
111 2278 211 2307 Philipp.
226 2284 250 2306 11,
265 2285 287 2307 9.

183 2338 198 2361 η

83 2548 92 2557 ·
107 2547 174 2570 vers.
189 2548 211 2569 6.

85 2709 93 2716 '
110 2707 178 2734 Resp.
193 2708 220 2729 ad
240 2713 287 2734 arg.

86 2740 163 2762 praec.

185 2760 197 2786 Θ

187 2822 193 2837 ι

55 3016 57 3018 ³
88 3027 98 3037 “
113 3027 180 3049 Vers.
195 3033 223 3054 ¹7·

330 275 406 312 256

331 355 459 391 Simon
486 354 642 391 Ioannis
670 354 795 403 diligis
823 354 914 390 me?
932 353 969 390 *ε
1002 370 1020 387 «
1040 355 1126 391 Hoc
1146 355 1228 403 ipso
1249 360 1263 381 ⁷
1292 355 1398 403 signo

332 410 494 445 Ioannes
523 420 545 444 a
566 407 697 444 ceteris
718 407 908 455 discipulis
930 407 1167 454 discernitur;
1197 420 1276 445 non
1296 409 1400 457 quod

332 463 457 499 solum
479 473 581 507 eum,
599 461 665 498 sed
683 461 786 509 quod
802 462 887 509 plus
904 473 993 497 eum
1015 461 1147 497 ceteris
1169 461 1358 509 diligebat.
1380 478 1397 495 »

331 515 421 551 Non
453 527 541 562 ergo
576 526 729 562 semper
757 514 878 562 magis
909 514 1022 562 diligit
1050 514 1219 551 meliora.

383 580 419 614 4.
450 569 684 612 PRAETEREA,
713 567 851 603 melior
875 575 930 604 est
949 567 1132 603 innocens
1160 567 1397 616 poenitente;

331 633 418 657 curn
447 620 678 670 poenitentia
707 620 752 657 sit
777 621 942 657 secunda
977 620 1104 657 tabula
1126 626 1216 668 post
1242 622 1398 668 naufra-

328 675 448 724 gium,
469 682 511 711 ut
532 673 619 711 dicit
648 673 910 722 Hieronymus
929 673 959 710 ’ἦ
992 674 1068 710 Sed
1097 675 1204 710 Deus
1229 674 1314 722 plus
1345 674 1398 710 di-

328 727 405 775 ligit
432 727 692 777 poenitentem
723 739 840 775 quam
875 727 1131 772 innocentem,
1162 726 1251 775 quia
1279 727 1364 775 plus
1385 724 1398 748 ⁰

329 781 375 818 de
397 793 443 818 eo
462 781 617 828 gaudet:
645 780 778 817 dicitur
805 780 906 816 enirn
928 781 1019 816 Luc.
1041 792 1089 816 xv
1104 779 1139 816 *ε
1168 779 1264 816 Dico
1293 780 1398 816 vohis

328 835 430 882 quod
455 834 578 871 maius
604 834 790 883 gaudium
819 833 890 869 erit
907 833 943 869 in
964 833 1068 870 caelo
1087 844 1201 881 super
1221 845 1295 869 uno
1309 845 1397 881 pec-

328 893 455 924 catore
467 887 737 936 poenitentiam
753 892 900 936 agente,
922 898 1035 935 quam
1055 898 1168 934 super
1187 887 1396 935 nonaginta

328 952 462 978 novem
488 941 600 987 iustis,
632 940 698 988 qui
724 952 798 976 non
829 940 998 989 indigent
1024 939 1263 988 poenitentia.
1294 939 1396 987 Ergo

328 994 434 1030 Deus
463 1006 541 1030 non
571 1005 722 1041 semper
750 992 870 1040 magis
900 992 1016 1040 diligit
1045 992 1204 1029 meliora
1229 999 1251 1028 Ξ.

385 1047 416 1084 5.
435 1048 666 1089 ΡΒΑΕΤΕΚΕΑ,
683 1045 818 1082 melior
834 1053 890 1082 est
903 1046 1022 1083 iustus
1041 1045 1260 1094 praescitus,
1277 1057 1395 1094 quam

326 1108 505 1148 peccator
540 1098 854 1147 praedestinatus.
900 1099 977 1136 Sed
1015 1100 1121 1136 Deus
1162 1099 1248 1147 plus
1283 1097 1397 1146 diligit

325 1160 567 1201 peccatorem
598 1151 941 1201 praedestinatum:
973 1152 1060 1200 quia
1092 1152 1174 1189 vult
1208 1151 1242 1188 ei
1272 1151 1395 1188 maius

326 1207 485 1252 bonum,
506 1204 646 1242 scilicet
664 1204 782 1241 vitam
811 1212 1017 1242 aeternam.
1048 1205 1152 1253 Ergo
1182 1206 1287 1243 Deus
1316 1217 1395 1242 non

326 1271 479 1308 semper
507 1258 626 1306 magis
656 1257 772 1306 diligit
801 1258 971 1295 meliora.

380 1313 453 1349 SED
474 1323 631 1358 CONTRA,
647 1311 954 1360 unumquodque
975 1310 1089 1359 diligit
1108 1311 1179 1348 sibi
1199 1311 1334 1357 simile;
1356 1319 1397 1348 ut

323 1373 427 1415 patet
457 1378 526 1414 per
553 1365 643 1402 illud
672 1365 776 1413 quod
809 1365 970 1402 habetur
997 1365 1113 1402 Eccli.
1134 1377 1194 1402 x111
1222 1365 1257 1402 *ε
1284 1377 1396 1402 omne

325 1420 469 1457 animal
500 1419 623 1468 diligit
652 1419 721 1455 sibz
753 1418 884 1455 simile.
925 1419 1002 1456 Sed
1031 1418 1218 1455 intantum
1252 1418 1393 1468 aliquid

326 1480 381 1510 est
408 1471 564 1518 melius,
603 1471 829 1520 inquantum
866 1479 921 1508 est
958 1472 1043 1508 Deo
1082 1471 1252 1510 similius.
1291 1472 1394 1520 Ergo

325 1525 482 1563 meliora
511 1524 630 1573 magis
661 1525 864 1573 diliguntur
891 1538 913 1562 a
942 1526 1040 1563 Deo.

378 1580 603 1616 RESPONDEO
636 1591 820 1616 DICENDUM
852 1578 957 1628 quod
982 1591 1138 1615 necesse
1168 1586 1223 1615 est
1255 1578 1392 1625 dicere,

325 1632 537 1670 secundum
571 1631 784 1680 praedicta,
821 1631 926 1681 quod
963 1633 1070 1668 Deus
1107 1631 1229 1680 magis
1268 1631 1394 1680 diligat

324 1686 493 1723 meliora.
524 1686 678 1723 Dictum
698 1692 753 1722 est
777 1685 879 1722 enirn
899 1684 919 1707 '¹‘
948 1686 1054 1734 quod
1082 1686 1211 1722 Deum
1241 1685 1393 1734 diligere

324 1739 444 1788 magis
473 1738 626 1787 aliquid,
647 1739 736 1775 nihil
757 1738 858 1776 aliud
889 1746 945 1775 est
973 1751 1091 1788 quam
1121 1738 1154 1775 ei
1183 1739 1305 1776 maius
1325 1739 1393 1776 bo-

323 1806 417 1831 nurn
445 1793 564 1830 velle:
594 1793 772 1829 voluntas
792 1792 893 1829 enim
914 1791 987 1829 Dei
1007 1800 1062 1829 est
1081 1804 1196 1829 causa
1216 1791 1393 1830 bonitatis

323 1847 362 1884 in
386 1846 510 1883 rebus.
533 1846 581 1882 Et
601 1846 664 1892 sic,
683 1858 727 1882 ex
748 1846 822 1882 hoc
842 1853 928 1883 sunt
948 1845 1074 1894 aliqua
1094 1845 1265 1893 meliora,
1287 1846 1392 1895 quod

323 1901 429 1937 Deus
459 1899 512 1936 eis
531 1898 653 1936 maius
674 1899 820 1936 bonum
840 1899 933 1936 vult.
963 1899 1074 1937 Unde
1095 1899 1266 1948 sequitur
1286 1899 1391 1949 quod

324 1953 483 1990 meliora
510 1953 596 2001 plus
621 1960 734 1989 amet.

377 2009 435 2043 AD
455 2018 591 2043 pmmun
612 2017 710 2042 ERGO
730 2017 914 2043 chENDUM
935 2006 1041 2054 quod
1070 2007 1176 2043 Deus
1197 2006 1390 2043 Christum

325 2060 456 2108 diligit,
487 2072 566 2096 non
595 2060 720 2096 solum
750 2059 835 2108 plus
869 2071 986 2107 quam
1024 2066 1147 2096 toturn
1176 2060 1392 2097 humanum

324 2126 457 2161 genus,
488 2113 555 2149 sed
585 2112 698 2149 etiam
725 2111 845 2160 magis
874 2125 991 2161 quam
1021 2120 1140 2149 totam
1168 2113 1391 2150 universita-

324 2175 402 2204 tem
433 2174 710 2203 creaturarum:
742 2165 831 2213 quia
860 2165 998 2202 scilicet
1027 2166 1060 2202 ei
1089 2166 1213 2203 maius
1243 2167 1391 2203 bonum

323 2219 455 2266 voluit,
477 2219 565 2267 quia
584 2219 684 2255 dedit
710 2219 745 2254 ei
759 2218 772 2244 ζ
792 2231 940 2264 nomen,
962 2219 1064 2267 quod
1081 2225 1136 2255 est
1149 2231 1263 2268 super
1282 2231 1393 2256 omne

325 2285 461 2310 nomen
481 2272 518 2318 ²³³,
547 2279 588 2308 ut
620 2284 735 2308 verus
765 2272 871 2308 Deus
901 2280 1010 2309 esset.
1042 2272 1127 2308 Nec
1159 2272 1239 2309 eius
1274 2273 1392 2309 excel-

324 2326 459 2363 lentiae
493 2325 650 2374 deperiit
672 2330 686 2347 ⁷¹
715 2337 760 2361 ex
788 2325 863 2361 hoc
892 2325 997 2374 quod
1030 2325 1136 2361 Deus
1171 2325 1276 2362 dedit
1304 2337 1392 2362 eum

324 2379 363 2416 in
392 2386 556 2416 mortem
584 2390 654 2427 pro
685 2378 803 2414 salute
834 2377 993 2414 humani
1022 2378 1190 2426 generis:
1220 2378 1391 2427 quinimo

326 2444 371 2469 ex
399 2433 474 2469 hoc
502 2432 621 2468 factus
660 2438 715 2468 est
745 2430 869 2468 victor
901 2431 1107 2479 gloriosus3
1131 2432 1264 2480 factus
1293 2432 1391 2468 enim

325 2491 379 2523 est
398 2485 635 2534 principatus
671 2495 784 2533 super
820 2485 1020 2522 humerum
1056 2484 1154 2531 eius,
1185 2493 1226 2522 ut
1260 2485 1393 2522 dicitur

325 2538 442 2576 Isaiae
463 2551 498 2575 1x
517 2538 547 2575 ⁵¹².

378 2594 435 2629 AD
465 2603 653 2629 SECUNDUM
692 2602 875 2628 DmENDUM
913 2565 1019 2639 quod
1048 2598 1224 2628 naturam
1257 2592 1392 2628 huma-

325 2657 415 2682 nam
445 2652 682 2693 assumptam
703 2657 724 2680 a
745 2644 817 2681 Dei
839 2644 997 2681 Verbo
990 2657 1027 2681 1n
1048 2645 1219 2681 Persona
1241 2644 1391 2692 Christi,

325 2698 537 2736 secundum
571 2697 764 2747 praedicta
792 2697 833 2745 ³⁸,
867 2699 973 2734 Deus
1010 2698 1095 2746 plus
1134 2706 1237 2735 amat
1268 2707 1391 2748 'quam

326 2764 461 2788 omnes
480 2749 492 2772 ⁰
521 2752 691 2798 angelos:
722 2759 758 2788 et
787 2751 922 2788 melior
951 2758 1021 2798 est,
1051 2750 1217 2788 maxime
1247 2752 1391 2788 ratione

323 2805 484 2842 unionis.
516 2805 592 2841 Sed
621 2804 814 2851 loquendo
835 2811 842 2825 ⁸
872 2804 919 2841 de
943 2805 1113 2842 humana
1132 2812 1267 2842 natura
1288 2817 1392 2842 com-

325 2858 500 2905 muniter,
531 2870 616 2894 eam
647 2857 835 2905 angelicae
865 2859 1147 2907 comparando,
1178 2858 1391 2895 secundum

325 2911 500 2949 ordinem
529 2910 578 2947 ad
607 2910 764 2958 gratiam
795 2919 831 2947 et
858 2910 1029 2959 gloriam,
1051 2911 1257 2960 aequalitas
1286 2911 1392 2949 inve-

325 2965 441 3011 nitur;
472 2976 561 3001 cum
590 2964 725 3001 eadem
755 2963 800 3001 sit
819 2976 997 3001 mensura
1017 2965 1178 3001 hominis
1198 2971 1233 3001 et
1250 2965 1388 3015 angeli,

325 3026 366 3055 ut
385 3017 518 3056 dicitur
535 3017 654 3065 Apoc.
675 3017 786 3063 xx1*;
807 3017 857 3054 ita
877 3025 1006 3054 tamen
1026 3018 1132 3066 quod
1151 3018 1308 3066 quidam
1327 3030 1392 3055 an-

326 3070 397 3119 geli
433 3070 662 3120 quibusdam
695 3070 934 3118 hominibus,
965 3079 1001 3108 et
1029 3071 1186 3119 quidam
1215 3070 1393 3108 homines

327 3123 559 3174 quibusdam
583 3122 734 3171 angelis,
761 3132 946 3172 quantum
977 3124 1024 3161 ad
1045 3124 1130 3172 hoc,
1150 3123 1319 3174 potiores
1339 3124 1393 3161 in-

326 3177 541 3214 veniuntur.
573 3176 650 3214 Sed
671 3184 855 3225 quantum
875 3177 923 3214 ad
944 3177 1202 3215 conditionem
1221 3185 1390 3224 naturae,

328 3231 482 3278 angelus
512 3238 567 3267 est
600 3229 737 3267 melior
770 3230 938 3267 homine.
979 3231 1063 3267 Nec
1100 3230 1187 3268 ideo
1217 3238 1392 3268 naturam

327 3284 538 3321 humanam
567 3283 770 3332 assumpsit
798 3284 915 3331 Deus,
946 3283 1034 3332 quia
1053 3283 1252 3322 hominem
1282 3284 1393 3321 abso-

381 3432 406 3466 γ)
427 3433 492 3464 ipso.
510 3447 528 3451 -
547 3433 608 3457 Om.
628 3432 729 3457 codices
749 3437 774 3457 et
793 3433 833 3458 ed.
853 3439 878 3457 a.

382 3467 406 3499 δ)
422 3469 492 3499 plus.
510 3482 530 3487 -
548 3468 634 3501 magis
653 3468 764 3493 codices.
783 3481 802 3487 -
821 3468 848 3493 In
867 3473 937 3493 textu
957 3468 997 3493 cit.
1017 3468 1103 3493 maius
1121 3475 1174 3493 orn.
1188 3468 1266 3493 ΑΒΕ.

384 3503 406 3535 ε)
427 3504 546 3528 meliora.
564 3517 582 3522 -
601 3503 735 3528 meliorem
756 3503 799 3528 Pb.

1028 275 1295 321 QUAESTIO
1324 276 1413 322 xx,
1443 276 1740 314 ARTICULUS
1771 277 1822 313 lv

1456 355 1531 391 lute
1561 356 1644 403 plus
1674 355 1862 403 diligeret:
1891 356 1957 393 sed
1984 355 2073 404 quia
2091 357 2176 405 plus
2196 357 2399 406 indigebat.
2421 358 2526 396 Sicut

1456 408 1580 445 bonus
1601 415 1614 429 '²
1641 409 1909 457 paterfamilias
1935 409 2073 458 aliquid
2093 409 2294 458 pretiosius
2328 411 2391 449 dat
2411 424 2523 450 servo

1455 462 1676 510 aegrotanti,
1708 463 1813 511 quod
1841 475 1920 499 non
1949 463 2013 500 dat
2039 462 2119 499 filio
2148 475 2255 500 san0.

1508 517 1566 551 AD
1595 527 1755 552 TERTtUM
1783 527 1967 553 DICENDUM
1997 516 2103 564 quod
2130 517 2228 553 haec
2264 516 2447 554 dubitatio
2477 517 2524 555 de

1455 568 1568 605 Petro
1607 576 1645 605 et
1679 570 1821 606 Ioanne
1859 569 2113 618 multipliciter
2150 569 2319 606 solvitur.
2350 571 2525 618 Augusti-

1454 633 1526 657 nus
1555 634 1723 680 namque
1762 622 1873 660 refert
1908 623 1984 659 hoc
2018 623 2067 660 ad
2096 622 2334 671 mysterium,
2356 623 2486 663 dicens
2505 623 2525 645 ²³⁸

1454 674 1561 721 quod
1588 674 1666 711 vita
1695 675 1840 724 activa,
1871 688 1970 725 quae
1998 675 2229 724 significatur
2255 688 2325 725 per
2348 677 2522 725 Petrum,

1452 727 1537 775 plus
1563 727 1678 775 diligit
1697 729 1825 765 Deum
1849 741 1968 777 quam
1991 729 2069 766 vita
2089 729 2403 789 contemplativa,
2424 742 2524 780 quae

1453 779 1686 840 significatur
1713 793 1783 830 per
1806 783 2008 819 Ioannem:
2034 782 2123 831 quia
2147 782 2269 842 magis
2288 782 2399 820 sentit
2415 795 2525 833 prae-

1453 832 1568 870 sentis
1595 833 1696 870 vitae
1729 835 1931 882 angustias,
1962 843 1998 872 et
2026 835 2257 873 aestuantius
2286 837 2334 873 ab
2361 836 2414 874 eis
2432 837 2525 874 libe-

1453 885 1527 922 rari
1547 885 1747 933 desiderat,
1779 895 1815 924 et
1842 888 1891 926 ad
1919 889 2047 926 Deum
2076 889 2141 926 ire.
2173 889 2524 939 Contemplativam

1451 950 1545 974 vero
1578 939 1698 976 vitam
1731 940 1838 977 Deus
1862 942 1960 1000 ’plus
1989 941 2124 990 diligit.
2163 942 2253 991 quia
2281 943 2402 991 magis
2437 956 2523 981 eam

1453 999 1672 1037 conservat;
1703 1004 1782 1029 non
1811 993 1914 1030 enim
1937 994 2068 1032 finitur
2087 994 2200 1032 simul
2224 1008 2314 1033 curn
2341 996 2420 1034 vita
2440 1009 2533 1049 cor-

1451 1044 1576 1092 poris,
1607 1044 1702 1082 sicut
1729 1045 1807 1082 vita
1835 1045 1970 1084 activa.
1999 1068 2023 1074 -
2054 1047 2224 1094 Quidam
2260 1061 2354 1086 vero
2394 1033 2533 1087 dicunt

1451 1097 1558 1146 quod
1583 1098 1719 1135 Petrus
1747 1099 1833 1148 plus
1871 1099 1999 1136 dilexit
2031 1100 2225 1138 Christum
2251 1101 2292 1139 in
2319 1103 2522 1148 membris3

1453 1158 1488 1187 et
1512 1150 1564 1187 sie
1593 1151 1707 1188 etiam
1727 1164 1749 1188 a
1770 1152 1921 1189 Christo
1941 1153 2027 1202 plus
2055 1153 2124 1190 fuit
2160 1153 2336 1201 dilectus;
2364 1156 2468 1193 unde
2488 1156 2522 1193 ei

1453 1204 1652 1241 ecclesiam
1688 1205 1989 1243 commendavit.
2011 1207 2173 1244 Ioannes
2196 1219 2291 1244 vero
2318 1208 2404 1257 plus
2433 1208 2521 1246 dile-

1450 1256 1503 1294 xit
1532 1257 1760 1295 Christum'
1752 1271 1791 1295 in
1816 1259 1964 1319 seipso;
1995 1267 2031 1296 et
2059 1259 2113 1297 sic
2142 1259 2255 1297 etiam
2283 1261 2369 1310 plus
2397 1262 2446 1300 ab
2475 1274 2522 1299 eo

1451 1309 1519 1347 fuit
1558 1311 1737 1358 dilectus;
1767 1313 1871 1350 unde
1901 1312 1934 1350 ei
1968 1313 2255 1351 commendavit
2288 1314 2467 1352 Matrem.
2496 1335 2522 1343 -

1451 1363 1524 1400 Alii
1551 1377 1645 1402 vero
1675 1341 1804 1403 dic⁷unt
1836 1366 1944 1414 quod
1970 1366 2156 1404 incertum
2186 1374 2242 1404 est
2270 1366 2355 1415 quis
2381 1368 2523 1406 horum

1450 1417 1534 1466 plus
1564 1417 1759 1470 Christum
1785 1418 1955 1456 dilexerit
1981 1432 2114 1457 amore
2144 1420 2325 1458 caritatis:
2356 1429 2393 1458 et
2420 1420 2522 1459 simi-

1449 1470 1532 1507 liter
1561 1483 1678 1520 quem
1707 1473 1814 1510 Deus
1841 1473 1927 1522 plus
1949 1473 2118 1511 dilexerit
2137 1473 2176 1510 in
2205 1474 2340 1511 ordine
2369 1474 2419 1512 acl
2442 1486 2524 1512 ma·-

1450 1523 1572 1561 iorem
1591 1525 1751 1573 gloriam
1780 1525 1881 1563 vitae
1907 1533 2095 1564 aeternae.
2118 1526 2196 1564 Sed
2224 1528 2359 1565 Petrus
2388 1527 2524 1565 dicitur

1449 1578 1534 1626 plus
1564 1577 1748 1626 dilexisse,
1779 1587 1965 1628 quantum
1994 1580 2042 1618 ad
2076 1580 2271 1629 quandam
2294 1581 2522 1630 promptitu-

1451 1630 1580 1668 dinem
1599 1632 1662 1669 vel
1681 1632 1896 1670 fervorem:
1927 1634 2090 1671 Ioannes
2114 1646 2210 1671 vero
2237 1634 2324 1683 plus
2353 1633 2522 1683 dilectus,

1450 1692 1637 1733 quantum
1666 1685 1716 1723 ad
1739 1686 1932 1735 quaedam
1961 1686 2218 1724 familiaritatis
2245 1686 2396 1735 indicia,
2422 1700 2522 1737 quae

1450 1737 1621 1776 Christus
1650 1738 1685 1776 ei
1704 1739 1825 1788 magis
1854 1739 2151 1788 demonstrabat,
2171 1748 2328 1790 propter
2356 1740 2437 1778 eius
2465 1740 2521 1779 iu-

1447 1799 1646 1829 ventutem
1677 1800 1713 1829 et
1739 1792 1954 1842 puritatem.
1980 1814 2004 1821 -
2033 1793 2108 1830 Alii
2135 1805 2229 1831 vero
2260 1793 2388 1832 dicunt
2415 1793 2523 1844 quod

1449 1844 1619 1882 Christus
1638 1846 1724 1895 plus
1754 1846 1880 1883 dilexit
1907 1847 2077 1893 Petrum,
2099 1854 2285 1896 quantum
2313 1847 2364 1885 ad
2400 1847 2521 1885 excel-

1446 1898 1582 1935 lentius
1603 1898 1748 1936 donum
1771 1899 1948 1937 caritatis:
1970 1901 2155 1937 Ioannem
2175 1912 2268 1938 vero
2288 1901 2386 1950 plus,
2403 1913 2521 1951 quan-

1447 1959 1529 1988 tum
1550 1951 1599 1989 ad
1629 1952 1776 1990 donum
1805 1953 2026 1990 intellectus.
2057 1953 2169 1991 Unde
2203 1952 2423 2003 simpliciter
2449 1954 2522 1992 Pe-

1447 2013 1525 2042 trus
1555 2005 1624 2042 fuit
1652 2006 1804 2054 melior,
1835 2014 1871 2043 et
1900 2006 2020 2055 magis
2054 2006 2230 2044 dilectus:
2260 2007 2328 2045 sed
2357 2009 2521 2046 Ioannes

1447 2059 1660 2096 secundum
1676 2059 1780 2108 quid.
1797 2080 1821 2087 -
1836 2061 2207 2109 Praesumptuosum
2222 2068 2353 2098 tamen
2370 2061 2522 2099 videtur

1446 2112 1522 2148 hoc
1541 2112 1765 2150 diiudicare:
1797 2113 1898 2161 quia,
1919 2121 1960 2150 ut
1988 2113 2123 2151 dicitur
2140 2114 2253 2151 Prov.
2273 2126 2334 2151 xvi
2357 2113 2393 2162 ²⁸²,
2412 2115 2521 2164 spiri-

1446 2170 1551 2202 tuum
1574 2166 1811 2214 ponderator
1837 2172 1892 2203 est
1918 2167 2117 2213 Dominus,
2147 2175 2184 2204 et
2211 2179 2290 2205 non
2319 2167 2425 2205 alius.

1500 2219 1558 2254 An
1588 2229 1761 2260 QUARTUM
1788 2231 1972 2256 montinum
2000 2220 2105 2269 quod
2130 2221 2369 2269 poenitentes
2398 2229 2435 2258 et
2462 2221 2518 2259 in-

1447 2278 1628 2308 nocentes
1657 2283 1698 2308 se
1726 2272 1868 2309 habent
1905 2272 2000 2309 sicut
2035 2273 2257 2311 excedentia
2287 2282 2323 2311 et
2352 2286 2519 2315 excessa.

1447 2324 1551 2360 Nam
1580 2324 1660 2361 sive
1690 2324 1763 2362 sint
1798 2325 2040 2372 innocentes,
2068 2326 2147 2364 sive
2176 2327 2436 2386 poenitentes,
2465 2328 2516 2366 illi

1447 2385 1535 2414 sunt
1562 2377 1740 2415 meliores
1771 2386 1806 2414 et
1842 2379 1962 2427 magis
1992 2355 2132 2427 dilecti,
2163 2380 2229 2429 qui
2256 2381 2341 2429 plus
2374 2357 2518 2419 habent

1448 2428 1495 2468 de
1524 2431 1652 2479 gratia.
1684 2431 1830 2468 Ceteris
1857 2439 1988 2469 tamen
2014 2433 2192 2482 paribus,
2219 2433 2436 2472 innocentia
2465 2433 2520 2472 di-

1446 2484 1557 2532 gnior
1585 2492 1641 2521 est
1669 2492 1706 2521 et
1733 2484 1854 2534 magis
1891 2485 2037 2523 dilecta.
2068 2463 2215 2524 Dicitur
2246 2495 2375 2525 tamen
2411 2488 2519 2526 Deus

1447 2538 1532 2587 plus
1560 2538 1725 2587 gaudere
1755 2539 1802 2576 de
1831 2538 2050 2587 poenitente
2076 2552 2194 2588 quam
2225 2540 2273 2578 de
2296 2541 2518 2590 innocente,

1446 2591 1535 2639 quia
1571 2592 1799 2640 plerumque
1836 2592 2077 2640 poenitentes
2116 2593 2316 2642 cautiores,
2341 2594 2519 2632 humilio—

1446 2657 1505 2682 res
1529 2643 1541 2666 λ
1571 2652 1605 2681 et
1634 2644 1882 2682 ferventiores
1916 2654 2126 2694 resurgunt.
2161 2647 2273 2684 Unde
2308 2647 2517 2696 Gregorius

1447 2698 1535 2736 dicit
1561 2697 1703 2735 ibidem
1723 2697 1754 2745 ²⁸,
1786 2698 1890 2747 quod
1918 2699 1999 2736 dux
2026 2700 2063 2737 in
2087 2700 2236 2748 praelio
2257 2713 2342 2738 eum
2363 2701 2517 2739 militem

1440 2751 1528 2800 plus
1556 2751 1696 2801 diligit,
1735 2752 1801 2800 qui
1827 2757 1915 2800 post
1938 2754 2085 2803 sugam
2114 2765 2336 2800 conversus,
2363 2755 2521 2804 fortiter

1446 2806 1586 2842 hostem
1601 2805 1752 2853 premit,
1773 2816 1888 2853 quam
1917 2806 1983 2854 qui
2009 2818 2203 2855 nunquam
2216 2808 2338 2858 fugit,
2360 2820 2428 2845 nec
2452 2820 2519 2846 un-

1447 2870 1561 2907 quam
1567 2858 1728 2906 sortiter
1732 2859 1842 2906 fecit.
1855 2879 1879 2886 -
1890 2859 1972 2906 Vel,
1989 2859 2060 2896 alia
2076 2859 2231 2907 ratione,
2249 2861 2338 2909 quia
2358 2862 2518 2910 aequale

1447 2911 1593 2948 donum
1622 2910 1761 2959 gratiae
1790 2912 1874 2960 plus
1904 2920 1974 2959 est,
2005 2921 2269 2962 comparatum
2296 2914 2517 2962 poenitenti,

1446 2964 1511 3014 qui
1530 2964 1667 3002 meruit
1685 2977 1867 3014 poenam,
1888 2978 2006 3014 quam
2025 2965 2230 3014 innocenti,
2251 2966 2317 3015 qui
2337 2979 2417 3004 non
2436 2979 2517 3005 me-

1448 3018 1530 3055 ruit.
1562 3017 1667 3055 Sicut
1695 3026 1849 3055 eentum
1878 3031 2030 3056 marcae
2057 3018 2180 3056 maius
2214 3020 2361 3058 donum
2389 3027 2457 3069 est,
2487 3020 2518 3058 si

1447 3071 1583 3108 dentur
1610 3071 1780 3120 pauperi,
1801 3084 1918 3120 quam
1947 3072 1977 3109 si
2005 3071 2141 3110 dentur
2169 3072 2256 3120 regi.

1500 3126 1559 3161 An
1589 3136 1751 3167 QUINTUM
1774 3136 1958 3163 DICENDUM
1987 3124 2103 3175 quod,
2124 3137 2213 3162 cum
2237 3126 2415 3164 voluntas
2443 3125 2517 3164 Dei

1447 3177 1493 3214 sit
1512 3190 1626 3214 causa
1654 3177 1830 3215 bonitatis
1850 3177 1888 3216 in
1917 3178 2043 3225 rebus,
2064 3178 2275 3216 secundum
2303 3179 2395 3217 illud
2418 3187 2513 3218 tern-

1447 3243 1519 3280 pus
1538 3230 1737 3279 pensanda
1756 3239 1812 3268 est
1835 3231 1985 3269 bonitas
2005 3231 2084 3268 eius
2112 3231 2178 3281 qui
2207 3239 2356 3270 amatur
2375 3245 2398 3270 a
2416 3233 2514 3281 Deo,

1449 3284 1661 3321 secundum
1681 3284 1786 3334 quod
1816 3284 1986 3323 dandum
2008 3292 2062 3322 est
2083 3285 2115 3322 ei
2135 3297 2180 3322 ex
2199 3285 2367 3323 bonitate
2387 3285 2516 3324 divina

1503 3431 1526 3465 θ)
1547 3440 1645 3457 omnes.
1662 3446 1681 3451 -
1700 3434 1761 3458 Om.
1776 3433 1898 3458 ABCDE.

1504 3468 1522 3500 ι)
1542 3468 1681 3500 loquendo.
1699 3481 1719 3487 —-
1737 3469 1798 3493 Om.
1818 3468 1920 3493 codices
1939 3473 1964 3493 et
1981 3468 2033 3494 ab.
2051 3482 2070 3487 —
2087 3476 2146 3494 eam
2165 3477 2219 3495 om.
2238 3470 2348 3495 codices.

1502 3504 1528 3535 κ)
1544 3503 1634 3528 bonus.
1647 3516 1667 3522 —
1685 3503 1746 3528 Om.
1760 3503 1903 3529 codicem—
1914 3503 1965 3528 Pro
1973 3504 2127 3536 prenosius,
2138 3505 2288 3538 pretiosum
2302 3505 2411 3534 codices.
2421 3505 2515 3537 precio

381 3537 406 3569 ἵ)
428 3538 517 3567 voluit,
538 3538 600 3570 quia
620 3539 693 3563 dedit
711 3539 743 3563 ei.
762 3553 781 3559 -
800 3539 884 3564 voluit
907 3541 933 3563 et
952 3538 1026 3563 dedit
1044 3539 1144 3564 scilicet
1168 3538 1247 3569 ACE,
1268 3538 1352 3563 voluit
1369 3541 1395 3563 et
1448 3537 1504 3563 sive
1523 3539 1562 3563 ed
1582 3545 1607 3563 a.

331 3573 405 3598 dedit
424 3573 473 3598 sibi
492 3573 575 3604 BFG,
595 3575 678 3599 voluit
697 3575 758 3606 quia
777 3574 851 3599 dedit
869 3574 920 3599 sibi
943 3574 1000 3599 edd.
1019 3574 1072 3603 ab;
1091 3574 1154 3607 quia
1171 3574 1303 3599 scilicet...
1322 3573 1395 3599 dedit

331 3608 354 3633 ei
372 3616 425 3633 om.
445 3609 475 3633 D.

384 3643 411 3675 η)
430 3643 551 3676 deperiit.
568 3656 587 3664 -
605 3644 707 3676 aliquid
726 3644 839 3676 deperiit
858 3644 889 3669 G.

1502 3572 1530 3605 λ)
1549 3574 1689 3603 cautiores,
1709 3573 1903 3603 humiliores,-
1915 3577 1992 3599 tanto
2011 3575 2172 3604 humiliores,
2192 3576 2325 3601 cautiores
2339 3575 2400 3600 B.-
2418 3575 2469 3600 Pro
2487 3578 2515 3600 et

1441 3609 1622 3642 ferventiores
1642 3612 1793 3641 resurgunt,
1809 3612 1835 3634 et
1845 3610 1984 3643 firmiores
2004 3614 2148 3644 resurgunt
2165 3610 2218 3641 FG,
2226 3610 2407 3645 ferventiores
2425 3614 2451 3636 et
2462 3610 2514 3643 fir·

1450 3643 1546 3668 miores
1565 3646 1711 3677 resurgunt
1729 3644 1770 3668 ed.
1785 3651 1810 3669 α.

2552 630 2562 640 ·
2576 629 2641 652 Loco
2656 630 2726 653 citato
2739 630 2764 653 in

2550 662 2599 684 arg.

2548 2121 2557 2131 '
2571 2119 2640 2144 Ven.
2655 2126 2678 2143 2.

2643 2649 2661 2676 λ

2546 2710 2556 2720 ·
2578 2709 2667 2732 ΗοιιιίΙ.
2687 2715 2761 2732 xxxxv

2546 2736 2570 2759 in
2584 2736 2696 2765 Evnnssel.
