2768 4178
149 297 161 328 ξ

149 568 163 585 ο

150 1046 169 1063 π

153 1100 167 1126 ρ

150 1262 166 1279 o

149 1474 165 1491 τ

149 1686 172 1713 υ.

145 2113 162 2138 φ

143 2215 163 2241 Χ.

49 2270 104 2320 10·
122 2276 238 2320 aas

48 3279 58 3288 '
73 3277 109 3300 ef.
125 3283 190 3300 num.
200 3284 233 3299 ιιι.

47 3366 57 3376 '¹
73 3365 109 3388 ef.
123 3371 188 3387 num.
200 3371 223 3387 v.

0 3427 2 3429 ,
47 3411 60 3421 ⁰
123 3411 191 3431 rto...
210 3415 262 3431 ma-

0 3455 3 3458 .
48 3436 75 3457 ni
87 3438 161 3458 extum
169 3438 260 3458 estom.

49 3462 190 3511 ἓςάᾗὲὲἕὸα,
200 3468 260 3491 '⁵¹⁴³

957 214 1225 260 QUAESTIO
1255 214 1356 259 XIV,
1387 212 1685 250 ARTICULUS
1715 215 1802 250 XIII

349 294 423 330 Alii
450 306 544 330 vero
574 293 704 331 dicunt
732 294 807 330 1106
826 292 1057 329 antecedens
1078 304 1160 329 esse
1182 289 1195 315 ξ
1224 292 1368 329 60111111-

294 359 399 396 gens,
429 347 519 395 quia
549 354 604 383 est
633 346 891 395 compositum
917 357 962 382 ex
986 345 1200 382 necessario
1222 353 1258 382 et
1278 358 1367 382 con-

294 399 470 448 tingenti3
501 399 596 437 sicut
630 400 731 436 istud
769 399 912 436 dictum
946 406 1001 434 est
1030 398 1268 447 contingens,
1299 399 1366 435 So-

294 459 436 490 cratem
474 466 552 490 esse
587 453 778 490 hominem
816 452 956 489 album.
987 473 1011 479 -
1042 451 1119 488 Sed
1147 452 1223 488 hoc
1252 452 1365 488 etiam

294 507 385 544 nihil
415 514 481 544 est.
513 506 615 553 Quia
644 518 732 542 curn
762 505 908 552 dicitur,
938 505 1042 541 Deus
1069 505 1177 542 scivit
1203 517 1281 542 esse
1295 506 1366 554 fu-

295 566 422 597 turum
450 561 522 596 hoc
555 559 777 608 contingens
796 564 825 605 ⁰,
856 558 1075 608 contingens
1104 570 1183 595 non
1211 558 1367 607 ponitur

294 613 346 650 ibi
374 613 446 650 nisi
474 619 516 649 ut
543 611 702 648 materia
724 611 845 658 verbi,
868 618 904 648 et
927 623 1006 647 non
1036 611 1131 647 sicut
1149 611 1365 660 principalis

293 678 383 715 pars
419 663 712 714 propositionis:
750 664 854 701 unde
894 663 1150 712 contingentia
1188 664 1268 701 eius
1302 666 1363 702 vel

293 718 499 756 necessitas
528 717 620 754 nihil
649 717 761 754 refert
789 717 838 754 ad
857 718 932 754 hoc
957 719 1063 767 quod
1081 717 1293 767 propositio
1322 718 1366 755 sit

293 770 508 809 necessaria
527 771 590 807 vel
610 770 842 819 contingens,
863 783 956 808 vera
974 771 1036 807 vel
1057 771 1161 809 falsa.
1188 772 1242 808 Ita
1262 772 1364 809 enim

292 831 418 874 potest
437 836 520 860 esse
539 835 677 860 verum
706 836 770 860 me
796 824 933 861 dixisse
952 824 1152 861 hominem
1182 837 1264 862 esse
1294 825 1364 862 asi-

293 890 410 925 num,
449 877 546 914 sicut
582 889 646 914 me
686 876 821 914 dixisse
860 878 1060 915 Socratem
1098 890 1268 925 currere,
1302 880 1364 916 vel

293 932 423 968 Deum
445 942 544 967 esse:
572 938 612 967 et
632 931 768 968 eadem
797 931 891 967 ratio
923 939 978 968 est
1006 931 1053 968 de
1083 931 1298 968 necessario
1330 940 1365 969 et

295 983 536 1031 contingenti.

288 1053 292 1057 ·
347 1037 459 1074 Unde
490 1036 695 1074 dicendum
717 1045 772 1074 est
792 1036 898 1085 quod
922 1038 997 1074 hoc
1026 1038 1256 1075 antecedens
1272 1044 1290 1060 π
1311 1046 1366 1074 est

293 1090 551 1128 necessarium
580 1087 765 1127 absolute.
796 1091 881 1127 Nec
908 1098 1038 1127 tamen
1072 1091 1260 1139 sequitur,
1291 1099 1332 1127 ut
1351 1097 1365 1121 Ρ

294 1143 451 1192 quidam
472 1143 612 1191 dicunt,
634 1143 741 1191 quod
761 1156 1002 1193 consequens
1030 1144 1076 1180 sit
1103 1144 1364 1180 necessarium

294 1197 493 1244 absoluteq
517 1196 606 1245 quia
635 1197 864 1234 antecedens
890 1204 946 1233 est
974 1209 1088 1233 causa
1108 1204 1255 1233 remota
1275 1209 1365 1234 con-

294 1248 498 1299 sequentis,
518 1250 626 1298 quod
641 1255 655 1269 ⁸
674 1256 830 1299 propter
850 1261 1006 1286 causam
1028 1249 1246 1298 proximam
1275 1262 1365 1298 con-

293 1303 441 1351 tingens
462 1311 528 1340 est.
544 1324 568 1331 -
589 1303 667 1340 Sed
685 1303 760 1339 hoc
780 1302 871 1339 nihil
893 1310 958 1340 est.
980 1303 1092 1339 Esset
1112 1303 1215 1339 enim
1236 1303 1365 1340 condi-

293 1356 443 1394 tionalis
462 1357 568 1403 falsa,
590 1356 696 1392 cuius
716 1355 946 1392 antecedens
966 1363 1064 1392 esset
1083 1368 1198 1392 causa
1217 1363 1366 1393 remota

293 1409 519 1456 necessaria,
542 1416 578 1446 et
598 1420 840 1457 consequens
866 1408 1024 1445 effectus
1053 1408 1294 1457 contingens:
1324 1417 1366 1446 ut

292 1470 385 1512 puta
400 1462 431 1499 si
446 1462 627 1509 dicerem,
641 1462 676 1498 si
686 1462 745 1498 sol
758 1467 941 1508 movetur,
957 1462 1074 1499 herba
1093 1463 1326 1512 germinabit
1337 1469 1363 1500 ἵ

345 1516 396 1553 Et
423 1515 511 1552 ideo
541 1515 646 1552 aliter
674 1515 883 1552 dicendum
913 1522 979 1562 est,
1009 1515 1115 1564 quod
1141 1516 1295 1565 quando
1325 1516 1363 1553 in

292 1568 542 1607 antecedente
573 1569 728 1618 ponitur
765 1567 906 1617 aliquid
935 1568 1130 1617 pertinens
1159 1569 1208 1606 ad
1236 1576 1363 1606 actum

291 1622 458 1670 animae,
480 1634 723 1670 consequens
753 1630 809 1658 est
836 1621 1103 1670 accipiendum
1132 1634 1211 1659 non
1231 1635 1364 1660 secun-

293 1676 385 1713 dum
415 1675 520 1724 quod
540 1681 554 1695 ¹⁴
572 1675 611 1712 in
636 1687 677 1712 se
698 1682 764 1722 est,
786 1675 854 1712 sed
874 1676 1087 1712 secundum
1116 1676 1223 1724 quod
1252 1684 1306 1713 est
1325 1676 1364 1713 in

292 1728 438 1766 anima:
468 1728 570 1766 aliud
600 1728 702 1765 enim
733 1736 789 1765 est
818 1741 899 1765 esse
929 1728 982 1765 rei
1007 1728 1046 1765 in
1066 1728 1202 1778 seipsa,
1224 1736 1261 1766 et
1281 1742 1362 1766 esse

290 1780 345 1820 rei
363 1782 401 1819 in
422 1781 562 1819 anima.
590 1782 640 1820 Ut
657 1789 761 1831 puta,
783 1781 814 1818 si
835 1781 973 1830 dicam,
993 1782 1028 1818 si
1043 1782 1173 1819 anima
1194 1782 1366 1832 intelligit

291 1835 451 1884 aliquid,
482 1835 575 1872 illud
600 1841 654 1871 est
686 1834 955 1886 immateriale,
985 1834 1273 1883 intelligendum
1308 1843 1363 1873 est

291 1888 399 1937 quod
427 1888 519 1925 illud
539 1896 597 1925 est
620 1888 869 1925 immateriale
890 1888 1103 1925 secundum
1123 1888 1231 1937 quod
1250 1896 1306 1926 est
1324 1889 1363 1926 in

290 1942 493 1989 intellectu,
515 1954 594 1978 non
614 1941 828 1978 secundum
858 1941 965 1990 quod
994 1949 1049 1978 est
1076 1941 1114 1978 in
1143 1941 1282 1990 seipso.
1313 1943 1362 1979 Et

291 1994 462 2032 similiter
481 1994 673 2041 si-dicam,
693 1995 728 2031 si
743 1995 849 2031 Deus
871 1994 980 2031 scivit
995 1994 1148 2043 aliquid,
1171 1995 1263 2031 illud
1280 1995 1361 2041 erit,

292 2061 532 2098 consequens
550 2047 835 2096 intelligendum
858 2055 914 2084 est
931 2055 1046 2097 prout
1065 2048 1195 2085 subest
1209 2048 1362 2086 divinae

291 2101 486 2149 scientiae,
515 2101 655 2138 scilicet
682 2106 797 2150 prout
816 2106 830 2130 Ρ
860 2109 915 2138 est
942 2100 981 2137 in
1010 2113 1080 2138 sua
1106 2101 1363 2150 praesentiali-

290 2162 377 2192 tate.
408 2156 457 2192 Et
485 2154 538 2191 sic
565 2154 824 2191 necessarium
852 2162 918 2201 est,
940 2154 1036 2190 sicut
1055 2161 1092 2191 et
1111 2155 1361 2191 antecedens:

290 2209 380 2257 quia
408 2220 520 2244 omne
539 2212 556 2233 χ
584 2208 686 2256 quod
712 2213 775 2253 est,
802 2207 892 2244 dum
921 2213 984 2253 est,
1015 2219 1163 2246 necesse
1190 2213 1244 2244 est
1269 2220 1361 2254 esse,

203 2286 209 2293 -
289 2269 332 2298 ut
360 2261 494 2298 dicitur
520 2260 560 2297 in
588 2260 831 2298 IPeriherm.
852 2259 872 2282 '¹‘

343 2316 403 2352 An
431 2326 592 2352 TERTIUM
620 2325 806 2351 DICENDUM
835 2313 941 2362 quod
965 2326 1010 2351 ea
1044 2326 1142 2363 quae
1170 2321 1363 2362 tempora-

289 2367 372 2405 liter
391 2368 430 2413 in
449 2375 578 2405 actum
593 2366 608 2395 Ψ
629 2368 872 2414 reducuntur,
890 2379 912 2404 a
931 2367 1044 2404 nobis
1064 2367 1279 2404 successive
1300 2379 1364 2403 co-

290 2429 526 2470 gnoscuntur
548 2421 587 2458 in
611 2428 797 2470 tempore,
818 2420 887 2457 sed
906 2433 928 2457 a
947 2421 1033 2457 Deo
1062 2420 1101 2457 in
1130 2420 1362 2468 aeternitate,

291 2486 389 2524 quae
419 2483 474 2511 est
500 2486 615 2523 supra
633 2481 797 2522 tempus.
827 2473 939 2511 Unde
959 2473 1083 2520 nobis,
1104 2474 1193 2522 quia
1222 2486 1362 2521 cogno-

344 2623 368 2656 ξ)
387 2624 436 2649 hoc
453 2623 612 2648 antecedens
630 2629 694 2648 esse.
711 2637 730 2641 -
749 2622 821 2655 quod
838 2623 997 2648 antecedens
1014 2626 1055 2648 est
1072 2624 1102 2648 B.

344 2660 370 2691 ο)
383 2666 440 2684 esse
446 2659 575 2692 futurum
590 2658 640 2683 hoc
653 2658 818 2691 contingens.
828 2672 846 2676 -
855 2658 959 2691 aliquid
972 2666 1028 2684 esse
1035 2659 1162 2692 futurum
1175 2658 1346 2684 ABCEFGab
1353 2666 1362 2687 ,-

289 2695 393 2728 aliquid
403 2695 533 2727 futurum
552 2701 608 2719 esse
625 2694 791 2727 contingens,
805 2694 836 2727 ly·
854 2698 909 2719 esse
928 2694 959 2719 D.

343 2731 372 2763 π)
392 2730 442 2755 hoc
459 2729 626 2754 antecedens.
644 2741 663 2748 -
681 2729 840 2754 antecedens
858 2730 886 2754 P.

343 2766 368 2799 ρ)
389 2769 426 2790 ut.
444 2779 462 2784 -
480 2765 553 2798 quod
570 2764 758 2798 ABCDEGpF,
770 2768 855 2797 prout
873 2765 920 2796 sF3
940 2765 981 2790 vel
1000 2768 1030 2789 ut
1048 2773 1140 2798 margo
1159 2766 1190 2790 G.

321 2873 327 2878 .
342 2801 369 2870 23
384 2801 470 2877 ‘ligi-'gi
487 2801 659 2869 {ref-iniant.
672 2849 691 2854 -
703 2835 812 2860 herbam
831 2835 971 2869 generabit
988 2837 1017 2865 B,
1037 2836 1111 2862 cuius
1131 2844 1221 2869 margo
1240 2837 1281 2861 vel
1298 2843 1360 2869 ger-

289 2873 441 2941 mmssbtz-on
461 2907 606 2932 secundum
626 2907 705 2939 quod.
717 2918 736 2926 —
750 2907 814 2931 Post
827 2914 879 2932 non
900 2891 998 2932 addunt
1011 2908 1096 2933 solum
1110 2907 1154 2932 BD
1162 2916 1169 2939 ;
1189 2912 1250 2940 post
1267 2914 1359 2932 secun-

289 2944 353 2969 dum
373 2943 470 2968 addunt
488 2950 543 2968 esse
561 2942 675 2967 PDEFG
694 2947 719 2967 et
738 2942 796 2967 edd.
815 2942 866 2967 ab.

2367 198 2370 202 ¹
2418 216 2486 263 187

1423 291 1565 328 scimus
1584 292 1708 328 futura
1728 292 1982 340 contingentia
2006 293 2230 342 inquantum
2246 301 2263 314 ‘¹
2283 294 2370 330 talia
2389 302 2486 342 sunt,

1423 351 1523 381 certa
1544 357 1626 382 6556
1654 357 1733 381 11011
1753 354 1929 394 possunt:
1961 347 2028 383 sed
2048 347 2117 383 soli
2136 348 2221 384 Deo
2241 347 2272 394 ²³⁴,
2300 347 2406 384 cuius
2434 347 2488 384 in-

1421 397 1586 445 telligere
1626 405 1681 435 est
1707 398 1746 435 in
1776 399 1992 435 aeternitate
2031 412 2146 448 supra
2183 407 2346 449 tempus.
2385 400 2488 437 Sicut

1420 450 1479 487 ille
1508 451 1574 498 qui
1601 451 1708 489 vadit
1733 463 1803 500 per
1831 451 1947 499 viam,
1969 465 2048 489 non
2066 453 2170 490 videt
2190 453 2272 490 illos
2306 453 2370 502 qui
2401 462 2488 503 post

1422 516 1511 540 eum
1540 505 1718 542 veniunt:
1750 504 1819 541 sed
1856 504 1914 541 ille
1950 506 2014 554 qui
2051 506 2099 542 ab
2135 506 2260 554 aliqua
2294 507 2486 543 altitudine

1420 564 1540 594 totam
1559 558 1665 594 viam
1689 558 1864 604 intuetur,
1886 557 1997 594 simul
2016 558 2120 596 videt
2139 572 2274 596 omnes
2293 567 2487 597 transeun-

1420 618 1475 647 tes
1504 623 1573 660 per
1600 611 1717 648 viam.
1748 612 1798 647 Et
1825 610 1912 648 ideo
1941 611 2031 648 illud
2066 612 2170 660 quod
2190 612 2304 649 scitur
2322 625 2344 649 a
2362 613 2486 659 nobis,

1420 672 1570 713 oportet
1600 677 1682 701 esse
1710 664 1969 701 necessarium
1999 664 2112 701 etiam
2142 666 2353 702 secundum
2382 666 2487 714 quod

1420 716 1458 754 in
1478 730 1517 754 se
1539 725 1611 754 est:
1638 718 1728 767 quia
1749 730 1794 754 ea
1814 730 1914 765 quae
1934 717 1972 754 in
1992 730 2032 754 se
2052 725 2139 754 sunt
2159 718 2412 766 contingentia
2431 720 2486 755 fu-

1419 778 1514 818 tura,
1536 784 1558 808 a
1577 770 1689 808 nobis
1709 770 1794 807 sciri
1814 783 1893 807 non
1919 778 2091 819 possunt.
2123 771 2198 808 Sed
2220 783 2264 808 ea
2283 784 2381 820 quae
2401 780 2487 809 sunt

1419 824 1511 860 scita
1541 837 1563 860 a
1590 825 1698 872 Deo,
1728 831 1879 873 oportet
1912 836 1993 860 esse
2032 824 2244 860 necessaria
2273 825 2486 862 secundum

1419 877 1582 914 modum
1615 889 1693 925 quo
1722 878 1882 914 subsunt
1902 877 2054 914 divinae
2075 876 2263 924 scientiae,
2285 885 2325 914 ut
2344 878 2486 915 dictum

1421 938 1475 967 est
1494 930 1530 967 *ε
1562 943 1640 967 11011
1675 938 1803 967 autern
1842 931 2035 977 absolute,
2066 931 2280 967 secundum
2314 931 2419 980 quod
2448 931 2486 968 in

1418 983 1582 1032 propriis
1602 983 1724 1020 causis
1745 983 2041 1020 considerantur.
2059 1004 2082 1010 -
2099 983 2210 1020 Unde
2231 991 2267 1020 et
2285 984 2380 1020 haec
2399 996 2486 1032 pro-

1418 1037 1578 1085 positio,
1613 1049 1724 1073 omne
1754 1037 1886 1073 scitum
1919 1049 1943 1073 a
1977 1038 2060 1073 Deo
2094 1037 2345 1073 necessarium
2371 1044 2406 1059 ‘²⁰‘
2435 1043 2489 1074 est

1419 1102 1508 1135 esse,
1539 1090 1736 1127 consuevit
1765 1089 1952 1137 distingui.
1983 1090 2084 1136 Quia
2103 1097 2229 1138 potest
2257 1102 2340 1127 esse
2368 1092 2413 1127 de
2432 1103 2484 1137 re,

1418 1144 1481 1179 vel
1509 1144 1554 1179 de
1582 1143 1689 1180 dicto.
1730 1143 1769 1180 Si
1798 1143 2021 1190 intelligatur
2050 1143 2096 1180 de
2126 1155 2186 1189 re,
2218 1151 2272 1180 est
2301 1143 2422 1180 divisa
2451 1151 2486 1180 et

1419 1196 1533 1232 falsa:
1565 1203 1612 1232 et*
1630 1203 1684 1232 est
1712 1208 1865 1242 sensus,
1897 1196 2018 1232 omnis
2046 1208 2106 1232 res
2133 1208 2247 1244 quam
2275 1197 2379 1233 Deus
2405 1198 2484 1243 scit,

1420 1254 1474 1285 est
1501 1249 1723 1286 necessaria.
1752 1250 1823 1286 Vel
1852 1257 1976 1297 potest
2005 1249 2157 1296 intelligi
2182 1249 2228 1286 de
2250 1249 2348 1286 dicto
2364 1248 2419 1286 ²³5³:
2451 1258 2486 1287 et

1420 1301 1473 1338 516
1503 1309 1558 1338 651
1586 1301 1798 1351 composita
1828 1310 1862 1338 et
1889 1314 2002 1347 vera3
2034 1310 2069 1338 et
2099 1309 2153 1338 est
2172 1314 2318 1350 sensus,
2338 1303 2409 1339 hoc
2433 1304 2485 1340 di-

1419 1361 1532 1400 ctum,
1560 1355 1693 1391 scitum
1721 1367 1745 1391 a
1774 1356 1856 1392 Deo
1885 1366 1974 1400 esse,
2004 1357 2058 1391 est
2084 1356 2346 1393 necessarium.

1475 1407 1553 1445 Sed
1581 1409 1732 1444 obstant
1752 1408 1921 1456 quidam,
1943 1407 2110 1444 dicentes
2140 1408 2245 1457 quod
2270 1408 2339 1445 ista
2360 1408 2486 1446 distin-

1421 1461 1494 1498 ctio
1514 1461 1629 1498 habet
1647 1462 1777 1498 locum
1806 1461 1844 1497 in
1873 1461 2004 1498 formis
2029 1461 2301 1510 separabilibus
2321 1474 2343 1498 a
2363 1462 2486 1499 subie-

1421 1522 1502 1560 cto;
1531 1522 1573 1551 ut
1601 1514 1631 1551 si
1651 1514 1788 1562 dicam,
1809 1515 1937 1551 album
1955 1514 2133 1562 possibile
2151 1521 2205 1551 est
2222 1527 2300 1551 esse
2319 1515 2484 1565 nigrum.

1421 1568 1530 1614 Quae
1551 1567 1707 1616 quidem
1727 1567 1775 1605 de
1796 1567 1895 1604 dicto
1918 1575 1972 1604 est
1990 1568 2094 1614 falsa,
2117 1575 2153 1604 et
2173 1567 2219 1604 de
2240 1580 2279 1604 re
2302 1576 2356 1605 est
2374 1581 2484 1605 vera:

1420 1634 1480 1658 res
1509 1621 1612 1658 enim
1646 1633 1745 1670 quae
1774 1628 1830 1657 est
1857 1621 1959 1668 alba,
1987 1628 2113 1669 potest
2146 1633 2228 1658 esse
2262 1621 2388 1669 nigra3
2418 1622 2486 1659 sed

1419 1675 1493 1711 hoc
1522 1674 1678 1721 dictum,
1709 1674 1837 1711 album
1857 1686 1935 1711 esse
1954 1674 2121 1723 nigrum,
2146 1687 2343 1722 nunquam
2362 1683 2486 1723 potest

1419 1740 1502 1764 esse
1530 1738 1679 1764 verum.
1720 1729 1762 1764 In
1797 1728 1929 1764 formis
1958 1735 2087 1764 autern
2122 1727 2435 1776 inseparabilibus
2464 1741 2486 1765 a

1418 1781 1610 1827 subiecto,
1640 1793 1719 1817 non
1756 1781 1872 1818 habet
1899 1781 2028 1817 locum
2056 1780 2248 1829 praedicta
2278 1781 2484 1828 distincti03

1418 1842 1459 1871 ut
1487 1834 1517 1871 si
1548 1834 1693 1881 dicam,
1729 1845 1885 1870 corvum
1921 1834 2075 1883 nigrum
2107 1834 2284 1882 possibile
2320 1840 2374 1871 est
2408 1846 2486 1871 esse

1418 1888 1569 1924 album:
1607 1887 1696 1936 quia
1733 1887 1772 1924 in
1804 1894 1968 1936 utroque
2006 1899 2120 1923 sensu
2158 1895 2213 1924 est
2246 1888 2348 1924 falsa.
2389 1888 2484 1924 Esse

1419 1949 1546 1977 autem
1567 1940 1703 1977 scitum
1724 1952 1747 1977 a
1765 1941 1863 1992 De0,
1895 1948 1950 1977 est
1976 1939 2227 1989 inseparabile
2256 1953 2278 1977 a
2307 1953 2364 1977 re:
2395 1941 2484 1989 quia

1418 1995 1524 2042 quod
1553 2002 1608 2030 est
1636 1993 1771 2030 scitum
1791 2006 1813 2030 a
1832 1994 1930 2040 Deo,
1960 2005 2040 2029 non
2066 2001 2192 2042 potest
2216 2006 2297 2030 esse
2318 2006 2396 2030 non
2416 1994 2484 2030 sci-

1418 2053 1512 2084 tum.
1534 2068 1557 2074 -
1580 2047 1686 2084 Haec
1714 2054 1842 2084 autern
1880 2046 2056 2083 instantia
2090 2047 2216 2083 locum
2246 2047 2423 2094 haberet,
2453 2047 2484 2084 si

1417 2101 1492 2137 hoc
1512 2100 1617 2149 quod
1638 2099 1723 2137 dico
1751 2100 1895 2146 scitum,
1925 2100 2149 2148 importaret
2172 2100 2336 2148 aliquam
2358 2100 2483 2149 dispo-

1418 2154 1594 2190 sitionem
1624 2153 1793 2190 subiecto
1815 2158 1844 2180 ⁷⁷
1874 2153 2148 2190 inhaerentem.
2190 2153 2266 2189 Sed
2296 2165 2384 2190 curn
2413 2153 2484 2190 im-

1417 2214 1543 2256 portet
1571 2213 1698 2243 actum
1728 2206 1889 2256 scientis,
1910 2206 1981 2254 ipsi
2002 2206 2055 2242 rei
2083 2206 2207 2252 scitae,
2229 2205 2313 2242 licet
2332 2218 2484 2255 semper

1419 2260 1566 2306 sciatur,
1587 2267 1713 2308 potest
1740 2259 1881 2308 aliquid
1906 2259 2052 2295 attribui
2072 2259 2285 2296 secundum
2306 2271 2358 2306 se,
2378 2259 2484 2308 quod

1419 2326 1497 2350 non
1512 2313 1724 2351 attribuitur
1744 2312 1777 2349 ei
1796 2312 2022 2361 inquantum
2039 2319 2110 2349 stat
2129 2313 2199 2349 sub
2220 2319 2305 2349 actu
2320 2312 2481 2350 sciendi:

1418 2366 1513 2404 sicut
1542 2379 1624 2403 esse
1653 2365 1846 2402 materiale
1881 2365 2093 2403 attribuitur
2126 2365 2241 2414 lapidi
2271 2366 2483 2403 secundum

1418 2432 1469 2467 se,
1492 2419 1596 2468 quod
1617 2432 1695 2456 non
1723 2419 1934 2456 attribuitur
1963 2419 1995 2456 ei
2016 2416 2045 2440 ὃὸ
2072 2419 2284 2456 secundum
2305 2419 2408 2467 quod
2429 2427 2484 2456 est

1416 2473 1654 2521 intelligibile.

1469 2623 1496 2656 φ)
1516 2622 1636 2647 subest...
1652 2625 1744 2654 prout.
1762 2635 1781 2641 -
1800 2622 1860 2646 Om.
1880 2622 1934 2646 ΑΕ.

1467 2659 1496 2693 χ)
1517 2665 1602 2683 omne.
1620 2671 1639 2676 -
1657 2665 1712 2682 esse
1730 2657 1870 2690 CDEGpF.
1888 2671 1907 2676 -
1926 2657 1976 2681 Pro
2000 2657 2076 2687 dum,
2096 2657 2203 2689 quando
2227 2658 2328 2682 codices
2353 2663 2377 2682 et
2396 2658 2445 2683 ab.
2462 2670 2482 2677 -

1414 2701 1469 2719 esse
1487 2701 1540 2718 orn.
1561 2693 1662 2723 codices
1682 2698 1708 2717 et
1725 2693 1766 2717 ed.
1781 2700 1806 2717 a.

1468 2727 1495 2762 ψ)
1517 2729 1542 2754 in
1562 2732 1660 2754 actum.
1678 2742 1697 2747 —
1715 2728 1741 2752 in
1761 2731 1822 2753 actu
1843 2728 1888 2753 Pb.

1467 2765 1498 2797 ω)
1520 2765 1685 2796 inquantum.
1703 2777 1722 2782 -
1740 2767 1770 2788 ut
1789 2763 1890 2788 codices
1910 2768 1935 2788 et
1954 2763 1994 2788 ed.
2013 2771 2038 2788 a.
2056 2777 2076 2783 —
2094 2764 2145 2788 Pro
2164 2766 2245 2793 certa,
2266 2764 2415 2789 necessaria
2434 2764 2462 2789 F.

1468 2800 1514 2832 αα)
1534 2799 1721 2824 necessarium.
1739 2812 1759 2817 -
1778 2805 1880 2824 necesse
1898 2799 1970 2828 FGa,
1986 2799 2133 2824 necessarie
2152 2800 2192 2824 ed.
2212 2799 2235 2824 b.

1468 2834 1509 2868 ββ)
1530 2835 1609 2860 dicto.
1627 2849 1646 2853 -
1663 2835 1747 2859 solum
1768 2835 1837 2859 addit
1855 2834 1886 2859 G.

1466 2871 1510 2904 γγ)
1529 2871 1653 2895 subiecto.
1667 2884 1687 2889 —
1701 2870 1741 2894 rei
1758 2870 1922 2895 substantiae
1936 2871 1964 2900 B,
1981 2877 2010 2894 re
2023 2870 2138 2895 subiecto
2158 2870 2247 2901 CEsA,
2263 2870 2303 2894 rei
2319 2870 2434 2895 subiecto
2447 2869 2478 2901 D,

1413 2906 1454 2931 rei
1471 2906 1553 2931 scitae
1571 2906 1620 2938 pA.

1467 2940 1505 2974 δδ)
1526 2941 1558 2966 ei.
1576 2954 1594 2961 —·
1614 2941 1674 2966 Om.
1694 2941 1834 2973 CEFGpD.

971 3039 1305 3073 Commentarda
1327 3038 1578 3073 cardinalis
1600 3037 1800 3081 Caietam

291 3146 458 3210 Turnus
482 3136 602 3174 clarus,
627 3143 693 3168 tam
717 3136 825 3178 quoad
847 3136 880 3177 ly
902 3136 1041 3177 futura,
1071 3147 1169 3177 quam
1193 3136 1302 3178 quoad
1324 3136 1358 3176 ly

351 3181 580 3221 contingentia.

347 3225 381 3255 In
405 3234 538 3264 corpore
554 3232 708 3266 quatuor:
733 3225 848 3266 primo,
866 3225 1037 3265 respondet
1052 3225 1142 3266 quod
1163 3225 1222 3261 sic;
1247 3234 1357 3255 secun-

290 3270 345 3306 do,
371 3269 540 3310 quomodo
557 3279 594 3299 ex
609 3276 697 3309 parte
714 3269 841 3309 cogniti,
859 3269 915 3299 ibi:
939 3269 992 3299 Aa
1007 3270 1099 3300 cuius
1114 3269 1306 3300 evidentiam
1323 3268 1356 3304 *;

288 3313 395 3349 tertio,
420 3313 589 3353 quomodo
614 3320 644 3344 et
666 3323 764 3354 quare
788 3324 824 3344 ex
854 3319 942 3353 parte
966 3313 1202 3353 cognoscentis,
1231 3313 1290 3343 ibi:
1315 3313 1359 3343 Et

289 3355 406 3393 licet*;
431 3363 562 3398 quarto,
587 3357 717 3396 ponitur
745 3358 910 3399 quoddam
933 3357 1151 3393 corollarium,
1175 3357 1237 3388 ibi:
1266 3357 1358 3387 Unde

288 3401 495 3443 manifestum
520 3406 567 3431 est
588 3401 615 3432 *.
1126 3423 1129 3425 .

347 3447 385 3476 II.
410 3445 527 3483 Quoad
543 3446 700 3485 primum,
719 3446 881 3477 conclusio
905 3445 1089 3486 responsiva
1112 3445 1256 3486 quaesito
1276 3445 1356 3476 affir-

289 3490 404 3521 mative
429 3496 490 3520 est:
515 3489 602 3519 Deus
617 3490 780 3529 cognoscit
795 3490 902 3521 futura
918 3490 1140 3531 contingentia.
1156 3508 1177 3512 -
1191 3490 1355 3521 Probatur.

289 3535 376 3566 Deus
392 3534 449 3565 scit
465 3533 575 3564 omnia
598 3543 664 3563 non
688 3533 794 3564 solum
817 3545 898 3575 quae
918 3541 992 3566 sunt
1015 3541 1096 3570 actu,
1114 3535 1169 3564 sed
1185 3544 1266 3575 quae
1283 3541 1357 3564 sunt

289 3579 322 3609 in
340 3578 482 3619 potentia
506 3587 563 3608 sua
579 3584 610 3608 et
634 3584 807 3608 creaturae:
834 3588 908 3618 ergo
927 3579 984 3610 5611
1002 3579 1109 3610 futura
1133 3578 1356 3619 contingentia.

1414 3153 1434 3158 -
1448 3135 1645 3165 Antecedens
1668 3141 1754 3174 patet
1769 3144 1806 3165 ex
1828 3134 1927 3165 dictis.
1953 3133 2190 3175 Consequentia
2212 3133 2377 3173 probatur:
2402 3133 2477 3174 quia

1414 3180 1570 3220 quaedam
1587 3179 1703 3209 horum
1719 3185 1793 3209 sunt
1808 3178 2022 3218 contingentia
2038 3179 2144 3209 futura
2160 3177 2262 3208 nobis.

1471 3223 1607 3254 Adverte
1631 3223 1719 3263 quod
1742 3223 1800 3253 ista
1825 3223 1960 3259 additio,
1986 3223 2102 3253 scilicet
2125 3221 2230 3259 nobis,
2256 3231 2322 3251 non
2346 3221 2476 3261 ponitur

1414 3274 1450 3298 ut
1471 3267 1632 3303 limitatio,
1657 3273 1712 3297 aut
1735 3267 1876 3298 conditio
1900 3267 2080 3297 diminuens
2103 3266 2259 3296 rationem
2282 3265 2395 3301 futuri;
2420 3265 2475 3296 sed

1413 3319 1449 3343 ut
1468 3311 1644 3342 declaratio.
1660 3312 1748 3342 Haec
1772 3311 1857 3341 enim
1881 3318 1955 3342 sunt
1977 3311 2082 3341 futura
2099 3309 2290 3350 simpliciter,
2308 3309 2382 3350 quia
2401 3316 2475 3340 sunt

1414 3356 1590 3387 secundum
1613 3355 1714 3395 seipsa
1738 3355 1862 3391 futura,
1893 3362 1923 3386 et
1946 3365 2012 3385 non
2035 3361 2159 3385 tantum
2182 3354 2290 3394 quoad
2313 3364 2382 3384 1105.
2412 3353 2474 3384 Sed

1413 3400 1607 3431 declarantur
1622 3399 1728 3430 futura
1752 3399 1944 3439 simpliciter,
1969 3409 2024 3439 per
2047 3398 2153 3429 futura
2172 3397 2281 3434 nobis,
2307 3398 2382 3438 quia
2401 3405 2475 3428 sunt

1412 3445 1518 3475 futura
1534 3444 1710 3474 secundum
1728 3443 1816 3474 illam
1833 3453 2014 3473 mensuram
2030 3442 2214 3478 durationis,
2231 3452 2294 3483 qua
2310 3452 2369 3472 nos
2386 3452 2473 3472 men-

1413 3498 1566 3524 suramur,
1587 3487 1704 3518 scilicet
1727 3488 1903 3518 secundum
1926 3494 2068 3527 tempus;
2094 3493 2124 3517 et
2146 3496 2212 3517 non
2232 3486 2408 3517 secundum
2424 3496 2472 3516 ae-

1412 3533 1598 3568 ternitatem,
1618 3539 1654 3562 ut
1671 3531 1752 3562 infra
1767 3531 1784 3550 *
1800 3531 1928 3571 patebit.

1466 3577 1517 3608 III.
1537 3576 1654 3613 Quoad
1667 3576 1842 3607 secundum
1854 3575 1880 3611 *‚
1898 3581 2063 3615 ponuntur
2079 3575 2144 3605 duo
2161 3574 2250 3605 modi
2266 3574 2381 3615 quibus
2398 3583 2471 3604 con-

2515 358 2523 366 ·
2539 357 2568 379 D.
2582 364 2632 384 44¹·

2513 941 2522 949 ¹
2537 940 2606 968 Resp.
2621 941 2649 962 ad
2666 948 2681 963 ι.

2602 1049 2637 1065 αα

2602 1250 2634 1284 ββ

2599 2167 2632 2192 ΥΥ

2598 2423 2627 2447 δδ

2498 3540 2509 3551 ’
2524 3539 2595 3561 Num.
2610 3546 2642 3567 xi,
2657 3546 2697 3562 ¹11.

2499 3583 2509 3593 ⁸
2525 3582 2558 3604 Cf.
2576 3588 2639 3605 num.
2649 3589 2665 3605 1.
