2768 4178
23 535 33 545 ·
47 533 77 556 D.
91 533 139 562 585.

18 1481 32 1495 ⁴
46 1481 83 1506 Cf.
97 1487 163 1505 nun.
172 1487 213 1504 vn.

18 3604 68 3642 5¹⁰⁰·
75 3607 119 3630 cit.

21 3577 35 3592 ⁴
40 3579 233 3610 Lib.1VPhysic.,

991 243 1259 289 QUAESTIO
1289 245 1343 292 X,
1372 245 1670 283 ARTICULUS
1700 247 1735 283 V

263 333 358 358 vero
385 320 434 358 ad
463 333 599 358 eorum
621 334 704 360 esse
727 322 910 369 naturale,
931 330 1203 359 mensurantur
1222 334 1333 360 aevo.

264 373 343 411 Sed
380 382 568 422 quantum
607 375 657 413 ad
692 375 883 413 visionem
916 374 1080 423 gloriae,
1109 375 1337 425 participant

264 427 538 465 aeternitatem.

317 481 376 517 AD
405 493 598 519 SECUNDUM
625 492 811 518 DICENDUM
831 480 938 529 quod
962 493 1106 519 aevum
1126 488 1182 518 est
1209 489 1334 519 totum

264 532 398 571 simul:
426 546 507 571 non
534 541 665 572 tamen
694 541 750 571 est
776 534 980 571 aeternitas
998 533 1030 582 ³¹⁶,
1059 534 1150 584 quia
1178 547 1335 585 compa-

263 586 352 624 titur
379 599 513 624 secum
540 587 646 636 prius
675 594 713 623 et
738 587 940 635 posterius.

316 641 376 677 An
404 652 565 677 TERTmM
593 651 778 678 mel-:unum
803 641 909 690 quod
937 640 975 677 in
1003 640 1088 689 ipso
1109 653 1192 678 esse
1213 641 1335 690 angeli

262 692 302 729 in
337 705 377 729 se
408 693 669 740 considerato,
699 705 779 730 non
813 701 869 731 est
903 693 1116 731 differentia
1143 695 1336 743 praeteriti

263 752 302 782 et
328 745 459 793 futur1‚
489 746 557 783 sed
585 746 712 783 solum
741 746 956 784 secundum
985 747 1183 785 adiunctas
1212 756 1334 786 muta-

262 798 398 836 tiones.
429 799 507 836 Sed
527 799 633 849 quod
653 799 815 837 dicimus
836 801 1013 849 angelum
1033 813 1116 838 esse
1135 802 1198 839 vel
1218 802 1333 839 fuisse

261 852 325 888 vel
353 852 523 890 futurum
553 864 647 901 esse,
677 853 803 891 differt
830 854 1043 892 secundum
1071 855 1335 904 acceptionem

261 904 472 943 intellectus
499 906 631 953 nostri,
652 907 718 955 qui
737 907 875 957 accipit
894 920 977 945 esse
997 908 1120 956 angeli
1138 921 1208 958 per
1229 921 1334 946 com-

261 958 503 1007 parationem
532 960 580 997 ad
610 960 780 998 diversas
803 968 931 1010 partes
950 961 1146 1011 temporis.
1176 963 1226 999 Et
1245 975 1333 1000 cum

315 1109 345 1143 π)
365 1110 482 1136 nondum
502 1110 637 1143 supponit.
656 1125 676 1129 -
694 1118 746 1136 non
763 1112 960 1144 praesupponit
979 1112 1008 1137 C.

2388 261 2454 287 101

1391 322 1480 360 dicit
1507 325 1686 372 angelum
1724 338 1806 363 esse
1836 328 1898 364 vel
1936 329 2070 377 fuisse,
2102 329 2284 378 supponit
2317 329 2460 378 aliquid

1391 388 1480 413 cum
1509 389 1586 426 quo
1622 378 1702 415 eius
1740 380 1960 428 oppositum
1999 394 2078 419 non
2105 382 2278 420 subditur
2307 382 2459 420 divinae

1389 430 1602 478 potentiae:
1633 443 1721 468 cum
1740 444 1836 469 vero
1857 433 1945 470 dicit
1972 434 2140 472 futurum
2169 448 2264 484 esse,
2285 435 2459 473 nondum

1390 484 1572 532 supponit
1591 490 1610 506 π
1639 484 1793 534 aliquid.
1823 486 1952 534 Unde,
1984 500 2071 525 cum
2100 501 2183 525 esse
2212 497 2249 526 et
2276 501 2355 526 non
2375 501 2458 526 esse

1390 537 1512 584 angeli
1546 537 1666 574 subsit
1693 538 1845 576 divinae
1878 540 2091 589 potentiae,
2126 542 2298 579 absolute
2336 542 2459 579 consi-

1390 589 1583 638 derando,
1616 598 1743 639 potest
1779 593 1885 629 Deus
1920 593 2043 630 facere
2078 595 2183 644 quod
2219 608 2301 632 esse
2335 596 2457 644 angeli

1390 655 1469 680 non
1497 642 1544 680 sit
1571 644 1759 682 futurum:
1789 653 1920 683 tamen
1949 659 2028 684 non
2052 655 2177 696 potest
2200 648 2322 685 facere
2351 649 2457 698 quod

1390 697 1543 786 pon*sit
1571 697 1665 735 dum
1695 705 1762 747 est,
1791 699 1853 736 vel
1882 700 1988 747 quod
2017 713 2096 737 non
2124 701 2234 738 tuerit
2252 709 2456 751 postquam

1405 757 1458 786 uit
1498 778 1506 787 .
2198 776 2206 781 -

1442 805 1502 840 An
1531 815 1705 846 QUARTUM
1733 816 1918 842 mCENDUM
1953 806 2059 855 quod
2096 806 2244 844 duratio
2280 808 2367 845 aevi
2402 815 2457 844 est

1389 856 1546 904 infinita,
1572 857 1662 905 quia
1680 869 1760 894 non
1780 857 1910 895 finitur
1928 866 2112 908 tempore.
2143 860 2206 897 Sic
2225 867 2354 897 autem
2375 873 2456 898 esse

1389 909 1544 958 aliquod
1578 917 1747 947 creatum
1781 910 1993 960 infinitum,
2023 913 2129 961 quod
2162 925 2240 950 non
2273 913 2458 951 finiatur?

1388 963 1560 1011 quodam
1589 963 1675 1011 alio,
1706 976 1785 1001 non
1816 972 1871 1002 est
1899 964 2173 1003 inconveniens
2192 966 2223 1003 ²¹⁵.

1443 1114 1467 1145 ρ)
1487 1115 1558 1145 quod
1577 1121 1629 1139 non
1641 1115 1769 1147 finiatur.
1787 1128 1805 1134 —-
1823 1116 1887 1148 quia
1906 1123 1958 1141 non
1971 1117 2072 1150 finitur
2090 1118 2181 1143 BDFc,
2198 1124 2225 1144 ct
2245 1118 2304 1144 edd.
2324 1119 2373 1149 ab,
2393 1119 2457 1151 quia

1389 1155 1440 1173 non
1454 1148 1564 1182 finitum
1584 1149 1660 1175 ACE.

942 1243 1276 1275 Commentaria
1299 1243 1553 1276 Cardinalis
1575 1245 1776 1278 Caietam

322 1351 431 1373 minus
451 1341 562 1372 clarus.
579 1357 600 1363 -—
616 1340 652 1370 ln
671 1349 806 1380 corpore
822 1340 946 1371 articuli
966 1346 1120 1381 quatuor:
1140 1338 1262 1381 primo,
1283 1350 1333 1371 re-

263 1352 462 1427 Tspondet
491 1384 570 1426 quid
592 1384 626 1414 in
656 1384 719 1415 hoc
743 1384 888 1425 quaesito
917 1385 1057 1421 clarum,
1086 1385 1204 1426 quidve
1226 1385 1333 1426 1ambi-

259 1439 379 1471 gutum
402 1429 554 1465 secundo,
570 1434 682 1459 tractat
699 1429 863 1469 quandam
878 1428 1081 1469 opinionem;
1098 1429 1200 1466 tertio,
1220 1428 1331 1466 aliam;

260 1481 387 1517 quarto,
411 1473 587 1515 propriam,
610 1473 835 1513 respondendo
859 1473 1006 1514 quaesito
1021 1473 1049 1504 *.

316 1519 354 1550 11.
370 1518 488 1556 Quoad
500 1518 659 1558 primum,
677 1517 799 1548 clarum
814 1524 861 1549 est
875 1527 991 1548 aevum
1009 1517 1154 1548 medium
1170 1527 1237 1548 esse
1253 1517 1334 1548 inter

260 1563 477 1596 aeternitatem
492 1568 524 1593 et
538 1567 685 1602 tempus:
710 1562 908 1602 ambiguum,
926 1563 1096 1604 quomodo
1113 1569 1160 1593 est
1178 1562 1332 1598 medium,

259 1614 392 1650 propter
413 1606 654 1638 multitudinem
678 1606 882 1646 opini'onum.

317 1652 369 1684 111.
393 1651 512 1690 Quoad
533 1650 722 1688 secundum,
746 1651 852 1691 primo
868 1651 1001 1692 ponitur
1015 1651 1126 1692 opinio
1142 1651 1249 1682 dicens
1265 1661 1332 1682 me-

260 1697 436 1729 diationem
463 1694 582 1727 attendi
605 1704 703 1736 penes
733 1695 848 1726 habere
871 1695 1065 1736 principium
1089 1702 1120 1727 et
1142 1695 1248 1726 finem.
1279 1695 1333 1726 Se-

209 1760 213 1762 *
260 1741 378 1778 cundo,
402 1740 618 1781 improbatur:
643 1739 718 1780 quia
742 1739 893 1771 mediatio
917 1740 994 1771 haec
1018 1747 1065 1771 est
1091 1750 1148 1781 per
1171 1739 1331 1776 accidens;

260 1792 298 1818 ut
319 1792 415 1827 patet,
440 1784 466 1815 si
489 1783 647 1815 aeviterna
670 1785 825 1824 producta
849 1791 953 1815 essent
975 1785 1014 1815 ab
1038 1791 1175 1816 aeterno.

315 1830 370 1862 lv.
395 1829 514 1867 Quoad
536 1829 678 1866 tertium,
703 1828 809 1869 primo
833 1829 964 1869 ponitur
986 1829 1125 1860 secunda
1147 1829 1270 1870 opinio,
1288 1828 1333 1859 di-

261 1883 334 1907 cens
357 1873 588 1905 mediationem
611 1873 729 1903 attendi
753 1883 851 1913 penes
874 1882 978 1904 carere
1001 1873 1208 1904 innovatione
1232 1880 1263 1904 et
1281 1883 1334 1904 ve-

259 1918 424 1956 teratione,
445 1924 476 1949 et
493 1924 601 1948 tamen
624 1916 738 1948 habere
761 1917 850 1957 prius
874 1923 905 1948 et
927 1917 1099 1958 posterius3
1124 1924 1282 1959 quatenus
1300 1917 1333 1948 in

260 1963 367 2006 primo
391 1961 558 1994 conveniat
581 1971 657 1992 cum
679 1961 870 1998 aeternitate,
895 1968 926 1992 et
948 1961 982 1992 in
1005 1962 1146 1993 secundo
1163 1972 1238 1992 cum
1254 1969 1333 1993 tem-

260 2018 350 2050 pore.
367 2025 387 2030 -
403 2006 563 2043 Secundo,
586 2005 786 2046 improbatur
810 2005 984 2046 dupliciter,
1009 2006 1095 2037 iuxta
1110 2006 1272 2047 duplicem
1287 2007 1333 2037 in-

260 2052 425 2085 tellectum
440 2060 539 2092 quem
554 2049 670 2080 habere
685 2056 806 2090 potest:
827 2050 953 2086 scilicet,
967 2051 1018 2081 vel
1034 2051 1198 2082 referendo
1215 2058 1333 2082 utram-

261 2106 326 2139 que
341 2095 559 2128 conditionem
575 2094 615 2125 ad
633 2094 742 2135 ipsum
755 2103 886 2131 aevum;
911 2095 962 2125 vel
976 2094 1141 2126 referendo
1160 2096 1334 2126 secundam

262 2141 302 2173 ad
325 2150 451 2177 aevum,
475 2145 506 2170 et
529 2138 667 2180 primam
690 2139 730 2169 ad
753 2138 949 2170 aeviternum
971 2146 1192 2170 mensuratum
1215 2150 1304 2171 aevo.

317 2185 440 2217 Contra
461 2183 604 2224 primum
632 2192 763 2214 sensum
785 2182 888 2223 arguit
916 2183 969 2214 sic.
1001 2183 1093 2214 Prius
1122 2190 1153 2215 et
1175 2185 1333 2224 posterius

261 2229 440 2261 secundum
463 2227 666 2259 durationem
687 2237 754 2258 non
778 2234 883 2268 potest
906 2237 973 2258 esse
996 2227 1111 2258 simul:
1136 2238 1226 2268 ergo,
1251 2238 1333 2260 rece-

261 2274 356 2305 dente
374 2273 490 2314 priore,
515 2272 554 2303 de
577 2282 665 2302 novo
688 2271 816 2302 advenit
838 2272 1012 2313 posterius:
1038 2282 1124 2313 ergo,
1149 2273 1175 2303 si
1197 2273 1230 2303 in
1254 2283 1332 2304 aevo

261 2325 308 2350 est
322 2317 411 2359 prius
431 2323 462 2348 et
480 2316 648 2357 posterius,
665 2315 722 2347 erit
741 2316 905 2347 innovatio
922 2323 953 2348 et
972 2316 1166 2349 inveteratio.
1180 2334 1199 2341 -
1212 2317 1334 2349 Contra

261 2362 440 2394 secundum
463 2361 516 2393 sic.
542 2361 751 2392 Aeviternum
773 2371 831 2392 nec
855 2367 902 2392 est
923 2361 1115 2398 innovabile‚
1133 2372 1191 2393 nec
1213 2362 1332 2393 invete-

260 2407 373 2438 rabile:
398 2416 474 2447 ergo
498 2412 545 2437 est
566 2405 858 2436 intransmutabile:
883 2415 958 2446 ergo
982 2416 1131 2437 mensura
1158 2406 1226 2437 eius
1251 2414 1334 2438 caret

260 2451 366 2493 priore
390 2458 422 2482 et
443 2449 627 2491 posteriore.
656 2450 856 2481 Antecedens
884 2457 931 2481 est
952 2457 1058 2481 tuum.
1089 2451 1195 2481 Prima
1223 2461 1332 2482 conse-

260 2495 392 2538 quentia
421 2501 453 2526 et
480 2501 566 2535 patet
589 2504 626 2525 ex
649 2504 699 2531 se,
725 2500 756 2525 et
778 2494 932 2535 probatur
955 2505 992 2526 ex
1016 2495 1058 2526 IV
1081 2496 1228 2536 Phyxia:
1257 2496 1333 2537 quia

260 2539 540 2572 transmutabilitas
564 2545 612 2569 est
634 2538 763 2579 propria
786 2548 880 2569 causa
902 2538 1154 2576 inveterationis;
1187 2550 1262 2580 ergo
1286 2540 1332 2570 in-

260 2583 541 2616 transmutabilitas
556 2593 623 2614 non
646 2582 890 2619 inveterationis,
907 2583 994 2614 iuxta
1008 2583 1098 2621 illud,
1112 2585 1142 2615 si
1155 2584 1332 2625 affirmatio

228 2646 234 2653 ·
262 2634 309 2661 est
331 2637 432 2659 causa
455 2627 719 2669 affirmationis*
742 2633 800 2658 etc.
830 2627 975 2658 Secunda
1001 2638 1077 2659 vero
1107 2629 1333 2670 consequentia

262 2674 415 2715 probatur
430 2681 467 2702 ex
483 2672 525 2703 IV
540 2672 690 2712 Physic..·
712 2671 789 2712 quia
803 2672 1083 2703 transmutabilitas
1098 2674 1271 2704 mensurati
1287 2680 1333 2704 est

262 2727 358 2749 causa
375 2716 489 2757 prioris
508 2722 539 2746 et
557 2715 741 2756 posterioris
763 2715 797 2746 in
821 2726 985 2753 mensura;
1010 2727 1085 2757 ergo
1109 2717 1334 2748 intransmuta-

262 2761 366 2793 bilitas
385 2760 443 2792 erit
466 2770 561 2791 causa
582 2759 760 2800 negationis
783 2760 898 2801 prioris
914 2767 945 2792 et
959 2761 1144 2802 posterioris
1159 2762 1192 2792 in
1212 2762 1332 2799 eadem,

262 2806 350 2838 iuxta
372 2805 507 2836 eandem
529 2804 676 2835 radicem.

317 2850 358 2882 V.
375 2849 468 2881 Circa
487 2849 544 2879 has
563 2841 710 2885 rationes,
728 2849 853 2879 adverte
874 2850 964 2890 quod
982 2849 1106 2887 Scotus,
1123 2850 1157 2880 in
1173 2850 1331 2887 Secundo,

262 2895 334 2926 dist.
350 2905 383 2931 11,
400 2904 455 2935 qu.
470 2904 503 2930 11,
519 2893 601 2924 hanc
617 2893 804 2933 opinionem
822 2903 889 2924 non
905 2894 1061 2935 sequitur:
1086 2895 1208 2925 solvere
1227 2901 1333 2925 tamen

262 2939 372 2970 nititur
394 2939 451 2969 has
472 2937 610 2968 rationes
624 2937 754 2974 litterae,
772 2937 972 2972 defendendo
992 2939 1170 2969 secundum
1193 2949 1332 2975 sensum,

263 2984 341 3014 dans
365 2982 547 3023 exemplum
571 2982 625 3013 sic.
650 2982 683 3012 Si
706 2989 878 3022 poneretur
900 2992 973 3014 caro
988 2993 1054 3013 non
1076 2983 1195 3013 habens
1211 2990 1333 3024 partem

262 3034 295 3058 et
315 3033 439 3067 partem
461 3027 520 3057 sub
545 3026 736 3068 quantitate,
761 3033 838 3057 tunc
860 3026 891 3056 in
916 3037 1065 3058 mensura
1089 3034 1192 3058 essent
1214 3034 1332 3068 partes,

263 3078 295 3102 et
316 3081 383 3102 non
406 3070 440 3101 in
463 3081 502 3101 eo
526 3072 616 3102 cuius
641 3077 732 3101 esset.
756 3071 799 3101 Et
822 3071 867 3101 sic
888 3071 922 3101 in
945 3072 1123 3112 proposito,
1140 3082 1208 3102 esse
1230 3072 1333 3112 angeli

263 3122 310 3146 est
332 3115 452 3155 absque
474 3115 699 3146 innovatione:
725 3121 756 3145 et
777 3121 885 3146 tamen
907 3125 1057 3146 mensura
1078 3123 1124 3147 est
1146 3117 1331 3147 successiva.

262 3159 356 3190 Unde
373 3159 413 3189 ad
428 3158 585 3190 rationem
607 3159 724 3190 factam
743 3159 858 3190 directe
877 3166 987 3191 contra
1005 3160 1077 3197 hoc,
1094 3161 1266 3201 respondet
1279 3170 1332 3191 ne-

262 3203 385 3244 gando,
410 3202 443 3233 in
471 3203 638 3240 sententia,
667 3204 757 3245 quod
784 3204 1063 3235 transmutabilitas
1092 3205 1266 3236 mensurati
1294 3205 1333 3236 sit

262 3247 402 3289 praecisa
426 3257 519 3278 causa
541 3247 749 3279 successionis
772 3247 806 3278 in
829 3257 989 3279 mensura.

317 3291 370 3323 VI.
393 3291 456 3322 Sed
480 3298 598 3328 contra,
621 3291 699 3323 haec
722 3292 889 3333 responsio
912 3292 1003 3323 fadle
1027 3292 1225 3323 convincitur
1244 3292 1331 3329 falsa,

262 3342 333 3367 tum
356 3335 400 3366 ad
423 3335 594 3374 hominem,
618 3342 689 3367 tum
711 3337 908 3377 simpliciter.
932 3336 985 3367 Ad
1006 3337 1164 3367 hominem
1189 3337 1331 3378 quidem,

261 3380 338 3421 quia
361 3379 386 3410 si
409 3379 566 3410 successio
589 3379 623 3410 in
646 3390 795 3412 mensura
810 3387 870 3412 stat
886 3391 961 3411 cum
975 3380 1153 3411 mutatione
1169 3387 1200 3411 et
1214 3382 1331 3412 immu-

260 3424 380 3455 tatione
399 3422 520 3464 pr‘oprii
543 3423 684 3461 subiecti,
701 3435 757 3456 seu
780 3425 963 3462 mensurati,
984 3435 1059 3465 ergo
1082 3435 1212 3465 arguere
1228 3435 1246 3456 a
1261 3435 1331 3456 suc-

261 3468 403 3500 cessione
428 3477 595 3498 mensurae
618 3468 658 3498 ad
680 3469 977 3501 transmutationem
1000 3469 1132 3500 subiecti
1148 3479 1215 3500 non
1238 3470 1330 3506 valet,

261 3513 317 3543 sed
333 3519 380 3543 est
395 3512 558 3553 sophisma
574 3511 813 3553 Consequentis.
828 3514 891 3545 Sed
905 3514 973 3555 ipse
989 3514 1104 3545 Scotus
1119 3513 1239 3544 ibidem
1254 3513 1331 3545 fate-

260 3563 313 3588 tur
328 3557 417 3598 quod
440 3557 493 3587 ille
516 3566 684 3597 processus
707 3563 754 3588 est
776 3558 891 3594 bonus,
908 3565 939 3589 et
954 3558 993 3588 ab
1008 3557 1120 3589 effectu
1136 3558 1176 3588 ad
1191 3568 1328 3589 causam.

260 3601 357 3642 Ergo.
378 3619 402 3624 ·—
425 3601 466 3632 Et
489 3599 710 3631 confirmatur:
741 3601 817 3642 quia
843 3602 1027 3633 Aristoteles
1055 3612 1133 3633 usus
1157 3609 1204 3634 est
1225 3602 1281 3633 illo
1297 3602 1328 3638 *,

1387 1350 1445 1372 nec
1468 1351 1635 1381 processus
1658 1342 1778 1373 litterae
1802 1350 1848 1374 est
1871 1344 1951 1375 alius
1975 1345 2013 1375 ab
2037 1345 2111 1381 illo;
2139 1346 2164 1376 si
2188 1347 2273 1377 enim
2298 1349 2455 1380 successio

1387 1391 1434 1416 est
1455 1385 1489 1415 in
1512 1395 1671 1423 mensura,
1689 1387 1832 1424 dicimus,
1859 1398 1938 1429 ergo
1962 1390 1995 1419 in
2020 1396 2216 1428 mensurato,
2234 1392 2307 1432 quia
2323 1393 2455 1424 variatio

1387 1430 1560 1461 mensurati
1579 1437 1626 1461 est
1646 1441 1740 1462 causa
1761 1432 1970 1463 successionis
1992 1433 2024 1463 in
2046 1443 2202 1466 mensura.
2226 1436 2345 1467 Mirum
2365 1437 2456 1468 valde

1387 1480 1434 1504 est
1449 1474 1488 1504 de
1504 1474 1566 1505 hoc
1586 1474 1728 1512 homine,
1748 1486 1823 1506 cum
1842 1477 2044 1508 eandemmet
2062 1478 2227 1516 rationem,
2245 1481 2320 1521 quia
2335 1481 2455 1513 Aristo·

1386 1518 1474 1555 telis,
1499 1519 1655 1560 approbat
1663 1528 1670 1556 ;
1695 1520 1820 1561 quia‘s.
1837 1521 2001 1558 Thomae,
2026 1522 2195 1563 improbat.
2225 1525 2266 1555 Et
2289 1532 2456 1566 propterea

1387 1572 1512 1594 necesse
1536 1570 1583 1594 est
1600 1570 1634 1595 ut
1652 1571 1708 1595 aut
1730 1565 1994 1606 approbationem
2017 1573 2072 1597 aut
2090 1567 2358 1608 improbationem
2381 1580 2456 1611 pro-

1387 1617 1490 1648 priam
1513 1614 1615 1648 neget.

1442 1651 1638 1693 Simpliciter
1660 1660 1778 1690 autem,
1799 1654 1954 1695 quoniam
1977 1655 2166 1687 indivisibile
2189 1656 2386 1698 impossibile
2410 1665 2457 1690 est

1387 1696 1477 1737 quod
1500 1696 1688 1728 certificetur
1711 1707 1747 1728 ex
1770 1698 1906 1738 propriis
1929 1709 1986 1739 per
2009 1699 2183 1731 divisibile:
2209 1711 2283 1742 ergo
2307 1702 2455 1743 impossi-

1387 1740 1450 1771 bile
1473 1741 1563 1782 quod
1586 1749 1787 1772 mensuretur
1808 1752 1865 1783 per
1886 1742 1975 1774 illud.
1998 1761 2018 1766 -
2040 1744 2082 1774 Et
2104 1751 2189 1776 tenet
2212 1747 2355 1787 sequela:
2381 1747 2455 1789 quia

1388 1795 1536 1816 mensura
1559 1792 1606 1816 est
1629 1785 1809 1817 certificatio
1837 1788 2019 1819 mensurati.
2050 1790 2247 1820 Antecedens
2270 1801 2346 1821 vero
2370 1798 2456 1832 patet

1387 1829 1420 1859 in
1436 1830 1583 1870 exemplo
1607 1838 1684 1861 suo:
1708 1840 1876 1871 nunquam
1900 1831 1986 1862 enirn
2005 1832 2135 1864 sciretur
2154 1841 2272 1874 quanta
2287 1842 2367 1866 esset
2383 1845 2454 1867 caro

1387 1873 1586 1918 indivisibilis
1601 1884 1658 1915 per
1673 1874 1883 1915 quantitatem
1898 1875 2096 1913 divisibilem,
2122 1878 2147 1907 si
2164 1878 2231 1909 eius
2247 1886 2336 1910 esset.
2362 1880 2454 1911 Unde

1388 1925 1419 1949 et
1434 1918 1473 1948 de
1490 1918 1573 1949 facto
1597 1928 1653 1959 per
1675 1919 1885 1960 quantitatem
1905 1920 2082 1960 specierum
2105 1922 2137 1952 in
2161 1923 2367 1960 Eucharisfia,
2388 1934 2454 1955 non

1388 1969 1589 1994 mensuratur
1605 1972 1721 2003 corpus
1738 1963 1865 2000 Christi,
1885 1964 1960 2005 quia
1979 1975 2046 1995 non
2063 1972 2109 1996 est
2124 1966 2183 1997 sub
2199 1976 2235 1997 ea
2250 1967 2452 2000 divisibiliter.

1387 2007 1428 2038 Et
1442 2007 1529 2038 idem
1545 2014 1591 2038 est
1606 2007 1761 2038 iudicium
1775 2007 1809 2038 in
1827 2008 2002 2049 quantitate
2026 2010 2210 2041 durationis.
2236 2011 2268 2042 Si
2285 2012 2370 2042 enim
2386 2012 2454 2053 ipsa

1387 2058 1434 2082 est
1450 2058 1585 2088 extensa,
1610 2061 1778 2093 nunquam
1800 2053 2034 2084 mensurabitur
2056 2053 2246 2085 indivisibile
2266 2062 2297 2086 et
2314 2056 2454 2087 inexten-

1387 2106 1461 2126 sum
1475 2095 1653 2126 secundum
1667 2096 1882 2127 durationem:
1903 2098 2071 2137 quomodo
2087 2098 2172 2129 enim
2186 2099 2300 2130 scietur
2311 2100 2354 2131 sic
2370 2100 2454 2132 illius

1388 2140 1512 2171 duratio
1535 2140 1706 2176 naturalis,
1735 2140 1830 2171 etiam
1858 2140 1935 2181 fingi
1965 2151 2032 2172 non
2054 2149 2169 2182 potest.
2201 2143 2337 2184 Oportet
2359 2145 2455 2185 igitur

1388 2195 1554 2215 mensurae
1578 2191 1722 2215 extensae
1745 2185 1936 2225 respondere
1963 2193 2183 2217 mensuratum
2211 2195 2394 2225 extensum,
2425 2195 2455 2220 et

1387 2228 1567 2269 indivisibili
1591 2228 1789 2265 indivisibile,
1813 2235 1850 2260 ut
1871 2229 1973 2260 littera
1996 2240 2033 2260 ex
2055 2231 2225 2262 Aristotele
2249 2233 2385 2264 deducit.

1442 2273 1510 2305 VII.
1536 2273 1654 2311 Quoad
1680 2278 1831 2314 quartum
1851 2273 1882 2310 *,
1908 2274 2071 2306 conclusio
2099 2276 2282 2316 responsiva
2310 2277 2453 2318 quaesito

1388 2325 1450 2349 est:
1475 2320 1603 2349 Aevum
1619 2324 1665 2348 est
1680 2317 1824 2348 medium
1842 2317 1923 2349 inter
1945 2319 2160 2350 aeternitatem
2176 2326 2206 2351 et
2224 2327 2360 2361 tempus,
2379 2322 2454 2362 quia

1388 2369 1434 2393 est
1456 2362 1664 2398 immutabile,
1681 2362 1882 2393 mutabilitati
1898 2368 2004 2393 tamen
2020 2363 2238 2396 coniunctum.
2253 2366 2453 2396 —·Probatur.

1386 2407 1563 2438 Aeternitas
1587 2413 1633 2438 est
1655 2406 1784 2447 propria
1806 2416 1955 2437 mensura
1978 2417 2045 2438 esse
2068 2408 2204 2439 totaliter
2223 2410 2452 2449 permanentis:

1387 2461 1462 2492 ergo
1490 2461 1587 2492 penes
1610 2460 1769 2482 recessum
1792 2461 1810 2481 a
1832 2451 2067 2491 permanentia,
2096 2453 2266 2483 attenditur
2293 2454 2453 2494 elongatio

1387 2497 1425 2526 ab
1458 2496 1656 2526 aeternitate:
1687 2504 1761 2536 ergo
1791 2495 1944 2531 mutatio,
1976 2501 2031 2526 aut
2059 2496 2229 2527 mutationi
2257 2498 2451 2534 subiectum,

1387 2540 1524 2571 maxime
1543 2540 1659 2571 recedit
1677 2540 1716 2569 ab
1739 2539 1820 2579 ipsa:
1846 2549 1920 2579 ergo
1936 2539 2080 2570 medium
2096 2547 2143 2571 est
2157 2540 2366 2578 immutabile,
2381 2552 2452 2573 mu·

1386 2584 1498 2616 tationi
1516 2591 1622 2615 tamen
1642 2593 1801 2614 annexum
1817 2590 1887 2614 actu
1903 2583 1953 2614 vel
1967 2584 2118 2624 potentia.
2143 2585 2231 2616 Patet
2253 2586 2390 2616 secunda
2407 2597 2452 2617 se-

1387 2629 1497 2670 quela:
1522 2628 1597 2669 quia
1613 2627 1748 2658 mutatio
1763 2627 1998 2668 permanentiae
2022 2628 2198 2669 opponitur
2217 2629 2341 2667 directe,
2359 2637 2390 2661 et
2403 2641 2453 2661 ae-

1387 2673 1515 2704 ternitas
1538 2673 1606 2713 ipsa
1622 2682 1679 2702 nec
1698 2671 1833 2702 mutatio
1850 2678 1905 2708 est,
1922 2682 1980 2703 nec
1995 2673 2208 2704 mutationem
2223 2674 2337 2715 quovis
2351 2675 2451 2705 modo

1387 2727 1497 2748 secum
1521 2716 1722 2756 compatitur.
1747 2716 1866 2747 Ultima
1885 2722 2001 2753 autem,
2019 2726 2093 2747 cum
2117 2716 2234 2754 ceteris,
2253 2718 2333 2749 clare
2356 2726 2450 2759 patet.

1442 2761 1524 2792 V111.
1549 2761 1584 2791 In
1608 2760 1816 2801 responsione
1839 2761 1879 2790 ad
1902 2760 2052 2801 primum,
2078 2762 2202 2792 adverte
2226 2763 2315 2803 quod
2338 2763 2452 2794 Scotus

1387 2805 1490 2845 arguit
1513 2811 1621 2836 contra
1636 2810 1775 2845 quatuor
1797 2804 2042 2845 propositiones.
2067 2805 2172 2836 Pn‘ma
2187 2813 2234 2837 est
2249 2806 2450 2838 affirmativa:

1387 2850 1588 2890 operationes
1611 2849 1718 2889 angeli
1741 2854 1974 2879 mensurantur
1996 2855 2147 2890 tempore.
2171 2850 2314 2881 Secunda
2337 2859 2383 2882 est
2398 2861 2451 2882 ne-

1386 2893 1505 2934 gativa,
1529 2893 1701 2924 virtualiter
1723 2892 1845 2923 inclusa
1865 2893 1900 2923 in
1923 2894 2146 2933 praecedente:
2170 2896 2372 2934 operationes
2394 2905 2451 2926 an-

1386 2938 1453 2979 geli
1476 2947 1538 2968 non
1563 2942 1796 2968 mensurantur
1822 2947 1910 2968 aevo.
1940 2938 2047 2969 Tertia
2074 2945 2121 2969 est
2143 2938 2340 2969 affirmativa:
2373 2941 2451 2970 visio

1386 2983 1479 3013 beata
1510 2983 1542 3012 in
1571 2981 1699 3022 angelis
1722 2987 1932 3012 mensuratur
1959 2983 2149 3013 aeternitate
2172 2984 2378 3023 participata.
2410 2984 2451 3014 Et

1387 3027 1445 3057 hae
1469 3035 1581 3056 omnes
1604 3025 1761 3056 habentur
1787 3026 1820 3056 in
1844 3026 1902 3056 hac
1926 3026 2132 3066 responsione
2160 3027 2200 3056 ad
2223 3026 2384 3066 primum,
2415 3033 2451 3057 ut

1386 3077 1473 3112 patet
1490 3070 1523 3100 in
1542 3070 1652 3100 littera.
1677 3070 1797 3107 Quarta
1819 3080 1895 3100 vero
1919 3070 2014 3101 etiam
2033 3070 2217 3101 affirmativa
2232 3077 2292 3101 est:
2318 3081 2386 3102 esse
2402 3081 2451 3102 re—

1387 3125 1459 3146 rum
1482 3114 1715 3155 generabilium
1740 3119 1949 3145 mensuratur
1971 3120 2130 3155 tempore:
2152 3115 2229 3145 haec
2252 3115 2385 3145 enimin
2404 3125 2450 3145 re-

1387 3159 1560 3200 sponsione
1577 3158 1616 3188 ad
1632 3158 1784 3188 ultimum
1806 3158 1928 3189 articuli
1942 3159 2154 3199 praecedentis
2168 3158 2195 3195 *,
2220 3165 2250 3189 ct
2265 3159 2298 3188 in
2318 3169 2450 3199 corpore

1386 3203 1481 3234 huius
1505 3202 1608 3243 posita
1630 3209 1693 3238 est,
1723 3212 1799 3233 cum
1822 3202 1943 3233 dictum
1971 3209 2017 3233 est
2045 3203 2134 3244 quod
2162 3209 2227 3233 tam
2250 3203 2282 3233 id
2305 3204 2394 3243 quod
2417 3203 2450 3233 in

1385 3247 1648 3279 transmutatione
1672 3246 1823 3283 consistit,
1846 3247 1926 3277 idest
1948 3253 2065 3283 motus,
2091 3256 2189 3287 quam
2211 3247 2244 3276 id
2266 3248 2355 3288 quod
2379 3257 2450 3278 mu-

1385 3291 1497 3323 tationi
1520 3290 1693 3327 subiicitur,
1713 3291 1802 3331 quod
1826 3290 2004 3331 experimur
2027 3301 2093 3321 esse
2117 3297 2263 3321 nostrum
2286 3301 2352 3322 esse
2377 3292 2451 3322 sub-

1386 3335 1537 3371 stantiale,
1562 3341 1706 3375 tempore
1729 3341 1938 3366 mensuratur.

1439 3381 1492 3410 IX.
1511 3378 1626 3419 Arguit
1641 3389 1716 3419 ergo
1735 3379 1851 3420 primo,
1868 3379 1901 3409 in
1917 3379 1943 3409 II
1960 3379 2060 3417 Sent.,
2081 3378 2149 3409 dist.
2165 3389 2197 3415 11,
2215 3388 2268 3419 qu.
2285 3389 2326 3415 rv,
2343 3386 2451 3410 contra

1385 3424 1557 3455 secundam
1579 3423 1843 3463 propositionem,
1868 3423 2034 3463 probando
2056 3422 2140 3452 illius
2164 3423 2449 3460 contradictoriam,

1385 3478 1483 3510 quam
1506 3474 1591 3498 tenet
1614 3474 1650 3498 ut
1671 3477 1788 3504 veram,
1814 3467 1942 3503 scilicet,
1967 3467 2168 3507 operationes
2190 3468 2302 3508 angeli
2325 3477 2450 3498 mensu-

1385 3518 1503 3544 rantur
1517 3521 1609 3549 aevo,
1624 3511 1794 3552 tripliciter.
1819 3512 1928 3541 Primo
1952 3511 2005 3541 sic.
2030 3511 2107 3541 Esse
2131 3517 2162 3541 et
2184 3511 2327 3551 operatio
2349 3512 2451 3552 angeli

1384 3558 1500 3588 habent
1523 3555 1718 3586 uniformem
1745 3556 1882 3586 modum
1912 3555 2061 3585 manendi
2086 3555 2164 3585 dum
2196 3562 2345 3586 manent:
2375 3566 2450 3596 ergo

1384 3601 1500 3632 habent
1516 3610 1698 3631 mensuram
1714 3600 1857 3631 eiusdem
1872 3599 2011 3630 rationis.
2036 3599 2233 3630 Antecedens
2250 3606 2351 3640 patet:
2376 3600 2452 3640 quia

2484 757 2495 767 ⁸
2509 756 2538 778 D·
2552 763 2609 785 499-

2485 972 2494 982 ·
2509 972 2538 994 D.
2553 972 2604 1001 736.

2482 2283 2490 2291 ·
2506 2281 2542 2303 Cf.
2558 2287 2622 2303 num.
2632 2288 2650 2303 ι.

2478 3165 2487 3173 ·
2507 3163 2543 3185 Cf.
2562 3163 2595 3184 ibi
2617 3163 2691 3185 Com-

2478 3194 2549 3212 ment.
2560 3195 2624 3211 num.
2636 3196 2667 3211 ιν.
