2768 4178
326 290 407 336 454

992 292 1259 340 QUAESTIO
1289 293 1428 339 XLIII,
1458 291 1756 329 ARTICULUS
1784 291 1871 328 VIII

1115 446 1433 489 ARTICULUS
1463 446 1736 488 OCTAVUS

429 542 585 573 UTRUM
608 541 755 572 NULLA
777 540 975 571 PERSONA
997 518 1403 571 DIVINA‘MITTATUR
1425 540 1506 571 NISI
1529 541 1585 571 AB
1609 541 1667 571 EA
1690 543 1719 571 A
1743 541 1835 578 QuA
1858 540 2078 572 PRocssmT
2102 540 2441 571 AETERNALITER

736 620 746 644 1
766 620 848 650 Sent.‚
870 620 929 644 dist.
945 627 988 653 vxv,
1009 626 1052 652 qu.
1071 625 1115 648 1113
1136 618 1177 643 De
1197 619 1264 649 Por„
1284 626 1329 651 qu.
1347 626 1371 648 x,
1391 623 1438 644 art.
1457 626 1482 650 4,
1503 620 1535 644 ad
1558 627 1601 651 143
1625 619 1727 644 Contra
1746 627 1852 644 errores
1874 621 1979 648 Graec„
1999 627 2055 652 cap.
2073 626 2125 644 xlv,

372 720 431 743 )x'“

407 757 415 765 ι

402 772 409 779 ι

374 738 401 753 ἢ.
455 724 511 754 ssa<
530 728 533 729 ⁷
549 721 572 745 D
593 720 764 746 OCTAVUM
784 720 837 745 stc
857 719 1095 744 moenum-uk.
1116 706 1276 744 Videtur
1298 703 1404 755 quod

366 750 469 817 ‘QVA
477 727 531 809 fe(
550 762 650 798 nulla
669 763 839 798 Persona
864 761 992 798 divina
1017 760 1184 797 mittatur
1198 759 1268 796 nisi
1288 761 1337 796 ab
1358 772 1403 796 ea

356 794 479 873 ,flam
490 797 573 857 ’ὃ
601 827 677 863 qua
704 814 873 863 procedit
902 813 1147 851 aeternaliter.
1179 813 1292 861 Quia,
1309 812 1404 849 sicut

101 864 311 914 '0022153'33223
397 842 495 902 ἐς’ἶθ’)
510 857 639 905 dicit
667 868 916 916 Augustinus,
947 867 999 904 IV
1026 867 1071 903 de
1103 868 1139 903 T
1134 867 1206 903 rin.
1227 865 1263 914 ³⁶,
1291 867 1406 903 Pater

99 919 301 946 A'i“”·²⁶³¹'·¹v·
338 935 362 960 a
391 922 492 960 nullo
521 922 686 968 mittitur,
717 922 805 969 quia
824 933 848 958 a
868 920 969 957 nullo
998 926 1061 957 est.
1092 919 1132 957 Si
1161 931 1250 967 ergo
1279 919 1405 968 aliqua

339 977 508 1013 Persona
536 974 664 1013 divina
692 974 848 1010 mittitur
874 974 922 1010 ab
951 974 1034 1021 alia,
1065 980 1215 1022 oportet
1237 972 1342 1021 quod
1362 972 1407 1009 sit

340 1030 387 1066 ab
415 1028 487 1065 illa.

394 1093 428 1118 2.
459 1080 698 1126 PRAETEREA,
732 1079 883 1116 mittens
915 1079 1030 1117 habet
1058 1078 1321 1116 auctoritatem
1350 1091 1406 1115 re-

340 1141 470 1183 spectu
498 1133 614 1171 missi.
646 1133 723 1170 Sed
751 1140 924 1181 respectu
944 1132 1095 1170 divinae
1114 1133 1307 1169 Personae
1328 1145 1407 1169 non

338 1195 463 1236 potest
489 1186 621 1224 haberi
650 1185 850 1223 auctoritas
878 1186 948 1223 nisi
976 1186 1189 1223 secundum
1210 1185 1405 1234 originem.

198 1251 214 1267 α
339 1241 441 1288 Ergo
462 1247 611 1289 oportet
631 1239 736 1288 quod
756 1239 884 1276 divina
898 1240 1068 1277 Persona
1082 1246 1100 1261 α
1119 1251 1218 1288 quae
1238 1239 1405 1287 mittitur,

339 1293 385 1330 sit
412 1306 434 1330 a
462 1295 631 1330 Persona
659 1292 839 1330 mittente.

395 1348 429 1384 3.
458 1348 692 1394 PRAETEREA,
713 1346 742 1382 si
761 1347 931 1382 Persona
949 1345 1078 1383 divina
1096 1353 1222 1395 potest
1245 1346 1340 1383 mitti
1359 1346 1406 1382 ab

199 1401 214 1434 β
341 1412 387 1437 eo
407 1412 430 1437 a
449 1413 526 1450 quo
547 1411 626 1437 non
654 1406 727 1447 est,
756 1398 847 1436 nihil
874 1399 1090 1448 prohibebit
1118 1399 1242 1437 dicere
1268 1399 1373 1448 quod
1391 1398 1408 1428 β

342 1453 500 1501 Spiritus
529 1454 690 1490 Sanctus
719 1452 828 1489 detur
861 1453 907 1490 ab
933 1452 1104 1500 homine,
1125 1453 1302 1502 quamvis
1330 1464 1409 1490 non

341 1507 387 1544 sit
414 1508 462 1544 ab
492 1519 549 1544 eo.
581 1505 698 1553 Quod
727 1513 782 1542 est
811 1513 941 1543 contra
968 1506 1236 1554 Augustinum,
1266 1507 1338 1543 XV
1364 1506 1410 1544 de

103 1566 111 1574 ·
128 1564 186 1591 cap.
202 1569 265 1586 xm·
345 1561 381 1597 T
377 1560 448 1597 rin.
468 1559 488 1581 '¹‘
516 1561 618 1607 Ergo
647 1558 776 1597 divina
794 1559 966 1596 Persona
992 1572 1071 1596 non
1095 1559 1251 1596 mittitur
1269 1559 1340 1596 nisi
1360 1560 1408 1597 ab

343 1626 388 1650 ea
416 1625 438 1650 a
466 1625 543 1661 qua
571 1620 637 1650 est.

397 1667 471 1703 SED
500 1677 643 1703 CONTRA
670 1677 736 1702 EST
764 1665 870 1714 quod
898 1665 1012 1702 Filius
1040 1665 1197 1702 mittitur
1220 1678 1242 1702 a
1269 1665 1409 1714 Spiritu

104 1724 112 1731 ·
128 1721 242 1784 vers-7¹⁶·
344 1720 496 1766 Sancto,
522 1718 734 1756 secundum
759 1718 849 1756 illud
869 1718 988 1755 Isaiae
1006 1730 1115 1755 XLvm
1134 1718 1170 1755 *ε
1198 1719 1250 1755 Et
1275 1731 1376 1756 nunc
1394 1724 1409 1746 ⁷

343 1773 442 1809 misit
468 1784 529 1813 me
555 1772 743 1809 Dominus
774 1773 894 1817 Deus,
924 1777 961 1808 et
986 1772 1145 1820 Spiritus
1173 1772 1260 1809 eius.
1293 1772 1408 1809 Filius

343 1833 472 1863 autem
505 1838 583 1862 non
613 1833 668 1862 est
696 1838 718 1862 a
748 1825 888 1874 Spiritu
921 1825 1080 1862 Sancto:
1108 1825 1210 1873 Ergo
1239 1825 1410 1862 Persona

344 1879 472 1916 divina
499 1878 657 1915 mittitur
683 1878 731 1915 ab
761 1891 806 1915 ea
834 1891 856 1915 a
884 1890 961 1926 qua
989 1890 1067 1915 non
1097 1885 1162 1915 est.

396 1933 622 1969 RESPONDEO
641 1943 825 1969 monimum
840 1931 947 1980 quod
962 1931 1060 1968 circa
1075 1932 1150 1968 hoc
1164 1931 1408 1968 inveniuntur

343 1985 456 2034 aliqui
485 1985 741 2023 diversimode
769 1984 884 2022 locuti
913 1997 1007 2022 esse.
1044 1985 1266 2022 Secundum
1295 1997 1409 2034 quos-

343 2038 433 2076 dam
462 2038 576 2086 enim,
604 2039 776 2075 Persona
804 2037 932 2075 divina
964 2050 1042 2075 non
1071 2037 1229 2075 mittitur
1260 2038 1331 2075 nisi
1359 2038 1407 2075 ab

383 2153 423 2195 ἀ)
438 2153 530 2178 divina
548 2153 675 2178 Persona.
692 2165 711 2173 —
729 2152 807 2186 origo
820 2152 954 2178 Personae
966 2153 995 2182 B,
1009 2152 1088 2185 origo
1101 2152 1209 2178 divinae
1223 2153 1356 2178 Personae
1369 2161 1410 2178 ce-

343 2194 434 2284 ζῃβῗῐ
443 2189 539 2249 ιῗὶὲὲνῖ·
555 2224 634 2257 quod.
651 2238 671 2243 —
688 2224 769 2249 etiam
794 2223 891 2248 addunt
908 2222 1061 2255 ACDEFG;
1087 2223 1149 2248 item
1168 2223 1189 2248 B
1208 2228 1268 2257 post
1292 2223 1410 2256 Spiritus

366 2262 468 2284 anctus.

1459 719 1505 744 eo
1526 720 1548 744 a
1567 719 1646 756 quo
1667 715 1722 744 est
1741 708 1986 745 aeternaliter.
2008 709 2057 745 Et
2071 707 2285 744 secundum
2300 708 2375 744 hoc
2390 704 2415 754 ὃ,
2437 719 2526 744 cum

1458 759 1590 797 dicitur
1617 760 1732 797 Filius
1760 761 1833 797 Dei
1861 761 1998 798 missus
2027 774 2049 798 a
2078 761 2218 810 Spiritu
2248 761 2405 808 Sancto,
2434 761 2528 797 refe-

1458 813 1620 850 rendum
1643 821 1697 850 est
1716 814 1791 850 hoc
1810 814 1859 851 ad
1877 814 2089 851 humanam
2109 822 2297 861 naturam,
2314 813 2527 851 secundum

1459 878 1577 915 quarn
1606 866 1745 903 missus
1770 874 1825 903 est
1844 868 1892 904 ad
1911 867 2212 915 praedicandum
2232 881 2254 905 a
2275 867 2415 917 Spiritu
2435 867 2530 904 San-

1460 927 1519 956 cto
1535 925 1558 956 ε.
1579 940 1603 948 -
1623 919 1857 967 Augustinus
1877 927 2007 956 autern
2028 919 2127 967 dicit,
2145 922 2176 957 11
2193 921 2238 958 de
2256 922 2293 958 T
2288 921 2359 958 rin.
2371 920 2402 968 ³¹⁸,
2424 919 2530 970 quod

1461 972 1576 1010 Filius
1605 973 1762 1010 mittitur
1782 980 1818 1009 et
1837 985 1859 1009 a
1879 985 1918 1010 se
1940 980 1976 1009 et
1994 985 2017 1009 a
2038 973 2178 1022 Spiritu
2198 974 2360 1020 Sanct03
2391 981 2428 1011 et
2447 973 2531 1023 Spi-

1461 1026 1551 1063 ritus
1580 1026 1742 1063 Sanctus
1771 1025 1885 1063 etiam
1914 1025 2071 1062 mittitur
2099 1033 2135 1063 et
2154 1038 2176 1063 a
2195 1039 2235 1064 se
2266 1034 2302 1064 et
2324 1040 2347 1064 a
2374 1027 2469 1073 Filio
2488 1026 2529 1063 *z

1459 1086 1501 1116 ut
1520 1079 1573 1116 sic
1592 1079 1688 1116 mitti
1710 1079 1748 1116 in
1768 1078 1906 1117 divinis
1933 1091 2013 1115 non
2042 1079 2244 1116 conveniat
2273 1079 2424 1117 cuilibet
2441 1081 2531 1117 Per-

1461 1145 1591 1180 sonae,
1621 1131 1689 1170 sed
1709 1133 1834 1170 solum
1853 1133 2045 1172 Personae
2066 1132 2114 1169 ab
2134 1132 2207 1170 alio
2228 1133 2419 1180 existenti3
2447 1133 2531 1170 mit-

1460 1194 1538 1223 tere
1568 1193 1696 1223 autern
1726 1185 1930 1223 conveniat
1948 1184 1963 1211 ζ
1991 1185 2142 1222 cuilibet
2168 1186 2374 1225 Personae.

1515 1240 1728 1288 Utrumque
1749 1246 1877 1276 autern
1896 1238 2013 1275 habet
2031 1238 2158 1287 aliquo
2178 1239 2299 1277 modo
2318 1239 2530 1277 veritatem.

1462 1292 1564 1339 Quia
1584 1305 1673 1330 cum
1693 1292 1827 1330 dicitur
1850 1291 1978 1340 aliqua
1996 1293 2167 1329 Persona
2186 1292 2294 1340 mitti,
2316 1292 2533 1341 designatur

2660 917 2671 933 ε

2558 943 2567 953 ’
2593 942 2649 970 cap.
2669 948 2692 964 v.
2710 952 2722 958 -
2736 941 2768 965 CC

2579 968 2768 997 antima-imin,

2558 995 2601 1017 lib.
2615 995 2636 1017 u
2655 996 2696 1023 (ιι.
2717 994 2768 1024 111)²

2557 1027 2716 1076 3³Bk¹ikn.‚
2732 1047 2764 1070 nb

2559 1075 2593 1101 11,
2611 1080 2663 1103 σιμ
2677 1081 2705 1102 v;
2721 1073 2768 1098 XV

2559 1107 2612 1130 cap.
2626 1107 2676 1124 xxx.

2659 1186 2676 1216 t

1463 1353 1499 1382 et
1526 1345 1608 1394 ipsa
1635 1346 1806 1383 Persona
1833 1345 1881 1382 ab
1902 1345 1974 1382 alio
2005 1345 2178 1393 existens,
2205 1353 2241 1383 et
2261 1345 2417 1383 effectus
2444 1345 2533 1383 visi·
2585 1385 2590 1389 ,

1462 1399 1545 1436 bilis
1574 1407 1639 1436 aut
1665 1398 1871 1445 invisibilis,
1902 1398 2116 1436 secundum
2140 1411 2258 1447 quem
2284 1398 2415 1436 missio
2437 1398 2533 1437 divi-

1462 1465 1534 1489 nae
1562 1453 1755 1489 Personae
1789 1451 2001 1489 attenditur.
2036 1451 2076 1489 Si
2108 1452 2219 1500 igitur
2250 1451 2402 1490 mittens
2437 1451 2534 1490 desi-

1463 1513 1597 1554 gnetur
1623 1513 1665 1542 ut
1692 1505 1921 1555 principium
1940 1505 2134 1543 Personae
2163 1517 2262 1554 quae
2282 1505 2451 1553 mittitur,
2480 1505 2534 1544 sic

1463 1571 1543 1596 non
1570 1558 1762 1608 quaelibet
1783 1560 1955 1595 Persona
1982 1557 2105 1606 mittit,
2135 1559 2203 1596 sed
2231 1560 2356 1596 solum
2384 1558 2446 1596 illa
2474 1558 2535 1596 cui

1463 1612 1643 1650 convenit
1671 1624 1752 1649 esse
1781 1611 2009 1661 principium
2041 1611 2139 1649 illius
2166 1613 2373 1650 Personae.
2403 1613 2452 1649 Et
2480 1612 2534 1650 sic

1464 1665 1579 1702 Filius
1607 1665 1764 1702 mittitur
1791 1673 1939 1702 tantum
1973 1677 1995 1702 a
2022 1661 2150 1713 Patre,
2181 1665 2341 1715 Spiritus
2371 1665 2533 1703 Sanctus

1463 1726 1592 1756 autem
1620 1731 1643 1756 a
1670 1720 1782 1756 Patre
1811 1725 1847 1755 et
1874 1718 1982 1755 Filio.
2013 1718 2053 1756 Si
2072 1731 2166 1756 vero
2186 1719 2356 1756 Persona
2380 1717 2533 1756 mittens

1463 1771 1688 1820 intelligatur
1730 1784 1812 1809 esse
1854 1770 2081 1821 principium
2123 1771 2281 1809 effectus
2318 1771 2532 1810 seeundum

1463 1837 1580 1874 quem
1613 1825 1816 1862 attenditur
1848 1824 1999 1872 missio,
2034 1824 2087 1862 sic
2118 1833 2198 1862 tota
2229 1824 2395 1862 Trinitas
2423 1824 2535 1863 mittit

1462 1879 1674 1915 Personam
1707 1878 1866 1915 missam
1884 1877 1916 1915 ²³⁶.
1937 1899 1961 1906 -
1981 1878 2074 1915 Non
2111 1886 2239 1915 autem
2271 1885 2427 1928 propter
2458 1878 2535 1916 hoc

1462 1932 1582 1968 homo
1604 1931 1668 1969 dat
1688 1931 1871 1981 Spiritum
1892 1931 2075 1968 Sanctum
2090 1931 2127 1968 *:
2154 1931 2243 1982 quia
2262 1944 2334 1969 nec
2354 1931 2534 1970 effectum

1463 1984 1603 2033 gratiae
1630 1992 1756 2034 potest
1784 1997 1953 2022 causare.

1516 2039 1566 2075 Et
1594 2050 1663 2086 per
1690 2038 1765 2075 hoc
1792 2045 1896 2087 patet
1923 2036 2060 2075 solutio
2090 2038 2140 2076 ad
2169 2037 2327 2076 obiecta.

1517 2153 1544 2187 γ)
1565 2153 1601 2178 Et
1619 2160 1697 2178 nunc.
1714 2167 1734 2172 -
1751 2153 1830 2178 Nunc
1848 2153 1892 2178 Pb.
1911 2166 1929 2174 -
1948 2153 2081 2178 Dominus
2099 2160 2153 2178 om.
2173 2153 2230 2184 (ειη
2249 2152 2323 2178 Deus
2340 2160 2395 2179 om.
2407 2152 2518 2179 codim.

1517 2187 1543 2221 ὃ)
1563 2189 1621 2214 hoc.
1637 2202 1656 2208 -
1674 2189 1722 2214 hos
1740 2188 1839 2214 ABCE.

1519 2224 1541 2257 ε)
1559 2231 1577 2249 α
1596 2224 1700 2256 Spiritu
1720 2224 1829 2249 Sancto.
1847 2239 1866 2243 -
1884 2223 1946 2249 Om.
1965 2223 2075 2249 codices.

1518 2258 1544 2292 ζ)
1563 2259 1711 2284 conveniat.
1729 2273 1748 2278 —
1765 2259 1888 2285 convenit
1906 2259 2005 2284 BCFG.

1012 2345 1344 2380 Commentaria
1366 2346 1615 2380 cardinalis
1637 2346 1837 2380 Caietam

405 2447 512 2467 minus
536 2437 636 2467 clarus
661 2443 715 2468 est.
734 2454 752 2460 -
776 2437 812 2467 In
836 2445 969 2476 corpore
987 2435 1046 2466 tria
1072 2434 1158 2466 facit:
1183 2437 1298 2477 primo,
1317 2436 1411 2468 refert

347 2448 483 2511 Tduas
507 2480 674 2521 opiniones
682 2490 690 2518 ;
715 2480 865 2517 secundo,
890 2480 988 2510 salvat
1017 2486 1199 2520 utramque;
1224 2480 1331 2517 tertio,
1360 2491 1409 2512 ex-

345 2525 443 2556 cludit
467 2525 688 2562 obiecfionem,
711 2525 771 2556 ibi:
796 2525 869 2556 Non
893 2529 999 2555 autem
1009 2529 1147 2564 propter
1160 2526 1220 2557 hoc
1241 2526 1344 2556 homo.
1370 2525 1411 2556 Et

344 2570 498 2611 quoniam
521 2569 629 2600 omnia
652 2570 794 2600 ordinate
812 2569 934 2600 suntin
948 2568 1050 2599 littera
1072 2578 1108 2598 ac
1131 2570 1220 2607 clare,
1241 2580 1307 2600 non
1327 2579 1410 2610 opus

344 2621 391 2645 est
413 2624 512 2645 mora.

399 2658 435 2689 II.
460 2658 512 2689 Ad
535 2657 724 2689 evidentiam
746 2665 852 2689 tamen
875 2657 971 2688 huius
995 2655 1198 2698 quaestionis,
1223 2658 1301 2690 scito
1320 2658 1409 2699 quod

344 2702 466 2743 optima
487 2702 538 2732 via
561 2712 673 2733 omnes
702 2701 898 2733 difficultates
929 2700 1087 2736 solvendi,
1118 2709 1164 2734 est
1191 2703 1292 2734 dicere
1320 2702 1409 2744 quod

344 2748 460 2778 missio·
475 2753 522 2777 est
544 2757 663 2777 nomen
691 2746 874 2787 multiplex,
902 2746 1021 2777 habens
1051 2748 1167 2778 multas
1197 2747 1407 2783 intentiones,

104 2798 113 2807 ·
128 2797 182 2819 Did.
196 2797 237 2820 lib.
251 2797 292 2820 1v.
343 2791 617 2832 quemadmodum
636 2791 767 2822 nomina
785 2797 912 2822 tractata
926 2791 959 2821 in
976 2791 1004 2822 V
1016 2791 1201 2833 Metaphys.
1214 2790 1242 2822 ¹².
1266 2791 1307 2822 Et
1318 2791 1408 2832 quod

340 2835 531 2866 intentiones
551 2835 617 2866 eius
637 2842 711 2866 sunt
728 2835 786 2866 hae
805 2845 886 2876 quae
906 2841 1070 2866 narrantur
1088 2837 1122 2868 in
1141 2835 1252 2872 littera,
1272 2835 1403 2866 scilicet:

335 2881 500 2920 processio
523 2881 612 2911 missi
634 2890 655 2910 a
675 2880 820 2910 mittente
842 2879 1015 2911 secundum
1035 2889 1079 2918 se,
1105 2886 1135 2912 et
1158 2879 1330 2911 secundum
1349 2889 1404 2910 no-

1465 2447 1538 2468 vum
1555 2437 1683 2468 modum
1701 2437 1825 2468 essendi
1830 2444 1844 2475 ;
1866 2443 1897 2468 et
1920 2446 2037 2474 rursus,
2056 2438 2221 2478 processio
2245 2438 2334 2468 missi
2356 2437 2532 2468 secundum

1463 2491 1498 2513 se
1521 2482 1560 2512 ab
1584 2482 1703 2523 aliquo,
1729 2486 1759 2512 et
1782 2481 1955 2512 secundum
1981 2491 2096 2513 novum
2122 2482 2250 2513 modum
2267 2482 2393 2513 essendi
2415 2491 2435 2512 a
2459 2482 2533 2513 mit-

1465 2531 1558 2557 tente.
1582 2525 1624 2557 Et
1649 2525 1787 2556 secunda
1810 2525 1943 2556 intentio
1967 2526 2127 2557 reducitur
2149 2526 2190 2556 ad
2213 2525 2359 2566 primam,
2379 2532 2534 2567 tanquam

1464 2571 1503 2601 ad
1522 2570 1692 2611 potiorem.
1716 2570 1757 2600 Et
1780 2576 1946 2610 propterea
1969 2569 2002 2600 in
2027 2581 2036 2600 1
2058 2568 2191 2601 articulo
2212 2570 2308 2601 huius
2327 2569 2532 2611 quaestionis,

1463 2617 1584 2646 Auctor
1607 2614 1684 2645 dixit
1706 2614 1795 2655 quod
1814 2614 1852 2644 de
1871 2614 1992 2645 ratione
2014 2614 2175 2645 missionis
2198 2621 2245 2646 est
2259 2615 2424 2655 processio
2443 2615 2534 2645 missi

2561 1886 2571 1896 ·
2585 1884 2616 1908 D.
2630 1890 2680 1914 9⁰¹·

2562 1938 2572 1949 ·
2587 1937 2618 1960 D.
2632 1943 2687 1967 43⁰·

1463 2669 1483 2690 a
1508 2660 1671 2690 mittente:
1693 2658 1883 2699 loquebatur
1906 2658 1992 2689 enim
2020 2659 2058 2690 de
2082 2658 2229 2699 primaria
2256 2658 2431 2690 intentione
2454 2658 2532 2689 mis-
2564 2662 2567 2664 '

1462 2703 1570 2734 sionis.
1595 2703 1656 2734 Hic
1675 2709 1792 2739 autem,
1813 2712 1879 2733 non
1895 2702 2022 2740 oblitus,
2039 2702 2211 2744 distinguit,
2235 2709 2272 2734 ut
2294 2702 2466 2734 secundam
2484 2702 2532 2733 in-

1461 2747 1638 2779 tentionem
1669 2747 1812 2778 eiusdem
1842 2746 2004 2784 adjicerem
2038 2747 2221 2788 praesertim
2253 2747 2295 2779 ob
2325 2746 2532 2779 reverentiam

1461 2791 1641 2832 Augustini,
1659 2791 1859 2828 Sanctorum,
1877 2798 1907 2822 et
1920 2791 2070 2832 Magistri,
2087 2792 2120 2822 in
2135 2802 2176 2822 xv
2193 2791 2394 2823 distinctione
2416 2791 2530 2832 Primi,

1461 2836 1515 2867 ubi
1532 2836 1558 2873 *‚
1578 2846 1634 2877 qu.
1649 2847 1697 2872 111,
1721 2843 1778 2867 art.
1801 2847 1826 2872 1,
1852 2835 1963 2867 diffuse
1987 2835 2143 2867 rationem
2166 2836 2322 2867 secundae
2347 2835 2531 2868 intentionis

1459 2890 1609 2912 mvemes.

2557 2831 2768 2898 :3300me

2760 3122 2768 3263 ‘na-...ns„.
2766 3096 2768 3102 .
2767 3044 2768 3047 „
