2768 4178
0 2471 5 2502 i

0 2595 15 2960 &We
0 2510 10 2589 *ev-w

1011 216 1278 262 QUAESTIO
1307 217 1409 265 XIV,
1439 218 1735 255 ARTICULUS
1765 220 1816 256 IV

377 293 615 336 Consequentia
646 302 754 326 autern
781 295 934 336 probatur
961 305 998 325 ex
1030 294 1152 325 ratione
1185 295 1392 335 comprehen-

2440 235 2506 270 171

1445 295 1478 325 in
1501 296 1603 326 littera
1627 297 1800 328 declaratur
1823 299 1902 329 ratio
1920 301 2212 341 comprehensionis
2236 301 2461 341 exemplariter,
2478 302 2511 332 in

323 338 432 375 sionis,
449 339 502 369 sic.
524 339 804 380 Comprehendere
820 346 867 370 est
881 340 921 370 ad
937 338 1035 369 finem
1055 338 1244 379 cognitionis
1259 339 1391 370 alicuius
1447 340 1629 381 cognitione
1653 342 1882 382 propositionis
1907 344 2168 377 demonstrabilis.
2185 346 2272 376 Finis
2296 345 2381 376 enim
2405 346 2512 385 cogni-

322 382 499 422 pervenire:
526 393 600 423 ergo
624 391 670 415 est
691 384 736 415 ita
758 383 894 425 perfecte
918 393 1109 423 cognoscere
1132 393 1214 419 rem,
1240 383 1321 414 sicut
1343 393 1391 414 res
1445 384 1540 415 tionis
1564 385 1664 425 ipsius
1688 396 1754 417 non
1778 386 1929 424 habetur,
1955 398 2125 430 quousque
2158 391 2406 420 demonstretur:
2431 400 2511 430 quo-

323 433 369 457 est
393 427 624 467 cognoscibilis.
644 428 740 468 Ergo,
757 428 783 458 si
802 428 889 458 Deus
912 427 955 458 ita
978 427 1114 468 perfecte
1138 427 1318 468 cognoscit,
1343 438 1390 458 se-

1446 428 1532 459 niam
1569 439 1694 470 semper
1726 438 1867 462 maneret
1897 432 1969 472 plus
2005 434 2224 473 cognoscibilis
2255 444 2352 475 quam
2387 434 2512 474 cognita

322 471 448 512 quitur:
474 482 549 513 ergo
574 472 824 513 comprehendit.
838 489 858 494 -
872 471 991 502 Omnia
1007 478 1082 502 sunt
1105 471 1197 502 clara.
1221 472 1262 502 Et
1285 478 1391 502 tamen
1445 481 1535 503 esset.

1106 624 1426 667 ARTICULUS
1456 625 1728 678 QUARTUS

710 718 886 749 UTRUM
915 718 1062 749 1PSUM
1091 718 1430 750 INTELLIGERE
1458 719 1540 750 DEI
1570 720 1637 751 sn-
1668 721 1777 752 Ems
1806 721 2117 753 SUBSTANTIA

813 796 823 820 1
845 797 922 822 Cont.
943 797 1030 827 Geni„
1051 804 1106 829 cap.
1125 804 1188 827 xum
1210 797 1354 829 Compend.
1377 797 1480 827 Theoi„
1501 806 1556 831 cap.
1575 806 1646 829 xxxu
1665 799 1710 824 XII
1729 799 1892 834 Metaphys„
1913 801 1971 826 lect.
1990 809 2024 826 xi.

441 906 509 947 ff«
534 898 557 922 D
578 898 751 929 QUARTUM
771 897 825 923 s1c
844 897 1084 923 PROCED1TUR.
1105 886 1264 923 Videtur
1283 886 1389 934 quod

348 929 376 956 '·
452 926 512 986 {⁴50
534 939 662 989 ipsum
692 939 896 987 intelligere
926 939 998 976 Dei
1017 952 1096 976 non
1125 939 1171 976 sit
1192 939 1272 976 eius
1301 940 1388 977 sub-

358 988 414 1047 ,J'
436 1018 448 1046 ψ,
471 975 680 1030 Ῡεϊεηῑίε.
712 992 920 1040 Intelligere
960 992 1064 1029 enim
1103 1000 1158 1029 est
1195 994 1387 1041 quaedam

355 1043 387 1075 '³
413 1045 433 1067 s'
456 1060 464 1069 ¹
492 1035 720 1095 operatio.
743 1045 926 1095 Operatio
956 1053 1084 1082 autem
1109 1046 1249 1094 aliquid
1279 1046 1389 1094 signi-

319 1098 410 1136 ficat
435 1099 651 1148 procedens
680 1100 727 1136 ab
753 1107 947 1148 operante.
969 1100 1071 1147 Ergo
1098 1099 1224 1148 ipsum
1257 1099 1389 1136 intelli-

318 1164 407 1200 gere
435 1152 509 1190 Dei
536 1166 617 1191 non
646 1160 702 1190 est
728 1152 812 1202 ipsa
839 1152 912 1189 Dei
930 1159 947 1173 ‘²
976 1152 1195 1189 substantia.

375 1217 410 1243 2.
440 1207 679 1255 Panna-eam,
710 1218 798 1243 cum
828 1205 962 1254 aliquis
991 1204 1160 1253 intelligit
1188 1217 1227 1241 se
1257 1204 1387 1242 intelli-

281 1270 287 1272 ·
319 1271 420 1307 gere,
441 1260 517 1296 hoc
544 1272 624 1297 non
644 1267 700 1296 est
726 1258 930 1306 intelligere
950 1257 1091 1306 aliquid
1120 1270 1305 1306 magnum
1325 1259 1388 1295 vel

318 1312 525 1362 principale
562 1313 814 1359 intellectum,
845 1311 913 1348 sed
945 1311 1152 1359 intelligere
1189 1311 1389 1360 quoddam

319 1365 590 1403 secundarium
628 1373 665 1402 et
691 1364 960 1402 accessorium.
992 1364 1033 1401 Si
1060 1363 1173 1412 igitur
1206 1365 1311 1401 Deus
1345 1364 1391 1401 sit

282 1435 287 1438 ·
318 1418 445 1467 ipsum
464 1418 681 1466 intelligere,
702 1418 906 1465 intelligere
934 1419 1063 1455 Deum
1087 1417 1155 1455 erit
1175 1417 1271 1454 sicut
1299 1430 1388 1454 cum

70 2114 80 2125 ·
97 2113 147 2142 Qu.
157 2119 192 2142 m,
207 2117 249 2136 m.
261 2121 285 2141 4.

71 2383 83 2394 ¹
96 2382 122 2406 S.
132 2383 179 2406 ΤΙι.
188 2383 242 2406 leet.
250 2390 284 2406 xi.

70 2420 83 2426 -
101 2409 156 2432 Did.
175 2410 217 2432 lib.
238 2410 284 2438 XI,

71 2441 124 2465 enp-
133 2442 164 2466 ιι,
179 2443 204 2460 n.
213 2443 229 2460 ι.

0 3134 10 3167 ,⁷
68 3133 79 3144 ¹
95 3132 132 3156 Cf.
146 3139 211 3156 num.
224 3140 255 3156 iv.

317 1470 557 1519 intelligimus
583 1471 601 1500 β
628 1471 847 1519 intelligere.
877 1472 926 1508 Et
954 1470 1007 1508 sic
1035 1483 1115 1508 non
1144 1470 1212 1508 erit
1246 1470 1389 1519 aliquid

317 1536 503 1573 magnum
532 1524 735 1573 intelligere
764 1526 906 1561 Deum.

373 1578 407 1615 3.
437 1579 672 1625 PRAETEREA,
694 1590 810 1615 omne
839 1577 1045 1626 intelligere
1080 1585 1136 1614 est
1165 1576 1306 1626 aliquid
1334 1577 1389 1614 in-

315 1630 494 1680 telligere.
515 1631 617 1668 Cum
648 1643 737 1680 ergo
767 1632 874 1668 Deus
893 1630 1063 1679 intelligit
1091 1643 1144 1678 se,
1166 1630 1196 1667 si
1225 1630 1389 1679 ipsemet

314 1696 395 1722 non
424 1692 480 1722 est
507 1685 608 1722 aliud
629 1697 749 1733 quarn
778 1697 891 1722 suum
920 1684 1137 1732 intelligere,
1160 1684 1328 1732 intelligit
1347 1697 1386 1721 se

313 1737 542 1786 intelligere,
572 1746 609 1775 et
633 1738 840 1786 intelligere
868 1751 908 1775 se
927 1737 1132 1785 intelligere
1161 1749 1202 1774 se
1222 1742 1248 1783 ⁷,
1279 1745 1316 1774 et
1334 1737 1388 1774 sic

314 1791 354 1828 in
381 1790 585 1829 infinitum.
607 1793 700 1829 Non
729 1804 819 1840 ergo
848 1791 975 1841 ipsum
995 1791 1201 1838 intelligere
1230 1790 1303 1827 Dei
1332 1799 1387 1828 est

315 1844 397 1882 eius
425 1845 646 1883 substantia.

369 1899 445 1936 SED
474 1910 621 1935 CONTRA
641 1910 708 1936 EST
726 1898 831 1947 quod
852 1897 940 1935 dicit
957 1896 1206 1945 Augustinus,
1231 1896 1294 1934 lib.
1314 1897 1383 1934 V11

313 1952 361 1989 de
384 1952 487 1989 Trin.
503 1951 540 1989 *ε
570 1953 653 1989 Deo
673 1953 746 1989 hoc
763 1957 819 1988 est
835 1963 924 1997 esse,
945 1951 1047 1999 quod
1071 1950 1274 1999 sapientem
1295 1962 1384 1987 esse.

314 2005 402 2042 Hoc
430 2013 559 2042 autem
589 2013 645 2042 est
672 2005 883 2054 sapientem
909 2016 1003 2051 esse,
1033 2004 1139 2052 quod
1166 2003 1383 2051 intelligere.

313 2059 418 2107 Ergo
437 2060 524 2096 Deo
542 2059 619 2096 hoc
639 2066 694 2096 est
713 2071 808 2106 esse,
830 2057 937 2106 quod
955 2057 1173 2105 intelligere.
1204 2056 1282 2093 Sed
1302 2069 1385 2094 esse

313 2112 387 2149 Dei
416 2119 473 2149 est
501 2112 581 2149 eius
610 2111 831 2158 substantia,
850 2119 893 2148 ut
916 2122 1031 2159 supra
1049 2109 1070 2131 ’¹‘
1098 2117 1295 2147 ostensum
1316 2117 1383 2147 est.

312 2165 417 2214 Ergo
446 2164 651 2214 intelligere
679 2164 753 2202 Dei
783 2172 839 2202 est
868 2163 948 2201 eius
973 2163 1195 2201 substantia.

367 2219 594 2255 Rsssponnno
623 2230 810 2255 DICENDUM
848 2217 954 2267 quod
982 2224 1039 2254 est
1066 2228 1223 2253 necesse
1258 2214 1385 2253 dicere

312 2271 420 2320 quod
446 2271 651 2320 intelligere
681 2271 754 2308 Dei
783 2278 840 2308 est
867 2270 949 2308 eius
978 2269 1199 2307 substantia.
1219 2269 1325 2305 Nam
1355 2269 1385 2306 si

310 2324 518 2373 intelligere
556 2325 628 2362 Dei
657 2325 704 2362 sit
736 2324 838 2362 aliud
875 2336 995 2373 quarn
1034 2323 1114 2360 eius
1152 2322 1383 2370 substantia,

312 2386 518 2428 oporteret,
538 2385 581 2416 ut
599 2378 689 2416 dicit
707 2378 966 2427 Philosophus
986 2377 1026 2414 in
1040 2377 1110 2413 XII
1125 2375 1383 2424 Metaphys.*,

312 2432 419 2481 quod
447 2431 590 2481 aliquid
619 2431 721 2469 aliud
750 2439 850 2468 esset
877 2438 984 2468 actus
1014 2437 1050 2467 et
1084 2429 1267 2479 perfectio
1298 2428 1386 2466 sub-

312 2485 471 2522 stantiae
501 2485 676 2532 divinae,
707 2485 756 2522 ad
785 2485 891 2534 quod
919 2497 960 2521 se
988 2484 1148 2521 haberet
1176 2482 1386 2520 substantia

312 2538 443 2576 divina
472 2539 568 2576 sicut
595 2538 765 2587 potentia
785 2538 834 2575 ad
854 2545 983 2575 actum
1003 2537 1125 2585 (quod
1151 2544 1206 2574 est
1227 2535 1385 2572 omnino

366 2654 393 2686 α)
414 2653 474 2679 Dei.
492 2667 511 2672 -
529 2652 633 2678 Omittit
651 2653 680 2678 P.

365 2689 391 2723 β)
410 2697 470 2715 cum
490 2688 676 2722 intelligimus.
693 2702 713 2708 -
731 2689 905 2722 intelligimus
924 2695 972 2714 nos
990 2689 1021 2714 Β.
1038 2702 1058 2707 -
1075 2687 1179 2720 ali’quid
1197 2695 1250 2712 om.
1270 2687 1324 2712 FG.

363 2726 390 2759 γ)
412 2725 540 2758 intelligit
557 2731 585 2749 se
605 2724 761 2757 intelligere,
775 2727 802 2750 et
817 2723 966 2757 intelligere
983 2731 1011 2749 se
1030 2724 1178 2757 intelligere
1196 2730 1232 2748 se.
1250 2737 1269 2741 —
1288 2722 1384 2747 intelli-

309 2761 352 2795 git
368 2768 397 2786 se
415 2761 564 2793 intelligere
581 2767 610 2785 se
627 2759 743 2791 AOEsD,
758 2760 889 2792 intelliget
911 2766 939 2785 se
957 2759 1106 2793 intelligere
1131 2762 1158 2784 et
1175 2758 1324 2791 intelligere
1343 2758 1382 2782 in-

310 2797 431 2830 telligere
449 2797 479 2828 B,
498 2803 526 2821 se
545 2795 694 2828 intelligere
711 2795 761 2828 pD,
774 2795 901 2828 intelligit
918 2802 947 2820 se
971 2795 1119 2828 intelligere
1137 2802 1165 2819 se
1189 2797 1215 2819 et
1235 2793 1384 2826 intelligere

310 2832 459 2866 intelligere
477 2838 505 2857 se
523 2831 597 2856 FGa.

363 2867 388 2901 ὃ)
408 2867 644 2893 considerandum.
661 2880 680 2885 -
697 2866 736 2891 sic
753 2866 979 2892 considerandum
998 2866 1092 2891 BFGa.

1443 886 1711 936 impossibile):
1739 901 1830 926 nam
1850 888 2055 938 intelligere
2076 898 2132 927 est
2150 891 2330 939 perfectio
2352 899 2388 928 et
2406 899 2510 929 actus

1443 939 1690 988 intelligentis.

1498 994 1584 1030 Hoc
1612 1002 1741 1031 autem
1775 995 1934 1044 qualiter
1962 995 2027 1043 sit,
2059 996 2380 1034 considerandum
2401 995 2414 1019 ὃ
2442 1006 2508 1035 est.

1445 1045 1551 1082 Sicut
1579 1047 1681 1084 enirn
1702 1060 1816 1097 supra
1834 1048 1855 1071 ²¹⁸
1883 1049 2025 1086 dictum
2047 1057 2113 1096 est,
2134 1050 2338 1098 intelligere
2357 1063 2436 1088 non
2457 1059 2512 1088 est

1445 1099 1542 1135 actio
1580 1100 1829 1148 progrediens
1867 1102 1916 1139 ad
1954 1102 2095 1150 aliquid
2133 1104 2403 1152 extrInsecum,
2444 1105 2511 1141 sed

1444 1160 1572 1188 manet
1600 1152 1639 1189 in
1666 1161 1849 1201 'operante
1879 1155 1974 1192 sicut
2011 1163 2115 1192 actus
2146 1164 2181 1193 et
2207 1157 2388 1205 perfectio
2418 1157 2509 1206 eius,

1444 1212 1558 1253 prout
1578 1217 1660 1242 esse
1681 1215 1736 1243 est
1754 1208 1935 1255 perfectio
1958 1208 2167 1246 existentis:
2188 1210 2284 1246 sicut
2303 1210 2406 1247 enim
2427 1223 2509 1248 esse

1446 1258 1691 1306 consequitur
1710 1259 1874 1297 formam
1895 1267 1917 1308 ⁶,
1948 1261 1998 1298 ita
2016 1261 2219 1310 intelligere
2239 1263 2408 1312 sequitur
2427 1276 2510 1312 spe-

1446 1310 1545 1348 ciem
1564 1310 1844 1359 intelligibilem.
1877 1315 1919 1350 In
1943 1315 2027 1351 Deo
2049 1322 2175 1352 autern
2196 1328 2275 1353 non
2305 1324 2359 1353 est
2387 1317 2510 1354 forma

1445 1375 1543 1412 quae
1564 1364 1610 1401 sit
1629 1365 1731 1402 aliud
1751 1378 1867 1415 quarn
1897 1379 2010 1404 suum
2041 1380 2134 1415 esse,
2154 1376 2196 1405 ut
2215 1381 2329 1418 supra
2343 1369 2362 1391 ²¹⁸
2387 1378 2510 1407 osten·
2537 1382 2548 1392 ·

1445 1429 1531 1454 sum
1561 1425 1627 1454 est.
1657 1418 1781 1466 Unde,
1812 1432 1900 1457 curn
1929 1421 2010 1469 ipsa
2039 1433 2107 1458 sua
2136 1422 2297 1459 essentia
2322 1422 2368 1459 sit
2397 1423 2509 1460 etiam

1445 1470 1592 1519 species
1612 1471 1862 1521 intelligibilis,
1878 1481 1920 1510 ut
1939 1473 2081 1511 dictum
2101 1483 2156 1511 est
2170 1475 2202 1523 ²¹²,
2224 1488 2268 1512 ex
2289 1476 2510 1513 necessitate

1445 1524 1614 1583 sequitur
1641 1525 1747 1573 quod
1774 1526 1899 1575 ipsum
1930 1527 2010 1564 eius
2038 1527 2241 1576 intelligere
2271 1529 2316 1565 sit
2345 1529 2425 1566 eius
2454 1543 2510 1567 es-

1445 1585 1565 1614 sentla
1594 1585 1631 1615 et
1659 1578 1739 1615 eius
1768 1592 1861 1617 esse.

1498 1631 1547 1667 Et
1571 1630 1624 1668 sie
1650 1639 1754 1680 patet
1782 1645 1827 1669 ex
1857 1633 2036 1670 omnibus
2064 1634 2281 1682 praemissis
2301 1635 2320 1657 '¹‘
2349 1635 2454 1685 quod
2473 1636 2510 1673 in
2537 1648 2545 1657 ·

1443 1684 1529 1720 Deo
1558 1684 1768 1722 intellectus
1788 1686 1819 1732 ζ,
1850 1694 1886 1723 et
1905 1686 1943 1723 id
1972 1687 2078 1736 quod
2106 1687 2330 1736 intelligitur,
2362 1696 2398 1725 et
2426 1702 2510 1738 spe-

1445 1737 1519 1774 cies
1538 1737 1788 1785 intelligibilis,
1811 1747 1847 1776 et
1865 1739 1992 1788 ipsum
2013 1740 2228 1788 intelligere,
2250 1749 2337 1779 sunt
2352 1742 2508 1779 omnino

1443 1803 1565 1828 unum
1586 1799 1623 1828 et
1650 1792 1765 1829 idern.
1796 1793 1907 1830 Unde
1926 1801 2029 1842 patet
2057 1795 2162 1843 quod
2181 1807 2250 1843 per
2269 1796 2344 1832 hoc
2372 1796 2477 1844 quod
2497 1802 2511 1819 ’¹

1442 1844 1549 1881 Deus
1574 1844 1708 1882 dicitur
1726 1845 1945 1894 intelligens,
1967 1847 2069 1884 nulla
2087 1848 2341 1896 multiplicitas
2354 1849 2510 1898 ponitur

1443 1896 1481 1934 in
1511 1897 1591 1934 eius
1620 1898 1840 1936 substantia.

1496 1952 1555 1987 AD
1584 1963 1720 1988 PRIMUM
1749 1963 1847 1989 ERGO
1868 1964 2052 1989 DlCENDUM
2080 1953 2187 2001 quod
2206 1953 2410 2002 intelligere
2428 1967 2508 1992 non

1443 2011 1499 2040 est
1517 2004 1688 2053 operatio
1711 2004 1839 2042 exiens
1859 2006 1907 2042 ab
1932 2006 2015 2054 ipso
2045 2014 2239 2055 operante,
2261 2007 2327 2044 sed
2347 2019 2508 2045 manens

1441 2069 1480 2094 in
1507 2069 1604 2110 ipso.

1494 2112 1553 2147 AD
1582 2122 1772 2148 SECUNDUM
1806 2123 1990 2149 DicENDUM
2019 2113 2144 2161 quod,
2179 2125 2267 2150 cum
2296 2113 2509 2161 intelligitur

1440 2162 1532 2200 illud
1560 2163 1765 2211 intelligere
1794 2165 1900 2212 quod
1919 2177 1998 2202 non
2027 2173 2083 2202 est
2110 2166 2328 2213 subsistens,
2350 2179 2428 2203 non
2452 2166 2507 2203 in-

1441 2215 1614 2263 telligitur
1634 2216 1776 2266 aliquid
1804 2229 2004 2266 magnum;
2035 2219 2130 2256 sicut
2150 2231 2238 2256 curn
2266 2219 2507 2267 intelligimus

1442 2269 1646 2317 intelligere
1684 2277 1871 2308 nostrum.
1911 2272 1960 2308 Et
1987 2271 2074 2308 ideo
2113 2285 2191 2309 non
2221 2280 2276 2309 est
2304 2272 2424 2309 simile
2460 2273 2507 2310 de

1441 2322 1525 2371 ipso
1555 2322 1758 2371 intelligere
1789 2324 1940 2371 divino,
1971 2325 2076 2373 quod
2107 2333 2161 2362 est
2189 2325 2407 2363 subsistens.

1495 2377 1545 2412 Et
1571 2388 1641 2424 per
1668 2377 1743 2413 hoc
1770 2385 1874 2426 patet
1900 2378 2098 2426 responsio
2133 2379 2181 2416 ad
2209 2378 2371 2415 tertium.
2403 2379 2506 2416 Nam

1440 2428 1646 2477 intelligere
1667 2429 1851 2478 divinum,
1873 2431 1978 2478 quod
2008 2439 2063 2468 est
2081 2431 2119 2468 in
2140 2431 2264 2480 seipso
2284 2431 2504 2480 subsistens,

1442 2490 1497 2519 est
1525 2482 1583 2519 sui
1612 2482 1749 2531 ipsius;
1785 2491 1822 2520 et
1850 2496 1928 2520 non
1947 2482 1960 2504 ⁰
1988 2484 2145 2521 alicuius
2174 2484 2345 2532 alterius,
2377 2492 2417 2521 ut
2451 2485 2504 2522 sic

1441 2543 1615 2583 oporteat
1643 2536 1853 2584 procedere
1881 2537 1920 2574 in
1948 2537 2151 2574 infinitum.

1492 2650 1515 2684 ε)
1534 2652 1704 2684 consequitur
1716 2652 1848 2685 formam.
1861 2665 1880 2670 -
1892 2651 2014 2683 sequitur
2025 2652 2148 2685 sormam
2167 2651 2197 2676 C.
2208 2666 2228 2670 -
2242 2652 2292 2676 Pro
2311 2652 2430 2684 sequitur
2447 2659 2505 2685 spe-

1437 2686 1516 2716 ciem,
1535 2687 1706 2719 consequitur
1724 2687 1836 2719 speciem
1854 2687 1976 2711 ABDEF.

1491 2722 1516 2755 ζ)
1537 2723 1692 2748 intellectus.
1710 2736 1730 2742 —
1748 2722 1899 2755 intelligens
1918 2722 2015 2747 addunt
2033 2722 2121 2748 FGab.

1490 2759 1518 2790 η)
1538 2758 1609 2791 quod
1622 2765 1675 2790 per
1687 2758 1737 2783 hoc
1749 2757 1829 2790 quod.
1846 2772 1866 2777 -
1883 2765 1921 2783 ex
1934 2758 1983 2783 hoc
1996 2758 2068 2790 quod
2081 2766 2140 2783 cum
2155 2759 2184 2787 Β,
2203 2758 2240 2782 ad
2258 2758 2307 2783 hoc
2321 2758 2394 2790 quod
2408 2758 2439 2789 D,
2453 2765 2506 2790 per·

1438 2793 1487 2819 hoc
1505 2794 1577 2826 quod
1595 2794 1657 2818 Pab.
1675 2808 1694 2813 -
1712 2794 1762 2818 Pro
1782 2793 1943 2826 intelligens,
1969 2793 2116 2819 intellectus
2134 2793 2215 2824 ACE,
2242 2793 2388 2819 intellectus
2407 2794 2446 2818 vel
2465 2793 2504 2818 in-

1438 2829 1494 2854 telli
1513 2837 1558 2854 ens
1577 2830 1606 2854 B.

1491 2837 1516 2897 (ἦ
1536 2872 1597 2890 non.
1615 2878 1635 2883 -
1652 2867 1691 2889 est
1709 2864 1807 2889 addunt
1824 2864 1927 2889 codices
1947 2869 1972 2889 et
1991 2865 2031 2889 ed.
2045 2871 2078 2894 α,·
2096 2864 2158 2889 item
2177 2865 2218 2889 ed.
2233 2865 2247 2889 b
2266 2869 2326 2897 post
2343 2864 2462 2890 alterius.

994 2954 1328 2987 Commentario.
1351 2953 1600 2987 Cardinalis
1623 2953 1823 2985 Caietam

371 3055 479 3075 nunus
503 3044 614 3076 clarus.
637 3063 657 3067 -
682 3045 717 3074 In
741 3054 874 3084 corpore
899 3044 979 3075 duo:
1004 3044 1120 3085 primo,
1145 3044 1381 3075 conclusio·re-

313 3056 522 3129 Tsponsiva
544 3089 689 3130 quaesito
718 3087 918 3124 affirmative;
943 3089 1094 3125 secundo,
1121 3089 1266 3129 epilogus
1295 3095 1381 3119 ante-

311 3133 470 3164 dictorum
483 3132 512 3164 ἦ

367 3177 405 3208 ΙῙ.
432 3177 550 3215 Quoad
572 3179 734 3218 primum,
761 3177 924 3208 conclusio
953 3184 1015 3208 est:
1041 3177 1216 3217 Intelligere
1247 3176 1306 3207 Dei
1335 3183 1382 3207 est

311 3221 379 3252 eius
402 3221 586 3253 substantia.
602 3239 623 3244 —
636 3222 792 3252 Probatur
816 3220 991 3261 dupliciter.
1015 3222 1144 3259 Primo,
1169 3221 1316 3252 ducendo
1341 3221 1382 3251 ad

310 3265 516 3306 impossibile,
534 3275 610 3296 cum
627 3266 806 3297 Aristotele.
832 3265 864 3297 Si
888 3265 1059 3306 intelligere
1082 3265 1142 3296 Dei
1166 3272 1246 3296 esset
1260 3265 1347 3296 aliud
1364 3275 1382 3295 a

311 3309 494 3346 substantia,
512 3316 695 3351 sequeretur
717 3310 807 3351 quod
822 3309 928 3340 divina
951 3309 1125 3340 substantia
1140 3319 1173 3340 se
1197 3309 1326 3340 haberet
1341 3309 1380 3340 ad

312 3354 432 3395 aliquid
455 3353 552 3390 aliud,
577 3361 613 3386 ut
635 3354 777 3394 potentia
800 3355 841 3384 ad
864 3361 971 3385 actum
995 3360 1026 3385 et
1048 3353 1293 3394 perfectionem:
1318 3353 1380 3384 hoc

312 3405 358 3429 est
373 3397 586 3438 impossibile:
610 3408 696 3438 ergo.
713 3416 731 3421 —
749 3398 987 3439 Consequentia
1003 3399 1170 3438 probatur:
1196 3398 1271 3439 quia
1290 3398 1380 3429 intel-

310 3443 405 3483 ligere
429 3449 476 3473 est
498 3441 649 3482 perfectio
674 3449 705 3473 et
728 3449 816 3474 actus
839 3442 1050 3483 intelligentis.

365 3486 528 3524 Secundo,
552 3486 705 3526 probatur
727 3486 894 3518 ostensive.
927 3486 1108 3518 Substantia
1130 3486 1190 3517 Dei
1214 3494 1261 3517 est
1283 3496 1380 3517 suurn

312 3541 395 3567 esse,
421 3538 451 3562 et
474 3540 532 3560 sua
555 3529 674 3570 species
701 3529 922 3570 intelligibilis:
948 3541 1022 3572 ergo
1049 3530 1222 3571 intelligere
1250 3531 1310 3562 Dei
1335 3538 1380 3562 est

312 3585 369 3606 sua
393 3574 576 3606 substantia.
593 3592 613 3597 -
629 3574 836 3611 Antecedens,
861 3576 969 3616 quoad
984 3576 1122 3616 primam
1138 3582 1270 3616 partem,
1295 3582 1381 3616 patet

1438 3053 1474 3074 ex
1505 3042 1690 3084 quaestione
1712 3051 1763 3072 111:
1793 3042 1901 3083 quoad
1925 3043 2115 3078 secundam,
2140 3052 2177 3072 ex
2202 3051 2219 3072 2
2245 3041 2376 3072 articulo
2406 3041 2502 3072 huius

1437 3087 1642 3128 quaestionis.
1677 3086 1915 3127 Consequentia
1945 3096 2021 3117 vero
2054 3087 2215 3127 probatur.
2252 3085 2423 3125 Intelligere
2457 3093 2503 3117 est

1437 3139 1524 3162 actus
1555 3140 1687 3161 manens
1710 3130 1744 3161 in
1766 3130 1975 3170 intelligente,
2000 3137 2036 3161 ut
2059 3139 2139 3161 esse:
2163 3140 2254 3170 ergo,
2280 3130 2304 3160 si
2329 3130 2501 3161 substantia

1435 3175 1637 3216 intelligentis
1654 3181 1700 3205 est
1715 3184 1812 3205 suum
1827 3185 1893 3205 esse
1910 3182 1940 3206 et
1954 3175 2023 3215 ipsa
2038 3175 2156 3215 species
2176 3174 2389 3213 intelligibilis,
2406 3184 2502 3214 opor-

1437 3227 1481 3251 tet
1504 3220 1593 3260 quod
1616 3219 1656 3250 sit
1678 3229 1775 3249 suum
1797 3218 1979 3259 intelligere.
2003 3221 2217 3258 Assumptum
2235 3218 2402 3258 probatur:
2427 3218 2502 3259 quia

1435 3264 1608 3304 intelligere
1632 3263 1837 3304 consequitur
1860 3263 2007 3303 speciem,
2032 3269 2068 3293 ut
2091 3273 2157 3293 esse
2181 3262 2329 3293 formam.

1493 3308 1544 3339 111.
1565 3308 1616 3338 Ad
1640 3307 1830 3338 evidentiam
1854 3307 2107 3348 consequentiae,
2132 3316 2207 3337 cum
2230 3316 2287 3336 sua
2302 3306 2500 3347 probatione,

1436 3352 1591 3394 quoniam
1615 3351 1739 3382 occulta
1763 3351 1939 3392 aliqualiter
1962 3357 2008 3382 est
2026 3357 2155 3391 propter
2177 3350 2227 3381 sui
2250 3350 2500 3391 profunditatem

1436 3407 1471 3428 ac
1490 3396 1723 3432 formalitatem,
1743 3396 1883 3426 notanda
1900 3402 1974 3426 sunt
1989 3395 2047 3426 tria
2062 3393 2086 3425 *.
2111 3395 2230 3432 Primo,
2246 3395 2335 3436 quod
2351 3395 2384 3425 in
2399 3395 2501 3425 littera

1436 3447 1574 3482 quatuor
1603 3440 1750 3470 dicuntur
1774 3440 1812 3470 de
1836 3440 2035 3481 intelligere:
2058 3439 2190 3475 scilicet,
2215 3439 2304 3480 quod
2336 3445 2444 3470 manet
2466 3439 2499 3469 in

1434 3485 1643 3525 intelligente;
1668 3485 1757 3524 quod
1780 3491 1816 3515 ut
1839 3490 1926 3515 actus
1950 3490 1981 3514 et
2003 3482 2154 3523 perfectio
2170 3482 2252 3519 eius;
2276 3483 2366 3524 quod
2381 3490 2418 3514 ut
2431 3493 2497 3514 esse

1435 3537 1481 3561 est
1509 3536 1596 3560 actus
1626 3528 1802 3565 existentis;
1828 3528 1917 3569 quod
1947 3527 2149 3568 consequitur
2178 3527 2407 3567 intelligibilem
2430 3537 2499 3568 spe-

1436 3574 1516 3605 ciem
1535 3580 1570 3604 ut
1588 3572 1716 3604 existere
1732 3572 1880 3603 formam.
1905 3572 2054 3609 Quorum
2069 3572 2134 3602 duo
2154 3571 2256 3612 prima
2279 3581 2344 3602 non
2364 3572 2498 3612 proban-

2539 1062 2547 1069 ·
2562 1060 2614 1082 Art.
2630 1067 2650 1082 2.

2638 1278 2648 1294 ε

2564 1382 2612 1409 Qu.
2623 1389 2658 1409 ιιι,
2673 1387 2714 1405 art.
2725 1390 2750 1410 4.

2539 1489 2547 1497 '¹
2562 1488 2614 1509 Art.
2630 1495 2650 1510 2.

2564 1646 2607 1668 Hic
2622 1651 2644 1669 et
2658 1652 2700 1670 art.
2711 1654 2731 1669 2.

2636 1698 2650 1727 ζ

2635 1809 2650 1831 η

2528 3405 2538 3415 ⁸
2558 3403 2604 3426 duo
2619 3404 2741 3427 editiones.
