2768 4178
961 276 1229 323 QUAESTIO
1258 276 1345 322 XV,
1375 276 1672 313 ARTICULUS
1701 278 1733 313 II

258 356 390 398 quidem
414 356 578 388 manifeste
602 356 760 396 sequitur:
785 355 860 396 quia
883 354 950 385 eius
974 364 1040 385 esse
1064 353 1256 384 obiectivum
1280 360 1326 384 est

258 411 325 432 esse
341 402 482 432 naturale
505 401 605 442 ipsius
627 399 696 436 Dei,
720 406 849 440 propter
873 398 940 429 eius
960 398 1174 429 eminentiam.
1194 397 1242 428 De
1257 397 1325 427 aliis

257 455 332 475 vero
362 445 505 486 sequitur
528 455 565 476 ex
587 454 642 480 eo,
666 443 756 484 quod
786 442 845 473 alia
867 452 933 472 non
957 442 1045 473 aliter
1072 447 1208 482 possunt
1231 440 1325 472 obiici

257 489 345 526 Deo,
377 499 476 530 quam
505 489 539 519 in
566 487 688 526 obiecta
719 486 852 517 essentia
880 486 1002 516 divina:
1027 485 1106 516 nihil
1129 485 1215 516 enim
1237 485 1324 515 Deus

257 532 402 573 intelligit
418 539 503 564 extra
518 542 560 569 se,
581 531 636 563 sed
659 530 768 561 omnia
790 530 824 560 in
847 540 880 560 se
902 535 1037 561 tantum.
1062 530 1108 560 Ita
1130 529 1220 570 quod
1242 529 1276 559 in
1292 539 1325 559 se

259 577 422 617 cognoscit
444 583 627 617 utrumque,
648 574 766 605 scilicet
788 581 819 606 et
840 574 981 614 lapidem
996 574 1029 604 in
1045 573 1179 604 essentia
1193 573 1324 609 obiecta,

258 627 289 652 et
311 621 450 662 lapidem
473 620 633 655 absolute;
658 624 688 648 et
702 618 843 659 lapidem
857 618 952 654 hunc,
973 624 1003 648 et
1017 617 1157 658 lapidem
1172 617 1205 647 in
1220 617 1325 647 anima

257 675 344 701 mea,
369 671 446 696 etc.:
472 664 581 695 omnia
603 661 689 693 enim
712 662 789 693 haec
812 661 916 698 novit,
940 662 996 692 sed
1018 661 1135 692 modus
1159 670 1225 702 quo
1249 661 1325 692 haec

258 708 459 745 obiiciuntur,
485 714 531 738 est
553 717 647 742 unus,
668 705 785 737 scilicet
807 705 840 735 in
864 705 997 736 essentia
1020 705 1135 735 divina.
1159 705 1201 735 Et
1217 715 1325 735 conse-

257 759 391 793 quenter
413 762 480 783 esse
504 750 697 782 obiectivum
719 759 827 780 rerum
850 756 993 790 respectu
1016 749 1192 780 intellectus
1217 749 1323 786 divini,

257 806 324 826 non
347 802 393 826 est
415 805 483 826 esse
505 793 681 831 relativum,
699 794 754 825 sed
769 793 954 824 absolutum
971 793 1191 830 realissimum,
1209 793 1326 824 scilicet

257 849 324 870 esse
346 839 418 871 Dei.
441 839 484 870 Et
505 839 583 879 quia
603 838 674 869 idea
692 838 727 868 in
741 838 822 874 Deo,
839 838 878 868 de
894 848 958 879 qua
974 845 1020 869 est
1035 847 1151 874 serm0,
1172 837 1345 877 significat,

255 893 304 914 res
328 883 505 914 secundum
528 882 590 913 tale
613 892 693 919 esse,
718 882 792 913 ideo
815 881 929 912 merito
953 882 1075 913 dictum
1098 888 1144 912 est
1166 882 1255 922 quod
1279 888 1325 912 est

255 927 325 968 ipsa
347 927 480 958 essentia
503 926 618 963 divina,
643 933 702 958 etc.

311 971 364 1002 IX.
385 971 438 1001 Ad
453 972 597 1012 primam
622 980 696 1011 ergo
721 970 934 1001 obiectionem
949 969 967 989 *
990 970 1023 1000 in
1046 970 1243 1010 oppositum,
1268 979 1324 999 ne-

255 1022 349 1056 gatur
370 1014 507 1056 sequela.
534 1015 586 1045 Ad
608 1014 832 1055 probationem
856 1020 972 1051 autem,
993 1013 1107 1045 dicitur
1127 1014 1226 1055 quod,
1250 1012 1325 1044 licet

256 1069 323 1090 esse
353 1058 547 1090 obiectivum
577 1059 610 1089 in
643 1058 809 1089 communi
838 1068 905 1089 non
929 1058 968 1089 sit
990 1058 1087 1094 reale,
1119 1068 1186 1088 esse
1216 1065 1323 1088 tamen

256 1103 450 1134 obiectivum
473 1103 560 1143 apud
582 1102 778 1134 intellectum
801 1102 945 1133 divinum
971 1109 1018 1133 est
1040 1102 1132 1132 reale.

312 1147 364 1178 Ad
385 1148 559 1179 secundam
583 1154 700 1183 autem,
726 1147 792 1177 iam
813 1153 900 1187 patet
922 1146 1012 1186 quod
1034 1146 1104 1176 idea
1126 1146 1160 1176 in
1182 1146 1252 1176 Deo
1277 1151 1323 1175 est

257 1191 391 1222 essentia
414 1191 519 1222 divina
542 1198 578 1222 ut
601 1191 723 1222 obiecta
746 1190 854 1221 divino
878 1189 1064 1226 intellectui,
1093 1196 1150 1220 etc.
1183 1190 1225 1220 Et
1248 1199 1323 1220 cum

256 1235 406 1276 arguitur,
424 1245 504 1276 ergo
527 1236 612 1266 male
635 1235 754 1266 dictum
779 1239 825 1266 est
840 1234 925 1275 quod
947 1235 1083 1265 essentia
1106 1234 1165 1271 sit,
1189 1239 1322 1273 negatur

256 1279 395 1320 sequela.
420 1279 509 1310 Turn
532 1279 608 1322 quia
631 1289 698 1310 non
724 1286 769 1310 est
793 1278 914 1310 dictum
937 1277 1027 1318 quod
1050 1284 1096 1308 est
1119 1276 1253 1307 essentia
1275 1276 1322 1306 in-

256 1330 414 1365 quantum
436 1323 531 1355 habet
556 1333 623 1354 esse
646 1322 798 1353 naturale.
822 1322 911 1353 Tum
935 1321 1027 1362 quia,
1052 1321 1078 1351 si
1101 1320 1164 1352 hoc
1194 1321 1260 1351 sine
1275 1330 1323 1350 re-

256 1366 472 1408 duplicatione
495 1367 606 1398 fuisset
628 1367 758 1403 dictum,
774 1365 994 1402 verificaretur,
1014 1371 1145 1405 propter
1166 1364 1323 1396 unitatem

256 1411 421 1452 utriusque
443 1411 478 1442 in
500 1412 581 1443 Deo.
612 1410 756 1441 Essentia
779 1410 865 1440 enim
893 1409 998 1440 divina
1025 1409 1121 1439 habet
1149 1415 1322 1449 utrumque

255 1455 393 1486 modum
416 1455 539 1486 essendi
563 1454 755 1490 eminenter,
786 1454 819 1484 in
850 1464 910 1484 suo
933 1453 1030 1484 unico
1059 1453 1321 1484 excellentissimo

255 1499 368 1530 modo·
381 1499 522 1529 essendi:
548 1505 579 1529 et
601 1505 778 1539 propterea,
803 1497 990 1528 affirmando
1014 1497 1211 1528 identitatem
1234 1496 1322 1527 ideae

256 1552 331 1574 curn
360 1542 512 1579 essentia,
544 1552 610 1573 non
641 1542 783 1583 sequitur
813 1541 1005 1578 formaliter,
1035 1541 1198 1582 loquendo
1232 1550 1322 1571 more

19 975 31 986 ·
45 974 82 998 cf.
95 979 161 997 num.
170 980 202 996 π.

2366 291 2436 316 201

1380 354 1533 391 humano,
1559 364 1638 395 ergo
1659 355 1849 396 affirmatur
1876 356 2025 388 identitas
2048 367 2118 387 cum
2143 359 2279 388 essentia
2303 359 2439 398 inquan-

1380 403 1447 429 tum
1473 404 1520 429 est
1542 399 1574 429 in
1599 409 1709 430 rerum
1734 405 1863 430 natura.
1889 400 1924 430 ln
1939 400 2040 431 littera
2056 408 2163 432 autem
2186 412 2252 432 non
2270 401 2444 433 affirmatur

1379 442 1442 473 hoc
1465 443 1651 479 secundum,
1667 443 1722 473 sed
1740 443 1890 483 primum.
1915 445 1956 475 Et
1970 444 2042 475 ideo
2058 445 2129 476 illae
2151 446 2231 476 duae
2247 456 2442 487 consequen-

1379 486 1449 523 tiae,
1475 497 1556 527 quae
1582 487 1760 518 obiiciendo
1785 487 1969 518 subiunctae
1992 496 2075 526 sunt,
2092 490 2217 526 scilicet,
2242 500 2321 531 ergo
2337 491 2440 521 ideam

1381 532 1413 561 in
1437 531 1507 561 Deo
1531 540 1599 562 esse
1622 531 1704 562 idem
1729 541 1800 562 cum
1824 533 1960 562 essentia
1984 532 2109 571 divina,
2134 539 2181 564 est
2196 544 2260 574 per
2282 534 2440 571 accidens,

1381 581 1420 610 et,
1445 584 1524 615 ergo
1548 580 1595 605 est
1615 576 1834 615 superfluum,
1859 576 1938 606 nihil
1960 576 2078 608 valent:
2102 577 2178 618 quia
2199 578 2344 608 identitas
2367 588 2442 608 curn

1381 618 1513 649 essentia
1537 625 1583 649 est
1605 629 1661 659 per
1684 629 1717 650 se
1741 626 1771 650 et
1793 620 1974 656 necessaria,
2000 618 2098 651 ex‘eo
2122 622 2210 662 quod
2233 622 2311 652 nihil
2337 628 2442 662 potest

1381 662 1475 693 obiici
1498 663 1670 694 intellectui
1701 663 1807 693 divino
1837 663 1897 694 nisi
1925 663 1958 694 in
1986 665 2118 695 essentia
2141 665 2255 696 divina.
2280 666 2326 696 Ita
2353 666 2442 706 quod

1379 707 1497 737 modus
1525 717 1590 748 quo
1620 717 1668 738 res
1696 707 1837 738 obiectae
1870 707 2078 745 obiiciuntur‚
2108 710 2282 740 necessario
2306 716 2352 740 est
2375 719 2441 740 esse

1379 750 1412 780 in
1429 751 1550 781 obiecta
1571 751 1720 782 essentia:
1745 751 1887 792 alioquin
1910 752 1997 782 Deus
2021 752 2205 792 intelligeret
2223 753 2342 794 aliquid
2358 761 2442 784 extra

1380 804 1422 831 se,
1447 801 1478 825 et
1500 795 1661 826 vilesceret
1683 795 1750 826 eius
1773 795 1959 831 intellectus,
1984 802 2020 826 ut
2034 797 2091 826 XII
2106 797 2290 838 Metaphys.
2306 797 2324 816 *
2346 804 2440 837 patet.

1379 839 1473 870 Unde
1496 839 1611 869 falsum
1635 846 1666 870 et
1687 839 1883 879 impossibile
1907 846 1954 870 est
1972 840 2062 880 quod
2083 840 2163 880 lapis
2187 841 2351 871 obiiciatur
2371 842 2440 871 Deo

1379 883 1412 912 in
1440 883 1544 923 seipso
1572 883 1677 923 lapide
1700 883 1864 914 obiective.
1893 883 1992 921 Quod
2014 890 2119 914 tamen
2149 891 2372 924 argumentum
2395 895 2442 915 as-

1380 926 1477 957 sumit
1495 933 1526 958 et
1544 927 1706 967 supponit,
1727 937 1764 957 ex
1782 927 1958 967 ignorantia
1976 928 2219 969 metaphysicae.

1431 971 1483 1001 Ad
1498 971 1586 1001 illam
1605 977 1713 1002 autem
1736 971 1972 1012 hypotheticam
1998 972 2231 1009 deductionem,
2255 973 2284 1003 si
2307 974 2442 1004 essentia

1379 1014 1486 1046 divina
1503 1024 1566 1045 non
1584 1020 1665 1046 esset
1679 1016 1711 1045 in
1726 1025 1837 1046 rerum
1855 1021 1986 1053 natura,
1999 1021 2028 1046 et
2041 1021 2121 1047 esset
2135 1017 2254 1047 obiecta
2272 1026 2331 1047 suo
2347 1018 2440 1048 intel-

1379 1059 1486 1096 lectui,
1501 1059 1686 1089 salvaretur
1701 1060 1785 1089 ratio
1805 1060 1913 1090 ideae:
1935 1069 2015 1100 ergo
2031 1060 2180 1091 identitas
2201 1060 2292 1091 ideae
2306 1071 2376 1092 cum
2392 1071 2442 1092 es-

1377 1103 1480 1132 sentia
1491 1108 1537 1133 est
1544 1113 1607 1144 per
1617 1103 1776 1141 accidens,
1793 1103 1929 1134 admissa
1941 1103 2156 1140 conditionali,
2169 1111 2301 1144 negatur
2312 1105 2442 1136 ulterior

1379 1146 1516 1186 sequela.
1545 1147 1614 1177 Imo
1639 1146 1781 1187 sequitur
1804 1147 2010 1188 oppositum:
2035 1148 2111 1188 quia
2134 1154 2234 1179 stante
2256 1149 2309 1179 illa
2332 1149 2442 1180 condi-

1377 1189 1498 1226 tionali,
1515 1190 1586 1220 idea
1609 1197 1689 1221 esset
1711 1190 1780 1231 ipsa
1803 1191 1936 1222 essentia
1959 1198 1995 1222 ut
2018 1192 2149 1223 obiecta.
2166 1210 2185 1215 -
2202 1192 2243 1223 Et
2265 1192 2292 1223 si
2311 1193 2440 1230 dicatur,

1379 1243 1458 1274 ergo
1473 1234 1576 1264 ideam
1590 1244 1658 1265 esse
1672 1236 1840 1265 essentiam
1857 1235 1998 1266 divinam
2013 1236 2186 1266 secundum
2204 1246 2271 1267 esse
2286 1237 2385 1275 reale,
2395 1243 2442 1268 est

1372 1287 1436 1317 per
1458 1278 1622 1316 accidens,
1647 1285 1779 1317 negatur
1801 1279 1938 1319 sequela.
1973 1279 2136 1316 Quoniam
2160 1290 2226 1310 esse
2249 1280 2442 1311 obiectivum

1378 1321 1529 1352 essentiae
1544 1321 1677 1358 divinae,
1691 1323 1776 1361 apud
1791 1322 1986 1353 intellectum
2000 1323 2069 1359 Dei,
2085 1333 2151 1354 non
2167 1330 2214 1354 est
2228 1334 2284 1364 per
2299 1324 2442 1355 accidens

1377 1365 1468 1401 reale,
1486 1365 1541 1395 sed
1557 1375 1613 1405 per
1628 1375 1670 1402 se,
1689 1376 1726 1396 ex
1741 1366 1911 1396 eminentia
1924 1367 2052 1407 propria
2070 1367 2178 1407 ipsius.
2200 1368 2260 1398 Sed
2279 1367 2344 1398 falli
2360 1368 2443 1399 mul-

1377 1416 1428 1440 tos
1452 1409 1607 1449 contingit
1629 1409 1662 1440 in
1678 1409 1750 1446 hoc,
1767 1420 1804 1440 ex
1820 1420 1858 1440 eo
1883 1411 1972 1451 quod
1996 1411 2210 1452 consideratur
2235 1421 2301 1442 esse
2316 1412 2442 1443 obiecti-

1377 1463 1455 1483 vum
1469 1453 1625 1491 absolute,
1638 1460 1669 1484 et
1682 1454 1764 1484 reale
1779 1454 1933 1492 absolute,
1947 1464 2028 1494 quae
2044 1462 2166 1486 constat
2181 1465 2247 1485 non
2262 1465 2328 1486 esse
2343 1456 2442 1492 idem;

1378 1507 1452 1527 cum
1475 1496 1527 1527 hic
1550 1497 1589 1528 sit
1613 1507 1717 1528 sermo
1742 1498 1780 1528 de
1804 1508 1870 1528 esse
1895 1498 2051 1529 obiectivo
2069 1499 2137 1536 tali,
2163 1507 2193 1530 et
2216 1500 2274 1530 tali
2297 1500 2381 1536 reali,
2406 1510 2443 1530 ex

1377 1541 1492 1581 quibus
1517 1541 1618 1572 oritur
1640 1541 1801 1578 identitas;
1827 1542 2020 1574 balbutiendi
2039 1550 2145 1574 tamen
2167 1550 2294 1583 accepta
2307 1543 2440 1575 licentia.

920 1686 1345 1728 ARTICULUS
1389 1686 1784 1729 SECUNDUS

1037 1780 1194 1811 UTRUM
1218 1779 1316 1810 SINT
1339 1779 1504 1811 PLURES
1528 1780 1658 1810 IDEAE

329 1869 409 1902 Infra,
428 1877 475 1902 qu.
486 1877 552 1899 erV,
572 1874 619 1894 art.
640 1868 669 1898 33
689 1876 735 1900 qu.
748 1875 829 1897 van,
849 1873 894 1892 art.
912 1876 933 1898 1,
952 1868 984 1892 ad
1004 1875 1033 1898 2;
1052 1867 1061 1891 1
1082 1867 1164 1897 sent„
1185 1867 1244 1892 dist.
1257 1874 1339 1898 xxxvx,
1362 1875 1408 1899 qu.
1420 1874 1453 1898 11,
1473 1872 1520 1892 art.
1537 1874 1566 1897 2;
1586 1867 1632 1897 111,
1653 1867 1712 1892 dist.
1724 1875 1775 1897 xw,
1794 1873 1841 1892 art.
1856 1875 1880 1898 2,
1900 1869 1947 1900 qu·
1963 1875 1991 1899 2;
2012 1868 2021 1892 I
2037 1869 2113 1894 Cont.
2130 1869 2216 1897 Gent.‚
2236 1876 2292 1901 cap.
2310 1876 2364 1900 L1v3

739 1903 781 1928 De
793 1903 862 1932 Pot„
882 1910 926 1935 qu.
940 1910 982 1934 111,
1001 1907 1049 1928 art.
1066 1901 1105 1932 16,
1124 1903 1156 1927 ad
1174 1909 1213 1932 12,
1231 1902 1276 1933 135
1297 1902 1339 1927 De
1357 1902 1447 1932 Ver-it„
1468 1910 1513 1935 qu.
1528 1910 1565 1934 ιιι,
1585 1907 1632 1928 art.
1647 1910 1676 1934 2;
1697 1903 1793 1933 Quodl.
1807 1903 1849 1933 IV,
1864 1911 1909 1936 qu.
1925 1911 1947 1928 1.

287 2004 297 2021 Ὗ
343 2007 426 2036 ³5¹2<

286 2011 349 2045 ,Ᾱῆ
381 2034 383 2036 ,
405 2034 415 2041 ,
466 2004 488 2029 D
504 2003 694 2029 SECUNDUM
709 2003 762 2028 sm
781 2002 1020 2028 PROCEDITUR.
1041 1990 1200 2028 Videtur
1215 1990 1320 2039 quod

282 2032 550 2106 &jaff
565 2044 638 2082 sint
655 2045 784 2093 plures
803 2044 924 2081 ideae.
947 2044 1038 2080 Idea
1057 2043 1158 2080 enim
1179 2043 1218 2081 in
1232 2045 1318 2080 Deo

272 2098 393 2173 ᾖξε
414 2100 436 2143 (2
468 2105 523 2135 est
552 2098 632 2134 eius
662 2097 834 2134 essentia.
865 2097 943 2133 Sed
971 2096 1135 2133 essentia
1162 2096 1234 2133 Dei
1264 2104 1320 2133 est

354 2149 362 2160 v

361 2139 544 2188 ‘'Quna
569 2158 730 2187 tantum.
760 2151 863 2198 Ergo
893 2157 929 2186 et
956 2150 1042 2186 idea
1071 2157 1127 2186 est
1155 2162 1230 2186 una
1244 2156 1272 2186 α.

309 2216 345 2242 2.
366 2205 599 2251 PRAETEREA‚
620 2203 716 2240 sicut
735 2203 823 2240 idea
843 2209 899 2239 est
919 2202 1149 2251 principium
1179 2214 1320 2250 cogno-

255 2257 386 2295 scendi
417 2264 455 2294 et
487 2256 687 2305 operandi,
717 2255 767 2293 ita
795 2268 856 2292 ars
885 2262 922 2292 et
949 2255 1144 2304 sapientia.
1176 2255 1254 2292 Sed
1282 2254 1321 2291 in

253 2311 339 2347 Deo
372 2322 452 2347 non
485 2317 572 2347 sunt
607 2309 735 2358 plures
769 2316 867 2346 artes
897 2315 933 2345 et
960 2307 1179 2357 sapientiae.
1217 2309 1319 2356 Ergo

254 2375 327 2400 nec
353 2363 480 2412 plures
509 2363 629 2400 ideae.

288 2417 343 2463 ‚3.
375 2416 415 2453 Si
444 2415 589 2453 dicatur
616 2414 723 2463 quod
741 2414 849 2452 ideae
869 2413 1165 2463 multiplicantur
1188 2426 1321 2451 secun-

254 2469 348 2506 dum
367 2476 560 2518 respectus
580 2469 629 2505 ad
650 2467 819 2505 diversas
839 2474 1040 2514 creaturas,
1062 2475 1208 2504 contra:
1234 2467 1321 2503 Plu-

113 2523 128 2557 β
254 2521 381 2560 ralitas
399 2520 417 2551 Ρ
444 2521 619 2559 idearum
648 2527 703 2557 est
735 2521 783 2557 ab
813 2527 979 2557 aeterno.
1014 2520 1054 2557 Si
1089 2533 1178 2568 ergo
1212 2520 1320 2557 ideae

255 2582 343 2612 sunt
376 2575 524 2623 plures,
560 2581 755 2610 creaturae
788 2580 916 2610 autem
949 2581 1036 2610 sunt
1067 2572 1319 2622 temporales,

255 2640 346 2676 ergo
373 2627 583 2676 temporale
611 2626 680 2663 erit
708 2638 823 2663 causa
850 2626 1004 2663 aeterni.

308 2692 347 2727 4.
367 2681 601 2726 PRAETEREA,
624 2686 818 2728 respectus
840 2678 899 2716 isti
919 2686 983 2716 aut
1003 2686 1090 2716 sunt
1109 2679 1320 2716 secundum

257 2745 340 2770 rem
367 2732 406 2769 in
432 2732 610 2770 creaturis
629 2739 788 2779 tantum,
809 2739 873 2769 aut
892 2732 1004 2769 etiam
1032 2732 1072 2769 in
1095 2733 1192 2769 Deo.
1224 2732 1263 2769 Si
1281 2732 1320 2769 in

257 2786 436 2823 creaturis
464 2793 628 2833 tantum,
660 2797 748 2822 cum
777 2792 968 2822 creaturae
997 2798 1076 2822 non
1096 2785 1169 2822 sint
1187 2785 1235 2822 ab
1260 2797 1320 2821 ae-

256 2843 388 2887 tern0,
411 2838 604 2888 pluralitas
631 2837 804 2875 idearum
824 2851 903 2875 non
931 2838 1000 2875 erit
1025 2838 1073 2875 ab
1093 2846 1260 2889 aeterno,
1291 2838 1321 2874 si

114 2901 131 2928 Υ
256 2891 551 2942 multiplicentur
578 2891 703 2928 solum
732 2891 943 2928 secundum
976 2891 1195 2928 huiusmodi
1223 2896 1237 2917 ⁷
1265 2903 1321 2927 re-

257 2951 420 2994 spectus.
451 2945 492 2982 Si
520 2952 648 2982 autem
675 2944 824 2981 realiter
850 2952 937 2982 sunt
963 2944 1002 2982 in
1030 2946 1128 2990 Deo,
1153 2943 1323 2993 sequitur

117 3001 132 3027 δ
258 2997 363 3046 quod
383 2998 455 3036 alia
473 2998 666 3047 pluralitas
695 2997 803 3034 realis
823 2995 836 3018 ὅ
865 2997 910 3034 sit
934 2997 972 3034 in
991 2999 1076 3034 Deo
1104 3009 1220 3046 quam
1238 2997 1321 3045 plu-

258 3050 382 3088 ralitas
408 3052 687 3088 Personarum:
725 3051 830 3098 quod
864 3058 919 3087 est
951 3058 1082 3087 contra
1116 3052 1322 3087 Damasce-

17 3113 141 3163 iibD‘ff‘g‘
151 3113 229 3142 orm„
258 3115 371 3152 num,
402 3103 591 3141 dicentem
619 3104 639 3125 ’¹‘
667 3103 771 3152 quod
799 3103 838 3140 in
867 3103 1003 3141 divinis
1035 3103 1166 3140 omnia
1198 3116 1321 3140 unum

0 3186 1 3189 ,
52 3156 59 3162 ”
85 3156 91 3167 ’
121 3147 195 3199 ‘²¹'
259 3163 366 3203 sunt,
395 3164 544 3205 praeter
572 3156 894 3206 ingenerationem
922 3162 949 3202 ⁸,
978 3157 1260 3206 generationem
1289 3162 1325 3193 et

253 3209 545 3258 processionem.
575 3210 636 3246 Sic
663 3209 774 3257 igitur
802 3221 881 3246 non
909 3217 996 3246 sunt
1022 3210 1149 3257 plures
1173 3209 1294 3246 ideae.

315 3263 389 3298 SED
418 3273 564 3299 CONTRA
590 3274 656 3299 EsT
689 3261 795 3310 quod
824 3261 912 3299 dicit
939 3262 1183 3309 Augustinus,
1213 3262 1252 3299 in
1279 3262 1321 3298 li-

259 3316 329 3352 bro
359 3315 556 3364 Octoginta
584 3315 698 3352 trium
731 3316 878 3357 Quaest.
904 3314 941 3351 *ε
969 3315 1083 3351 Ideae
1109 3320 1196 3351 sunt
1215 3316 1324 3363 'prin-

261 3368 398 3416 cipales
426 3367 612 3415 quaedam
628 3369 790 3416 formae
817 3367 878 3405 vel
904 3368 1223 3419 rationes-rerum
1251 3374 1325 3405 sta-

19 3321 32 3333 *
46 3321 95 3350 Qu.
107 3327 168 3344 uvi.

314 3481 341 3514 α)
361 3484 400 3506 est
419 3488 480 3505 una.
498 3494 517 3499 -
535 3481 597 3505 Om.
616 3482 717 3507 codices
736 3487 762 3507 et
779 3483 820 3508 ed.
833 3491 859 3508 a.

315 3516 339 3552 β)
359 3517 514 3541 pluralitas.
532 3529 551 3535 —
569 3517 688 3542 Pluritas
707 3518 748 3542 ed.
763 3518 785 3547 b,
801 3523 826 3543 et
839 3519 874 3544 ita
887 3518 959 3543 infra.
971 3532 989 3538 --
1003 3517 1054 3542 Pro
1073 3517 1104 3542 Si
1122 3524 1196 3550 ergo,
1213 3517 1268 3543 Sed
1280 3517 1325 3542 AC

260 3553 333 3582 EGa,
354 3552 385 3577 Si
404 3555 492 3576 tamen
511 3551 542 3582 D,
563 3551 594 3576 Si
612 3551 642 3577 F.

313 3587 518 3621 7)·huiusmodi.
537 3600 556 3605 —
573 3586 635 3611 Om.
655 3587 756 3612 codices
775 3593 801 3612 et
818 3588 869 3613 ab.

314 3622 338 3655 δ)
358 3623 446 3647 realis.
464 3634 484 3642 ·-
501 3621 611 3646 realiter
628 3623 657 3653 B,
677 3630 732 3648 om.
753 3623 811 3648 edd.
828 3624 879 3648 ab.

404 3674 513 3699 Sunium
532 3674 633 3700 Timon.
651 3674 683 3698 D.
697 3673 811 3699 'rueme
830 3674 861 3699 T.
881 3675 899 3699 Ι.

1375 1990 1464 2027 biles
1491 1997 1603 2039 atque
1632 1991 1963 2036 incommutabiles,
1988 1991 2076 2039 quia
2092 1991 2105 2017 ἔ
2125 1991 2227 2039 ipsae
2243 1992 2441 2039 formatae

1375 2055 1450 2080 non
1477 2049 1574 2089 sunt,
1603 2055 1650 2080 ac
1670 2055 1744 2091 per
1770 2045 1842 2080 hoc
1869 2049 2045 2080 aeternae
2068 2055 2115 2080 ac
2146 2055 2293 2092 semper
2311 2045 2440 2082 eodem

1375 2096 1486 2133 modo
1514 2109 1554 2133 se
1580 2097 1771 2142 habentes,
1801 2108 1898 2144 quae
1925 2097 2052 2133 divina
2081 2097 2323 2146 intelligentia
2351 2110 2440 2134 con-

1375 2150 1548 2186 tinentur.
1585 2150 1660 2185 Sed
1698 2161 1783 2186 cum
1823 2150 1925 2197 ipsae
1965 2161 2084 2198 neque
2118 2150 2291 2186 oriantur
2323 2162 2441 2198 neque

1375 2202 1578 2248 intereant,
1608 2203 1812 2238 secundum
1850 2214 1913 2239 eas
1947 2208 2070 2239 tamen
2098 2203 2274 2250 formari
2307 2203 2442 2239 dicitur

1375 2267 1487 2291 omne
1514 2255 1616 2303 quod
1642 2255 1738 2291 oriri
1763 2261 1800 2291 et
1826 2255 1978 2291 interire
1998 2260 2131 2303 potest,
2160 2261 2196 2291 et
2213 2267 2325 2292 omne
2343 2257 2443 2305 quod

1375 2308 1496 2344 oritur
1523 2313 1560 2344 et
1585 2308 1718 2344 interit.

1430 2362 1656 2397 RESPONDEO
1684 2372 1868 2397 DICENDUM
1897 2360 2003 2409 quod
2030 2373 2185 2397 necesse
2215 2368 2271 2397 est
2297 2373 2441 2409 ponere

1375 2414 1504 2462 plures
1536 2413 1651 2451 ideas.
1685 2414 1748 2450 Ad
1777 2413 1883 2450 cuius
1917 2413 2168 2460 evidentiam,
2200 2414 2441 2451 consideran-

1378 2467 1470 2504 dum
1491 2474 1547 2503 est
1569 2467 1675 2514 quod
1702 2467 1743 2503 in
1771 2466 1940 2515 quolibet
1968 2466 2104 2502 effectu
2132 2466 2223 2503 illud
2251 2468 2356 2515 quod
2386 2475 2441 2504 est

1375 2519 1532 2556 ultimus
1565 2519 1672 2566 finis,
1706 2519 1859 2568 proprie
1890 2526 1945 2555 est
1980 2519 2167 2555 intentum
2194 2532 2216 2556 a
2243 2520 2440 2568 principali

1376 2580 1532 2620 agente3
1563 2572 1658 2609 sicut
1677 2572 1772 2608 ordo
1800 2571 1982 2608 exercitus
2002 2584 2024 2608 a
2044 2572 2152 2608 duce.
2184 2573 2278 2610 Illud
2311 2581 2439 2610 autem

1377 2626 1483 2674 quod
1511 2632 1566 2661 est
1594 2624 1784 2673 optimum
1813 2624 1851 2661 in
1879 2625 1993 2661 rebus
2023 2625 2195 2672 existens,
2219 2633 2274 2662 est
2292 2626 2439 2663 bonurn

1377 2678 1518 2715 ordinis
1546 2677 1726 2724 universi,
1746 2684 1787 2713 ut
1805 2684 1908 2726 patet
1925 2690 1995 2726 per
2014 2677 2291 2726 Philosophum
2311 2679 2350 2716 in
2370 2680 2438 2716 XII

1375 2730 1628 2779 Metaphys.*
1657 2730 1765 2767 Ordo
1802 2730 1913 2778 igitur
1944 2730 2112 2767 universi
2147 2739 2202 2768 est
2237 2733 2389 2781 proprie
2418 2745 2440 2769 a

1376 2786 1461 2821 Deo
1482 2784 1658 2830 intentus,
1689 2790 1724 2819 et
1743 2795 1822 2819 non
1840 2795 1910 2832 per
1929 2783 2104 2820 accidens
2131 2785 2364 2832 proveniens
2384 2798 2440 2822 se-

1376 2837 1545 2874 cundum
1565 2835 1847 2872 successionem
1866 2836 2077 2884 agentium:
2106 2845 2221 2886 prout
2246 2838 2400 2886 quidam
2420 2838 2440 2860 ’¹‘

1376 2891 1550 2928 dixerunt
1569 2889 1674 2937 quod
1693 2890 1798 2925 Deus
1825 2889 1966 2926 creavit
1983 2890 2149 2938 primum
2171 2898 2338 2927 creatum
2358 2899 2438 2928 tan-

1375 2951 1470 2990 tum,
1500 2942 1606 2991 quod
1635 2949 1802 2978 creatum
1831 2942 1973 2979 creavit
1996 2943 2208 2980 secundum
2229 2952 2397 2980 creatum
2412 2949 2436 2991 η,

1378 3003 1414 3033 et
1441 2996 1494 3032 sic
1522 2995 1610 3032 inde
1643 3007 1845 3043 quousque
1877 2995 2064 3043 producta
2099 3003 2153 3032 est
2181 3004 2282 3033 tanta
2311 3009 2438 3034 rerum

1378 3048 1598 3086 multitudo:
1619 3048 1832 3084 secundum
1852 3060 1968 3096 quam
1985 3048 2217 3097 opinionem,
2234 3050 2339 3085 Deus
2358 3062 2438 3086 non

1377 3102 1533 3139 haberet
1561 3100 1631 3137 nisi
1658 3100 1784 3137 ideam
1803 3100 1915 3149 primi
1942 3101 2066 3138 creati.
2097 3101 2174 3138 Sed
2194 3101 2223 3137 si
2243 3102 2322 3150 ipse
2343 3103 2438 3139 ordo

1377 3154 1544 3192 universi
1575 3160 1629 3190 est
1646 3166 1716 3202 per
1735 3166 1776 3190 se
1803 3161 1948 3190 creatus
1968 3155 2015 3190 ab
2046 3166 2104 3201 eo,
2135 3162 2171 3190 et
2198 3154 2361 3191 intentus
2390 3155 2438 3191 ab

1378 3208 1472 3257 ipso,
1503 3219 1658 3244 necesse
1679 3214 1734 3243 est
1753 3207 1858 3255 quod
1876 3207 2014 3243 habeat
2031 3206 2158 3243 ideam
2187 3207 2326 3244 ordinis
2354 3208 2436 3244 uni-

1377 3260 1488 3299 versi.
1531 3259 1642 3296 Ratio
1680 3266 1808 3296 autem
1846 3259 2002 3296 alicuius
2043 3259 2155 3296 totius
2192 3259 2324 3296 haberi
2360 3273 2439 3298 non

1378 3321 1513 3363 potest,
1535 3312 1605 3349 nisi
1623 3313 1836 3349 habeantur
1857 3313 2034 3361 propriae
2058 3312 2219 3348 rationes
2239 3325 2373 3349 eorurn
2395 3325 2439 3349 ex

1379 3367 1516 3416 quibus
1550 3372 1672 3402 totum
1702 3365 1955 3402 constituitur:
1986 3365 2080 3401 sicut
2108 3365 2327 3402 aedificator
2355 3378 2439 3414 spe-

1433 3481 1454 3513 ε)
1467 3480 1726 3513 ingenerationem.—
1736 3479 1967 3504 innascibilitatem
1978 3479 2007 3509 B,
2018 3486 2070 3503 om.
2080 3478 2131 3508 Fa;
2140 3479 2340 3511 generationem
2349 3480 2439 3505 om.E·

1432 3516 1456 3548 ζ)
1476 3516 1547 3548 quia.
1566 3530 1585 3534 -
1603 3522 1669 3548 quae
1688 3515 1789 3539 codices
1809 3520 1834 3539 et
1853 3515 1893 3539 ed.
1908 3522 1934 3539 a.

1434 3552 1458 3584 η)
1478 3551 1549 3583 quod
1567 3554 1685 3576 creatum
1704 3550 1806 3575 creavit
1817 3549 1960 3575 secundum
1974 3551 2101 3573 creatum.
2114 3563 2132 3566 —
2146 3549 2218 3580 quod
2229 3550 2330 3574 creavit
2347 3557 2438 3575 secun-

1381 3587 1443 3611 dum
1458 3589 1577 3612 creatum
1591 3586 1622 3616 G,
1638 3586 1709 3618 quod
1726 3589 1845 3610 creatum
1864 3584 2007 3610 secundum
2026 3587 2144 3609 creatum
2158 3584 2199 3609 ed.
2213 3592 2238 3614 a,
2253 3592 2307 3610 om.
2322 3586 2407 3610 ceteri.
2420 3599 2439 3604 -

1380 3623 1430 3647 Pro
1450 3622 1518 3651 inde,
1540 3622 1643 3646 demum
1663 3621 1721 3645 edd.
1740 3621 1791 3645 ab.

2262 3671 2294 3696 26

2466 799 2516 821 *Ca
2535 806 2614 822 .νιιι.-
2625 800 2678 822 Did.

2467 826 2522 881 lib}
2557 842 2562 853 ,
2579 832 2630 854 cap.
2642 833 2679 854 tx,

2466 2747 2477 2758 *
2485 2746 2562 2777 S.Th.
2574 2747 2625 2777 lect.
2636 2753 2678 2768 x11.

2466 2773 2550 2827 2233:
2565 2773 2615 2821 1¹1¹f²12
2633 2773 2678 2799 XL

2467 2850 2476 2858 '¹
2490 2848 2616 2874 Avicenna,
2627 2848 2678 2869 Me-

2466 2875 2646 2902 taphys.,tract.1
2671 2890 2678 2901 ,

2465 2907 2515 2928 cap.
2527 2907 2558 2923 tv.

2558 2955 2574 2977 ⁷1
