2768 4178
98 426 233 475 menapi

45 480 163 522 Cffnum.
173 506 197 522 11.

974 246 1242 293 QUAESTIO
1270 246 1338 293 vl,
1368 246 1666 284 ART1CULUS
1696 247 1748 284 lv
2405 260 2452 296 71

20 328 168 384 :qlif’c’ei¹'’
189 333 233 356 ¹¹·⁵
260 326 376 366 speciei
397 331 586 366 separatae,
610 327 694 357 sicut
721 323 818 356 homo'
832 334 896 365 per
920 325 1108 361 essentiam,
1135 330 1192 354 etc.
1210 323 1241 353 *z
1267 333 1333 354 non

21 420 95 469 '⁰35'

261 376 369 401 autem
383 370 462 411 quin
477 370 569 401 detur
583 370 726 410 primum
742 370 866 400 bonum
880 378 937 409 per
953 367 1130 404 essentiam,
1142 368 1232 408 quod
1247 368 1333 399 Deus

261 420 316 451 est,
341 420 378 445 ut
400 421 486 455 patet
509 414 543 445 in
564 414 623 445 XII
646 414 831 455 Metaphys.
846 412 874 450 *‚
898 412 931 443 in
953 411 1027 443 fine.

316 458 385 490 Vll.
406 459 524 497 Quoad
547 465 698 500 quartum
711 456 737 494 *,
762 457 856 488 unica
880 463 927 488 est
949 456 1115 488 conclusio
1138 456 1331 497 responsiva,

261 503 380 534 habens
404 503 482 534 duas
506 509 625 544 partes:
650 501 770 534 Omnia
792 508 867 541 sunt
890 502 975 532 bona
990 501 1131 532 bonitate
1148 500 1255 531 divina
1278 510 1332 531 ex-

261 549 398 579 trinsece
421 553 452 578 et
473 548 671 585 causaliter;
695 545 890 577 bonitatibus
914 551 1022 576 autem
1049 545 1185 585 propriis
1200 544 1334 586 forma-

261 592 335 623 liter
350 598 381 623 et
397 593 577 623 intrinsece.
593 609 613 614 —
625 591 791 622 Probatur.
813 592 843 620 A
857 589 962 630 primo
979 599 1036 630 per
1050 589 1218 620 essentiam
1233 590 1330 626 bono,

260 636 518 678 unumquodque
541 641 647 676 potest
670 634 731 666 dici
754 635 879 665 bonum
902 644 959 675 per
977 634 1115 664 modum
1134 633 1332 665 assimilatio-

261 680 319 711 nis.
339 681 425 721 Ergo
441 679 699 721 unumquodque
714 678 829 710 dicitur
843 679 968 709 bonum
985 678 1126 709 bonitate
1141 678 1247 709 divina
1261 678 1332 709 effe-

261 725 351 761 ctive,
369 731 400 756 et
418 723 645 764 exemplariter,
663 730 694 754 et
710 722 859 754 finaliter:
884 722 1090 754 similitudine
1110 730 1218 754 autem
1237 722 1330 759 illius,

261 768 444 800 formaliter.
469 768 566 809 Ergo.
583 786 600 791 —
618 768 818 800 Antecedens
835 767 968 799 infertur
982 777 1018 798 ex
1034 767 1223 808 praemissis.
1245 767 1331 798 Con-

260 812 424 854 sequentia
446 819 564 849 autem,
589 812 673 844 notis
696 811 848 848 terminis,
873 812 956 843 clara
979 818 1026 843 est
1048 822 1085 843 ex
1109 821 1151 843 se.

314 857 397 888 VIII.
420 858 500 888 Tres
524 864 632 888 autem
654 856 780 888 termini
804 863 879 888 sunt
909 856 1051 887 notandi.
1080 856 1206 887 Primus
1230 863 1276 887 est
1299 856 1332 897 ly

253 911 318 943 per
334 902 463 934 modum
487 901 654 933 cuiusdam
678 902 929 933 assimilationis.
954 901 1130 942 Dupliciter
1148 900 1234 932 enim
1256 910 1330 932 con-

259 947 352 988 tingit
375 946 497 988 aliquid
520 946 581 977 dici
604 946 666 977 tale
689 946 728 976 ab
759 945 868 987 aliquo
898 945 1082 977 extrinseco.
1114 946 1188 977 Uno
1212 945 1329 981 modo,

259 991 302 1023 ita
324 991 415 1033 quod
437 991 517 1022 ratio
541 990 811 1021 denominationis
835 990 875 1021 sit
898 990 966 1030 ipsa
989 990 1099 1021 relatio
1124 990 1163 1020 ad
1187 990 1332 1020 extrinse-

260 1044 354 1072 cum;
379 1042 415 1066 ut
437 1034 529 1066 urina
553 1034 667 1066 dicitur
694 1044 787 1071 sana,
817 1035 884 1066 sola
907 1034 1058 1065 relatione
1082 1034 1163 1075 signi
1187 1034 1227 1064 ad
1250 1034 1330 1064 sani-

260 1087 368 1112 tatem.
392 1079 467 1111 Alio
491 1080 602 1116 modo,
623 1079 666 1110 ita
689 1079 779 1121 quod
801 1079 880 1110 ratio
905 1078 1173 1110 denominationis
1197 1077 1246 1114 sit,
1264 1088 1330 1109 non

260 1124 371 1156 relatio
396 1124 621 1160 similitudinis,
647 1130 702 1155 aut
725 1124 855 1165 quaevis
879 1123 949 1160 alia,
974 1123 1030 1154 sed
1053 1122 1156 1153 forma
1179 1132 1262 1164 quae
1285 1129 1332 1153 est

260 1168 507 1200 fundamentum
530 1168 690 1199 relationis
712 1167 927 1200 similitudinis
943 1168 983 1198 ad
1006 1167 1086 1198 illud
1105 1166 1331 1203 extrinsecum

259 1220 296 1245 ut
319 1223 372 1244 aer
394 1213 509 1244 dicitur
526 1213 651 1245 lucidus
673 1213 744 1244 luce
768 1212 872 1249 solari,
890 1222 926 1243 ea
944 1211 1065 1242 ratione
1084 1221 1149 1252 qua
1167 1210 1332 1252 participat

233 1268 333 1291 deam
346 1267 403 1299 per
418 1257 557 1288 formam
575 1257 716 1288 luminis.
741 1257 783 1288 Et
797 1256 954 1298 quoniam
977 1255 1031 1287 ubi
1048 1261 1094 1286 est
1113 1254 1332 1286 denominatio

260 1302 366 1344 primo
390 1303 500 1339 modo,
518 1302 561 1333 ibi
585 1309 631 1334 est
654 1300 872 1332 denominatio
896 1301 935 1331 ab
959 1299 1132 1331 extrinseco
1156 1308 1251 1340 pura;
1277 1299 1332 1330 ubi

259 1353 368 1378 autem
383 1353 439 1378 ·est
461 1345 681 1378 denominatio
698 1345 839 1376 secundo
856 1344 967 1381 modo,
984 1344 1028 1375 ibi
1044 1350 1090 1375 est
1113 1343 1331 1375 denominatio

259 1392 298 1422 ab
323 1391 506 1428 extrinseco,
522 1391 578 1421 sed
601 1400 668 1421 non
692 1390 769 1426 sola,
790 1389 946 1431 quoniam
970 1396 1016 1420 est
1040 1388 1135 1420 etiam
1158 1389 1197 1419 ab
1220 1388 1332 1419 intrin-

1389 334 1476 360 seco,
1502 330 1537 354 ut
1560 330 1660 364 patet;
1686 331 1716 355 et
1739 324 1771 354 in
1795 325 1961 365 proposito
1985 325 2028 356 sic
2051 332 2112 357 est:
2138 326 2209 356 ideo
2234 326 2266 356 in
2291 326 2391 357 littera
2407 327 2457 357 di-

1388 367 1468 399 citur
1491 368 1580 409 quod
1603 378 1621 398 a
1645 367 1749 408 primo
1773 378 1830 408 per
1853 369 2021 400 essentiam
2044 370 2148 406 bono,
2174 370 2283 400 omnia
2306 370 2455 402 dicuntur

1387 413 1472 443 bona
1495 422 1559 453 per
1581 412 1710 443 modum
1734 413 1984 444 assimilationis.
2016 414 2063 444 Ex
2086 414 2147 445 hoc
2171 414 2256 445 enirn
2279 414 2384 445 statim
2408 424 2454 445 se-

1386 457 1495 498 quitur
1510 463 1542 487 et
1556 456 1646 498 quod
1662 456 1922 488 denominatione
1942 458 2120 494 extrinseca,
2139 465 2169 489 et
2187 458 2362 495 intrinseca,
2380 469 2454 499 pos-

1386 507 1461 532 sunt
1484 501 1545 532 dici
1568 501 1662 532 bona.

1438 545 1603 576 Secundus
1627 551 1674 576 est
1695 545 1728 586 ly
1750 546 1843 577 sicut.
1867 546 2021 576 Notanter
2044 556 2109 577 non
2130 546 2273 577 absolute
2296 547 2329 577 in
2352 547 2454 578 littera

1386 590 1500 621 dicitur
1515 589 1604 630 quod
1624 590 1880 631 unumquodque
1897 597 2002 631 potest
2017 590 2077 621 dici
2097 591 2220 622 bonum
2237 591 2343 621 divina
2361 591 2453 621 boni-

1385 641 1447 665 tate
1472 634 1642 665 extrinseca
1659 633 1932 665 denominatione:
1958 635 2013 665 sed
2031 634 2202 675 apponitur
2217 635 2250 676 ly
2268 636 2351 666 sicut
2359 636 2453 676 prin-

1385 680 1466 720 cipio
1489 678 1650 719 effectivo,
1676 684 1733 710 etc.
1758 678 1803 709 Ut
1826 678 1912 709 enim
1934 678 1999 709 iam
2022 686 2142 710 tactum
2166 687 2220 716 est,
2237 679 2453 710 denominatio

1385 723 1556 754 extrinseca
1571 729 1618 753 est
1636 723 1768 763 duplex:
1794 723 1952 764 quaedam
1961 733 2062 764 pura,
2080 730 2111 754 et
2127 723 2284 764 quaedam
2303 724 2452 755 causalis.

1384 768 1466 798 Pura
1490 767 1621 808 quidem
1641 774 1696 804 est,
1712 767 1842 808 quando
1866 767 1934 798 sola
1957 767 2107 798 relatione
2131 768 2171 798 ad
2195 768 2454 798 denominantem

1385 812 1524 843 formam
1543 811 1761 843 denominatio
1784 810 1836 842 fit:
1861 811 1993 842 causalis
2007 821 2092 848 vero,
2110 812 2240 853 quando
2255 812 2453 852 participatio

1385 856 1512 888 effeetus
1537 856 1725 887 extrinsecae
1749 865 1861 886 causae
1889 855 2185 887 denominationem
2208 855 2331 887 fundat.
2361 856 2454 887 Unde

1384 901 1417 931 in
1436 900 1614 942 proposito,
1631 900 1707 941 quia
1726 900 1984 942 unumquodque
2001 900 2114 932 dicitur
2129 901 2253 931 bonum
2276 900 2382 931 divina
2395 901 2454 931 bo-

1385 945 1481 976 nitate
1496 945 1675 982 extrinsece,
1692 954 1760 975 non
1775 945 2095 986 quomodocumque,
2112 945 2167 976 sed
2184 944 2360 981 causaliter,
2380 945 2453 975 ideo

1385 990 1507 1020 dictum
1530 996 1576 1020 est
1598 990 1681 1020 sicut
1706 990 1877 1030 principio.
1904 1006 1922 1012 -
1946 990 1987 1020 Et
2010 989 2036 1020 si
2059 989 2121 1020 hoc
2145 988 2324 1029 diligentius
2352 989 2454 1020 consi-

1385 1034 1556 1070 deraveris,
1583 1033 1724 1064 invenies
1755 1034 1844 1075 quod
1866 1033 2063 1075 impossibile
2087 1039 2133 1064 est
2156 1033 2189 1064 in
2212 1033 2364 1064 absolutis
2387 1032 2454 1064 fieri

1385 1078 1681 1109 denominationem
1711 1078 1916 1109 extrinsecam
1939 1088 2069 1119 puram,
2095 1077 2240 1119 quamvis
2264 1077 2365 1118 possit
2385 1076 2454 1108 fieri

1386 1122 1528 1153 causalis.

1439 1167 1566 1197 Tertius
1591 1173 1637 1197 est
1655 1166 1688 1207 ly
1707 1167 1896 1207 exemplari.
1922 1166 2027 1198 Causa
2048 1166 2232 1207 exemplaris
2252 1165 2454 1206 distinguitur

1385 1211 1424 1241 ab
1449 1210 1597 1246 effectiva,
1623 1217 1654 1241 et
1677 1210 1880 1241 coordinatur
1902 1211 1983 1241 inter
2006 1210 2155 1242 formales
2169 1234 2176 1247 ‚
2200 1210 2276 1251 quia
2299 1217 2345 1241 est
2366 1210 2455 1240 velut

1386 1254 1556 1285 extrinseca
1587 1254 1691 1285 forma
1715 1255 1768 1285 rei.
1800 1254 2000 1295 Significatur
2023 1265 2097 1296 ergo
2128 1255 2235 1285 Deum
2259 1264 2324 1285 non
2347 1254 2454 1285 solum

1386 1299 1485 1330 facere
1502 1298 1678 1330 bonitatem
1692 1298 1838 1336 aliorum,
1857 1299 1911 1329 sed
1927 1299 2096 1340 exemplari
2113 1299 2200 1329 illam
2216 1309 2252 1329 ex
2268 1307 2340 1329 sua:
2365 1298 2454 1339 quod

1386 1353 1452 1374 non
1477 1343 1589 1374 accidit
1612 1343 1666 1379 sic,
1686 1353 1761 1374 cum
1785 1343 1898 1374 dicitur
1923 1344 2030 1374 Deum
2053 1343 2153 1374 facere
2172 1343 2288 1374 bovem
2312 1349 2366 1373 aut
2389 1342 2454 1373 leo-

1386 1397 1470 1424 nem,
1496 1394 1532 1418 ut
1555 1394 1649 1428 patet.
