2488 3938
725 243 1183 330 SANcrlssml
1225 275 1498 329 DOMINI
1539 276 1811 330 NOSTRI

893 403 1648 561 LEONIS

974 660 1162 697 DIVINA
1191 654 1563 699 PROVIDENTIA

640 793 1393 928 PAPAE
1506 795 1899 927 xm

1054 1025 1484 1082 LITTERAE

762 1159 811 1183 AD
841 1157 1146 1183 EMINENTISSIMOS
1174 1157 1221 1182 Ac
1250 1156 1584 1182 REVERENDISSIMOS
1612 1157 1777 1182 DOMINOS

364 1258 775 1302 IOANNEM
813 1256 1172 1298 SIMEONI
1211 1257 1310 1296 ET
1351 1256 1714 1298 THOMAM
1752 1256 2182 1302 ZIGLIARA

1015 1342 1069 1401 ·S·
1095 1370 1133 1400 R.
1159 1369 1196 1401 E.
1230 1368 1506 1401 CARDINALES

1199 1483 1346 1510 mss-«m

1071 1611 1216 1634 DILECI'IS
1230 1611 1320 1634 FILIIS
1335 1610 1471 1634 NOSTRIS

669 1709 805 1738 IOANNI
827 1708 999 1744 SIMEONI,
1021 1708 1192 1736 ΤΗΟΜΑΕ
1212 1707 1407 1743 21GL1ARA,
1430 1707 1459 1736 S.
1482 1708 1515 1735 R.
1538 1708 1572 1735 E.
1595 1707 1878 1736 CARDINALIBUS

943 1815 1152 1881 LEO
1218 1814 1348 1880 ΡΡ.
1398 1814 1580 1880 XIII

1105 1950 1221 1984 nmen
1243 1950 1311 1984 mn
1334 1950 1441 1985 nos’rm

763 2056 971 2092 Salutem
994 2061 1040 2092 et:
1063 2057 1383 2100 Apostolioam
1405 2058 1777 2091 Benedictionem

321 2308 324 2310 ,
379 2255 663 2308 '‘olumen
710 2254 918 2306 tertium
963 2273 1027 2305 ex
1071 2253 1325 2321 operibus
1371 2252 1535 2305 sancti
1582 2252 1831 2306 Thomae
1876 2252 2189 2322 Aquinatis,
2236 2254 2384 2322 quod

286 2321 338 2383 ἰ
417 2326 739 2386 novissimo
781 2337 1020 2395 tempore
1060 2324 1256 2394 prodiit
1296 2325 1429 2377 curis
1457 2324 1665 2377 Vestris
1701 2326 1750 2378 in
1790 2326 1979 2393 lucem,
2020 2326 2384 2395 perspeximus

210 2420 274 2472 *2x
341 2399 714 2488 {flaboriosa
753 2398 1068 2450 adornatum
1107 2397 1361 2449 industria
1406 2407 1458 2449 et
1501 2397 1757 2464 exquisito
1804 2396 2022 2466 iudicio,
2069 2417 2286 2465 prorsus
2330 2409 2386 2451 ut

164 2522 173 2528 ,
238 2514 249 2522 ..
299 2431 388 2525 ’ξ
408 2489 554 2523 non
594 2470 808 2523 minoris
850 2489 966 2522 esse
1006 2469 1156 2538 pretii
1184 2489 1342 2538 quam
1378 2469 1486 2521 duo
1515 2470 1600 2521 illa
1640 2469 1815 2537 priora
1854 2469 2105 2522 videatur.
2147 2468 2276 2539 Qua
2314 2470 2382 2523 de

155 2562 210 2595 re
250 2541 461 2595 meritas
500 2542 818 2610 debitasque
857 2541 1041 2595 laudes
1080 2541 1261 2594 libenti
1300 2541 1475 2594 animo
1516 2541 1792 2593 tribuimus
1832 2551 1940 2593 tum
1969 2540 2161 2610 Vobis,
2190 2552 2299 2594 tum
2325 2542 2383 2594 iis

157 2634 223 2666 ex
262 2613 472 2667 Ordine
510 2613 870 2666 Dominicano
911 2613 1199 2682 sodalibuS,
1227 2613 1315 2681 qui
1345 2615 1538 2666 eodem
1578 2613 1628 2665 in
1670 2613 1918 2682 incoepto
1949 2624 2249 2667 constanter
2275 2634 2382 2666 non

154 2686 328 2739 minus
368 2706 528 2753 quam
566 2687 791 2739 scienter
829 2685 1130 2738 Vobiscum
1171 2685 1471 2738 elaborant:
1511 2704 1572 2737 ac
1611 2684 1764 2738 simul
1807 2686 2122 2738 confidimus
2157 2706 2263 2738 non
2292 2686 2382 2738 de-

155 2757 384 2810 futurum
411 2757 587 2810 Vobis
626 2758 753 2810 illud
792 2759 1138 2811 vehementer
1164 2757 1397 2826 optabile
1425 2756 1759 2824 maximeque
1788 2757 2006 2826 dignum
2034 2759 2205 2810 doctis
2234 2758 2381 2810 labo-

155 2829 301 2882 ribus
353 2829 662 2899 praemium,
711 2830 1007 2898 sapientum
1059 2829 1516 2899 approbationem.
1561 2828 1727 2880 Porro
1770 2830 2100 2889 accurandae
2142 2829 2382 2882 editionis

155 2901 414 2954 rationem
467 2922 624 2969 quam
663 2901 964 2970 instituistis,
1003 2902 1287 2954 institutam
1326 2901 1675 2969 intelligenter
1702 2921 1836 2970 esse,
1866 2921 1949 2954 res
1976 2901 2208 2970 loquitur
2242 2901 2382 2970 ipsa:

157 2973 603 3042 conficiendoque
644 2974 792 3042 operi
821 2975 967 3042 quod
995 2973 1201 3026 habetis
1229 2974 1278 3025 in
1308 2972 1568 3040 manibus,
1610 2984 2026 3025 consentaneum
2066 2984 2144 3025 est
2182 2984 2382 3026 tantum

155 3044 276 3098 Vos
314 3065 523 3097 sumere
564 3046 831 3115 temporis,
872 3056 1124 3114 quantum
1164 3065 1382 3097 necesse
1422 3044 1772 3097 intellexeritis
1814 3065 1942 3097 esse.

265 3116 630 3170 Veruntamen
670 3117 802 3169 inter
840 3128 1136 3170 ceterorum
1174 3117 1502 3169 voluminum
1544 3128 1874 3186 apparatum,
1917 3117 1999 3169 cui
2043 3117 2252 3185 longior
2305 3128 2383 3169 est

157 3207 322 3256 opera
359 3189 668 3258 necessaria,
709 3189 865 3241 valde
906 3189 1147 3257 cupimus
1187 3199 1241 3241 ut
1279 3188 1548 3256 utriusque
1590 3188 1839 3241 Summae
1877 3188 2036 3241 editio
2069 3199 2381 3245 ,maturetur

158 3259 329 3329 Quod
379 3260 490 3312 fieri
543 3261 762 3314 celerius
815 3261 1024 3313 videtur
1076 3281 1263 3330 posse,
1318 3260 1440 3327 quia
1490 3271 1611 3312 sunt
1650 3261 1733 3313 illa
1773 3260 1988 3329 quidem
2030 3280 2094 3312 ex
2133 3260 2383 3328 operibus

155 3332 322 3383 sancti
343 3330 590 3385 Thomae
613 3334 836 3385 maxime
866 3333 1091 3402 cognita,
1116 3343 1167 3385 et
1193 3353 1577 3401 saepenumero
1602 3333 1780 3385 formis
1802 3332 2381 3401 litterarumimpressa,

127 3414 208 3455 ⁴et
246 3403 419 3454 multis
459 3404 778 3457 eruditorum
819 3404 1051 3457 virorum
1090 3406 1362 3458 laboribus
1403 3407 1692 3471 explanata.
1732 3405 1816 3457 Ex
1854 3406 2013 3457 altera
2052 3415 2199 3472 parte
2240 3405 2382 3473 cogi-

154 3474 349 3528 tatione
390 3494 765 3543 permovemur
803 3476 999 3529 assidui
1039 3496 1190 3530 usus:
1231 3477 1712 3544 namquicumque
1752 3477 1800 3529 in
1831 3476 2174 3544 Philosophia
2202 3476 2381 3528 Theo-

154 3546 404 3615 logiaque
445 3546 580 3599 serio
619 3559 907 3617 versantur,
938 3560 988 3601 et
1027 3549 1222 3616 aliquid
1252 3551 1436 3602 volunt
1463 3549 1682 3618 dignum
1710 3548 1768 3600 iis
1797 3549 2082 3617 disciplinis
2110 3550 2381 3617 attingere,
