2768 4178
943 258 1211 306 QUAESTIO
1239 259 1420 306 xxxvl,
1447 260 1745 298 ARTlCULUS
1775 261 1825 297 1v

347 335 398 367 111.
424 337 543 374 Quoad
557 337 747 375 secundm,
762 337 820 368 tria
842 337 926 369 facit.
949 338 1070 375 Primo,
1086 337 1179 368 refert
1194 337 1356 378 quandam

290 380 488 421 opinionem,
506 387 666 412 tenentem
685 381 765 412 hauc
784 381 1039 422 propositionem
1055 391 1121 412 esse
1136 380 1354 421 impropriam,

289 424 344 455 tali
370 424 502 456 ratione.
532 426 582 466 Ly
599 426 796 465 principium
825 424 978 466 significat
1003 425 1249 466 proprietatem:
1279 434 1354 465 ergo

289 474 413 500 tenetur
431 468 596 500 adiective:
621 479 696 509 ergo
720 479 786 500 non
809 474 915 509 potest
931 468 1004 500 addi
1021 469 1110 500 alteri
1128 468 1300 500 adiectivo:
1325 475 1355 500 et

289 512 334 543 sic
356 512 390 553 ly
412 522 514 543 unum
541 523 608 543 non
630 519 755 544 tenetur
777 512 995 543 nominaliter:
1026 522 1119 553 ergo,
1142 519 1180 544 ut
1202 512 1243 543 sit
1264 522 1355 548 vera,

289 563 413 588 tenetur
442 556 477 598 ly
505 567 605 588 unum
636 556 871 588 adverbialiter:
901 562 933 588 et
959 563 1189 597 consequenter
1218 563 1266 588 est
1295 556 1355 587 im-

290 600 430 640 propria.

347 644 513 682 Secundo,
543 644 645 684 arguit
668 643 871 684 opinionem,
900 650 932 674 et
954 650 1127 684 utrumque
1151 644 1218 674 eius
1242 643 1353 674 funda-

289 695 450 724 mentum,
480 687 590 718 ordine
613 687 804 727 retrogrado.
837 687 878 718 Et
901 687 1005 727 primo
1029 687 1178 728 quidem,
1209 688 1299 728 quod
1321 689 1354 729 ly

289 742 388 762 unum
412 741 479 762 non
494 731 534 762 sit
552 731 746 761 sumendum
762 731 986 762 adverbialiter.
1012 731 1097 769 Quia
1111 731 1154 762 sic
1170 739 1278 772 posset
1294 732 1353 763 dici

287 776 379 806 Pater
401 785 467 806 non
490 785 593 805 unum
617 775 810 815 princip‘mm
834 775 904 805 Filii
928 782 958 806 et
981 775 1115 815 Spiritus
1132 775 1254 806 Sancti:
1279 776 1353 817 quia

287 819 431 860 pluribus
454 819 560 849 modis
583 826 630 850 est
652 819 782 849 illorum
805 819 1006 859 principium.
1032 837 1051 842 —
1075 819 1239 856 Secundo,
1264 821 1352 861 quod

287 872 355 894 non
372 862 456 893 valet
474 862 611 903 sequela,
625 864 823 903 principium
840 863 1003 904 significat
1011 861 1255 904 proprietatem,
1273 874 1352 905 ergo

288 911 414 938 tenetur
431 906 595 938 adiective.
620 907 784 943 Quoniam
799 906 953 947 significat
967 907 1193 948 proprietatem
1209 909 1352 939 substan-

287 950 367 987 tive;
392 950 473 981 sicut
495 957 581 991 patet
609 950 704 981 etiam
731 951 764 981 in
793 951 953 987 creaturis,
982 951 1015 982 in
1043 951 1227 982 nominibus
1245 954 1353 992 patris

287 1001 318 1026 et
364 994 410 1025 lii.

329 994 386 1069 flilt
404 1038 457 1074 sic,
475 1040 579 1076 tertio,
597 1038 690 1070 infert
713 1039 900 1080 oppositum
924 1039 1079 1080 praefatae
1103 1039 1279 1080 opinionis,
1304 1051 1351 1071 ra-

285 1082 372 1114 tione
388 1089 419 1113 et
437 1083 582 1123 exemplo
606 1083 714 1123 ipsum
733 1083 933 1115 confirmans.
958 1084 1052 1115 Ratio
1068 1091 1129 1114 est:
1153 1084 1350 1124 Principium

287 1133 333 1158 est
351 1137 471 1157 nomen
494 1127 740 1164 substantivum;
765 1137 839 1167 ergo
859 1127 971 1168 accipit
994 1138 1165 1158 numerum
1185 1128 1272 1158 iuxta
1290 1138 1350 1159 nu-

286 1181 412 1201 merum
427 1170 548 1202 formae
563 1170 752 1211 significatae
769 1181 825 1212 per
838 1171 959 1212 ipsum;
981 1172 1035 1202 sed
1051 1171 1153 1202 forma
1169 1171 1350 1211 significata,

285 1214 366 1246 idest
389 1215 581 1256 proprietas,
607 1222 666 1245 est*
680 1226 744 1246 una
767 1226 902 1246 numero
925 1216 957 1245 in
981 1216 1071 1247 Patre
1095 1223 1125 1246 et
1148 1216 1246 1252 Filio;
1276 1226 1350 1256 ergo

287 1259 582 1292 convenientissime
607 1259 729 1296 dicitur,
753 1260 851 1290 Pater
874 1265 904 1290 et
926 1260 1029 1290 Filius
1047 1265 1122 1290 sunt
1141 1269 1239 1289 unum
1259 1261 1351 1299 prin-

286 1304 403 1343 cipium
420 1303 560 1343 Spiritus
575 1303 695 1334 Sancti.
713 1321 733 1325 -
748 1304 940 1344 Exemplum
958 1313 1034 1333 vero
1057 1310 1112 1339 est,
1133 1303 1208 1344 quia
1223 1303 1283 1334 ista
1302 1314 1349 1334 ea-

286 1347 360 1378 dem
382 1347 504 1378 ratione
532 1347 661 1383 dicitur,
690 1348 789 1378 Pater
811 1352 842 1378 et
863 1347 967 1378 Elius
990 1352 1020 1377 et
1042 1347 1182 1387 Spiritus
1213 1347 1351 1378 Sanctus

285 1396 362 1422 sunt
376 1401 462 1422 unus
482 1391 590 1422 Deus:
611 1391 687 1431 quia
705 1391 822 1422 scilicet
837 1390 935 1421 deitas
954 1397 1001 1421 est
1015 1401 1079 1421 una
1096 1401 1231 1421 numero
1246 1391 1279 1421 in
1295 1391 1349 1422 eis.

343 1435 396 1467 lv.
421 1435 456 1466 In
480 1435 686 1476 responsione
709 1435 749 1465 ad
771 1434 931 1475 primum,
961 1435 1041 1465 circa
1063 1435 1117 1465 illa
1139 1436 1250 1471 verba,
1280 1435 1349 1475 Spi-

285 1480 369 1510 ritus
395 1479 535 1510 Sanctus
556 1479 704 1519 procedit
726 1489 747 1509 a
770 1480 868 1510 Patre
897 1484 928 1510 et
950 1479 1034 1510 Filio
1062 1484 1097 1509 ut
1123 1485 1200 1510 sunt
1216 1479 1348 1519 plures,

285 1523 421 1554 dubium
444 1522 598 1561 occurrit,
627 1533 668 1552 an
690 1522 884 1563 principium
907 1523 1092 1564 spirativum
1115 1524 1200 1564 quod
1229 1523 1348 1564 exigat,

283 1573 320 1598 ut
341 1566 400 1603 sic,
424 1566 637 1607 pluralitatem
660 1567 912 1607 suppositorum.
937 1567 1017 1597 Dico
1041 1573 1149 1597 autem
1173 1573 1208 1598 ut
1226 1568 1283 1605 sic,
1309 1568 1348 1597 ad

283 1610 517 1642 excludendum
540 1620 731 1641 concursum
754 1610 940 1650 pluralitatis
963 1620 1020 1650 per
1042 1611 1196 1647 accidens,
1221 1618 1257 1642 ut
1276 1621 1350 1642 con-

281 1654 375 1695 tingit
395 1654 430 1684 in
453 1653 608 1694 principio
633 1653 786 1685 creativo:
812 1654 924 1685 accidit
946 1654 1032 1685 enim
1056 1655 1204 1685 creationi
1223 1656 1312 1696 quod
1331 1666 1348 1686 a

281 1698 381 1730 tribus
404 1698 445 1729 sit
465 1698 628 1734 Personis;
653 1698 731 1728 nihil
747 1698 834 1729 enim
856 1698 963 1729 minus
985 1698 1072 1729 Deus
1096 1706 1220 1736 crearet,
1239 1700 1264 1730 si
1281 1710 1346 1730 non

282 1749 363 1774 esset
385 1741 495 1773 trinus.
519 1742 576 1773 Est
597 1741 693 1782 igitur
714 1742 766 1773 hic
789 1742 934 1779 dubium,
959 1752 999 1773 an
1014 1742 1083 1782 ipsa
1097 1743 1226 1784 spiratio
1243 1754 1300 1784 per
1315 1754 1348 1775 se

282 1786 323 1818 sit
337 1796 356 1817 a
370 1786 513 1823 duobus;
538 1796 579 1816 an
601 1796 678 1823 non,
698 1786 752 1817 sed
771 1786 862 1827 quasi
878 1796 934 1827 per
949 1786 1101 1823 accidens,
1120 1794 1155 1818 ut
1171 1788 1285 1818 creatio
1302 1795 1349 1819 est

281 1840 301 1861 a
315 1830 424 1862 tribus.
445 1830 558 1861 Scotus
573 1830 668 1866 enim,
683 1830 717 1860 in
733 1830 755 1867 Ι,
774 1830 843 1861 dist.
860 1841 913 1867 xn,
928 1837 1038 1861 tenens
1053 1831 1265 1871 pluralitatem
1282 1842 1347 1862 non

282 1874 372 1915 exigi,
389 1873 502 1905 fundat
517 1884 549 1904 se
565 1884 660 1914 super
675 1873 863 1904 omnimoda
881 1874 1073 1914 perfectione
1089 1874 1234 1915 principii
1250 1876 1348 1915 spira-

281 1917 337 1949 tivi
359 1917 393 1948 in
417 1928 483 1949 uno
503 1918 682 1958 supposito.
702 1918 834 1949 Sanctus
850 1918 994 1948 Thomas
1011 1925 1127 1955 autem,
1152 1919 1185 1949 in
1210 1920 1221 1949 Ι
1246 1920 1345 1958 Sem„

283 1961 353 1993 dist.
372 1973 413 1998 xr,
430 1968 486 1993 art.
503 1962 571 1998 ult.,
593 1962 633 1992 ad
655 1972 683 1998 2,
700 1971 823 2002 ponens
840 1961 1045 1993 differentiam
1060 1962 1142 1993 inter
1157 1963 1349 1995 creationem

283 2012 314 2037 et
335 2005 541 2046 spirationem
564 2007 672 2047 quoad
690 2006 762 2043 hoc,
779 2006 892 2037 sentire
908 2006 1031 2037 videtur
1050 2007 1247 2047 oppositum,
1262 2007 1349 2039 iuxta

283 2050 578 2081 determinationem
602 2060 620 2080 a
643 2060 675 2081 se
699 2050 814 2081 factam
836 2050 870 2080 in
887 2059 903 2080 2
921 2050 1054 2081 articulo
1077 2051 1220 2083 eiusdem
1240 2052 1347 2083 distin-

283 2093 406 2125 ctionis.
431 2094 530 2131 Quod
552 2100 583 2125 et
605 2094 638 2124 in
662 2094 720 2125 hac
741 2094 842 2125 littera
866 2093 1206 2127 confirmare‘videtur.

338 2138 378 2169 V.
402 2138 459 2169 Est
477 2144 584 2169 autem
607 2138 686 2168 ratio
711 2138 874 2169 dubitandi
898 2138 930 2168 in
953 2138 1011 2169 hac
1030 2148 1072 2174 re,
1090 2139 1246 2179 quoniam
1260 2140 1348 2171 nulla

281 2188 411 2222 apparet
426 2182 505 2213 ratio
522 2181 712 2212 convincens
736 2183 865 2212 alteram
881 2189 1012 2222 partem.
1037 2183 1191 2214 Perfectio
1207 2193 1357 2225 namque⁴

279 2225 426 2266 principii
444 2226 529 2267 quod
551 2232 582 2256 et
603 2235 665 2266 quo
688 2226 721 2256 in
745 2226 816 2256 solo
831 2226 926 2256 unico
944 2226 1112 2266 supposito
1129 2227 1239 2258 salvari
1254 2238 1291 2258 ex
1307 2238 1345 2258 eo

279 2269 421 2306 videtur,
449 2270 524 2311 quia
546 2270 635 2300 aliter
655 2271 747 2300 Pater
769 2270 857 2300 solus
882 2270 1104 2310 imperfectum
1128 2278 1208 2302 esset
1231 2272 1346 2312 princi-

279 2313 371 2354 pium
393 2314 528 2354 Spiritus
551 2314 665 2344 Sancti.
690 2314 797 2344 Stante
820 2320 928 2344 autem
947 2314 1134 2344 omnimoda
1153 2315 1346 2355 perfectione

279 2357 443 2399 utriusque
466 2357 613 2398 principii
631 2357 664 2388 in
680 2368 747 2388 uno
771 2357 950 2399 supposito,
969 2358 1112 2399 sequitur
1127 2359 1239 2390 veritas
1255 2359 1345 2390 istius

280 2401 518 2438 conditionalis,
551 2402 640 2442 quod
668 2401 694 2432 si
717 2401 797 2432 illud
824 2402 930 2432 solum
955 2409 1051 2438 esset,
1079 2409 1188 2442 posset
1210 2404 1345 2443 perfecte

280 2445 397 2486 spirare
412 2445 566 2486 Spiritum
584 2445 745 2476 Sanctum.
770 2446 811 2477 Et
826 2445 870 2476 sic
885 2454 950 2476 non
966 2456 1022 2486 per
1040 2456 1073 2476 se
1089 2447 1257 2487 requiritur
1275 2448 1345 2488 plu-

279 2489 384 2521 ralitas
406 2490 439 2520 in
462 2489 619 2530 principio
642 2490 728 2530 quod
751 2489 940 2530 spirationis.

335 2534 453 2564 Modus
476 2540 584 2564 autem
606 2533 811 2573 procedendi,
836 2540 872 2564 ut
899 2543 1010 2569 nexuS,
1035 2535 1222 2565 communio
1246 2542 1340 2576 atque

279 2584 411 2608 mutuus
434 2587 525 2607 amor
548 2577 697 2613 unitivus,
714 2577 770 2618 qui
786 2577 954 2608 convenire
977 2577 1090 2608 dicitur
1113 2578 1243 2618 Spiritui
1268 2580 1344 2610 San-

279 2629 341 2658 cto,
361 2621 491 2661 intelligi
507 2631 574 2651 non
592 2627 697 2661 potest
719 2621 779 2651 nisi
798 2621 837 2652 sit
852 2631 870 2651 a
886 2621 1013 2652 duobus
1029 2622 1070 2652 ad
1085 2622 1201 2653 minus.
1226 2625 1272 2654 Ac
1289 2634 1345 2663 per

277 2665 340 2696 hoc
363 2671 490 2706 oportet
510 2675 566 2705 per
585 2675 618 2695 se
634 2664 845 2705 pluralitatem
867 2665 1005 2695 invenire
1029 2665 1062 2695 in
1085 2666 1234 2706 spirativo
1259 2668 1343 2707 prin-

279 2709 364 2749 cipio
387 2709 480 2749 quod.

335 2753 388 2784 vl.
412 2753 531 2783 Neutra
553 2758 659 2783 tamen
689 2752 804 2783 harum
832 2752 956 2783 viarum
990 2753 1076 2784 ducit
1105 2755 1279 2785 necessario
1304 2756 1343 2785 ad

277 2796 446 2828 intentum.
470 2796 573 2827 Prima
592 2796 724 2837 quidem
747 2796 859 2833 deficit,
883 2797 1039 2837 quoniam
1061 2807 1127 2828 non
1146 2798 1267 2829 ratione
1283 2799 1342 2829 im-

278 2840 488 2881 perfectionis,
505 2841 559 2871 sed
583 2840 704 2871 ratione
728 2850 793 2870 non
817 2840 949 2877 habitae,
974 2851 1031 2872 nec
1053 2842 1212 2882 possibilis
1236 2843 1343 2873 haberi

279 2884 469 2916 conditionis
484 2884 518 2914 in
534 2884 629 2915 unico
649 2884 827 2924 supposito,
847 2884 935 2915 solus
957 2885 1048 2915 Pater
1071 2892 1126 2916 aut
1141 2886 1228 2917 solus
1244 2887 1342 2918 Filius

278 2938 345 2959 non
367 2935 475 2969 posset
498 2928 614 2968 spirare
637 2928 790 2968 Spiritum
813 2928 964 2959 Sanctum
988 2930 1288 2961 consubstantialem
1312 2938 1342 2962 et

278 2972 484 3013 personaliter
507 2972 699 3008 distinctum,
724 2978 780 3003 etc.

337 3015 482 3046 Secunda
500 3023 607 3047 autem
622 3015 735 3052 deficit,
753 3015 828 3057 quia
847 3023 1040 3053 connectere,
1056 3017 1155 3054 unire,
1170 3025 1200 3049 et
1215 3018 1338 3055 similia,

277 3069 344 3090 non
368 3060 560 3090 conveniunt
583 3060 713 3100 Spiritui
741 3060 855 3090 Sancto
885 3070 922 3091 ex
946 3061 1136 3101 proprietate
1163 3063 1320 3101 personali
1333 3086 1340 3099 ,

277 3103 333 3133 sed
356 3113 392 3133 ex
415 3103 571 3134 essentiali
592 3104 731 3140 incluso,
755 3104 872 3134 scilicet
894 3113 1016 3141 amore;
1041 3112 1077 3136 ut
1099 3105 1132 3135 in
1155 3106 1340 3146 quaestione

277 3147 430 3187 sequenti,
455 3147 585 3178 articulo
615 3159 640 3184 1,
665 3148 705 3178 ad
731 3149 763 3184 3,
787 3147 888 3178 littera
911 3148 999 3185 dicit,
1029 3155 1060 3180 et
1085 3149 1204 3180 ibidem
1227 3150 1339 3181 clarius

277 3190 405 3230 patebit.

334 3234 402 3265 VII.
426 3234 467 3264 Et
489 3235 634 3275 quamvis
660 3235 846 3266 huiusmodi
874 3245 940 3266 non
969 3242 1098 3276 cogant,
1130 3237 1205 3277 quia
1232 3244 1338 3268 tamen

277 3277 447 3309 s.Thomas
463 3287 605 3318 expresse
621 3279 766 3319 superius
782 3279 858 3310 dixit
869 3279 902 3309 in
918 3279 976 3310 hac
992 3280 1102 3310 eadem
1116 3281 1301 3321 quaestione
1311 3282 1337 3318 *‚

276 3322 365 3362 quod
393 3322 431 3351 de
459 3322 579 3352 ratione
611 3323 745 3362 Spiritus
774 3323 879 3354 Sancti
902 3330 949 3354 est
971 3324 1060 3363 quod
1089 3324 1128 3354 sit
1155 3335 1173 3354 a
1195 3325 1285 3356 Patre
1309 3333 1339 3356 et

276 3365 375 3401 Filio;
400 3372 431 3396 et
451 3365 502 3396 hic
525 3366 658 3406 apponit
685 3374 795 3397 notam
819 3367 1090 3407 reduplicationis,
1117 3367 1222 3399 dicens
1249 3370 1339 3409 quod

275 3409 418 3450 procedit
433 3419 451 3439 a
465 3409 555 3440 Patre
571 3417 602 3440 et
620 3410 701 3441 Filio
718 3416 753 3441 ut
766 3416 841 3442 sunt
860 3412 973 3451 plures
989 3413 1207 3451 personaliter
1213 3420 1226 3449 ;
1249 3423 1339 3443 com-

274 3463 436 3493 muneque
449 3453 638 3483 Sanctorum
658 3454 778 3484 dictum
793 3454 842 3491 sit,
859 3455 1012 3495 Spiritum
1025 3455 1176 3486 Sanctum
1191 3463 1338 3487 mutuam

2395 264 2468 301 385

1409 337 1530 368 nullam
1554 339 1671 370 addens
1687 339 1914 379 perfectionem
1932 350 2028 380 supra
2043 340 2197 372 unitatem
2217 341 2392 381 suppositi;
2416 342 2472 372 sed

1409 382 1547 413 secunda
1573 392 1709 423 persona
1737 383 1824 414 addit
1853 384 1955 415 solam
1979 385 2195 416 conditionem
2225 385 2409 426 requisitam
2431 385 2472 416 ad

1409 425 1602 466 principium
1624 427 1728 468 quod,
1765 428 1807 458 ob
1831 428 1922 459 cuius
1944 428 2119 464 defectum,
2147 429 2289 469 negative
2313 430 2472 460 sumendo

1409 469 1584 506 defectum,
1614 481 1679 502 una
1701 471 1769 502 sola
1791 481 1929 512 persona
1956 482 2023 503 non
2053 473 2202 512 spiraret;
2233 473 2314 504 sicut
2337 474 2379 504 ob
2403 473 2471 504 eius

1409 514 1650 545 abstractionem
1673 525 1692 546 a
1713 514 1908 555 perfectione
1929 523 1960 547 et
1982 516 2230 556 imperfectione,
2247 517 2336 548 nulla
2352 517 2470 558 imper·

1409 557 1498 594 fecte,
1523 559 1577 588 sed
1601 559 1724 598 singula
1747 569 1892 600 quaeque
1915 559 2050 600 perfecte
2074 561 2178 600 spirat.

1467 602 1550 632 VIII.
1573 603 1639 634 Nec
1661 603 1725 634 hoc
1746 603 1867 644 absque
1887 604 2008 634 ratione
2031 604 2198 636 credimus.
2229 605 2261 635 Si
2285 605 2370 636 enim
2393 615 2468 645 pro-

1409 645 1508 675 cessio
1538 645 1672 685 Spiritus
1692 647 1796 678 Sancti
1827 648 2001 678 necessario
2025 655 2071 679 est
2094 659 2111 678 a
2133 649 2222 679 Patre
2251 655 2282 679 et
2307 649 2410 687 Filio,
2434 656 2470 680 ut

1408 689 1553 729 superius
1568 689 1586 709 *
1601 691 1772 730 probatum
1786 698 1840 727 est,
1861 692 2035 722 necessario
2052 692 2194 733 sequitur
2207 693 2296 733 quod
2315 693 2354 723 sit
2370 694 2408 723 ab
2425 694 2468 724 eis

1407 733 1599 774 inquantum
1622 735 1708 765 tales.
1733 735 1818 775 Ergo
1842 735 2033 776 inquantum
2056 736 2174 776 plures:
2199 746 2265 766 non
2289 737 2374 767 enim
2395 744 2469 768 sunt

1406 777 1616 817 intelligibiles
1641 785 1676 808 ut
1699 778 1757 815 sic,
1782 778 1841 809 nisi
1867 787 1901 810 ut
1923 779 2039 819 plureS.

1465 822 1558 852 Ratio
1573 832 1704 862 quoque
1720 829 1882 863 assumpta
1905 833 1942 853 ex
1960 823 2069 859 littera,
2090 823 2165 864 quia
2189 824 2304 855 scilicet
2327 825 2469 864 procedit

1408 872 1443 896 ut
1466 876 1556 895 amor
1579 866 1729 902 unitivus,
1753 866 1932 897 manifestat
1954 867 2122 903 intentum,
2147 867 2172 897 si
2191 868 2468 899 animadvertimus

1407 910 1496 950 quod
1511 909 1542 940 in
1560 910 1617 940 hac
1641 920 1673 940 re
1702 910 1798 940 etiam
1819 911 1981 942 vocabulis
2005 920 2160 948 caremus:
2186 918 2216 942 et
2239 912 2282 942 sic
2303 922 2339 942 ex
2355 923 2468 953 appro-

1406 953 1514 992 priatis
1537 954 1666 994 propria
1688 954 1859 994 intelligere
1883 965 1918 985 ac
1941 955 2099 995 insinuare
2123 962 2258 995 oportet.

1463 998 1594 1028 Accedit
1616 998 1656 1028 ad
1678 998 1740 1028 hoc
1764 998 1843 1029 ratio
1862 998 1895 1028 in
1916 999 1927 1028 1
1951 999 2050 1036 Seni„
2076 999 2146 1030 dist.
2161 1009 2241 1036 xxxx,
2261 1007 2316 1031 art.
2334 1001 2390 1031 ult.
2403 1001 2430 1037 *,
2450 1012 2468 1032 a

1407 1051 1430 1071 s.
1441 1041 1569 1072 Thoma
1588 1042 1752 1082 assignata,
1769 1042 1844 1083 quia
1860 1042 1977 1073 scilicet
1992 1043 2108 1083 spirare
2124 1050 2170 1074 est
2186 1044 2266 1074 actio
2283 1045 2467 1084 personalis.

1465 1085 1516 1115 IX.
1541 1086 1608 1116 Nec
1631 1093 1797 1126 propterea
1821 1096 1858 1116 ex
1880 1086 1927 1116 his
1952 1087 2088 1117 oblitum
2111 1097 2162 1117 me
2187 1088 2292 1118 credas
2312 1098 2406 1128 supra
2422 1089 2467 1119 di-

1407 1136 1541 1159 ctorum.
1566 1129 1655 1160 Stant
1673 1130 1758 1160 enim
1774 1130 1851 1160 haec
1871 1130 1976 1167 simul,
2001 1131 2117 1162 scilicet
2135 1132 2224 1172 quod
2244 1132 2376 1172 Spiritus
2391 1133 2467 1163 San-

1406 1180 1474 1203 ctus
1497 1173 1640 1212 procedit
1662 1184 1680 1203 a
1703 1174 1792 1204 Patre
1822 1180 1853 1205 et
1882 1174 1963 1205 Filio
1991 1175 2181 1215 inquantum
2211 1176 2276 1206 duo
2302 1177 2363 1213 sic,
2387 1176 2468 1208 idest

1405 1217 1596 1257 inquantum
1618 1217 1735 1248 habent
1766 1218 1862 1247 talem
1892 1219 2103 1258 pluralitatem
2134 1230 2188 1250 seu
2213 1220 2412 1250 dualitatem:
2437 1227 2467 1251 et

1405 1260 1494 1300 quod
1525 1261 1684 1300 processio
1712 1261 1846 1301 Spiritus
1876 1262 1981 1292 Sancti
2007 1273 2072 1293 non
2104 1263 2204 1293 differt
2226 1273 2244 1293 a
2267 1264 2466 1302 generatione

1406 1303 1595 1334 sufficienter
1623 1314 1660 1334 ex
1689 1305 1751 1335 hoc
1779 1306 1868 1345 quod
1892 1313 1938 1336 est
1961 1316 1978 1335 a
2003 1307 2146 1343 duobus,
2178 1314 2208 1337 et
2239 1307 2298 1337 ista
2320 1308 2358 1338 ab
2382 1317 2465 1338 uno:

1405 1347 1559 1388 quoniam
1583 1348 1715 1379 dualitas
1740 1349 1941 1388 suppositalis
1965 1350 2109 1381 absolute
2128 1351 2168 1380 ad
2184 1351 2245 1381 hoc
2261 1361 2326 1381 non
2343 1351 2465 1388 sufficit,

1404 1398 1441 1422 ut
1463 1401 1558 1431 supra
1573 1389 1589 1406 *
1613 1392 1758 1426 diximus.

1461 1437 1658 1475 Argumenta
1681 1443 1788 1467 autem
1811 1436 1897 1467 Scoti
1921 1447 1987 1467 non
2011 1444 2137 1478 oportet
2159 1438 2279 1475 afferre,
2305 1439 2380 1480 quia
2400 1450 2465 1470 non

1404 1479 1541 1510 militant
1564 1486 1672 1510 contra
1695 1480 1888 1519 positionem
1911 1488 2061 1517 nostram,
2083 1482 2265 1513 dualitatem
2284 1483 2468 1523 supposito-

1403 1534 1476 1554 rum
1492 1533 1529 1554 ex
1543 1530 1630 1563 parte
1653 1524 1805 1565 principii<
1820 1525 1905 1565 quod
1923 1532 2048 1556 tantum
2064 1526 2230 1563 dicentem,
2254 1527 2314 1557 nisi
2329 1527 2362 1557 id
2377 1529 2466 1568 quod

1403 1567 1593 1598 adduximus
1608 1568 1646 1598 de
1659 1568 1850 1608 perfectione
1862 1569 1892 1605 *;
1907 1569 1962 1599 sed
1978 1576 2086 1600 contra
2096 1570 2280 1607 Henricum‚
2292 1578 2466 1611 ponentem

1404 1611 1617 1648 concordiam,
1642 1618 1699 1643 etc.

1461 1656 1500 1686 X.
1525 1656 1561 1685 In
1584 1655 1790 1696 responsione
1813 1657 1853 1686 ad
1876 1657 2062 1694 secundum,
2086 1658 2222 1688 dubium
2245 1665 2291 1689 est
2315 1659 2394 1690 circa
2412 1660 2466 1690 illa

1402 1700 1512 1735 verba,
1537 1700 1634 1730 Pater
1657 1709 1720 1730 non
1738 1706 1845 1740 potest
1867 1701 1930 1731 dici
1946 1702 2047 1741 plura
2065 1703 2240 1743 principia,
2264 1704 2339 1743 quia
2363 1704 2465 1744 impli-

1403 1749 1535 1774 caretur
1561 1744 1740 1784 pluralitas
1761 1744 2007 1785 suppositorum.
2037 1745 2122 1783 Quia
2145 1746 2170 1776 si
2194 1747 2302 1786 regula
2325 1747 2364 1778 de
2394 1748 2464 1787 plu-

1402 1787 1575 1819 rificatione
1598 1788 1737 1819 nominis
1766 1789 1952 1820 substantivi
1983 1799 2079 1830 penes
2109 1790 2321 1830 pluralitatem
2344 1791 2465 1822 formae

1403 1831 1602 1872 significatae,
1626 1842 1700 1863 vera
1723 1839 1782 1869 est,
1807 1833 2022 1864 voluntarium
2046 1841 2208 1874 appareret
2231 1834 2371 1875 excipere
2394 1836 2464 1876 plu-

1401 1875 1608 1906 rificationem
1632 1876 1777 1917 principii
1798 1877 1831 1907 in
1847 1877 1953 1907 Patre:
1979 1876 2101 1908 constat
2124 1878 2209 1908 enim
2228 1878 2346 1909 formas
2370 1880 2464 1919 signi-

1401 1919 1507 1951 ficatas
1531 1930 1598 1950 esse
1612 1920 1734 1960 plures,
1759 1927 1836 1961 puta
1852 1921 2070 1961 paternitatem
2086 1928 2117 1952 et
2132 1922 2383 1962 spirationemst-
2398 1924 2464 1955 Nec

1401 1970 1506 2004 potest
1529 1964 1590 1994 dici
1614 1971 1716 2001 recte,
1730 1972 1766 1995 ut
1789 1965 1919 2006 quidam
1944 1966 2084 2002 credunt,
2109 1967 2198 2006 quod
2217 1966 2270 1996 illa
2292 1967 2398 2007 regula
2417 1975 2464 1998 est

1401 2017 1474 2040 vera
1496 2011 1621 2038 tantum
1637 2009 1780 2049 ⁴quando
1811 2015 1856 2039 est
1886 2009 2047 2049 pluralitas
2077 2010 2166 2040 realis
2195 2010 2316 2041 formae
2345 2011 2463 2051 signifi-

1401 2059 1496 2084 catae.
1521 2053 1613 2083 Nam.
1629 2059 1752 2083 constat
1774 2059 1873 2083 artem
1892 2053 2044 2084 sutoriam
2068 2053 2217 2094 distingui
2236 2055 2357 2086 realiter
2371 2066 2389 2086 a
2404 2056 2462 2086 fre-

1401 2096 1566 2133 nifactiva;
1591 2103 1622 2127 et
1644 2102 1750 2127 tamen
1773 2097 1915 2128 Socrates
1929 2097 2047 2128 habens
2067 2104 2233 2139 utramque
2253 2109 2320 2129 non
2335 2106 2382 2130 est
2397 2101 2461 2131 duo

1401 2139 1542 2171 artifices.

1458 2184 1512 2214 XI.
1535 2184 1587 2214 Ad
1610 2184 1672 2214 hoc
1695 2184 1826 2221 dicitur,
1858 2185 1946 2225 quod
1969 2185 2055 2215 aliud
2078 2193 2124 2216 est
2151 2186 2241 2227 loqui
2270 2187 2308 2217 de
2331 2188 2462 2218 nomine

1401 2228 1608 2264 substantivo,
1626 2235 1657 2258 et
1672 2228 1758 2259 aliud
1775 2229 1814 2259 de
1828 2229 2026 2260 substantivo
2050 2235 2205 2260 concreto.
2223 2230 2462 2262 Substantivum

1401 2271 1496 2307 enim,
1511 2278 1547 2302 ut
1570 2272 1628 2308 sic,
1653 2282 1749 2312 penes
1773 2273 1984 2312 pluralitatem
2007 2273 2128 2304 formae
2152 2273 2341 2314 significatae
2364 2276 2460 2314 pluri-

1400 2314 1524 2351 ficatur:
1550 2315 1739 2346 sufficienter
1757 2316 1898 2356 quidem,
1915 2317 1940 2347 si
1957 2323 2004 2347 est
2017 2318 2217 2354 abstractum,
2242 2320 2385 2349 exactive
2405 2330 2459 2350 au-

1401 2366 1466 2390 tem
1490 2359 1645 2396 absolute;
1670 2360 1759 2396 idest,
1775 2361 1863 2401 quod
1887 2361 1927 2391 ad
1950 2361 1998 2391 sui
2022 2361 2233 2401 pluralitatem
2248 2363 2341 2402 exigit
2356 2363 2460 2403 plura-

1399 2403 1519 2434 litatem
1549 2403 1670 2434 formae
1699 2404 1907 2444 significatae,
1939 2405 2003 2435 sive
2031 2405 2092 2436 hoc
2115 2405 2265 2442 sufficiat,
2296 2406 2359 2437 sive
2383 2417 2459 2438 non.

1400 2447 1640 2478 Substantivum
1663 2455 1770 2478 autem
1794 2455 1988 2487 concretum,
2009 2449 2084 2489 quia
2103 2450 2343 2486 substantivum,
2369 2451 2461 2491 exigit

1399 2491 1611 2531 pluralitatem
1634 2492 1773 2527 formae;
1805 2492 1880 2533 quia
1902 2502 1977 2523 vero
2002 2500 2194 2529 concretum,
2213 2494 2306 2533 exigit
2333 2495 2460 2534 plurali-

1399 2541 1496 2565 tatem
1520 2536 1770 2575 suppositorum.
1795 2537 1836 2566 Et
1859 2537 1919 2572 sic,
1945 2547 2020 2567 cum
2035 2538 2231 2577 principium
2256 2538 2295 2568 sit
2318 2539 2459 2569 substan-

1398 2579 1500 2609 tivum
1523 2586 1723 2616 concretum,
1748 2580 1869 2620 optime
1892 2580 1924 2610 in
1947 2580 2048 2611 littera
2072 2581 2184 2611 dicitur
2207 2582 2296 2622 quod
2315 2582 2459 2622 implica-

1399 2630 1484 2653 retur
1511 2623 1672 2663 pluralitas
1702 2624 1962 2663 suppositorum,
1996 2625 2149 2661 dicendo,
2174 2626 2271 2656 Pater
2294 2632 2341 2656 est
2355 2627 2458 2666 plura

1392 2668 1564 2707 principia.
1588 2667 1845 2698 Nec-disceditur
1868 2678 1885 2698 a
1908 2668 2015 2708 regula
2039 2668 2077 2699 de
2101 2669 2296 2700 substantivo
2318 2680 2392 2701 sane
2410 2671 2458 2701 in-

1398 2711 1529 2747 tellecta,
1554 2717 1590 2741 ut
1612 2712 1827 2751 exposuimus.

1455 2755 1523 2785 XII.
1549 2755 1584 2785 In
1606 2755 1813 2795 responsione
1837 2756 1877 2786 ad
1899 2763 2048 2796 quartum
2072 2764 2102 2787 et
2125 2757 2293 2797 quintum,
2324 2758 2458 2789 dubium

1398 2806 1444 2830 est
1465 2798 1615 2839 logicale,
1640 2798 1767 2830 motum
1789 2810 1807 2830 a
1827 2799 1990 2840 Gregorio,
2014 2800 2046 2830 in
2063 2811 2105 2831 xn
2128 2801 2326 2832 distinctione
2349 2802 2456 2839 Primi,

1396 2850 1626 2883 tractatumque
1643 2853 1660 2873 a
1673 2843 1841 2883 Capre010,
1861 2843 1894 2874 in
1910 2843 1985 2874 fine:
2010 2845 2177 2884 quomodo
2193 2845 2309 2876 scilicet
2323 2846 2356 2886 ly
2365 2848 2456 2886 prin-

1396 2888 1511 2927 cipium
1536 2894 1697 2927 supponat
1719 2887 1860 2918 confuse.
1891 2888 1979 2918 Tum
2003 2888 2077 2928 quia
2100 2889 2225 2919 nullum
2250 2894 2296 2920 eSt
2319 2890 2457 2921 confusi-

1395 2941 1483 2961 vum.
1503 2949 1519 2953 —
1535 2931 1623 2961 Tum
1639 2931 1722 2971 quia,
1747 2931 1773 2961 si
1796 2938 1890 2962 staret
1913 2931 2053 2968 confuse,
2073 2932 2177 2963 liceret
2197 2933 2381 2964 descendere
2397 2935 2456 2965 sub

1395 2974 1573 3014 praedicato
1605 2975 1644 3004 ad
1675 2975 1741 3005 eius
1770 2975 1938 3015 singularia
1967 2986 2023 3016 per
2050 2977 2303 3017 propositionem
2334 2978 2372 3008 de
2396 2979 2456 3008 dis-

1395 3018 1503 3049 iuncto
1528 3025 1684 3048 extremo:
1710 3019 1799 3059 quod
1817 3019 1867 3050 hic
1890 3030 1956 3050 non
1979 3020 2059 3051 licet.

1453 3063 1534 3093 XIII.
1551 3063 1601 3092 Ad
1617 3062 1734 3093 horum
1748 3063 1890 3102 primum
1905 3064 2016 3094 dicitur
2032 3064 2207 3104 dupliciter.
2232 3065 2351 3102 Primo,
2367 3067 2456 3106 quod

1395 3116 1461 3136 non
1485 3113 1610 3146 oportet
1640 3116 1788 3147 quaerere
1813 3107 2016 3138 confusivum
2047 3115 2189 3148 respectu
2220 3109 2345 3139 termini
2369 3120 2454 3140 com-

1394 3150 1500 3180 munis
1520 3150 1657 3180 concreti
1680 3151 1875 3187 substantivi,
1900 3152 1975 3192 quia
1998 3152 2059 3182 hoc
2082 3152 2176 3189 habet
2195 3163 2231 3183 ex
2246 3153 2379 3183 naturali
2398 3164 2455 3184 sua

1394 3194 1622 3234 suppositione,
1639 3201 1674 3224 ut
1690 3205 1713 3224 s.
1731 3194 1875 3225 Thomas
1890 3195 1964 3226 dicit
1982 3195 2015 3226 in
2031 3196 2071 3226 III
2096 3196 2194 3234 Sent„
2211 3197 2280 3227 dist.
2301 3208 2325 3233 1,
2351 3208 2404 3238 qu.
2421 3208 2452 3234 Π,

1394 3245 1448 3268 art.
1466 3238 1534 3277 4²⁸:
1560 3238 1615 3267 sed
1638 3245 1798 3278 oporteret
1812 3242 1968 3279 'quaerere
1993 3240 2202 3276 discretivum,
2227 3241 2355 3281 quando
2380 3252 2453 3282 sup-

1393 3289 1525 3322 poneret
1549 3282 1761 3312 determinate.
1778 3301 1798 3305 —
1814 3283 1959 3314 Secundo
1983 3284 2112 3320 dicitur,
2137 3285 2226 3324 quod
2249 3284 2454 3316 confunditur

1393 3336 1411 3355 a
1434 3326 1466 3366 ly
1490 3331 1535 3363 et,
1560 3326 1689 3366 quando
1713 3333 1759 3357 est
1782 3327 2005 3366 praedicatum.

1450 3370 1501 3399 Ad
1525 3370 1700 3400 secundum
1730 3380 1804 3401 vero
1835 3371 2014 3407 motivum,
2048 3371 2188 3402 similiter
2219 3372 2384 3412 dupliciter
2407 3384 2451 3404 re-

1393 3414 1575 3453 spondetur.
1600 3414 1719 3451 Primo,
1744 3415 1833 3454 quod
1856 3415 1909 3445 illa
1932 3415 2038 3455 regula
2061 3426 2126 3446 non
2150 3416 2243 3446 habet
2265 3416 2375 3447 locum
2398 3418 2452 3448 ubi

1393 3459 1451 3487 sub
1475 3457 1652 3497 praedicato
1676 3468 1742 3488 non
1766 3465 1840 3488 sunt
1862 3459 1953 3498 plura
1977 3459 2158 3498 singularia,
2183 3467 2219 3490 ut
2242 3461 2395 3500 contingit
2418 3462 2450 3492 in

276 3507 342 3527 esse
358 3497 518 3527 caritatem
540 3497 638 3527 Patris
662 3504 693 3528 et
710 3498 798 3528 Filii:
822 3499 996 3529 tenendum
1015 3509 1081 3529 esse
1101 3499 1234 3530 arbitror
1249 3502 1338 3541 quod
1392 3501 1570 3541 proposito:
1591 3501 1748 3541 singulare
1765 3502 1849 3532 enim
1865 3502 2009 3542 principii
2026 3513 2091 3533 non
2108 3510 2154 3534 est
2167 3504 2257 3534 Pater
2273 3511 2326 3535 aut
2342 3505 2450 3542 Filius,

274 3540 466 3581 principium
497 3540 682 3580 spirativum
712 3548 747 3572 ut
777 3543 880 3582 quod,
910 3543 1100 3583 inquantum
1131 3543 1337 3581 huiusmodi,

275 3585 367 3624 exigit
386 3584 606 3625 pluralitatem.
633 3585 677 3614 Ita
693 3586 781 3625 quod
801 3586 932 3623 dualitas
948 3594 994 3617 est
1009 3587 1150 3617 conditio
1167 3587 1336 3628 spiratoris,

416 3646 524 3670 Summae
544 3646 644 3670 Txaon.
666 3645 696 3670 D.
715 3645 829 3670 Tnouae
847 3647 880 3671 T.
899 3647 916 3671 1.

1393 3546 1446 3575 sed
1470 3545 1528 3575 hoc
1544 3546 1752 3585 principium.
1785 3545 1870 3576 Cum
1893 3554 2000 3577 autem
2022 3547 2065 3577 ibi
2097 3557 2161 3577 non
2185 3547 2247 3578 sint
2276 3548 2367 3588 plura
2392 3559 2451 3580 nu-

1392 3599 1480 3619 mero
1506 3589 1675 3629 principia,
1708 3590 1762 3619 sed
1785 3590 1875 3620 Pater
1897 3597 1927 3620 et
1950 3590 2047 3621 Filius
2079 3598 2152 3622 sunt
2183 3602 2286 3622 unum
2316 3603 2449 3624 numero

2273 3660 2307 3685 49

2497 699 2505 708 '¹
2520 698 2577 720 Loc.
2594 704 2661 726 prox.
2669 699 2708 721 cit.

2496 1005 2557 1027 'Ad
2571 1011 2592 1027 2.

2493 1399 2505 1411 ⁴⁸
2519 1400 2570 1421 Art.
2585 1405 2596 1421 2
2607 1415 2613 1426 ,
2632 1399 2705 1421 com'-

2494 1430 2564 1448 ment.
2571 1432 2636 1448 num.
2641 1431 2705 1447 xxix.

2494 1581 2503 1590 '
2518 1579 2555 1602 cf.
2565 1586 2630 1602 uum.
2641 1586 2696 1607 v‚v1.

2481 3249 2542 3270 ‘Ad
2558 3250 2580 3272 6.
