2768 4178
298 352 466 374 ARTICULUS
479 353 512 374 m
552 345 657 373 Utrum
678 343 785 373 creatio
806 353 904 372 rerum
926 343 1011 371 fuerit
1031 343 1062 371 in
1081 341 1188 379 princi-

579 384 629 421 pio
650 383 790 421 temporis
811 404 836 419 .,
841 403 1182 414 ............
1206 390 1281 420 pag.
1309 381 1366 416 483

494 449 689 485 QUAESTIO
712 447 1183 484 QUADRAGESIMASEPTIMA

490 520 541 549 De
563 518 785 548 distinctione
804 525 920 547 rerum
939 517 976 545 in
997 515 1177 546 communi.

301 591 470 613 mucuns
484 592 496 612 1
552 584 658 612 Utrum
684 592 782 611 rerum
811 581 967 610 multitudo
988 586 1017 609 et
1043 578 1189 608 distinctio

586 623 622 651 sit
642 632 660 652 a
688 623 752 651 Deo
755 639 1188 650 ...............

386 674 401 690 ›
484 671 507 691 11
557 663 661 691 Utrum
682 660 871 698 inaequalitas
895 668 993 688 rerum
1021 659 1057 687 sit
1077 668 1094 687 a
1114 659 1188 687 Deo.

386 714 401 729 »
483 711 517 732 111
559 703 664 731 Utrum
685 701 722 730 sit
740 709 817 729 unus
838 700 965 728 mundus
985 705 1098 727 tantum
1121 719 1127 726 .
1151 720 1158 727 .

497 768 691 804 QUAESTIO
714 766 1180 802 QUADRAGESIMAOCTAVA

501 837 552 866 De
575 835 797 866 distinetione
825 843 940 865 rerum
959 835 995 864 in
1016 834 1169 871 speciali.

301 910 470 933 mucuns
483 910 495 930 1
551 902 655 930 Utrum
677 901 787 929 malum
808 900 844 929 sit
864 906 966 929 natura
987 900 1132 937 quaedam
1152 921 1159 928 .
1183 919 1190 927 .

386 954 402 970 ι
484 950 508 971 11
557 942 662 970 Utrum
683 941 793 970 malum
814 940 975 969 inveniatur
995 940 1026 968 in
1046 940 1133 968 rebus
1152 960 1159 967 .
1183 960 1190 967 .

1233 629 1248 644 »

1234 669 1249 684 D

1182 720 1189 726 .
1234 709 1249 725 θ

1314 263 1480 300 INDEX

1419 350 1584 370 ARthums
1598 350 1631 370 m
1671 342 1775 370 Utrum
1801 343 1910 371 malum
1942 343 1978 372 sit
2005 343 2035 372 in
2062 345 2142 372 bono
2174 344 2247 373 sicut
2277 344 2307 372 'm

1702 381 1832 410 subiecto
1850 404 2309 412 ................
2326 393 2399 422 pag.

1505 432 1520 447 w
1602 429 1633 449 1v
1673 422 1776 449 Utrum
1787 422 1896 450 malum
1905 430 2072 459 corrumpat
2082 429 2175 451 totum
2183 424 2305 452 bonum.
2350 435 2365 450 2

1505 472 1520 487 »
1601 469 1622 488 v
1670 461 1774 489 Utrum
1790 462 1898 490 malum
1912 460 2088 491 sufficienter
2101 462 2244 491 dividatur
2256 472 2308 499 per

1703 510 1829 537 poenam
1855 508 1883 529 et
1896 502 2021 538 ,culpam
2025 524 2305 531 ..........
2349 514 2365 529 ιι»

1506 551 1521 566 »
1602 548 1634 568 vx
1673 541 1778 568 Utrum
1808 542 1911 569 habeat
1941 542 2005 578 plus
2034 542 2070 570 de
2100 542 2212 570 ratione
2240 542 2307 570 mali

1704 589 1800 616 poena
1821 590 1909 617 quam
1930 582 2015 618 culpa
2030 603 2306 610 ..........
2350 593 2366 608 ›

1310 618 1370 693 2355
1644 645 1836 680 QUAESTIO
1859 647 2270 680 QUADRAGESIMANONA

1311 698 1370 733 488
1811 713 1861 742 De
1882 721 1991 742 causa
2012 714 2103 743 mali.
2131 709 2138 715 ’

1424 787 1589 807 Anncums
1602 787 1614 806 1
1676 778 1780 806 Utrum
1801 779 1912 807 bonum
1934 779 2026 815 possit
2048 789 2109 807 esse
2131 788 2217 808 causa
2230 778 2306 807 mali.
2350 790 2365 805 »

1508 830 1523 845 »
1605 826 1628 846 11
1677 818 1780 846 Utrum
1809 828 1957 846 summurn
1993 820 2124 854 bonum,
2159 820 2239 856 quod
2267 824 2309 847 est

1706 859 1794 894 Deus,
1816 858 1852 886 sit
1873 868 1959 887 causa
1983 859 2050 886 mali
2064 880 2306 887 .........
2350 869 2366 884 ι»

1312 907 1372 935 490
1508 910 1523 924 »
1604 906 1637 926 m
1677 898 1780 926 Utrum
1812 898 1848 926 sit
1877 908 1968 926 unum
2003 908 2151 926 summurn
2182 898 2307 934 malum,

1313 946 1371 974 492
1706 938 1787 975 quod
1807 938 1843 966 sit
1863 947 1949 966 causa
1972 938 2069 966 omnis
2091 937 2157 966 mali
2179 959 2307 966 .....
2352 948 2367 963 »

2412 267 2486 315 509

2427 384 2484 420 493

2427 433 2487 460 494

2426 503 2485 539 496

2426 590 2485 618 497

2427 788 2485 816 499

2430 858 2482 886 501

2431 937 2486 964 502
