2768 4178
71 462 80 471 ·
92 459 176 482 Isidor.
187 459 284 487 Erymo-

71 488 123 515 1⁰g‚
132 503 140 513 ,
164 486 205 507 lib.
225 486 283 513 vn,

72 520 124 541 cap.
135 519 151 541 ι,
166 518 189 534 ιι.
199 518 230 534 12.

70 1057 136 1078 '‘Lib.
144 1056 175 1078 111
183 1055 284 1082 Esdrae,

72 1089 124 1111 cap.
140 1089 163 1105 iv
185 1089 225 1109 40.

175 1119 192 1135 α

85 2822 95 2831 ·
106 2820 139 2842 lv
144 2820 238 2848 Phycic.
245 2826 297 2869 πῇ.

88 2853 212 2896 {alizia
221 2847 272 2870 Μ
292 2863 297 2869 ’

312 262 385 298 104

1031 249 1299 298 QUAESTIO
1330 250 1377 296 x,
1408 221 1707 288 ARTmULUs
1736 250 1787 287 v1

310 331 402 362 narii:
424 338 454 362 et
470 330 564 362 habet
580 329 785 370 praeteritum
802 337 832 361 et
848 329 1003 361 futurum.
1026 330 1067 360 Et
1083 329 1127 360 sic
1143 328 1279 360 dicimus
1295 329 1385 369 quod
1440 316 1569 360 teritum
1594 334 1625 360 et
1638 329 1808 370 futurum,
1833 336 1864 361 et
1887 329 2031 361 similiter
2054 329 2227 370 Augustini
2242 329 2277 359 *z
2295 339 2466 370 praesens,
2488 331 2517 361 si
2551 333 2562 344 ⁸
2575 333 2765 362 Cousmdibffl,

311 375 371 407 fuit
391 382 420 406 et
437 375 526 415 quod
551 374 617 405 erit.
643 374 684 405 Et
704 374 757 410 sic,
775 374 953 405 secundum
969 373 1116 405 futurum
1140 373 1286 404 subditur
1309 372 1386 402 divi-

1439 378 1514 411 stat,
1535 378 1582 404 est
1605 375 1791 411 aeternitas,
1809 382 1839 406 et
1856 374 1984 410 similes,
2001 374 2222 415 intelliguntur
2244 374 2420 405 secundum
2435 383 2471 405 se
2487 379 2521 405 et

311 430 370 451 nae
386 419 560 461 potentiae:
586 428 654 449 non
674 419 853 450 secundum
869 418 1085 459 praeteritum,
1102 418 1178 459 quia
1192 416 1386 458 supponitur
1440 418 1550 448 omnia
1569 427 1652 458 quae
1666 419 1698 448 in
1714 419 1760 449 eis
1774 424 1860 450 sunt.
1880 419 2023 459 Angelus
2041 418 2127 449 enirn
2142 418 2320 449 secundum
2336 418 2519 450 affectiones

311 463 582 504 incompossibile‚
599 469 635 494 ut
650 463 683 493 in
697 463 801 495 littera
817 463 940 494 dicitur.
956 480 976 486 —
995 463 1036 493 Et
1051 469 1128 494 nota
1143 462 1234 502 quod
1247 461 1385 492 auctori-

311 515 358 541 tas
379 508 570 549 Hieronymi
587 507 627 538 ad
643 507 826 539 Marcellam
841 507 873 537 *ι
897 507 986 538 solus
998 507 1090 538 Deus
1106 516 1169 537 non
1187 506 1275 537 novit
1288 515 1386 546 prae-

1440 462 1535 493 habet
1550 462 1755 502 praeteritum
1770 471 1801 495 et
1817 463 1977 495 futurum:
2003 470 2033 494 et
2048 462 2191 494 similiter
2206 472 2321 493 aevum
2341 463 2519 494 secundum

1442 505 1591 537 adiuncta
1613 516 1680 537 non
1697 513 1767 544 stat,
1793 514 1829 539 ut
1851 507 1885 538 in
1909 507 2065 548 praesenti
2089 507 2221 538 articulo
2246 507 2368 538 dictum
2391 514 2438 538 est
2452 506 2481 538 ⁴⁹.

1134 665 1454 708 ARTICULUS
1484 666 1696 709 SEXTUS

1018 760 1175 791 UTRUM
1199 759 1266 790 SIT
1291 759 1418 791 UNUM
1442 759 1597 791 AEVUM
1621 761 1810 793 TANTUM

738 851 758 875 11
778 850 862 881 Sent„
882 850 942 875 dist.
962 858 989 882 11,
1009 858 1053 883 qu.
1073 857 1090 880 1,
1110 854 1157 874 art.
1172 855 1185 873 2
1192 857 1200 879 ;
1222 848 1320 879 Quodl.
1334 848 1366 878 V,
1386 856 1430 881 qu.
1443 855 1483 880 1v;
1503 848 1604 882 Opusc.
1617 849 1734 881 XXXVI,
1754 850 1787 875 de
1807 850 1930 880 Instant„
1950 859 2006 885 cap.
2019 859 2057 878 m.

349 956 408 997 φὴ»
434 961 485 991 «23
525 953 548 978 D
577 952 719 978 513wa
748 952 801 977 s1c
831 951 1071 977 PROCEDITUR.
1093 938 1255 976 Videtur
1282 938 1388 986 quod

340 982 504 1049 ''CJAQQJ
526 1006 606 1031 non
634 993 681 1030 sit
716 1001 866 1030 tanturn
903 1005 1025 1030 unum
1055 1004 1210 1029 aevum.
1239 990 1389 1028 Dicitur

330 1020 515 1102 ,ffvxrex'sq‘f
527 1047 630 1084 enim
650 1047 688 1083 in
708 1046 940 1096 apocryphis
960 1045 1107 1083 Esdrae
1122 1045 1159 1082 *ε
1180 1044 1356 1081 maiestas
1370 1050 1388 1065 ·‘

369 1074 467 1133 ἑῖἶῗ)
482 1090 515 1134 K
525 1106 560 1137 et
571 1105 738 1148 potestas
752 1111 936 1136 aevorum
956 1105 1011 1136 est
1031 1099 1135 1148 apud
1147 1104 1193 1145 te,
1209 1097 1387 1135 Domine.

368 1163 403 1189 2.
434 1152 678 1201 PRAETEREA,
709 1152 951 1191 diversorum
988 1164 1174 1201 generum
1214 1151 1388 1189 diversae

313 1212 400 1242 sunt
427 1217 644 1244 mensurae.
676 1206 755 1244 Sed
783 1206 976 1255 quaedam
1005 1205 1200 1244 aeviterna
1234 1211 1323 1242 sunt
1349 1204 1389 1242 in

313 1270 452 1307 genere
482 1259 742 1309 corporalium
761 1259 796 1307 β,
827 1259 968 1297 scilicet
997 1272 1162 1309 corpora
1190 1258 1386 1296 caelestia:

313 1312 505 1361 quaedam
525 1326 621 1351 vero
641 1321 729 1351 sunt
748 1313 959 1363 spirituales
981 1312 1228 1360 substantiae,
1249 1311 1390 1349 scilicet

313 1365 449 1414 angeli.
479 1367 573 1404 Non
603 1379 693 1415 ergo
723 1375 779 1404 est
806 1379 931 1404 unum
959 1379 1102 1405 aevum
1131 1373 1292 1404 tantum.

369 1420 404 1457 3.
435 1420 671 1469 PRAETEREA,
693 1433 782 1458 curn
808 1433 951 1459 aevum
980 1420 1026 1459 sit
1054 1432 1201 1458 nomen
1222 1418 1389 1457 duratio-

314 1473 384 1521 nis,
414 1485 583 1521 quorum
613 1482 669 1511 est
696 1486 819 1512 unum
849 1486 1004 1523 aevum,
1035 1482 1091 1512 est
1118 1486 1198 1511 una
1227 1471 1388 1510 duratio.

315 1526 394 1564 Sed
422 1539 502 1564 non
521 1527 698 1564 omnium
727 1527 1013 1565 aeviternorum
1033 1534 1099 1565 est'
1117 1539 1196 1564 una
1221 1525 1389 1564 duratio:

315 1579 404 1629 quia
421 1581 612 1629 quaedam
623 1586 643 1631 ¹⁷
661 1588 750 1630 post
765 1581 837 1618 alia
853 1594 936 1619 esse
956 1581 1154 1631 incipiunt,
1165 1587 1208 1618 ut
1223 1578 1391 1617 maxime

315 1641 418 1684 patet
436 1633 475 1671 in
495 1634 698 1671 animabus
727 1635 917 1672 humanis.
950 1636 1043 1673 Non
1069 1642 1126 1672 est
1145 1646 1235 1683 ergo
1263 1645 1387 1670 unum

316 1699 459 1725 aevum
488 1695 649 1726 tantum.

369 1753 406 1788 4.
428 1741 664 1789 PRAETEREA,
687 1753 732 1778 ea
756 1753 856 1790 quae
881 1754 961 1779 non
986 1741 1207 1791 dependent
1226 1741 1274 1778 ab
1294 1739 1391 1777 invi-

317 1806 415 1842 cem,
436 1807 515 1831 non
534 1794 714 1832 videntur
731 1795 874 1832 habere
893 1808 1012 1832 unam
1033 1807 1258 1832 mensuram
1280 1793 1391 1831 dura-

315 1848 447 1885 tionis:
468 1854 625 1897 propter
639 1849 715 1885 hoc
730 1848 833 1886 enim
856 1849 1033 1886 omnium
1048 1847 1320 1898 temporalium
1335 1846 1391 1884 vi-

318 1901 428 1939 detur
448 1913 530 1938 esse
550 1914 671 1939 unum
690 1901 855 1952 tempus,
877 1902 968 1950 quia
989 1902 1166 1939 omnium
1183 1908 1362 1939 motuum
1378 1897 1392 1921 ⁸

317 1954 612 2005 quodammodo
633 1967 748 1993 causa
769 1963 824 1993 est
842 1955 991 2005 primus
1011 1963 1153 2003 motus,
1174 1955 1239 2004 qui
1256 1960 1267 1975 ‘
1285 1953 1392 2003 prius

316 2015 491 2057 tempore
520 2015 774 2046 mensuratur.
805 2009 884 2046 Sed
913 2009 1110 2048 aeviterna
1138 2021 1219 2046 non
1248 2007 1392 2057 depen-

317 2061 408 2099 dent
423 2062 471 2099 ab
491 2061 675 2099 Invicem:
696 2062 787 2110 quia
805 2075 905 2100 unus
924 2063 1084 2111 angelus
1104 2075 1183 2100 non
1200 2069 1256 2099 est
1276 2072 1391 2098 causa

317 2115 469 2152 alterius
485 2114 510 2151 ζ.
541 2116 634 2152 Non
663 2127 753 2164 ergo
775 2124 840 2153 *est
866 2128 989 2154 unum
1017 2128 1159 2154 aevum
1187 2123 1348 2153 tantum.

373 2170 447 2206 SED
477 2179 635 2217 CONTRA,
657 2181 799 2206 aevum
825 2177 881 2207 est
909 2169 1117 2219 simplicius
1144 2177 1334 2219 tempore,
1356 2174 1393 2204 et

317 2221 572 2272 propinquius
587 2234 627 2259 se
642 2222 814 2260 habens*
829 2223 879 2260 ad
901 2223 1177 2261 aeternitatem.
1201 2222 1278 2260 Sed
1298 2229 1392 2260 tem-

317 2288 392 2326 pus
413 2282 468 2313 est
494 2287 618 2313 unum
637 2283 797 2314 tantum.
829 2277 932 2325 Ergo
951 2277 1071 2314 multo
1093 2275 1215 2325 magis
1234 2286 1390 2314 aevum.

374 2330 602 2366 Responsum
620 2341 806 2367 nicnnnum
826 2329 933 2378 quod
958 2329 1057 2367 circa
1076 2330 1152 2367 hoc
1177 2337 1233 2367 est
1252 2329 1392 2379 duplex

320 2382 469 2433 opinio:
499 2381 658 2431 quidam
687 2382 791 2420 enim
813 2382 944 2420 dicunt
971 2383 1078 2433 quod
1108 2391 1165 2420 est
1188 2395 1311 2420 unum
1331 2395 1394 2420 ae-

319 2448 416 2474 vum
430 2433 444 2457 ⁰
462 2443 628 2482 tantum;
657 2435 815 2485 quidam
836 2436 942 2486 quod
961 2437 1096 2475 multa.
1129 2436 1234 2484 Quid
1261 2443 1391 2475 autem

320 2491 462 2527 horum
489 2488 618 2526 verius
646 2489 712 2538 sit,
742 2497 893 2539 oportet
921 2490 1164 2529 considerare
1194 2502 1239 2528 ex
1277 2502 1392 2529 causa

321 2542 472 2583 unitatis
499 2542 700 2592 temporis:
731 2543 769 2581 in
798 2543 1057 2592 cognitionem
1087 2544 1190 2582 enim
1219 2543 1392 2594 spiritua-

321 2597 414 2635 lium
441 2608 511 2646 per
537 2596 749 2645 corporalia
778 2596 1019 2635 devenimus.

376 2650 518 2687 Dicunt
537 2657 665 2687 autem
679 2656 688 2670 ⁴
707 2650 866 2700 quidam
887 2663 971 2688 esse
989 2663 1112 2688 unum
1132 2658 1286 2700 tempus
1305 2663 1391 2688 orn-

323 2703 430 2742 nium
466 2702 759 2753 temporalium,
788 2711 946 2754 propter
972 2705 1048 2742 hoc
1076 2704 1181 2754 quod
1211 2711 1266 2741 est
1292 2716 1393 2742 unus

324 2769 507 2797 numerus
528 2755 704 2795 omnium
729 2764 1035 2795 numeratorum:
1066 2770 1156 2796 cum
1175 2765 1329 2807 tempus
1347 2757 1395 2796 sit

324 2822 529 2857 numeruS,
558 2809 772 2848 secundum
808 2810 1088 2861 Philosophum
1104 2811 1135 2848 *.
1156 2831 1181 2840 -
1203 2811 1281 2849 Sed
1318 2812 1394 2850 hoc

324 2876 403 2902 non
431 2863 590 2901 sufficit:
623 2863 715 2912 quia
751 2870 905 2913 tempus
942 2877 1021 2902 non
1050 2872 1106 2902 est
1134 2876 1319 2903 numerus
1353 2873 1395 2903 ut

324 2918 534 2955 abstractus
563 2923 666 2954 extra
689 2924 946 2965 numeratum,
967 2917 1036 2955 sed
1063 2925 1106 2956 ut
1133 2918 1172 2955 in
1191 2925 1393 2957 numerato

324 2971 505 3008 existens:
536 2969 706 3020 alioquin
734 2982 813 3007 non
843 2978 942 3008 esset
969 2972 1191 3019 continuus;
1221 2971 1311 3022 quia
1331 2971 1395 3010 de-

325 3036 409 3063 cem
437 3024 551 3062 ulnae
583 3022 701 3073 panni
730 3023 1017 3063 continuitatem
1045 3025 1210 3072 habent,
1240 3037 1320 3063 non
1348 3037 1395 3063 ex

324 3089 508 3125 numero,
538 3076 607 3115 sed
636 3088 681 3115 ex
710 3084 925 3116 numerato.
965 3078 1164 3116 Numerus
1192 3086 1322 3117 autem
1354 3077 1395 3116 in

323 3138 525 3168 numerato
553 3129 715 3167 existens
735 3142 815 3168 non
844 3138 900 3168 est
918 3131 1021 3168 idem
1042 3131 1231 3180 omniurn,
1253 3131 1322 3169 sed
1340 3130 1395 3169 di-

322 3196 457 3221 versus
486 3183 740 3222 diversorum.

377 3315 406 3347 a)
426 3316 558 3341 maiestas.
576 3330 597 3336 -
614 3315 687 3348 quod
705 3315 831 3341 maiestas
849 3315 960 3341 codices.

378 3349 404 3384 β)
423 3351 613 3383 corporalium.
630 3365 649 3371 -
666 3358 810 3383 corporum
829 3351 941 3377 codices.

377 3386 404 3419 γ)
423 3386 564 3419 quaedam.
581 3400 600 3406 —
618 3386 756 3412 aeviterna
774 3386 845 3411 addit
862 3387 892 3411 B.

378 3420 403 3453 ὃ)
423 3425 550 3447 motuum.
568 3435 586 3441 —
605 3422 667 3447 Om.
686 3422 789 3447 codices
809 3426 834 3447 et
853 3422 893 3447 ed.
907 3429 934 3446 a.

378 3457 400 3488 ε)
415 3457 470 3488 qui.
483 3470 502 3476 -
515 3457 587 3489 quod
598 3457 674 3488 ABE,
687 3457 751 3490 quia
765 3457 841 3482 CDF.
852 3471 871 3476 —
885 3457 936 3482 Pro
947 3457 1034 3490 prius,
1047 3457 1137 3490 primo
1155 3457 1257 3483 codices
1271 3461 1298 3482 et
1311 3456 1352 3481 ed.
1366 3463 1393 3481 a.

377 3490 403 3524 ζ)
422 3492 486 3524 quia
505 3499 607 3517 unus..
622 3493 742 3518 alterius.
755 3506 775 3513 -
788 3493 919 3518 Omittunt
936 3492 1083 3524 ACDEFG,
1102 3493 1163 3518 Non
1182 3499 1249 3526 ergo
1268 3491 1393 3519 videntur

324 3526 422 3588 almo-e
441 3534 522 3553 unam
541 3534 691 3554 mensuram
707 3528 860 3556 durationis
874 3528 903 3553 Β.
921 3541 940 3549 -
957 3527 1018 3554 Non
1038 3535 1104 3562 ergo
1175 3531 1281 3554 tantum
1299 3527 1394 3553 omittit

369 3567 404 3587 tio
423 3569 449 3588 a.

379 3598 406 3665 ἒξ
423 3597 532 3658 22ῗῖιῖ
544 3611 569 3653 ἶ
581 3598 826 3660 ὂὲῗὲἑὲῗῡῐξεῐ
845 3633 954 3666 quidam
974 3634 1091 3660 ABDEG
1110 3634 1207 3659 addunt
1224 3636 1324 3659 autem.

1496 937 1608 975 Unde
1637 937 1699 975 alii
1736 938 1929 987 assignant
1965 952 2122 978 causam
2154 941 2306 979 unitatis
2334 941 2520 991 temporis

1442 1002 1489 1027 ex
1507 990 1652 1028 unitate
1681 992 1923 1040 aeternitatis,
1945 1005 2045 1042 quae
2066 1001 2123 1031 est
2139 994 2372 1044 principium
2394 995 2520 1032 omnis

1443 1043 1666 1082 durationis.
1697 1045 1747 1082 Et
1766 1044 1832 1093 sic,
1853 1058 1992 1083 omnes
2017 1046 2238 1085 durationes
2267 1055 2355 1085 sunt
2381 1060 2518 1095 unum,

1442 1097 1473 1135 si
1512 1097 1775 1136 consideretur
1811 1111 1946 1136 earum
1970 1105 1984 1120 ⁸
2010 1099 2264 1149 principium:
2303 1109 2392 1139 sunt
2423 1113 2519 1139 vero

1442 1151 1604 1200 multae,
1643 1151 1674 1189 si
1709 1151 1973 1190 consideretur
2011 1153 2211 1191 diversitas
2245 1167 2382 1192 eorum
2420 1167 2518 1204 quae

1442 1204 1630 1254 recipiunt
1654 1205 1895 1244 durationem
1915 1204 1928 1227 λ
1956 1218 2002 1243 ex
2020 1206 2168 1244 influxu
2196 1207 2308 1256 primi
2331 1207 2517 1258 principii.

1442 1258 1516 1295 Alii
1543 1271 1639 1296 vero
1668 1259 1861 1308 assignant
1888 1271 2046 1297 causam
2074 1260 2227 1298 unitatis
2259 1261 2445 1310 temporis
2473 1273 2520 1299 ex

1442 1319 1550 1362 parte
1578 1312 1761 1350 materiae
1788 1313 1949 1362 primae,
1980 1326 2079 1363 quae
2110 1321 2167 1351 est
2192 1313 2363 1364 primum
2392 1313 2519 1351 subie-

1443 1373 1547 1403 etum
1582 1373 1732 1414 motus,
1764 1366 1871 1404 cuius
1909 1379 2092 1404 mensura
2126 1375 2183 1404 est
2210 1375 2375 1418 tempus.
2396 1388 2420 1395 -
2442 1366 2520 1405 Sed

1442 1426 1577 1457 neutra
1605 1419 1809 1468 assignatio
1830 1420 2024 1458 sufficiens
2043 1420 2214 1458 videtur:
2245 1421 2334 1471 quia
2354 1433 2401 1458 ea
2419 1432 2520 1470 quae

1443 1481 1531 1510 sunt
1549 1485 1672 1511 unum
1691 1473 1879 1523 principio
1898 1474 1962 1512 vel
1991 1474 2177 1522 subiecto,
2197 1482 2235 1512 et
2262 1474 2432 1512 maxime
2460 1486 2521 1512 re-

1443 1534 1574 1575 mot0,
1612 1539 1692 1564 non
1730 1535 1818 1565 sunt
1846 1522 1978 1565 unum'
2007 1527 2249 1577 simpliciter,
2287 1529 2356 1566 sed
2383 1539 2521 1565 secun·

1444 1580 1538 1618 dum
1569 1579 1673 1630 quid.

1497 1634 1568 1671 Est
1586 1646 1676 1682 ergo
1702 1633 1796 1671 ratio
1812 1640 1832 1661 Ι·
1849 1633 2003 1671 unitatis
2029 1634 2228 1684 temporis,
2252 1634 2378 1672 unitas
2405 1633 2520 1685 primi

1443 1695 1584 1735 motus,
1605 1687 1821 1726 secundum
1851 1699 1982 1736 quem,
2007 1700 2096 1725 cum
2125 1687 2172 1725 sit
2202 1687 2520 1737 simplicissimus,

1443 1753 1581 1778 omnes
1609 1740 1672 1778 alii
1701 1749 1991 1788 mensurantur,
2029 1748 2071 1778 ut
2099 1741 2235 1779 dicitur
2262 1741 2302 1779 in
2330 1743 2366 1779 X
2393 1742 2520 1780 Meta-

1437 1794 1588 1843 phys-,²⁵²
1617 1794 1681 1832 Sic
1709 1806 1800 1842 ergo
1833 1801 1985 1844 tempus
2013 1794 2063 1832 ad
2090 1794 2196 1832 illum
2231 1802 2384 1832 motum
2414 1807 2520 1833 com-

1442 1855 1598 1897 paratur
1622 1860 1701 1885 non
1729 1848 1856 1885 solum
1884 1855 1926 1885 ut
1953 1852 2136 1885 mensura
2163 1847 2212 1887 ad
2241 1855 2518 1897 mensuratum,

1444 1901 1513 1949 sed
1542 1900 1656 1938 etiam
1679 1908 1722 1938 ut
1740 1901 1919 1939 accidens
1939 1900 1989 1938 ad
2008 1900 2243 1948 subiectum;
2273 1909 2310 1939 et
2329 1901 2384 1939 sic
2402 1903 2452 1940 ab
2471 1914 2520 1940 eo

1443 1954 1576 2004 recipit
1603 1953 1802 1992 unitatem.
1831 1953 1895 1992 Ad
1922 1953 2018 1991 alios
2046 1961 2176 1992 autem
2205 1962 2336 1992 motus
2361 1967 2520 2006 compa-

1443 2015 1548 2046 ratur
1575 2008 1703 2045 solum
1731 2015 1774 2045 ut
1801 2019 1985 2045 mensura
2012 2007 2061 2046 ad
2095 2015 2372 2046 mensuratum.
2406 2008 2520 2048 Unde

1443 2061 1660 2100 secundum
1681 2073 1818 2099 eorum
1847 2060 2128 2099 multitudinem
2149 2067 2162 2082 ¹·
2189 2073 2270 2099 non
2294 2061 2521 2112 multiplica·

1443 2123 1523 2153 tur:
1554 2115 1644 2166 quia
1662 2127 1741 2153 una
1761 2127 1943 2152 mensura
1964 2121 2139 2164 separata
2167 2115 2287 2153 multa
2306 2115 2520 2154 mensurari

1443 2176 1617 2219 possunt.

1499 2222 1586 2260 Hoc
1613 2221 1724 2270 igitur
1750 2220 1895 2268 habito,
1915 2220 2114 2258 sciendum
2143 2221 2250 2271 quod
2278 2221 2325 2259 de
2345 2222 2520 2264 substan-

1444 2275 1503 2313 tiis
1523 2274 1779 2325 spiritualibus
1800 2274 1940 2323 duplex
1967 2274 2035 2312 fuit
2054 2274 2199 2324 opinio.
2230 2274 2401 2322 Quidam
2417 2275 2520 2315 enim

1446 2329 1622 2367 dixerunt
1652 2327 1759 2377 quod
1796 2339 1934 2365 omnes
1961 2325 1975 2351 ε
2007 2335 2278 2377 processerunt
2304 2341 2327 2366 a
2355 2329 2442 2366 Deo
2479 2328 2519 2367 in

1444 2382 1615 2432 quadarn
1635 2380 1874 2432 aequalitate,
1894 2388 1936 2418 ut
1956 2381 2134 2430 Origines
2154 2381 2246 2419 dixit
2258 2381 2299 2429 *;
2318 2382 2383 2420 vel
2403 2381 2518 2420 etiarn

1446 2436 1590 2474 multae
1619 2436 1773 2482 earum,
1802 2442 1845 2472 ut
1872 2434 2031 2484 quidam
2059 2442 2282 2484 posuerunt.
2320 2435 2396 2473 Alii
2422 2447 2518 2475 vero

1446 2490 1623 2531 dixerunt
1649 2488 1756 2538 quod
1783 2499 1921 2526 omnes
1944 2487 2177 2526 substantiae
2205 2488 2416 2539 spirituales
2429 2501 2519 2539 pro·

1447 2549 1642 2582 cesserunt
1660 2554 1682 2580 a
1701 2543 1787 2579 Deo
1812 2541 1984 2591 quodam
2003 2542 2125 2590 gradu
2144 2549 2181 2579 et
2199 2541 2346 2581 ordine.
2376 2543 2426 2580 Et
2443 2542 2520 2582 hoc

1445 2597 1599 2635 videtur
1617 2595 1756 2634 sentire
1775 2594 1998 2644 Dionysius,
2014 2595 2080 2646 qui
2101 2594 2202 2644 dicit,
2223 2607 2306 2646 cap.
2321 2607 2346 2633 x
2363 2595 2384 2618 ¹⁸
2416 2595 2519 2634 Cael.

1446 2651 1572 2697 Hier„
1592 2649 1698 2700 quod
1726 2648 1822 2686 inter
1849 2648 2078 2686 substantias
2105 2648 2316 2699 spirituales
2339 2656 2427 2687 sunt
2472 2647 2520 2687 ri-

1434 2716 1557 2751 xmae,
1587 2702 1738 2743 mediae
1777 2709 1812 2739 et
1839 2701 2018 2750 ultimae,
2049 2701 2163 2740 etiam
2201 2701 2240 2740 in
2271 2714 2351 2740 uno
2386 2714 2430 2740 or
2457 2701 2520 2741 ine

1447 2758 1686 2806 angelorum.
1716 2755 1939 2793 Secundum
1959 2755 2070 2804 igitur
2087 2755 2255 2805 primam
2281 2755 2519 2806 opinionem,

1448 2822 1605 2850 necesse
1633 2817 1691 2848 est
1719 2808 1844 2847 dicere
1873 2809 1979 2857 quod
2008 2816 2096 2847 sunt
2121 2809 2232 2859 plura
2254 2821 2364 2858 aeva,
2385 2821 2520 2848 seeun-

1448 2865 1542 2903 dum
1570 2864 1676 2914 quod
1704 2870 1791 2900 sunt
1809 2862 1919 2911 plura
1947 2862 2143 2900 aeviterna
2159 2862 2312 2912 prima·
2331 2861 2517 2911 aequalia.

1449 2916 1674 2957 Secundum
1703 2923 1832 2954 autem
1861 2915 2073 2954 secundam
2101 2915 2337 2966 opinionem,
2367 2922 2520 2965 oportet

1449 2971 1575 3009 dicere
1605 2969 1711 3020 quod
1730 2969 1777 3007 sit
1793 2981 1917 3006 unum
1945 2981 2088 3008 aevum
2107 2975 2276 3007 tantum:
2305 2967 2408 3018 quia,
2429 2980 2518 3006 cum

1447 3023 1754 3074 unumquodque
1774 3029 2016 3061 mensuretur
2036 3020 2318 3072 simplicissimo
2333 3021 2391 3059 sui
2405 3033 2520 3071 gene-

1448 3077 1511 3126 ris,
1530 3085 1574 3116 ut
1591 3076 1726 3116 dicitur
1743 3075 1783 3114 in
1802 3077 1837 3113 X
1851 3076 2070 3125 Metaphys.
2086 3075 2118 3124 ¹⁸²,
2139 3082 2291 3125 oportet
2309 3075 2416 3124 quod
2435 3087 2520 3114 esse

1448 3130 1626 3168 omnium
1659 3129 1945 3167 aeviternorum
1982 3135 2224 3167 mensuretur
2255 3140 2339 3166 esse
2358 3133 2378 3151 ⁷¹
2404 3127 2518 3178 primi

1448 3183 1645 3230 aeviterni‚
1666 3182 1772 3232 quod
1797 3189 1901 3221 tanto
1922 3190 1979 3221 est
1996 3181 2217 3232 simplicius,
2238 3189 2382 3231 quanto
2399 3181 2517 3233 prius.

1502 3315 1520 3347 ι)
1530 3318 1630 3340 autem.
1641 3327 1661 3337 —
1671 3314 1742 3340 mim
1755 3314 1902 3346 ABCDEG,
1914 3314 1999 3348 igitur
2012 3313 2046 3339 G.
2057 3324 2077 3335 —-
2091 3313 2142 3338 Pro
2156 3320 2220 3343 esse,
2234 3314 2308 3347 quod
2318 3316 2359 3340 est
2372 3312 2518 3340 Aecum.

1501 3350 1528 3383 κ)
1546 3357 1648 3376 earum.
1665 3362 1685 3370 -
1703 3357 1795 3376 eorum
1814 3349 1933 3376 PABCE.

1500 3384 1529 3419 λ)
1548 3386 1727 3412 durationem.
1745 3400 1765 3406 -
1784 3385 1846 3411 Om.
1859 3384 1936 3411 ΑΘΕ.

1501 3421 1530 3455 μ)
1551 3421 1601 3447 Est
1618 3428 1685 3456 ergo
1704 3421 1783 3447 ratio.
1801 3434 1821 3441 -
1841 3420 1891 3446 Est
1913 3426 1979 3454 ergo
1998 3427 2062 3446 vera
2086 3419 2157 3446 ratio
2175 3420 2280 3452 BDFG,
2301 3421 2376 3455 Ergo
2393 3423 2434 3447 ese
2452 3426 2518 3447 vera

1447 3457 1520 3482 ratio
1538 3457 1580 3482 ed.
1593 3464 1618 3485 a,
1640 3456 1715 3490 Ergo
1734 3463 1788 3482 una
1805 3458 1846 3482 est
1863 3454 1935 3480 ratio
1953 3455 1995 3480 ed.
2010 3455 2034 3482 b.

1500 3492 1524 3524 ν)
1545 3491 1751 3517 multitudinem.
1768 3505 1787 3513 -
1805 3490 2051 3523 multiplicationem
2070 3491 2125 3516 BD.

1501 3527 1525 3560 ξ)
1544 3534 1644 3553 omnes.
1662 3541 1682 3547 -
1699 3533 1789 3553 omnes
1807 3525 1973 3552 substantiae
1990 3526 2145 3559 spirituales
2163 3527 2196 3558 G,
2214 3526 2306 3553 omnia
2324 3526 2384 3553 edd.
2401 3526 2453 3552 ab.

1501 3562 1526 3595 o)
1542 3562 1643 3595 prima.
1661 3575 1680 3582 —
1698 3562 1761 3588 Om.
1774 3562 1806 3588 G.

1500 3597 1530 3630 π)
1549 3604 1614 3623 esse.
1631 3611 1651 3618 -
1663 3604 1717 3631 per
1734 3596 1880 3630 simplicius
1903 3603 1959 3622 esse
1977 3597 2082 3630 ABCD,
2100 3605 2153 3630 per
2176 3597 2322 3632 simplicius
2341 3596 2407 3631 (om.
2425 3603 2516 3624 esse...

1446 3635 1486 3658 est
1503 3632 1659 3666 simplicius)
1680 3632 1710 3659 Ε.

2552 366 2606 388 cap.
2616 366 2665 382 xiv.

2547 512 2558 523 ⁴
2571 511 2608 533 Cf.
2619 517 2685 534 num.
2693 516 2731 539 vu,
2740 518 2764 534 x.

2546 1802 2559 1813 ⁶
2573 1801 2599 1824 S.
2609 1801 2656 1825 Th.
2670 1802 2725 1824 leet.
2739 1808 2765 1824 ιι.

2547 1840 2569 1878 ε.
2581 1827 2641 1884 23¹2:
2651 1828 2700 1878 :33-
2713 1829 2763 1856 ¹¹³

2650 2332 2663 2364 ξ

2546 2389 2620 2444 2223,-
2629 2389 2764 2445 {235'3125’

2546 2603 2625 2652 :vvida
2631 2603 2702 2626 etim
2710 2607 2766 2631 etp.

2546 3081 2764 3137 :enimsi

2546 3141 2571 3158 ιι.
2581 3141 2605 3164 9,
2620 3141 2663 3188 ¹3.ae
