2768 4178
311 292 383 328 302

998 300 1265 347 QUAESTIO
1295 300 1438 348 XXVI,
1467 299 1764 337 ARTICULUS
1794 301 1826 336 II

1086 446 1403 488 ARTICULUS
1433 445 1733 488 SECUNDUS

761 539 916 570 UTRUM
939 538 1051 569 DEUS
1074 538 1271 577 DICATUR
1293 538 1463 569 BEATUS
1487 537 1724 569 SECUNDUM
1749 537 2062 568 INTELLECTUM

1025 617 1046 641 11
1066 617 1149 646 Sent„
1169 617 1228 642 dist.
1246 624 1296 648 xvr,
1316 621 1363 641 art.
1384 624 1412 647 23
1432 617 1442 641 1
1465 617 1539 647 Tim„
1559 625 1615 649 cap.
1629 625 1664 648 vr,
1683 617 1740 642 lect.
1755 624 1792 641 111.

349 721 365 752 2

360 725 414 763 ‘3³5⁵
432 724 505 774 ως(
527 711 550 744 i>
570 718 759 744 SECUNDUM
775 719 827 744 sm
847 718 1086 744 paocamrua.
1102 705 1262 743 Videtur
1276 706 1381 755 quod

343 748 506 819 ’ᾖξ’ᾼῇἷὴ
528 761 634 796 Deus
654 772 733 796 non
763 760 907 797 dicatur
931 761 1063 797 beatus
1092 759 1306 796 secundum
1326 759 1380 796 in-

332 810 449 871 'ff'lw
465 797 730 850 tellectum.
751 813 951 850 Beatitudo
973 813 1075 849 enim
1101 820 1156 849 est
1184 824 1382 849 summum

372 840 688 903 fflbonum.
719 867 796 903 Sed
834 867 981 903 bonurn
1010 873 1026 887 α
1056 865 1190 903 dicitur
1227 865 1265 902 in
1294 867 1379 902 Deo

317 919 530 956 secundum
561 919 781 957 essentiam:
811 919 899 968 quia
928 920 1075 956 bonum
1100 918 1250 967 respicit
1279 930 1378 965 esse,

175 974 190 1008 β
316 972 420 1021 quod
446 979 501 1009 est
524 973 736 1010 secundum
766 972 968 1009 essentiam
986 971 1014 1020 β,
1045 971 1258 1009 secundum
1285 972 1383 1008 Boe-

78 1033 88 1041 ·
104 1031 288 1054 S·Th·¹ect·¹v·
316 1025 423 1072 tium,
445 1025 482 1062 in
501 1025 596 1062 libro
616 1026 662 1062 de
678 1025 919 1062 Hebdomad.
940 1025 960 1047 '¹‘
978 1026 1082 1073 Ergo
1103 1034 1139 1062 et
1153 1030 1167 1051 ⁷
1187 1024 1381 1062 beatitudo

171 1068 187 1094 Ὺ
317 1077 450 1115 dieitur
469 1078 507 1114 in
521 1079 606 1115 Deo
627 1078 841 1116 secundum
862 1078 1078 1126 essentiam,
1095 1085 1132 1115 et
1151 1090 1231 1115 non
1250 1090 1383 1115 secun-

317 1131 410 1168 dum
439 1131 681 1169 intellectum.

370 1195 404 1221 2.
426 1185 664 1232 PRAETEREA,
695 1184 887 1221 beatitudo
915 1185 1032 1222 habet
1069 1183 1255 1222 rationem
1283 1183 1382 1222 finis.

315 1236 417 1273 Finis
447 1245 574 1274 autern
596 1245 651 1275 est
679 1238 872 1275 obiectum
897 1237 1115 1285 voluntatis,
1138 1237 1232 1274 sicut
1260 1246 1297 1275 et
1316 1239 1383 1276 bo-

315 1302 421 1327 num.
451 1291 553 1339 Ergo
583 1291 777 1329 beatitudo
808 1291 942 1328 dicitur
974 1291 1013 1328 in
1046 1292 1131 1328 Deo
1170 1292 1383 1329 secundum

314 1344 564 1391 voluntatem,
585 1352 622 1381 et
649 1357 728 1382 non
757 1344 970 1382 secundum
999 1344 1240 1381 intellectum.

370 1397 444 1434 SED
474 1409 619 1434 CONTRA
647 1410 713 1435 EST
741 1397 847 1446 quod
875 1397 1081 1445 Gregorius
1111 1397 1209 1445 dicit,
1240 1399 1384 1435 XXXII

76 1455 287 1483 'Cap·v¹(⁸¹·v¹¹*·
314 1450 526 1487 Moralium
555 1450 592 1487 *z
622 1452 708 1500 Ipse
733 1451 923 1501 gloriosus
954 1457 1017 1497 est,
1047 1451 1122 1499 qui,
1148 1451 1238 1488 dum
1266 1452 1385 1500 seipso

309 1504 533 1551 perfruitur,
550 1505 757 1541 accedentis
776 1504 897 1541 laudis
916 1504 1087 1554 indigens
1106 1516 1181 1541 non
1206 1510 1268 1541 est.
1291 1505 1386 1542 Esse

315 1564 443 1593 autem
464 1557 671 1604 gloriosum
692 1552 876 1606 significat
895 1570 977 1594 esse
1002 1558 1170 1594 beatum.
1193 1558 1294 1594 Cum
1322 1557 1387 1606 igi-

315 1617 375 1646 tur
402 1611 488 1647 Deo
516 1610 690 1648 fruamur
717 1611 929 1648 secundum
954 1611 1198 1658 intellectum,
1221 1611 1310 1660 quia
1332 1611 1388 1648 vi-

75 1672 87 1683 *
106 1671 218 1693 Sermone
233 1677 249 1693 11
264 1672 288 1692 in
314 1663 370 1700 sio
400 1669 454 1700 est
471 1669 546 1701 tota
571 1676 725 1710 merces,
745 1672 787 1701 ut
806 1664 894 1702 dicit
912 1664 1148 1712 Augustinus
1172 1663 1211 1710 *;
1235 1664 1388 1701 videtur

74 1698 142 1720 Psal.
152 1704 188 1722 xc.
204 1704 227 1720 n.

77 1725 114 1772 Cit-
125 1704 291 1773 ¹1231dfx33r'13
317 1716 422 1765 quod
455 1717 650 1754 beatitudo
689 1717 834 1755 dicatur
865 1718 903 1754 in
931 1719 1017 1754 Deo
1046 1715 1060 1738 δ
1088 1717 1302 1755 secundum
1330 1717 1385 1755 in-

78 1758 129 1779 ⁷¹¹''
172 1757 196 1804 ’ἔ
235 1768 240 1773 ’
315 1770 518 1807 tellectum.

370 1823 596 1860 Responzo
625 1835 808 1861 DICENDUM
837 1823 943 1873 quod
971 1823 1179 1870 beatitudo,
1209 1823 1304 1860 sicut
1331 1823 1385 1860 di-

317 1883 420 1912 ctum
442 1884 497 1913 est
510 1876 541 1924 ²⁸,
558 1876 743 1925 significat
762 1878 908 1914 bonum
924 1877 1135 1926 perfectum
1156 1877 1385 1914 intellectua-

314 1929 359 1966 lis
388 1937 556 1967 naturae.
587 1931 636 1967 Et
663 1930 750 1967 inde
780 1938 836 1968 est
859 1931 977 1980 quod,
1008 1930 1103 1967 sicut
1129 1942 1385 1979 unaquaeque

174 878 191 895 α

77 1890 86 1898 ·
103 1888 153 1909 Art.
170 1886 275 1915 praeced.

369 2042 396 2074 α)
417 2043 522 2068 bonum.
540 2056 559 2061 -
578 2050 710 2068 summum
730 2040 826 2068 bonu‘m
845 2044 875 2068 B.
889 2057 907 2062 -
920 2043 971 2068 Pro
985 2043 1011 2068 in
1033 2044 1099 2073 Deo,
1113 2044 1146 2069 de
1165 2044 1224 2070 Deo
1243 2044 1353 2069 codices.

370 2076 395 2110 β)
415 2078 478 2110 quia
500 2079 596 2103 bonum
616 2078 725 2110 respicit
743 2085 831 2104 esse...
850 2079 1000 2104 essentiam.
1014 2093 1033 2098 -
1052 2079 1148 2104 bonum
1168 2079 1205 2111 (et
1223 2079 1319 2104 bonum
1339 2079 1385 2112 sB)

316 2113 424 2145 respicit
446 2120 502 2138 esse
520 2114 592 2146 quod
614 2117 654 2139 est
676 2115 820 2139 secundum
845 2115 986 2139 essentiam
1006 2118 1032 2140 et
1051 2122 1103 2139 non
1122 2115 1265 2140 secundum
1286 2115 1387 2140 intelle-

316 2152 386 2174 ctum
402 2149 430 2178 Β,
445 2152 471 2174 et
486 2149 543 2181 (sed
557 2149 614 2182 EG)
635 2150 730 2174 bonum
750 2150 857 2182 respicit
871 2157 926 2175 esse
940 2150 1084 2175 secundum
1097 2151 1238 2176 essentiam
1252 2150 1387 2176 PCDEFG

317 2189 342 2208 et
361 2185 418 2209 edd.
438 2191 455 2208 a
466 2185 489 2209 b.

1434 718 1494 742 res
1514 705 1656 755 appetit
1674 718 1784 743 suam
1804 706 2090 755 perfectionem,
2112 705 2162 743 ita
2192 715 2227 743 et
2246 712 2257 727 ¹
2277 706 2505 746 intellectua-

1435 758 1478 795 lis
1498 766 1633 795 natura
1651 759 1869 796 naturaliter
1895 760 2038 808 appetit
2058 771 2140 796 esse
2169 760 2292 797 beata.
2315 760 2357 797 Id
2377 768 2505 798 autern

1435 812 1541 860 quod
1570 819 1626 848 est
1651 812 1972 860 perfectissimum
2000 813 2038 850 in
2068 813 2233 861 qualibet
2265 813 2505 851 intellectuali

1435 871 1581 912 natura,
1599 872 1654 901 est
1672 864 1930 902 intellectualis
1950 866 2134 915 operatiO,
2156 868 2369 904 secundum
2388 879 2505 916 quam

1437 917 1536 966 capit
1555 917 1847 966 quodammodo
1877 918 2020 955 omnia.
2041 919 2153 956 Unde
2173 920 2372 957 cuiuslibet
2399 921 2505 958 intel-

1436 970 1605 1007 lectualis
1625 978 1781 1007 naturae
1811 978 1959 1008 creatae
1978 971 2172 1009 beatitudo
2202 973 2370 1011 consistit
2392 973 2432 1011 in
2451 973 2506 1011 in-

1437 1023 1639 1072 telligendo
1659 1023 1690 1060 ³¹⁸.
1713 1024 1755 1060 In
1773 1025 1859 1061 Deo
1889 1031 2018 1061 autem
2046 1037 2126 1062 non
2145 1033 2205 1063 est
2228 1026 2330 1064 aliud
2358 1039 2441 1064 esse
2471 1035 2508 1065 et
2533 1035 2542 1044 ·

1436 1076 1642 1125 intelligere
1662 1076 1875 1114 secundum
1895 1089 1989 1126 rem,
2006 1078 2074 1115 sed
2093 1085 2240 1115 tantum
2260 1079 2275 1106 t
2293 1080 2506 1118 secundum

1436 1130 1700 1178 intelligentiae
1730 1130 1929 1167 rationem.
1950 1131 2202 1168 Attribuenda
2227 1144 2316 1180 ergo
2347 1140 2403 1170 est
2420 1134 2505 1171 Deo

1438 1184 1632 1221 beatitudo
1653 1183 1866 1221 secundum
1886 1183 2129 1232 intellectum,
2149 1185 2246 1222 sicut
2265 1193 2300 1222 et
2319 1186 2399 1223 aliis
2418 1186 2507 1223 bea-

1437 1237 1495 1285 tis,
1512 1237 1578 1286 qui
1597 1249 1666 1286 per
1685 1236 1999 1274 assimilationem
2019 1238 2068 1275 ad
2083 1238 2357 1276 beatitudinem
2377 1238 2506 1288 ipsius,

1438 1291 1538 1328 beati
1567 1290 1753 1328 dicuntur.

1491 1345 1550 1381 An
1580 1356 1717 1381 PRlMUM
1746 1354 1844 1381 ERGO
1873 1356 2057 1381 DICENDUM
2077 1344 2182 1393 quod
2212 1357 2258 1381 ex
2276 1344 2339 1382 illa
2362 1344 2508 1384 ratione

1438 1397 1622 1447 probatur
1654 1397 1760 1447 quod
1788 1398 1894 1434 Deus
1922 1397 1968 1434 sit
1996 1397 2130 1435 beatus
2155 1399 2368 1435 secundum
2397 1410 2508 1437 suam

1441 1450 1665 1488 essentiam:
1690 1462 1769 1487 non
1798 1457 1927 1487 autem
1957 1450 2062 1499 quod
2081 1451 2276 1488 beatitudo
2306 1451 2340 1488 ei
2369 1463 2508 1489 conve-

1440 1504 1517 1541 niat
1545 1503 1759 1541 secundum
1788 1503 1974 1540 rationem
1996 1504 2192 1553 essentiae,
2213 1505 2282 1542 sed
2310 1504 2431 1553 magis
2451 1516 2509 1542 se·-

1441 1557 1611 1594 cundum
1640 1557 1827 1594 rationem
1855 1556 2076 1594 intellectus.

1493 1612 1551 1648 As>
1580 1622 1771 1648 SECUNDUM
1794 1622 1979 1648 DlCENDUM
1997 1611 2105 1659 quod
2124 1610 2333 1659 beatitudo,
2355 1624 2443 1649 cum
2463 1611 2510 1651 sit

1439 1664 1600 1711 bonurn,
1621 1671 1678 1701 est
1696 1663 1891 1700 obiectum
1910 1664 2126 1701 voluntatis.
2154 1664 2358 1702 Obiectum
2377 1672 2508 1704 autem

1439 1717 1748 1766 praeintelligitur
1775 1717 1874 1753 actui
1901 1717 2106 1765 potentiae.
2136 1717 2264 1765 Unde,
2294 1718 2508 1758 secundum

1438 1770 1600 1807 modum
1627 1770 1871 1818 intelligendi,
1899 1770 2004 1819 prius
2046 1778 2102 1808 est
2134 1771 2330 1808 beatitudo
2359 1771 2508 1820 divina,

1438 1836 1555 1872 quam
1590 1831 1695 1860 actus
1729 1823 1933 1860 voluntatis
1961 1823 2000 1860 in
2028 1835 2073 1860 ea
2110 1823 2381 1872 requiescentis
2399 1824 2431 1862 ²⁸.
2460 1825 2511 1867 Et

1437 1877 1512 1913 hoc
1531 1889 1611 1913 non
1629 1884 1754 1925 potest
1773 1888 1855 1914 esse
1881 1876 1953 1914 nisi
1972 1884 2078 1914 actus
2097 1876 2317 1914 intellectus.
2339 1877 2452 1915 Unde
2471 1877 2510 1917 in

1438 1938 1523 1966 actu
1553 1929 1762 1967 intellectus
1790 1930 1994 1968 attenditur
2021 1929 2228 1968 beatitudo.

1511 2044 1520 2076 )
1539 2047 1575 2070 et.
1593 2058 1611 2063 -
1629 2044 1690 2069 Om.
1705 2044 1784 2069 BDG.
1801 2058 1819 2063 -
1838 2044 1889 2069 Pro
1908 2044 1935 2069 in
1956 2044 2022 2073 Deo,
2038 2044 2071 2069 de
2090 2044 2149 2069 Deo
2167 2044 2197 2069 Β.

1495 2078 1520 2111 ο)
1540 2079 1676 2105 beatitudo
1695 2079 1802 2105 dicatur
1821 2079 1847 2104 in
1868 2080 1935 2105 Deo.
1952 2093 1972 2099 -
1991 2079 2064 2104 Deus
2083 2079 2191 2105 dicatur
2209 2080 2301 2105 beatus
2319 2080 2430 2107 codices.

1495 2114 1518 2147 ε)
1537 2118 1571 2140 et.
1588 2129 1607 2134 -
1626 2115 1688 2140 Orn.
1707 2116 1810 2140 codices
1829 2120 1855 2140 et
1873 2116 1914 2140 ed.
1926 2123 1952 2140 a.

1494 2150 1520 2183 ζ)
1541 2153 1653 2175 tantum.
1671 2165 1690 2170 —
1709 2154 1797 2176 tamen
1816 2151 1996 2176 ABCDEFab.
2011 2164 2030 2170 —
2043 2157 2109 2184 ergo
2123 2155 2184 2184 post
2201 2151 2382 2176 Attribuenda
2399 2159 2454 2179 om.
2468 2159 2511 2178 co-

1443 2186 1513 2211 dices
1533 2191 1558 2211 et
1577 2186 1618 2211 ed.
1631 2186 1654 2211 b.

993 2281 1328 2314 Commentario.
1350 2281 1601 2315 Cardinalis
1623 2281 1824 2315 Caietam

379 2380 485 2400 erLus
509 2369 683 2401 formaliter
702 2370 923 2410 intelligendus
943 2377 1004 2406 est;
1029 2370 1072 2401 ita
1094 2371 1184 2411 quod
1210 2378 1256 2402 est
1282 2380 1387 2401 sermo

320 2381 417 2445 Tde
441 2414 611 2450 intellectu,
629 2421 665 2445 ut
682 2414 866 2455 intelligitur
889 2414 1062 2446 formaliter
1085 2415 1249 2446 distinctus
1272 2425 1290 2445 a
1315 2415 1389 2446 sub-

319 2459 431 2489 stantia
455 2465 486 2489 et
508 2459 672 2489 voluntate
705 2459 820 2490 divina.
840 2459 881 2490 Et
904 2459 1059 2500 quoniam
1083 2460 1193 2490 eadem
1221 2466 1267 2490 est
1290 2459 1386 2496 ratio,

318 2509 355 2534 ut
378 2503 409 2533 in
434 2513 567 2543 corpore
592 2503 714 2539 dicitur,
732 2503 770 2534 de
788 2503 982 2534 beatitudine
1006 2510 1198 2540 sanctorum,
1215 2503 1331 2535 idcirco
1348 2504 1388 2534 ad

318 2547 404 2578 hunc
437 2547 606 2578 articulum
635 2554 754 2587 spectat
777 2547 921 2588 quaestio
949 2547 1003 2578 illa
1037 2548 1218 2579 communis
1241 2558 1277 2579 ac
1300 2547 1386 2579 trita:

319 2597 428 2622 utrum
452 2592 613 2622 beatitudo
642 2593 793 2623 consistat
817 2593 848 2623 in
873 2597 948 2622 actu
973 2592 1170 2630 intellectus,
1195 2597 1252 2623 aut
1275 2593 1386 2624 volun-

320 2637 403 2667 tatis.
429 2636 639 2677 Reliquorum
663 2636 749 2666 enim
773 2636 934 2668 beatitudo
961 2636 1136 2668 similitudo
1159 2637 1317 2678 quaedam
1339 2636 1385 2667 di-

318 2680 412 2710 vinae
436 2687 482 2711 est
505 2680 716 2711 beatitudinis.

374 2725 411 2754 11.
433 2725 467 2754 In
491 2735 623 2765 corpore
646 2725 740 2755 unica
763 2731 809 2756 est
832 2725 1012 2762 conclusio,
1037 2725 1221 2766 responsiva
1244 2725 1387 2766 quaesito

320 2768 518 2799 affirmative:
544 2769 710 2800 Beatitudo
735 2769 932 2800 attribuenda
955 2776 1001 2800 est
1023 2769 1110 2806 Deo,
1136 2777 1166 2800 et
1188 2769 1256 2800 aliis
1279 2770 1386 2806 beatis,

320 2813 497 2844 secundum
520 2813 725 2845 intellectum.
743 2831 763 2836 —
778 2814 864 2844 Haec
881 2813 1044 2845 conclusio
1060 2821 1090 2845 et
1106 2815 1267 2854 probatur,
1286 2822 1315 2845 et
1335 2815 1387 2844 de-

321 2857 464 2888 claratur.
485 2858 639 2888 Probatur
662 2857 793 2898 quidem
817 2858 870 2888 sic.
887 2858 1055 2889 Beatitudo
1072 2865 1118 2889 est
1141 2859 1264 2889 bonum
1288 2858 1387 2899 perfe-

319 2908 407 2932 ctum
430 2901 647 2933 intellectualis
664 2909 806 2932 naturae:
831 2912 905 2942 ergo
927 2909 973 2933 est
996 2902 1260 2943 perfectissimum
1283 2903 1316 2933 in
1339 2903 1387 2933 in-

319 2945 487 2977 tellectuali
512 2953 635 2977 natura:
661 2956 736 2986 ergo
765 2946 906 2977 consistit
928 2947 960 2977 in
984 2947 1202 2987 intelligendo:
1227 2957 1302 2988 ergo
1322 2954 1387 2978 tam

320 2990 406 3020 Deus
430 3001 528 3031 quam
551 2990 612 3027 alii,
630 2991 712 3021 beati
737 2998 809 3022 sunt
833 2991 1009 3022 secundum
1032 2992 1237 3023 intellectum.
1255 3010 1276 3014 -
1290 2994 1387 3023 Ante-

320 3034 433 3065 cedens
457 3042 487 3066 et
515 3042 600 3075 patet
623 3045 659 3066 ex
683 3034 782 3071 dictis,
804 3042 834 3066 et
856 3035 1074 3066 manifestatur
1096 3037 1134 3067 ab
1158 3035 1287 3067 effectu:
1313 3036 1387 3077 quia

320 3078 437 3110 scilicet
459 3079 677 3110 intellectualis
701 3086 812 3110 natura
844 3080 1024 3111 naturaliter
1047 3080 1167 3121 appetit
1190 3090 1255 3111 esse
1280 3080 1385 3116 beata,

321 3123 401 3154 sicut
417 3133 627 3165 unaquaeque
643 3134 691 3154 res
708 3133 799 3154 suam
816 3124 1052 3164 perfectionem.
1068 3142 1088 3147 -
1100 3124 1205 3155 Prima
1220 3134 1295 3155 vero
1312 3134 1387 3155 con-

321 3167 485 3208 sequentia
499 3168 533 3198 in
551 3168 653 3199 littera
676 3178 742 3198 non
766 3168 898 3199 habetur
921 3169 1080 3209 explicite:
1105 3169 1159 3199 sed
1175 3168 1386 3210 apposuimus

322 3221 391 3242 earn
425 3212 470 3254 ad,
492 3212 663 3244 claritatem
694 3212 871 3248 doctrinae,
904 3219 934 3243 et
957 3223 994 3243 ex
1017 3223 1049 3244 se
1078 3220 1173 3254 patet.
1199 3231 1218 3236 -
1242 3213 1387 3244 Secunda

321 3262 427 3286 autem
452 3257 621 3296 probatur:
646 3256 721 3298 quia
751 3256 1015 3296 perfectissimum
1043 3257 1075 3287 in
1099 3257 1238 3298 qualibet
1266 3257 1386 3288 intelle-

322 3301 415 3331 ctuali
444 3308 555 3331 natura
587 3307 634 3332 est
663 3300 880 3332 intellectualis
912 3301 1065 3342 operatio.
1092 3302 1190 3339 Quod
1217 3302 1384 3342 probatur:

322 3345 396 3384 quia
420 3345 596 3376 secundum
620 3355 691 3376 eam
721 3345 804 3385 capit
827 3346 1071 3388 quodammodo
1095 3346 1214 3377 omnia.
1231 3363 1251 3368 —
1267 3345 1386 3377 Ultima

321 3395 428 3419 autem
452 3396 481 3420 et
504 3396 589 3429 patet
612 3399 648 3420 ex
671 3400 722 3428 se,
748 3396 778 3420 et
801 3389 908 3430 quoad
938 3389 1016 3420 alios
1040 3391 1205 3430 probatur:
1230 3390 1305 3431 quia
1333 3389 1386 3420 alii

323 3432 470 3463 dicuntur
502 3434 582 3464 beati
610 3444 666 3474 per
696 3433 956 3465 assimilationem
986 3434 1025 3464 ad
1058 3434 1284 3465 beatitudinem
1315 3433 1384 3465 Dei.

378 3477 596 3508 Manifestatur
619 3485 726 3509 autem
741 3478 849 3518 quoad
864 3478 897 3519 ly
917 3478 1108 3508 intellectum
1126 3489 1158 3509 ιη
1175 3479 1254 3515 Deo,
1271 3488 1307 3508 ex
1324 3477 1385 3508 hoc

322 3521 430 3561 quod,
456 3522 526 3552 licet
550 3532 616 3552 esse
640 3529 670 3553 et
692 3522 771 3553 velle
797 3529 828 3553 et
850 3522 1022 3562 intelligere
1046 3522 1079 3552 in
1102 3523 1172 3553 Deo
1196 3522 1257 3553 sint
1279 3522 1383 3558 idem,

321 3565 396 3605 quia
420 3571 525 3596 tamen
549 3566 695 3597 differunt
718 3567 848 3602 ratione,
865 3566 936 3597 ideo
962 3566 1192 3603 convenienter,
1210 3566 1386 3597 secundum

321 3609 476 3639 rationem
500 3609 665 3640 formalem
689 3611 862 3651 loquendo,
879 3611 1050 3642 intellectui
1070 3611 1128 3641 Dei
1152 3610 1326 3651 specialiter
1342 3617 1385 3641 at-

321 3652 468 3684 tribuitur
491 3654 662 3685 beatitudo.

1497 2371 1548 2402 111.
1569 2371 1660 2402 Circa
1676 2371 1753 2402 haec
1777 2371 1868 2408 dicta,
1885 2371 1996 2412 triplex
2013 2379 2059 2403 est
2074 2372 2229 2413 quaestio.
2254 2372 2376 2404 Prima:
2402 2379 2511 2405 utrum

1442 2415 1604 2446 beatitudo
1627 2415 1808 2450 naturaliter
1835 2422 2012 2456 appetatur.
2040 2416 2200 2447 Secunda:
2231 2423 2339 2448 utrum
2367 2415 2511 2458 operatio

1441 2459 1618 2491 intellectus
1652 2459 1691 2490 sit
1714 2460 1862 2491 omnium
1892 2459 2137 2500 perfectissima;
2168 2467 2199 2492 et
2228 2468 2386 2502 quantum
2408 2462 2511 2494 valeat

1442 2503 1521 2534 ratio
1545 2503 1596 2535 hic
1626 2503 1781 2544 assignata
1804 2504 1844 2535 ad
1866 2504 1938 2535 hoc.
1965 2504 2090 2535 Tertia:
2115 2512 2225 2536 utrum
2252 2505 2321 2546 ipsa
2346 2506 2510 2537 conclusio

1442 2557 1515 2578 vera
1538 2548 1586 2580 sit.
1610 2548 1698 2579 Haec
1722 2548 1807 2579 enim
1837 2548 1946 2579 omnia
1969 2548 2118 2580 dicuntur
2140 2549 2173 2579 in
2195 2549 2315 2587 littera,
2341 2556 2372 2581 et
2394 2549 2511 2582 habent

1442 2592 1583 2623 diversos
1607 2593 1782 2633 opinantes.

1496 2637 1549 2668 lv.
1574 2637 1615 2668 Et
1637 2636 1792 2678 quoniam
1815 2636 1917 2677 prima
1942 2637 2086 2678 quaestio
2110 2637 2143 2667 in
2168 2647 2222 2678 qu.
2240 2648 2341 2669 Lxxxn
2356 2637 2375 2656 *
2398 2644 2511 2670 nacta-
2537 2649 2546 2659 ·

1441 2681 1535 2718 bitur,
1552 2680 1685 2712 sufficiat
1703 2681 1754 2712 hic
1770 2681 1847 2712 scire
1862 2682 1951 2722 quod
1971 2689 2083 2712 natura
2106 2682 2324 2714 intellectualis
2349 2682 2511 2724 tripliciter

1443 2725 1625 2757 naturaliter
1647 2725 1767 2766 appetit
1785 2725 2022 2757 beatitudinem.
2046 2726 2165 2763 Primo,
2183 2726 2334 2768 appetitu,
2358 2726 2439 2758 idest
2461 2727 2511 2758 in-

1443 2770 1621 2806 clinatione,
1638 2770 1786 2800 naturali:
1807 2777 1838 2801 et
1853 2770 1896 2801 sic
1911 2769 2088 2802 verificatur
2103 2770 2330 2802 universaliter.
2351 2771 2509 2808 Secundo,

1442 2814 1600 2855 appetitu,
1625 2814 1704 2845 idest
1727 2821 1798 2845 actu
1822 2814 2006 2855 appetendi,
2031 2815 2165 2846 naturali
2188 2815 2387 2856 simpliciter:
2412 2822 2443 2847 et
2466 2815 2511 2847 sic

1442 2857 1618 2890 verificatur
1645 2859 1684 2889 de
1708 2859 1777 2889 Deo
1808 2865 1838 2889 et
1868 2859 1975 2890 beatis.
2001 2859 2126 2896 Tertio,
2149 2859 2307 2901 appetitu,
2334 2859 2415 2890 idest
2437 2866 2509 2891 actu

1441 2903 1620 2944 appetendi,
1638 2903 1772 2934 naturali
1796 2904 1904 2944 quoad
1928 2903 2195 2943 specificationem
2214 2910 2312 2940 actus,
2329 2903 2429 2934 libero
2452 2913 2510 2934 au-

1442 2955 1507 2978 tern
1529 2947 1638 2988 quoad
1667 2947 1848 2978 exercitium
1876 2947 2033 2978 eiusdem:
2062 2954 2093 2979 et
2121 2947 2165 2979 sic
2194 2946 2372 2979 verificatur
2401 2948 2510 2989 quoad

1442 2991 1599 3022 homines.
1624 2991 1812 3033 Experimur
1835 2992 1921 3022 enim
1944 2992 2033 3033 quod
2055 2998 2198 3034 respectu
2215 2991 2416 3023 beatitudinis
2439 3002 2508 3023 non

1442 3046 1615 3077 possumus
1637 3036 1752 3067 habere
1775 3036 1871 3073 nolle,
1888 3036 2034 3077 quamvis
2052 3036 2086 3067 in
2108 3042 2263 3078 potestate
2286 3043 2395 3067 nostra
2418 3036 2457 3068 sit
2471 3036 2508 3068 li-

1441 3081 1513 3111 bere
1536 3080 1615 3111 velle
1638 3080 1688 3111 vel
1711 3090 1777 3111 non
1800 3081 1880 3111 velle
1903 3081 1991 3111 illam
2021 3079 2191 3112 actualiter.
2224 3080 2286 3112 Sed
2315 3081 2355 3111 de
2377 3080 2428 3112 his
2451 3080 2509 3113 erit

1442 3131 1517 3155 tunc
1541 3134 1644 3155 sermo
1668 3124 1769 3156 latior.

1494 3169 1533 3200 V.
1557 3168 1702 3199 Secunda
1726 3179 1857 3210 quoque
1881 3169 2024 3210 quaestio
2045 3168 2062 3188 *
2083 3151 2202 3200 ibidem
2223 3168 2258 3188 **
2281 3179 2317 3200 ex
2341 3168 2508 3210 proposito
2533 3177 2544 3216 ζ

1440 3212 1634 3244 tractabitur:
1660 3219 1691 3244 et
1712 3220 1879 3254 propterea
1902 3213 2187 3254 pertranseundum
2216 3223 2301 3244 nunc
2331 3219 2387 3245 est.
2416 3212 2508 3246 Circa

1440 3264 1546 3288 tamen
1562 3257 1718 3288 rationem
1734 3257 1784 3288 hic
1803 3257 1939 3294 allatam,
1959 3257 2083 3288 adverte
2100 3257 2189 3298 quod
2204 3257 2403 3289 nobilitatem
2418 3264 2506 3289 actus

1440 3301 1634 3341 intelligendi
1657 3311 1752 3342 supra
1776 3309 1905 3338 ceteros,
1926 3311 1992 3332 non
2009 3311 2045 3332 ex
2062 3301 2197 3338 obiecto,
2215 3308 2251 3332 ut
2273 3308 2350 3333 tunc
2372 3301 2435 3338 fiet,
2451 3302 2507 3333 sed

1441 3355 1477 3375 ex
1501 3346 1592 3376 modo
1612 3346 1733 3386 probat.
1759 3346 1931 3377 Intellectio
1955 3345 2041 3376 enim
2063 3344 2098 3376 fit
2120 3346 2274 3387 capiendo
2298 3345 2504 3383 intellectum,

1440 3390 1529 3430 quod
1553 3397 1675 3421 constat
1698 3400 1766 3422 esse
1798 3390 1921 3420 omnia:
1945 3389 2063 3420 amatio
2092 3397 2217 3426 autem,
2238 3396 2270 3421 et
2292 3389 2507 3421 universaliter

1439 3434 1560 3470 volitio,
1581 3444 1647 3464 non
1670 3433 1705 3465 fit
1729 3434 1882 3475 capiendo
1905 3443 1973 3464 rem
2001 3440 2153 3471 amatam,
2181 3435 2235 3465 sed
2259 3434 2367 3475 potius
2389 3443 2407 3465 e
2430 3443 2505 3465 con-

1439 3488 1540 3508 verso.
1567 3478 1744 3509 Intellectus
1768 3478 1870 3514 enirn,
1894 3478 2108 3518 intelligendo,
2134 3479 2227 3510 habet
2250 3478 2445 3510 intellectum
2472 3477 2505 3508 in

1441 3530 1487 3552 se:
1512 3522 1659 3553 voluntas
1687 3529 1809 3558 autem,
1834 3522 1988 3558 amando,
2013 3523 2104 3563 quasi
2127 3523 2189 3555 exit
2212 3523 2251 3553 ad
2278 3529 2430 3553 amatum.
2464 3521 2506 3552 Et

1441 3576 1515 3597 cum
1539 3566 1677 3597 nobilius
1700 3566 1757 3602 sit,
1792 3566 1900 3597 ceteris
1929 3567 2075 3607 paribus,
2099 3567 2213 3598 habere
2242 3566 2374 3608 aliquid,
2406 3575 2506 3606 quam

1440 3610 1565 3641 tendere
1589 3610 1621 3640 in
1644 3610 1739 3646 illud;
1759 3610 1831 3641 ideo
1855 3611 2034 3647 intellectio,
2060 3621 2096 3642 ex
2119 3611 2218 3642 modo
2237 3610 2368 3652 proprio
2387 3609 2436 3641 sui
2452 3619 2506 3650 ge-

1441 3654 1532 3690 neris,
1558 3654 1695 3685 nobilior
1719 3662 1764 3686 est
1788 3655 1877 3685 omni
1901 3655 1960 3686 alia
1980 3655 2173 3696 operatione.
2198 3655 2299 3692 Unde,
2320 3664 2395 3686 cum
2418 3654 2507 3685 Deus

2533 1033 2593 1087 653⁸
2614 1039 2651 1061 ²7¹
2659 1049 2666 1061 ¹

2536 1835 2545 1844 ·
2559 1834 2589 1856 D.
2603 1833 2653 1857 6³¹.

2686 1033 2747 1063 308,
