2768 4178
0 3889 16 3994 Ξῖ

0 3997 26 4178 ξ

980 297 1247 344 QUAESTIO
1277 297 1419 344 XXVI,
1449 297 1745 335 ARTICULUS
1776 299 1789 334 I
2403 299 2472 335 301

819 566 1233 642 QUAESTIO
1271 566 1955 623 VIGESIMASEXTA

994 705 1079 744 DE
1111 704 1324 744 DIVINA
1357 705 1773 746 BEATITUDINE

1082 828 1116 852 IN
1146 827 1318 858 QUATUOR
1345 828 1546 853 ARTICULOS
1575 829 1692 854 DIVISA

291 960 488 1044 ULTIMO
518 956 662 996 autem,
692 957 779 999 post
809 949 1154 987 considerationem
1184 961 1318 986 eorum
1341 954 1358 970 α

375 1023 474 1060 quae
494 1011 544 1048 ad
564 1011 715 1048 divinae
743 1011 929 1049 essentiae
949 1011 1134 1048 unitatem
1154 1011 1355 1060 pertinent,

289 1072 612 1110 considerandum
643 1080 698 1110 est
727 1073 774 1110 de
804 1073 933 1110 divina
965 1072 1208 1110 beatitudine.

289 1136 340 1172 Et
367 1135 466 1172 circa
493 1136 568 1172 hoc
597 1142 831 1184 quaeruntur
858 1142 1033 1183 quatuor.

342 1197 494 1234 Primo:
523 1204 651 1234 utrum
680 1197 875 1234 beatitudo
905 1198 990 1234 Deo
1021 1203 1224 1245 competat.

1467 940 1666 977 Secundo:
1697 940 1910 978 secundum
1940 940 2031 989 quid
2060 941 2194 978 dicitur
2222 943 2327 979 Deus
2357 955 2438 980 esse
2456 942 2475 972 β

1519 994 1672 1041 beatus,
1701 1001 1829 1031 utrum
1858 994 2069 1031 secundum
2099 1001 2225 1042 actum
2254 995 2473 1033 intellectus.

1465 1046 1620 1083 Tertio:
1649 1054 1775 1084 utrum
1806 1047 1851 1084 sit
1878 1053 1893 1074 ⁷
1922 1047 2164 1084 essentialiter
2187 1048 2381 1086 beatitudo
2412 1061 2475 1086 cu-

1518 1099 1666 1136 iuslibet
1693 1099 1804 1136 beati.

1465 1153 1630 1200 Quarto:
1659 1160 1787 1190 utrum
1808 1152 1846 1190 in
1868 1153 1947 1190 eius
1975 1153 2206 1190 beatitudine
2232 1154 2356 1192 omnis
2384 1155 2474 1192 bea-

1516 1206 1636 1242 titudo
1666 1205 1888 1243 includatur.

1102 1331 1420 1374 ARTICULUS
1453 1332 1658 1374 PRIMUS

981 1433 1137 1464 UTRUM
1160 1432 1415 1464 BEATITUDO
1438 1432 1527 1464 DEo
1553 1432 1793 1464 coMPETAT

922 1521 942 1545 11
962 1521 1045 1551 Sent.,
1064 1521 1125 1546 dist.
1144 1528 1162 1551 1,
1183 1528 1227 1553 qu.
1246 1528 1274 1552 11,
1294 1525 1340 1545 art.
1355 1528 1379 1550 2,
1398 1521 1430 1545 ad
1449 1528 1480 1552 4;
1500 1521 1509 1545 1
1532 1521 1608 1545 Cont.
1630 1521 1716 1550 Gens„
1737 1528 1792 1553 cap.
1811 1528 1835 1546 c.

502 1673 697 1710 beatitudo
736 1673 821 1709 Deo
861 1684 940 1709 non
978 1671 1193 1709 conveniat.
1232 1671 1354 1708 Beati-

310 1718 357 1773 ,J‘s
403 1727 406 1730 ’
477 1725 595 1765 tudo
616 1726 729 1774 enim,
751 1725 965 1763 secundum
981 1725 1170 1773 Boetium,
1186 1725 1225 1762 in
1246 1726 1294 1761 III
1311 1725 1356 1762 de

312 1772 321 1782 ”
349 1774 437 1817 f'f‘
461 1772 655 1817 XConsol.
685 1779 716 1827 ²¹⁶,
744 1786 800 1816 est
825 1785 943 1816 status
971 1779 1140 1815 omnium
1169 1779 1354 1815 bonorum

287 1832 567 1883 aggregatione
585 1830 599 1854 δ
611 1834 814 1882 perfectus.
832 1832 909 1869 Sed
928 1832 1140 1880 aggregatio
1161 1832 1354 1868 bonorum

288 1898 367 1923 non
395 1886 510 1923 habet
537 1887 667 1923 locum
696 1885 735 1922 in
762 1886 860 1933 Deo,
889 1885 984 1922 sicut
1012 1897 1083 1921 nec
1113 1885 1353 1933 compositio.

288 1939 390 1987 Ergo
419 1940 505 1976 Deo
534 1952 614 1976 non
643 1939 823 1976 convenit
850 1938 1044 1975 beatitudo
1073 1944 1094 1974 ¹.

343 2003 378 2029 2.
399 1993 633 2039 PRAETEREA,
654 1992 861 2039 beatitudo,
883 1992 964 2029 sive
985 1991 1151 2035 felicitas,
1173 1998 1229 2027 est
1241 2003 1354 2039 prae-

170 2067 177 2079 ν
198 2093 204 2100 Ι
240 2067 260 2100 '.
288 2047 406 2084 mium
420 2046 578 2092 virtutis,
590 2045 802 2083 secundum
817 2045 1108 2093 Philosophum,
1125 2044 1163 2081 in
1179 2045 1193 2081 I
1208 2044 1356 2081 Ethic.²¹e

289 2099 367 2137 Sed
394 2100 480 2136 Deo
500 2111 579 2136 non
609 2099 787 2136 convenit
804 2097 1033 2147 praemium,
1054 2097 1150 2135 sicut
1177 2109 1248 2134 nec
1276 2110 1356 2134 me-

286 2153 414 2190 ritum.
435 2153 538 2200 Ergo
567 2165 638 2190 nec
666 2152 874 2189 beatitudo.

343 2207 418 2243 SED
438 2217 584 2242 CONTRA
603 2217 669 2242 EST
687 2205 793 2254 quod
813 2204 901 2242 dicit
919 2204 1139 2252 Apostolus,
1156 2205 1170 2239 I
1191 2203 1242 2240 ad
1258 2204 1354 2240 Tim.

288 2259 423 2296 ultimo
441 2258 482 2295 *ε
516 2259 635 2300 Quem
662 2259 739 2295 suis
767 2258 994 2307 temporibus
1021 2257 1186 2293 ostendet
1219 2258 1324 2294 Deus
1343 2256 1357 2282 ζ

289 2314 418 2350 beatus
444 2317 479 2348 et
504 2312 606 2349 solus
637 2317 790 2361 potens,
819 2313 908 2348 Rex
939 2322 1074 2360 regum
1103 2315 1139 2346 et
1170 2309 1357 2346 Dominus

286 2365 575 2403 dominantium.

335 2420 561 2456 RESPONDEO
572 2429 757 2455 DICENDUM
768 2417 873 2466 quod
890 2416 1083 2454 beatitudo
1095 2415 1260 2452 maxime
1272 2416 1356 2452 Deo

291 2472 483 2521 competit.
499 2471 603 2508 Nihil
620 2471 722 2512 enim
738 2470 839 2508 aliud
855 2471 925 2507 sub
942 2469 1098 2507 nomine
1119 2468 1358 2505 beatitudinis

291 2525 516 2573 intelligitur,
533 2524 604 2562 nisi
623 2524 771 2562 bonum
786 2524 996 2574 perfectum
1015 2521 1273 2560 intellectualis
1293 2534 1359 2558 na-

1409 1625 1533 1665 turae;
1555 1618 1661 1655 cuius
1686 1625 1741 1655 est
1760 1630 1869 1655 suam
1895 1618 2159 1655 sufficientiam
2180 1631 2411 1667 cognoscere
2436 1621 2474 1657 in

1410 1672 1514 1708 bono
1535 1672 1639 1721 quod
1659 1672 1790 1718 habet3
1825 1678 1862 1708 et
1885 1672 1944 1708 cui
1973 1672 2151 1720 competit
2173 1679 2214 1709 ut
2234 1673 2267 1709 ei
2287 1673 2475 1721 contingat

1411 1724 1552 1772 aliquid
1566 1725 1629 1762 vel
1643 1729 1658 1748 ’¹
1673 1726 1770 1761 bene
1785 1725 1848 1762 vel
1866 1725 1976 1772 male,
1999 1732 2036 1761 et
2055 1725 2099 1762 sit
2113 1737 2267 1762 suarum
2288 1726 2474 1774 operatio-

1410 1790 1504 1814 num
1521 1778 1687 1815 domina.
1700 1779 1912 1827 Utrumque
1928 1785 2055 1815 autern
2071 1778 2229 1815 istorum
2246 1779 2474 1816 excellentis-

1411 1831 1504 1867 sime
1520 1832 1605 1868 Deo
1621 1831 1811 1878 convenit,
1828 1831 1966 1868 scilicet
1979 1832 2189 1880 perfectum
2206 1844 2300 1880 esse,
2319 1840 2355 1869 et
2369 1832 2473 1869 intel-

1410 1884 1588 1932 ligentem
1604 1882 1628 1921 ⁰.
1651 1884 1761 1922 Unde
1781 1884 1975 1930 beatitudo
1996 1884 2161 1921 maxime
2183 1885 2360 1922 convenit
2374 1887 2470 1923 Deo.

1463 1939 1523 1974 An
1557 1949 1693 1974 PRIMUM
1731 1949 1829 1974 ERGO
1862 1949 2045 1975 DICENDUM
2080 1938 2186 1986 quod
2223 1939 2436 1986 aggregatio
2465 1944 2474 1960 ‘

1409 1991 1601 2027 bonorum
1632 1997 1687 2027 est
1714 1990 1751 2027 in
1779 1991 1864 2027 Deo
1894 2003 1972 2027 non
1995 2003 2064 2039 per
2091 1991 2253 2028 modum
2284 1991 2472 2041 composi-

1409 2043 1541 2091 tionis,
1569 2045 1636 2081 sed
1663 2055 1732 2093 per
1760 2043 1921 2080 modum
1960 2043 2226 2093 simplicitatis:
2256 2044 2346 2092 quia
2374 2057 2472 2093 quae

1408 2098 1448 2135 in
1477 2096 1655 2134 creaturis
1684 2096 1902 2146 multiplicia
1931 2104 2028 2143 sunt,
2049 2097 2088 2134 in
2107 2098 2192 2134 Deo
2219 2097 2474 2147 praeexistunt

1410 2150 1625 2199 simpliciter
1652 2157 1689 2186 et
1714 2150 1830 2197 unite,
1851 2157 1893 2186 ut
1921 2162 2035 2199 supra
2066 2151 2085 2172 *
2113 2150 2256 2188 dictum
2286 2158 2351 2188 est.

1463 2205 1521 2239 AD
1550 2215 1740 2240 SECUNDUM
1774 2215 1957 2240 DICENDUM
1996 2203 2103 2251 quod
2141 2216 2224 2240 esse
2259 2203 2473 2252 praemium

1409 2256 1554 2293 virtutis
1575 2256 1709 2293 accidit
1727 2256 1948 2293 beatitudini
1966 2257 2029 2293 vel
2053 2256 2228 2303 felicitati,
2249 2257 2473 2305 inquantum

1411 2309 1542 2358 aliquis
1563 2306 1834 2346 beatitudinem
1855 2309 2027 2357 acquirit:
2049 2309 2144 2346 sicut
2169 2322 2250 2346 esse
2269 2309 2474 2346 terminum

1412 2362 1664 2410 generationis
1692 2362 1825 2399 accidit
1854 2362 1940 2409 enti,
1971 2362 2195 2412 inquantum
2224 2362 2295 2399 exit
2330 2363 2377 2399 de
2405 2375 2475 2411 po-

1412 2416 1527 2453 tentia
1560 2415 1598 2452 in
1631 2423 1770 2452 actum.
1806 2415 1910 2452 Sicut
1942 2415 2052 2464 igitur
2083 2417 2189 2452 Deus
2222 2415 2337 2452 habet
2369 2427 2473 2463 esse,

1412 2469 1590 2517 quamvis
1610 2481 1689 2505 non
1716 2476 1937 2517 generetur3
1971 2469 2021 2505 ita
2046 2469 2160 2505 habet
2188 2468 2472 2516 beatitudinem,

1415 2521 1591 2571 quamvis
1619 2534 1698 2559 non
1726 2529 1926 2558 mereatur.

345 2676 373 2709 α)
391 2682 494 2700 eorum.
512 2688 531 2694 -
550 2674 657 2699 divinae
675 2673 804 2698 essentiae
822 2676 848 2697 et
867 2680 958 2698 eorum
976 2673 1007 2697 B.

346 2709 371 2744 β)
391 2711 490 2736 dicitur
510 2710 583 2734 Deus
602 2716 666 2734 esse.
683 2723 702 2727 -
721 2709 794 2733 Deus
814 2708 920 2733 dicatur
939 2707 1050 2733 codices.

345 2746 372 2790 Ι)
389 2746 432 2771 sit.
450 2757 469 2765 ··-
487 2746 543 2777 ipse
561 2745 597 2769 sit
616 2744 717 2768 codices
737 2748 762 2768 et
780 2744 821 2768 ed.
835 2751 861 2768 a.

345 2783 371 2815 o)
400 2782 528 2807 bonorum
555 2779 760 2813 aggregatione.
777 2793 797 2798 -
815 2779 943 2804 bonorum
971 2778 1179 2812 congregatione
1207 2777 1317 2803 codices.
1340 2791 1358 2796 -

292 2818 372 2844 Iidem
390 2825 451 2842 mox
468 2818 653 2850 congreg-ano.

1467 2671 1489 2703 ε)
1510 2671 1568 2695 Deo
1587 2677 1638 2695 non
1657 2670 1780 2695 convenit
1798 2669 1941 2695 beatitudo.
1960 2684 1978 2688 -
1997 2670 2070 2695 Deus
2088 2677 2140 2695 non
2160 2673 2200 2695 est
2218 2670 2309 2695 beatus
2328 2670 2437 2695 codices.

1465 2706 1490 2739 ζ)
1510 2706 1591 2731 Deus.
1609 2719 1628 2724 -
1647 2705 1707 2730 Om.
1727 2705 1829 2730 codices
1849 2710 1874 2730 et
1892 2705 1932 2730 ed.
1945 2712 1972 2730 a.

1465 2741 1492 2774 η)
1512 2741 1560 2766 vel.
1577 2755 1596 2760 —
1614 2741 1676 2765 Om.
1695 2741 1805 2765 codices.
1825 2754 1842 2759 —-
1859 2741 1910 2765 Pro
1928 2740 2049 2769 domina,
2069 2741 2192 2766 dominus
2211 2741 2311 2765 codices
2332 2746 2357 2766 et
2375 2741 2416 2765 ed.
2428 2748 2455 2766 a.

1465 2775 1489 2809 θ)
1510 2776 1709 2809 intelligentem.
1727 2790 1745 2795 —
1763 2776 1910 2809 intelligere
1928 2777 1959 2800 B.

1467 2812 1485 2845 ι)
1504 2812 1674 2845 aggregatio.
1692 2825 1711 2831 —
1728 2812 1903 2845 congregatio
1922 2811 1998 2836 ABE.

970 2911 1304 2945 Commentaria
1325 2909 1576 2943 Oardjnalis
1598 2909 1797 2942 Caietani

354 3013 462 3033 nunus
486 3002 598 3033 clarus.
614 3019 634 3024 -
659 3001 694 3032 In
713 3010 846 3041 corpore
873 3010 937 3031 una
961 3007 1007 3031 est
1030 2999 1203 3035 conclusio,
1228 3008 1357 3039 respon-

296 3015 422 3077 Tsiva
445 3046 587 3087 quaesito
617 3045 818 3076 affirmative:
847 3044 1014 3075 Beatitudo
1045 3043 1181 3074 maxime
1213 3042 1361 3073 convenit

294 3091 375 3121 Deo.
392 3108 413 3113 —
427 3091 592 3121 Probatur.
623 3089 791 3120 Beatitudo
816 3095 862 3119 est
884 3089 1007 3119 bonum
1038 3088 1213 3129 perfectum
1240 3087 1360 3118 intelle-

296 3134 406 3166 ctualis
429 3140 574 3165 naturae:
599 3144 673 3174 ergo
697 3133 833 3164 maxime
857 3133 1004 3163 convenit
1025 3133 1105 3164 Deo.

351 3179 548 3209 Antecedens
564 3178 660 3209 habet
678 3179 756 3209 duas
779 3183 898 3218 partes:
923 3177 1040 3208 scilicet
1063 3177 1152 3218 quod
1175 3176 1215 3206 sit
1237 3176 1360 3206 bonum

296 3222 489 3264 perfectum;
514 3229 544 3254 et
566 3223 656 3264 quod
679 3222 719 3253 sit
740 3221 957 3253 intellectualis
981 3228 1119 3253 naturae.
1144 3220 1249 3251 Prima
1270 3219 1359 3261 quasi

1414 3007 1469 3038 per
1493 3007 1525 3027 se
1548 3003 1624 3028 nota
1647 2997 1842 3038 relinquitur.
1872 2996 2015 3028 Secunda
2045 3003 2151 3027 autern
2178 2997 2330 3036 probatur
2352 2996 2472 3027 ratione

1412 3042 1509 3072 trium
1526 3041 1745 3072 conditionum
1764 3041 1981 3072 intellectualis
1997 3047 2135 3077 naturae,
2155 3040 2271 3071 scilicet
2285 3040 2472 3080 cognitionis

1414 3085 1633 3121 sufficientiae,
1658 3085 1835 3125 capacitatis
1858 3085 1934 3116 boni
1957 3085 2007 3115 vel
2030 3085 2121 3121 mali,
2152 3091 2182 3115 et
2205 3084 2337 3115 dominii
2361 3095 2472 3125 opera-

1414 3131 1555 3161 tionum:
1577 3136 1607 3160 et
1623 3130 1760 3160 secunda
1771 3129 1902 3170 quidem
1917 3130 2086 3170 respondet
2102 3130 2192 3167 bono,
2206 3129 2307 3169 prima
2312 3128 2471 3170 perfecto,

1414 3174 1503 3205 tertia
1526 3180 1632 3204 autem
1655 3173 1791 3214 utrique.
1808 3191 1828 3196 -
1849 3173 2085 3215 Consequentia
2106 3183 2181 3203 vero
2205 3173 2373 3213 probatur:
2398 3173 2472 3215 quia

1414 3225 1546 3259 utraque
1569 3228 1640 3258 pars
1660 3218 1869 3249 antecedentis
1893 3218 2028 3248 maxime
2051 3217 2207 3248 invenitur
2230 3217 2262 3247 in
2285 3217 2365 3247 Deo.

2497 2161 2509 2172 ⁴
2524 2161 2572 2188 Qu.
2587 2167 2617 2187 zv,
2633 2165 2674 2182 art.
2684 2166 2707 2187 2,

2499 2187 2527 2208 ad
2548 2193 2569 2213 ις
2591 2193 2630 2215 qu.
2650 2193 2708 2214 ¹111,

2499 2217 2541 2235 art.
2555 2220 2579 2242 4.
