2768 4178
40 413 50 424 '
66 411 102 434 Cf.
124 417 188 434 num.
213 417 253 437 m,

40 445 99 461 vers.
115 438 153 460 fin.

41 718 50 727 ·
62 716 98 739 ef.
109 723 175 739 uum.
185 723 253 744 u,1u.

997 235 1265 281 QUAESTIO
1297 235 1359 282 lv,
1388 235 1685 278 ARTlcULus
1716 237 1764 272 111

281 327 372 354 rum,
398 317 453 347 sed
476 323 512 347 ut
535 316 774 357 distinguuntur
804 322 913 346 contra
935 315 1145 346 instrumenta
1169 324 1352 351 causarum,

282 372 363 402 quae
387 371 454 392 non
477 361 604 402 proprie
627 371 740 392 causae
764 367 846 391 sunt.

337 405 391 437 VI.
417 405 508 436 Circa
532 405 679 436 ultimam
703 403 965 445 consequentiam
980 402 1006 439 *‚
1032 403 1156 433 adverte
1176 403 1266 443 quod
1285 402 1354 432 fun-

281 451 374 481 datur
408 459 504 490 super
531 449 608 485 hoc,
633 449 723 490 quod
750 447 853 488 prima
881 457 975 478 causa
1009 446 1150 477 effectiva
1178 456 1284 477 rerum
1308 452 1354 477 est

282 505 376 526 causa
399 494 582 535 aequivoca.
615 493 714 530 Quod
743 501 803 533 pro
833 492 989 522 constanti
1017 491 1163 522 relictum
1186 497 1250 522 est:
1282 497 1353 521 turn

281 539 357 581 quia
379 539 418 570 ab
443 538 594 571 omnibus
617 536 814 572 admittitur;
833 542 903 567 tum
923 535 1000 579 quia
1015 535 1180 566 manifeste
1203 542 1290 575 patet
1317 546 1354 566 ex

281 583 435 615 terminis.
459 582 492 613 Si
516 582 603 624 enim
625 588 672 612 est
686 580 826 612 effectiva
840 590 948 611 retum
963 580 1159 611 diversarum
1182 580 1352 616 rationum,

282 628 362 660 nulli
385 637 496 658 earum
524 633 571 656 est
593 625 746 661 univoca:
771 632 802 656 et
825 625 851 655 si
874 625 967 656 alicui
997 634 1107 656 earum
1131 630 1178 654 est
1201 624 1351 660 univoca,

282 682 356 713 ergo
381 681 447 702 non
471 677 518 701 est
540 669 680 701 effectiva
703 669 854 700 aliarum:
880 679 955 710 ergo
980 679 1046 700 non
1071 668 1275 699 diversarum.

339 715 407 747 vn.
431 714 580 746 Secunda
599 715 684 745 ratio
695 713 713 733 *
732 723 750 744 a
766 713 924 754 Dionysio
940 723 1071 755 quoque
1087 719 1169 744 tacta
1185 719 1240 744 est.
1265 713 1352 743 Deus

282 767 328 791 est
349 760 458 801 ipsum
482 769 548 789 esse
572 768 629 799 per
652 768 685 789 se
708 758 898 789 subsistens:
923 768 998 799 ergo
1023 757 1165 789 continet
1187 757 1219 788 in
1249 767 1281 787 se
1305 765 1353 788 to-

280 812 347 836 tam
369 803 598 844 perfectionem
621 802 759 834 essendi:
785 812 861 843 ergo
885 813 998 833 omnes
1017 802 1226 843 perfectiones
1246 810 1352 833 rerum

281 849 439 880 omnium.

336 892 534 925 Antecedens
559 892 761 932 supponitur.
788 891 894 922 Prima
911 892 1137 933 consequentia
1161 891 1312 932 probatur
1334 902 1352 921 a

281 936 493 968 destructione
518 936 755 977 consequentis,
780 936 812 966 in
841 936 982 966 terminis
1006 933 1353 976 specialibus‚'scilicet

282 981 393 1013 caloris
417 987 448 1012 et
471 980 563 1011 calidi
587 980 793 1021 perfectione,
818 980 872 1011 sic.
897 981 972 1011 Non
997 980 1137 1012 continet
1159 987 1260 1010 totam
1283 989 1352 1020 per-

279 1026 452 1057 fectionem
475 1025 618 1056 essendi:
654 1035 728 1066 ergo
756 1035 822 1056 non
845 1025 940 1056 habet
963 1034 1030 1055 esse
1053 1025 1231 1056 secundum
1250 1024 1352 1064 perfe-

278 1078 366 1102 ctam
388 1070 560 1101 rationem:
587 1080 662 1111 ergo
686 1080 752 1101 non
776 1076 822 1101 est
845 1070 953 1110 ipsum
976 1079 1044 1100 esse
1059 1079 1115 1109 per
1130 1079 1163 1099 se
1180 1068 1352 1099 subsistens

280 1113 385 1158 (quod
401 1121 448 1145 est
463 1115 651 1155 oppositum
665 1113 906 1157 antecedentis);
931 1113 1208 1155 quemadmodum
1230 1125 1244 1140 α
1258 1115 1287 1143 Α
1303 1123 1351 1143 ca-

280 1159 411 1191 lidum»
438 1169 505 1189 non
533 1158 627 1190 habet
655 1166 757 1190 totam
785 1159 876 1190 calidi
905 1157 1149 1199 perfectionem:
1182 1166 1256 1196 ergo
1286 1167 1351 1187 non

281 1203 376 1234 habet
392 1203 530 1234 calorem
546 1203 724 1235 secundum
743 1202 915 1243 perfectam
934 1202 1104 1232 rationem:
1125 1211 1200 1242 ergo
1220 1211 1287 1231 non
1307 1208 1353 1231 est

253 1276 266 1277 e
279 1247 442 1288 calor‘per
454 1249 493 1277 se'
506 1247 688 1278 subsistens.
706 1265 725 1270 -
741 1247 888 1278 Secunda
907 1253 1014 1277 autem
1030 1245 1256 1286 consequentia
1279 1254 1352 1285 pro-

282 1293 384 1323 batur.
409 1292 472 1322 Res
488 1292 637 1323 dicuntur
659 1291 814 1332 perfectae
839 1291 1016 1322 secundum
1031 1290 1122 1330 quod
1137 1290 1255 1320 habent
1269 1298 1350 1320 esse:

281 1346 358 1377 ergo
386 1336 535 1367 omnium
564 1335 772 1376 perfectiones
801 1335 959 1376 pertinent
985 1335 1025 1365 ad
1049 1334 1278 1375 perfectionem
1306 1344 1352 1364 es-

280 1381 384 1412 sendi:
410 1390 495 1420 ergo,
520 1380 546 1410 si
569 1380 710 1411 continet
732 1386 833 1410 totam
857 1379 1086 1430 perfectionem
1110 1378 1242 1415 essendi,
1260 1385 1318 1409 etc.

338 1423 481 1456 Vl11.1n
504 1423 711 1465 responsione
736 1424 775 1454 ad
799 1423 944 1459 tertium,
969 1424 1095 1454 adverte
1113 1424 1238 1464 primo,
1263 1423 1352 1464 quod

242 1509 244 1511 Υ
281 1468 328 1500 vis
346 1468 524 1509 argumenti
548 1467 700 1499 fundatur
718 1478 814 1509 super
832 1468 942 1499 locum
959 1478 979 1498 a
997 1468 1190 1509 coniugatis,
1209 1467 1287 1498 dum
1307 1467 1352 1497 di-

278 1508 377 1544 citur:
402 1522 460 1544 ens
483 1518 530 1544 est
552 1512 773 1554 imperfectius
795 1522 891 1554 quam
916 1514 1035 1550 vivens,
1061 1521 1141 1553 ergo
1165 1521 1233 1543 esse
1255 1521 1351 1553 quam

205 1571 209 1575 ·
240 1587 243 1591 ,
281 1558 357 1589 νᾶα.
382 1557 424 1589 Et
445 1557 558 1588 veritas
573 1557 786 1588 antecedentis
809 1557 952 1588 consistit
975 1557 1007 1587 in
1026 1556 1098 1592 hoc,
1123 1556 1198 1598 quia
1215 1566 1270 1587 ens
1287 1566 1353 1586 non

38 2867 48 2877 ⁶
63 2867 111 2895 Qu.
120 2866 206 2894 uxfart.
216 2873 235 2895 5.

137 3079 152 3113 β

277 1602 415 1637 includit
437 1602 563 1638 vivens,
588 1602 644 1634 sed
667 1612 684 1633 e
708 1611 873 1632 converso.

335 1647 474 1678 Adverte
489 1647 640 1684 secundo,
657 1646 771 1688 quod
763 1656 795 1677 in
812 1646 1020 1686 responsione
1034 1645 1138 1676 innuit
1153 1645 1235 1676 hanc
1248 1645 1355 1676 distin-

280 1687 421 1723 ctionem
444 1701 481 1722 ex
505 1698 592 1732 parte
616 1691 676 1723 rei:
702 1700 770 1722 esse
793 1698 898 1731 potest
922 1690 1099 1741 comparari
1123 1690 1163 1720 ad
1181 1690 1279 1721 vitam
1303 1690 1354 1720 tri—

280 1735 412 1775 pliciter.
437 1735 555 1772 Primo,
571 1735 768 1777 formaliter
791 1741 820 1766 et
837 1736 987 1776 praecise
1007 1735 1175 1776 utrinque:
1198 1734 1240 1765 ita
1264 1735 1354 1775 quod

2433 237 2477 274 53

1409 325 1475 345 esse
1491 315 1627 346 sumitur
1646 315 1783 355 praecise
1800 325 1859 355 pro
1883 322 1954 346 actu
1979 315 2111 351 essendi,
2137 323 2167 346 et
2182 316 2245 346 vita
2264 316 2401 355 praecise
2418 326 2476 356 pro

1409 369 1448 389 eo
1462 359 1552 400 quod
1568 359 1742 390 formaliter
1757 359 1844 390 addit
1862 369 1957 399 supra
1981 370 2057 395 esse,
2075 366 2151 400 puta
2174 360 2279 390 vivere
2303 367 2338 391 ut
2362 360 2416 390 sic.
2437 361 2478 391 Et

1409 403 1452 433 sic
1476 402 1692 444 significantur
1713 403 1898 434 nominibus
1918 404 2091 439 abstractis,
2116 411 2193 444 puta
2217 413 2299 441 esse,
2326 405 2401 442 vita,
2426 414 2477 434 sa-

1402 449 1537 488 pientia,
1555 454 1628 478 etc.:
1654 447 1735 478 etin
1759 447 1860 478 littera
1884 447 2033 478 dicuntur
2056 448 2232 488 comparari
2256 455 2353 488 prout
2367 448 2476 479 distin-

1408 498 1550 532 guuntur
1568 492 1699 523 ratione.
1723 492 1765 522 Et
1787 492 1831 522 sic
1847 501 1914 522 esse
1938 499 1984 522 est
2007 492 2175 532 perfectius
2198 502 2298 533 quam
2320 493 2423 522 vivere
2447 500 2477 523 et

1408 543 1527 567 ceterae
1546 536 1768 577 perfectiones:
1794 536 1869 577 quia
1893 543 1939 567 est
1962 536 2124 567 actualitas
2148 537 2305 571 omnium,
2330 543 2367 567 ut
2389 546 2476 576 prae—

1408 581 1531 612 dictum
1554 588 1600 612 est
1615 579 1640 611 *.
1665 598 1686 603 —
1709 580 1873 616 Secundo,
1899 587 2003 620 potest
2027 581 2202 621 comparari
2226 590 2293 611 esse
2316 581 2356 610 ad
2379 581 2476 611 vitam

1408 626 1526 666 absque
1549 626 1775 666 praecisione.-
1804 624 1847 655 ita
1870 625 1959 665 quod
1983 624 2046 655 vita
2071 631 2214 655 sumatur
2244 625 2420 655 secundum
2444 625 2476 655 id

1408 669 1497 711 quod
1517 670 1658 706 includit,
1675 676 1706 700 et
1721 679 1787 699 non
1804 675 1929 699 tantum
1954 679 2012 709 pro
2033 679 2072 698 eo
2091 669 2180 710 quod
2200 668 2372 700 formaliter
2391 669 2477 699 addit

1408 724 1503 755 supra
1527 723 1603 745 esse.
1628 714 1670 745 Et
1692 713 1735 744 sic
1758 711 1975 754 significantur
1993 713 2178 743 nominibus
2195 713 2348 743 concretis
2372 713 2405 743 in
2428 713 2476 744 lit-

1406 766 1489 794 tera,
1522 765 1552 789 et
1576 758 1724 789 dicuntur
1751 767 1826 795 ens,
1851 758 1981 795 vivens,
2009 758 2159 797 sapiens:
2188 763 2219 787 et
2246 757 2359 788 dicitur
2387 758 2477 797 quod

1407 803 1515 834 vivens
1531 810 1578 834 est
1601 802 1769 843 perfectius
1785 811 1884 842 quam
1903 811 1967 837 ens,
1986 801 2061 842 quia
2079 801 2212 832 includit
2232 811 2295 837 ens,
2312 808 2343 832 et
2358 801 2477 841 aliquid

1407 847 1608 888 perfectionis
1628 847 1718 878 ultra.
1732 864 1752 869 -
1770 846 1880 878 Tertio
1904 846 2004 877 modo
2028 850 2134 886 potest
2152 845 2328 885 comparari
2352 855 2419 876 esse
2443 847 2475 876 in

1406 902 1467 923 sua
1489 902 1579 932 pura
1602 891 1824 928 subsistentia,
1850 891 1889 920 ad
1918 890 2039 931 reliqua
2069 889 2313 931 quomodolibet
2337 896 2476 929 sumpta.

1407 936 1448 967 Et
1471 935 1514 967 sic
1537 934 1730 976 significatur
1755 934 1787 965 in
1811 934 1912 966 littera
1936 945 1992 975 per
2014 935 2047 975 ly
2071 935 2173 974 ipsum
2199 942 2285 964 esse:
2309 941 2339 964 et
2364 933 2478 964 dicitur

1407 981 1497 1021 quod
1519 979 1653 1011 includit
1676 979 1709 1010 in
1733 989 1766 1010 se
1788 979 1895 1015 vitam,
1921 978 2117 1019 sapientiam,
2143 985 2173 1009 et
2197 987 2327 1008 omnem
2352 978 2475 1008 essendi

1406 1024 1644 1065 perfectionem,
1665 1031 1701 1055 ut
1724 1023 1756 1054 in
1774 1033 1907 1063 corpore
1926 1024 2096 1064 probatum
2113 1029 2174 1059 est;
2199 1029 2231 1052 et
2245 1029 2476 1063 consequenter

1406 1076 1453 1100 est
1476 1069 1740 1109 perfectissimum
1763 1068 1920 1099 omnium.

1462 1114 1508 1143 Ex
1532 1113 1580 1143 his
1604 1120 1721 1148 autern,
1739 1122 1821 1153 quae
1845 1123 1882 1143 ex
1905 1112 2006 1143 littera
2029 1118 2156 1152 accepta
2175 1118 2258 1147 sunt,
2275 1111 2429 1142 habemus
2446 1117 2477 1141 et

1407 1158 1496 1198 quod
1520 1164 1586 1188 esse
1617 1157 1790 1188 formaliter
1822 1164 1868 1187 est
1895 1156 2063 1197 perfectius
2095 1155 2203 1187 ceteris
2227 1155 2414 1186 formaliter:
2447 1162 2477 1185 et

1407 1202 1496 1243 quod
1525 1201 1632 1242 ipsum
1657 1211 1722 1232 esse
1747 1208 1793 1231 est
1816 1200 1998 1242 simpliciter
2029 1199 2213 1241 perfectum,
2239 1209 2351 1229 omnes
2374 1198 2476 1239 perfe-

1407 1246 1527 1276 ctiones
1550 1245 1582 1276 in
1607 1255 1639 1276 se
1654 1245 1859 1285 praehabens.
1884 1245 1928 1276 Ut
1943 1255 1979 1275 ex
1995 1245 2100 1285 primo
2117 1243 2253 1274 sciamus
2278 1243 2366 1284 quod
2387 1253 2478 1283 prae-

1408 1290 1548 1321 dicatum
1579 1289 1674 1326 illud,
1700 1289 1789 1332 quod
1812 1289 1871 1319 soli
1903 1289 1972 1320 Deo
2003 1288 2210 1330 quidditative
2239 1287 2404 1323 convenit,
2430 1295 2478 1317 est

1406 1334 1580 1365 formaliter
1608 1333 1747 1364 nobilius
1778 1333 1885 1364 ceteris
1909 1333 2172 1373 perfectionibus:
2206 1339 2236 1363 et
2260 1342 2297 1363 ex
2319 1332 2476 1367 secundo,

1407 1379 1500 1420 quod>
1520 1389 1557 1409 ex
1580 1378 1641 1409 hoc
1666 1378 1755 1419 quod
1771 1378 1857 1408 Deus
1878 1385 1923 1409 est
1942 1378 2050 1418 ipsum
2069 1387 2145 1414 esse,
2163 1377 2256 1407 habet
2272 1385 2384 1406 omnes
2403 1386 2474 1416 per-

1409 1423 1569 1454 sectiones.

1464 1467 1607 1498 Habetur
1623 1477 1754 1507 quoque
1773 1477 1809 1497 ex
1829 1466 1877 1497 his
1897 1466 2062 1507 responsio
2079 1466 2118 1496 ad
2133 1472 2366 1506 argumentum.
2388 1465 2477 1502 Quo-

1409 1512 1495 1542 niam
1518 1512 1662 1552 neganda
1688 1511 1867 1542 insinuatur
1890 1510 2129 1551 consequentia:
2155 1509 2307 1551 quoniam
2333 1510 2364 1539 in
2389 1515 2476 1539 ante-

1408 1557 1537 1587 cedente
1562 1556 1698 1586 sumitur
1714 1555 1822 1586 vivens
1838 1562 1874 1586 ut
1889 1555 2023 1586 includit
2046 1564 2102 1585 ens
2127 1561 2158 1585 et
2180 1554 2299 1594 aliquid
2324 1554 2416 1589 ultra;
2444 1554 2477 1583 in

1407 1608 1623 1641 consequente
1641 1609 1717 1631 vero
1734 1600 1869 1630 sumitur
1892 1599 2068 1630 secundum
2090 1599 2123 1629 id
2139 1606 2264 1629 tantum
2286 1599 2374 1639 quod
2391 1597 2478 1628 addit

1410 1655 1505 1685 supra
1529 1655 1593 1676 ens.
1619 1645 1660 1676 Et
1683 1644 1727 1676 sic
1751 1644 1927 1675 ostenditur
1947 1644 2037 1685 quod
2060 1654 2126 1674 non
2142 1643 2283 1683 arguitur
2296 1652 2352 1683 per
2366 1642 2477 1673 locum

1409 1700 1430 1720 a
1449 1690 1646 1731 coniugatis:
1666 1689 1721 1730 qui
1738 1696 1823 1720 tenet
1839 1689 1968 1730 quando
1986 1695 2130 1720 concreta
2151 1687 2288 1728 praecise
2305 1686 2478 1717 formaliter

1410 1741 1558 1765 tenentur
1581 1733 1662 1765 sicut
1684 1740 1714 1764 et
1735 1734 1901 1769 abstracta;
1926 1733 2016 1764 cuius
2039 1732 2225 1773 oppositum
2249 1731 2299 1762 hic
2323 1730 2443 1762 accidit.

1098 1906 1416 1948 ARTICULUS
1445 1905 1674 1948 TERTIUS

785 2009 941 2040 UTRUM
965 2008 1146 2046 ALIQUA
1155 2007 1392 2039 CREATURA
1416 2007 1563 2038 POSSIT
1587 2006 1687 2038 ESSE
1712 2005 1862 2037 snmus
1885 2005 1975 2037 DEo

458 2100 569 2129 ISent„
590 2099 648 2124 dist.
668 2106 754 2127 xtvtn.
774 2106 817 2132 qu.
837 2106 854 2129 1,
874 2103 920 2123 art.
940 2105 960 2129 1;
981 2097 1009 2128 ll,
1031 2097 1089 2122 dist.
1103 2105 1151 2126 xvi.
1172 2105 1217 2130 qu.
1236 2105 1252 2126 r,
1272 2101 1319 2122 art.
1343 2105 1363 2128 1,
1384 2097 1416 2121 ad
1437 2096 1464 2127 3;
1484 2097 1493 2120 I
1517 2097 1592 2122 Cont.
1615 2097 1702 2127 Geni„
1722 2103 1778 2128 cap.
1796 2103 1867 2125 xxlx;
1889 2095 1930 2120 De
1954 2095 2042 2124 Verit„
2063 2103 2107 2127 qu.
2126 2102 2153 2126 11,
2173 2099 2219 2120 art.
2244 2103 2288 2126 11;

565 2143 610 2168 qu.
624 2142 661 2166 111
682 2139 727 2159 art.
747 2142 767 2163 1,
787 2134 819 2158 ad
838 2142 869 2167 9;
889 2141 935 2166 qu.
948 2141 1017 2163 xxm,
1038 2137 1084 2157 art.
1100 2141 1124 2166 7,
1145 2133 1176 2157 ad
1196 2140 1212 2166 9
1231 2140 1300 2165 sqq.;
1322 2116 1363 2157 De5
1382 2132 1450 2162 Por„
1471 2140 1515 2164 qu.
1529 2140 1572 2163 vn,
1592 2138 1638 2156 art.
1653 2140 1682 2164 7;
1705 2131 1745 2156 De
1765 2131 1828 2156 Div.
1843 2131 1930 2158 Nom„
1950 2138 2005 2163 cap.
2019 2138 2052 2161 rx,
2072 2131 2130 2155 lect.
2145 2138 2182 2155 ιιι.

278 2445 492 2486 creaturas,
521 2436 806 2474 excellentiores
841 2442 928 2473 sunt
964 2447 1063 2484 quae
1098 2434 1273 2472 dicuntur
1300 2433 1354 2470 dii

277 2467 550 2540 participative.
588 2489 710 2528 Multo
740 2502 829 2538 ergo
859 2489 985 2526 minus
1022 2488 1118 2525 aliae
1157 2495 1349 2524 creaturae

276 2552 439 2594 possunt
465 2544 539 2582 dici
566 2545 652 2580 Deo
681 2543 834 2580 similes.

333 2609 368 2635 2.
398 2599 637 2645 PRAETEREA‚
668 2596 873 2634 similitudo
894 2602 950 2632 est
969 2594 1204 2644 comparatio
1233 2606 1349 2643 quae-

280 2650 382 2688 dam.
412 2650 506 2687 Non
540 2658 595 2687 est
631 2658 759 2686 autem
798 2648 1034 2699 comparatio
1078 2660 1211 2685 eorum
1251 2660 1348 2697 quae

279 2711 366 2742 sunt
394 2703 635 2741 diversorum
662 2715 868 2752 generum;
905 2714 994 2750 ergo
1022 2714 1095 2740 nec
1122 2701 1346 2739 similitudo:

278 2770 358 2795 non
387 2757 490 2795 enim
514 2756 676 2794 dicimus
696 2757 800 2805 quod
821 2755 984 2794 dulcedo
1013 2755 1059 2792 sit
1087 2754 1218 2792 similis
1246 2755 1348 2792 albe-

275 2810 368 2848 dini.
400 2810 479 2848 Sed
502 2811 605 2848 nulla
624 2818 796 2847 creatura
815 2817 871 2846 est
889 2809 1063 2846 eiusdem
1091 2808 1238 2856 generis
1259 2821 1347 2845 cum

278 2865 384 2912 Deo,
421 2876 509 2900 cum
542 2865 648 2900 Deus
686 2875 765 2900 non
793 2862 905 2913 sitin
933 2874 1092 2910 genere,
1121 2869 1163 2898 ut
1195 2874 1310 2911 supra
1329 2861 1348 2883 '¹‘

279 2924 476 2954 ostensum
495 2924 562 2954 est.
586 2917 688 2964 Ergo
709 2916 811 2953 nulla
831 2923 1002 2953 creatura
1022 2923 1078 2952 est
1097 2915 1228 2952 similis
1247 2916 1346 2952 Deo.

334 2970 368 3008 3.
389 2970 625 3018 PRAETEREA,
646 2969 782 3006 similia
802 2969 976 3007 dicuntur
996 2981 1094 3018 quae
1115 2968 1349 3006 conveniunt

278 3024 326 3061 in·
346 3023 479 3063 forma.
510 3023 588 3061 Sed
609 3023 706 3060 nihil
735 3022 914 3060 convenit
933 3035 1021 3060 cum
1041 3023 1127 3059 Deo
1146 3022 1186 3059 in
1205 3022 1345 3059 forma:

278 3076 416 3113 nullius
445 3076 548 3113 enim
577 3077 631 3113 rei
666 3076 827 3113 essentia
845 3075 863 3105 Ρ
891 3083 946 3113 est
978 3076 1103 3124 ipsum
1139 3087 1241 3123 esse,
1277 3075 1347 3112 nisi

278 3129 395 3166 solius
423 3130 507 3166 Dei.
537 3131 639 3178 Ergo
669 3130 772 3166 nulla
792 3137 961 3166 creatura
989 3136 1115 3178 potest
1134 3141 1216 3166 esse
1246 3129 1347 3166 sirni-

278 3182 322 3219 lis
351 3183 448 3219 Deo.

332 3247 369 3283 4.
398 3234 640 3283 Pmmam,
673 3236 712 3273 in
745 3235 929 3273 similibus
969 3243 1024 3273 est
1055 3243 1188 3272 mutua
1220 3235 1347 3272 simili—

279 3289 390 3326 tudo:
412 3300 504 3326 nam
523 3289 644 3327 simile
664 3297 721 3327 est
740 3289 850 3327 simili
869 3288 1003 3326 simile.
1034 3288 1074 3326 Si
1093 3288 1204 3336 igitur
1222 3289 1348 3338 aliqua

279 3349 451 3379 creatura
471 3346 555 3378 est⁷
575 3342 703 3380 similis
731 3344 828 3390 Deo,
852 3350 888 3379 et
906 3343 1012 3380 Deus
1032 3342 1101 3378 erit
1128 3341 1258 3379 similis
1285 3342 1347 3379 ali-

333 3465 361 3497 a)
381 3471 480 3489 omnes.
491 3478 511 3482 —
523 3463 585 3488 Om.
597 3462 732 3489 ABCDEF
745 3469 771 3490 et
785 3465 825 3490 ed.
837 3472 863 3494 a,
883 3472 950 3498 quae
969 3465 1126 3497 transponit:
1146 3465 1348 3490 excellentiores

279 3503 428 3525 creaturas.
445 3513 464 3518 -
482 3499 533 3523 Pro
552 3506 620 3531 quae
642 3498 769 3524 dicuntur
793 3500 832 3525 dii
849 3500 1057 3533 participative,
1077 3507 1145 3533 quae
1164 3500 1290 3526 dicuntur
1309 3500 1349 3525 dii

274 3535 486 3568 participatione
505 3533 663 3566 CE(ABD?).

334 3569 360 3603 β)
379 3571 419 3595 rei
437 3570 561 3596 essentia.
577 3583 598 3590 ·-
615 3570 730 3594 essentia
749 3570 790 3595 rei
808 3571 870 3596 Pab.

333 3607 360 3639 γ)
379 3609 427 3631 est.
444 3620 464 3626 -
481 3608 550 3631 esset
567 3605 619 3630 EF.
638 3619 656 3623 —
674 3605 726 3630 Pro
744 3605 804 3637 erit,
823 3610 890 3632 esset
907 3607 1029 3632 ABCDE.

1407 2219 1465 2256 cui
1494 2227 1698 2256 creaturae.
1731 2220 1846 2266 Quod
1884 2227 1939 2255 est
1975 2226 2105 2255 contra
2138 2218 2177 2255 id
2205 2218 2310 2267 quod
2345 2218 2478 2255 dicitur

1406 2273 1524 2310 Isaiae
1553 2285 1599 2309 XL
1618 2273 1658 2309 *ε
1688 2273 1752 2309 cui
1775 2273 1933 2309 similem
1952 2272 2099 2321 fecistis
2126 2271 2280 2308 Deum?

1460 2327 1535 2363 SED
1565 2338 1711 2363 CONTRA
1740 2338 1806 2363 EST
1833 2326 1937 2375 quod
1968 2325 2101 2362 dicitur
2134 2325 2225 2362 Gen.
2248 2337 2257 2361 1
2277 2325 2312 2361 *ε
2342 2325 2477 2361 Facia-

1405 2392 1489 2416 mus
1516 2380 1707 2417 hominem
1736 2380 1788 2416 ad
1813 2379 2021 2429 imaginem
2051 2384 2087 2415 et
2111 2378 2388 2415 similitudinem
2410 2391 2475 2415 no-

1403 2439 1522 2470 stram
1532 2447 1546 2478 ,·
1575 2441 1611 2470 et
1641 2434 1653 2470 I
1677 2434 1807 2470 Ioann.
1830 2445 1865 2469 111
1884 2432 1924 2469 *ε
1955 2444 2040 2469 cum
2075 2432 2310 2480 apparuerit,
2338 2432 2476 2468 similes

1405 2487 1441 2523 ei
1467 2487 1618 2523 erimus.

1459 2541 1686 2577 Raspoumzo
1715 2550 1898 2576 DicENDuM
1928 2538 2046 2587 quod,
2072 2550 2160 2575 cum
2190 2537 2396 2574 similitudo
2423 2546 2475 2574 at-

1403 2594 1579 2631 tendatur
1608 2594 1819 2630 secundum
1850 2590 2156 2629 convenientiam
2175 2591 2238 2627 vel
2264 2591 2474 2628 communi-

1405 2647 1594 2684 cationem
1610 2643 1623 2667 δ
1642 2647 1680 2683 in
1699 2646 1834 2691 forma,
1866 2644 2060 2694 multiplex
2091 2652 2145 2681 est
2173 2644 2390 2691 similitudo,
2418 2657 2474 2680 se-

1404 2701 1574 2738 cundum
1604 2699 1743 2736 multos
1772 2698 1910 2735 modos
1940 2698 2251 2735 communicandi
2277 2698 2316 2734 in
2337 2698 2471 2734 forma.

1405 2754 1607 2801 Quaedam
1627 2753 1728 2789 enim
1748 2752 1923 2789 dicuntur
1946 2750 2092 2798 similia,
2114 2764 2213 2800 quae
2228 2757 2238 2772 ¹
2259 2751 2474 2787 communi·

1403 2815 1490 2844 cant
1508 2807 1546 2844 in
1562 2806 1697 2843 eadem
1718 2806 1842 2842 forma
1861 2805 2074 2843 secundum
2094 2806 2257 2842 eandem
2274 2804 2471 2851 rationem,

1404 2868 1440 2897 et
1459 2861 1670 2897 secundum
1691 2858 1856 2896 eundem
1878 2859 2056 2896 modum:
2078 2866 2114 2895 et
2133 2859 2228 2895 haec
2248 2870 2325 2894 non
2346 2858 2471 2894 solum

1403 2914 1577 2952 dicuntur
1596 2912 1742 2960 similia,
1760 2912 1828 2950 sed
1844 2912 1857 2938 ς
1876 2912 2050 2962 aequalia
2064 2911 2102 2949 in
2122 2924 2191 2948 sua
2210 2911 2469 2957 similitudine;

1403 2968 1497 3005 sicut
1517 2967 1594 3004 duo
1619 2965 1824 3015 aequaliter
1843 2967 1941 3013 alba,
1963 2965 2138 3003 dicuntur
2157 2964 2290 3001 similia
2310 2964 2349 3000 in
2369 2965 2470 3001 albe-

1403 3021 1502 3058 dine.
1533 3021 1582 3057 Et
1599 3021 1696 3056 haec
1716 3027 1772 3056 est
1798 3019 2071 3068 perfectissima
2100 3017 2317 3055 similitudo.
2338 3038 2362 3044 -
2383 3017 2468 3054 Alio

1402 3075 1521 3112 modo
1551 3074 1727 3111 dicuntur
1764 3072 1924 3119 similia,
1961 3084 2059 3121 quae
2088 3070 2371 3108 communicant
2390 3079 2404 3101 ⁷¹
2433 3071 2470 3107 in

1402 3129 1526 3165 forma
1554 3127 1766 3164 secundum
1805 3126 1968 3163 eandem
2004 3125 2211 3171 rationem,
2243 3131 2278 3160 et
2306 3136 2384 3160 non
2414 3136 2470 3160 se-

1403 3181 1571 3219 cundum
1601 3179 1770 3217 eundem
1798 3179 1982 3226 modum,
2013 3178 2081 3216 sed
2109 3177 2321 3215 secundum
2350 3177 2470 3225 magis

1403 3243 1439 3272 et
1467 3234 1614 3280 minus;
1643 3241 1685 3270 ut
1712 3232 1838 3270 minus
1867 3233 1997 3269 album
2032 3232 2167 3269 dicitur
2203 3230 2322 3267 simile
2351 3231 2470 3278 magis

1402 3289 1501 3325 albo.
1532 3288 1581 3324 Et
1608 3287 1704 3323 haec
1732 3293 1787 3323 est
1813 3285 2019 3323 similitudo
2040 3284 2271 3333 imperfecta.
2292 3305 2316 3311 -
2338 3284 2468 3320 Tertio

1403 3341 1522 3378 modo
1544 3340 1720 3377 dicuntur
1739 3339 1863 3388 aliqua
1888 3338 2034 3386 similia,
2055 3350 2154 3386 quae
2184 3337 2472 3374 communicant

1454 3463 1479 3496 δ)
1498 3463 1708 3488 convenientiam
1722 3463 1763 3488 vel
1775 3461 2049 3488 communicationem.
2067 3475 2086 3479 -
2103 3461 2315 3486 convenientiam
2333 3461 2384 3492 BC,
2399 3469 2470 3487 com-

1402 3498 1593 3525 municantium
1614 3498 1690 3522 ceteri
1709 3503 1734 3522 et
1753 3499 1793 3522 ed.
1806 3506 1831 3522 a.

1455 3535 1477 3566 ε)
1497 3541 1572 3567 quae.
1591 3547 1609 3552 -
1627 3534 1690 3565 quia
1709 3534 1819 3558 codices.

1454 3570 1479 3602 ζ)
1499 3569 1553 3594 sed.
1570 3582 1590 3588 -
1607 3569 1655 3593 sed
1672 3569 1752 3593 etiam
1772 3569 1804 3593 G.
1822 3583 1840 3587 -
1859 3575 1907 3593 sua
1926 3575 1978 3592 om.
1993 3568 2094 3592 codices
2117 3572 2142 3592 et
2161 3567 2201 3592 ed.
2216 3574 2241 3591 a.

1454 3606 1481 3637 η)
1500 3604 1704 3630 communicant.
1722 3618 1741 3623 -
1758 3604 1918 3629 conveniunt
1937 3603 1991 3628 ΑΕ.
2009 3617 2027 3621 -
2046 3603 2096 3627 Pro
2115 3606 2140 3628 et
2155 3610 2215 3632 non,
2231 3603 2278 3628 sed
2291 3609 2341 3627 non
2357 3603 2468 3627 codices.

2505 585 2513 594 ·
2529 585 2610 611 Arta,
2627 585 2654 606 ad
2669 591 2690 612 3.

2506 2280 2512 2286 ’
2530 2277 2596 2298 Vers.
2608 2278 2638 2298 18.

2505 2333 2513 2340 ·
2530 2330 2596 2351 Vers.
2607 2330 2643 2351 26.

2505 2438 2512 2444 ·
2528 2435 2595 2456 Vers.
2604 2441 2624 2457 2.
