2768 4178
45 523 56 534 '⁸
76 523 148 544 Num.
160 528 223 543 xxiv.

53 611 63 621 ⁸
80 610 115 633 Cf.
125 615 189 631 num.
197 615 263 631 xvnr.

51 1058 62 1068 ‘⁴
77 1057 149 1081 Num.
161 1064 222 1079 xxw.

54 1147 64 1157 ⁴¹
80 1146 137 1174 Cap.
149 1152 174 1173 11,
189 1152 212 1167 n.
223 1151 242 1167 2.

57 1412 68 1422 ⁴*
84 1410 140 1438 Cap.
149 1416 181 1437 lx,
197 1416 219 1431 n.
229 1416 254 1431 ιι.

292 316 362 353 192

290 385 408 417 caciam
431 384 553 425 primae
577 390 750 418 causaeset
768 390 899 423 propter
923 383 1184 424 supplementum
1208 383 1360 424 supplens

289 430 392 460 vicem
423 438 535 459 causae
559 427 771 467 contingentis
796 426 846 469 (in
870 427 960 458 tertia
988 425 1199 469 obiectione).
1230 427 1271 458 Et
1293 427 1360 467 ipse

291 481 337 505 est
361 483 455 504 causa
478 471 623 513 proxima
646 469 698 513 (in
722 478 834 512 quarta
858 470 1062 513 obiectione),
1087 481 1154 501 non
1174 471 1361 511 contingens

291 517 473 552 formaliter,
494 516 549 547 sed
568 516 755 556 contingens
773 515 955 551 virtualiter,
975 522 1011 546 ut
1029 522 1115 555 patet
1134 525 1171 545 ex
1190 515 1280 546 dictis
1295 515 1323 546 *.

344 561 472 592 XXVII.
490 561 607 591 Sensus
631 567 740 591 autem
762 560 935 591 verborum
954 560 1074 590 litterae
1095 559 1129 590 in
1153 559 1361 600 responsione

291 606 331 637 ad
355 605 533 636 secundum
557 611 587 636 et
610 604 739 635 tertium
752 603 781 641 ὓ,
806 605 914 645 quoad
930 604 1002 640 hoc,
1028 613 1080 634 res
1102 605 1213 641 scitae,
1239 605 1362 635 relatae

291 650 334 681 ad
347 650 513 681 scientiam
537 649 611 687 Dei,
626 654 702 680 sunt
718 650 931 686 necessariae,
957 648 1036 678 nihil
1059 648 1164 679 obstat
1178 647 1361 689 proposito:

291 694 447 735 quoniam
471 703 538 724 non
561 699 608 724 est
623 693 666 723 ibi
683 703 787 724 sermo
803 693 842 723 de
859 693 951 723 rebus
971 692 1056 723 scitis
1083 692 1188 723 relatis
1204 693 1244 723 ad
1263 692 1362 723 scien-

291 739 369 770 tiam
396 738 456 769 Dei
480 745 515 769 ut
539 747 691 775 causam,
724 738 779 768 sed
807 744 843 768 ut
865 738 1041 768 scientiam.
1072 735 1107 768 Si
1138 736 1224 767 enim
1254 737 1363 767 omnia

292 783 368 814 scita
391 782 566 813 referantur
589 782 629 812 ad
652 782 815 812 scientiam
846 781 987 812 divinam
1015 788 1051 812 ut
1075 780 1202 811 effectus
1226 781 1267 811 ad
1290 791 1363 812 cau-

292 837 370 863 sam,
387 827 432 857 sic
448 827 607 868 quaedam
623 833 697 857 sunt
712 825 894 862 necessaria,
913 832 943 856 et
958 825 1117 866 quaedam
1133 824 1362 865 contingentia:

292 881 350 902 nec
366 871 487 912 aliquid
504 877 550 902 est
565 871 662 902 simul
678 871 890 902 necessarium
907 877 936 901 et
952 869 1152 910 contingens;
1171 879 1229 900 nec
1243 869 1364 910 aliquid

291 917 386 947 habet
409 915 629 946 habitudinem
652 915 860 945 necessariam
883 915 923 945 ad
947 914 1043 945 talem
1067 924 1196 944 causam
1220 923 1258 944 ex
1275 920 1364 954 parte

293 970 420 996 causae,
445 970 511 996 seu,
535 959 651 990 rectius
674 959 849 1000 loquendo,
874 969 933 990 nec
956 959 996 989 ad
1019 958 1139 999 aliquid
1162 958 1257 989 habet
1275 957 1364 988 habi-

293 1004 438 1036 tudinem
460 1003 668 1035 necessariam
692 1003 761 1034 talis
781 1013 884 1039 causa,
909 1004 964 1034 sed
987 1003 1119 1034 liberam
1142 1003 1182 1033 ad
1205 1002 1315 1033 omnia
1335 1009 1365 1033 et

293 1048 535 1084 immutabilem,
561 1055 596 1078 ut
619 1054 705 1088 patet
728 1058 765 1078 ex
788 1047 879 1079 dictis
893 1047 921 1079 *.
946 1047 979 1079 Si
1002 1054 1110 1078 autem
1133 1046 1307 1078 referantur
1325 1047 1365 1077 ad

294 1093 434 1124 divinam
457 1092 621 1123 scientiam
638 1098 673 1122 ut
689 1092 863 1128 scientiam,
884 1102 959 1123 cum
983 1101 1080 1122 omne
1104 1091 1230 1128 scitum,
1251 1098 1287 1122 ut
1305 1090 1364 1127 sic,

294 1138 333 1168 sit
355 1136 554 1178 impossibile
578 1136 667 1167 aliter
690 1146 723 1166 se
746 1136 871 1172 habere,
892 1143 927 1167 ut
943 1142 1028 1177 patet
1045 1136 1057 1166 1
1072 1136 1244 1167 Posterior.
1261 1134 1296 1172 ’ἢ
1321 1135 1365 1167 sic

294 1181 404 1212 omnia
428 1181 505 1212 scita
529 1187 604 1212 sunt
627 1180 810 1216 necessaria,
834 1190 902 1211 non
921 1180 954 1211 in
973 1190 1006 1211 se
1030 1180 1224 1220 simpliciter,
1249 1180 1305 1211 sed
1329 1190 1365 1210 ex

295 1225 527 1266 suppositione,
552 1225 730 1256 secundum
754 1235 825 1255 eam
849 1224 1094 1265 dispositionem
1113 1235 1151 1256 ex
1165 1235 1230 1265 qua
1248 1225 1366 1255 habent

296 1270 386 1311 quod
411 1270 473 1300 sint
496 1269 589 1306 scita,
614 1269 695 1300 idest
718 1269 920 1300 terminantia
943 1269 1089 1300 divinum
1111 1269 1275 1300 intuitum.
1293 1269 1366 1300 Hoc

295 1322 341 1346 est
356 1314 452 1351 dictu,
469 1314 568 1355 quod,
592 1313 665 1345 licet
688 1323 799 1345 cursus
823 1313 960 1344 Socratis
983 1313 1023 1345 sit
1038 1314 1071 1344 in
1087 1324 1120 1345 se
1137 1320 1168 1345 et
1183 1313 1366 1354 simpliciter

295 1359 492 1399 contingens,
516 1365 623 1390 tamen
648 1368 757 1389 cursus
781 1358 926 1394 Socratis,
947 1358 1117 1399 supposito
1133 1359 1224 1399 quod
1246 1358 1296 1394 sit,
1313 1368 1365 1388 ne·

296 1402 447 1435 cessarius
463 1410 510 1434 est
525 1403 605 1433 dum
621 1410 677 1439 est,
693 1409 729 1433 ut
743 1409 830 1444 patet
846 1402 858 1433 Ι
875 1403 1040 1434 Periherm
1055 1403 1081 1434 *.
1106 1403 1147 1434 Et
1170 1403 1196 1433 si
1212 1403 1366 1443 adiungas

253 1454 257 1459 '
295 1448 354 1484 his,
379 1448 468 1489 quod
492 1457 602 1478 cursus
625 1447 762 1478 Socratis
786 1457 852 1477 non
877 1454 922 1478 est
946 1457 1043 1488 capax
1062 1454 1098 1478 ut
1113 1447 1261 1478 terminet
1276 1447 1366 1478 intel-

58 1989 67 1997 ·
84 1987 119 2009 Cf.
130 1992 194 2010 num.
205 1993 269 2009 xxxx.

58 2017 76 2024 ¹·
87 2014 270 2037 Cf.num.xxxv.

60 2524 68 2531 ·
83 2521 156 2544 Num.
171 2526 235 2543 xxxv.

63 3496 71 3503 ·
89 3493 153 3515 Loco
164 3499 233 3520 supra
243 3493 276 3514 ci-

63 3524 119 3542 tato.

295 1493 415 1523 lectum
439 1499 570 1528 certum,
587 1491 647 1522 nisi
671 1498 707 1522 ut
730 1501 886 1532 praesens,
904 1491 983 1522 dum
1007 1498 1068 1528 est;
1094 1501 1293 1533 consequens
1309 1491 1367 1523 erit

295 1536 385 1578 quod
409 1546 520 1567 cursus
543 1536 688 1572 Socratis,
712 1536 828 1567 relatus
845 1536 885 1566 ad
908 1535 1050 1566 divinam
1073 1536 1238 1567 scientiam
1257 1543 1293 1567 ut
1311 1535 1365 1573 sic,

296 1588 342 1612 est
365 1580 576 1617 necessarius,
601 1580 681 1612 idest
703 1580 736 1611 in
760 1586 843 1611 statu
872 1580 1081 1617 necessitatis;
1106 1580 1253 1621 quamvis
1276 1581 1309 1611 in
1334 1590 1366 1611 se

296 1625 335 1656 sit
351 1625 548 1666 contingens,
565 1632 596 1655 et
614 1625 729 1656 relatus
753 1624 793 1655 ad
809 1635 918 1655 causas
934 1625 1094 1665 proximas
1110 1625 1150 1656 sit
1169 1625 1365 1665 contingens.

352 1670 393 1700 Et
416 1670 460 1700 sic
483 1676 570 1710 patet
593 1675 623 1700 et
646 1669 742 1706 ratio,
768 1676 799 1700 et
821 1679 933 1700 sensus
957 1669 1120 1706 omnium,
1146 1676 1176 1700 et
1199 1669 1366 1710 responsio

297 1714 337 1744 ad
361 1713 493 1745 obiecta.
517 1713 706 1746 Benedictus
725 1714 823 1744 Deus.

349 1758 492 1789 XXVIII.
508 1758 542 1788 In
558 1758 767 1799 responsione
782 1758 823 1789 ad
839 1758 1026 1795 secundum,
1043 1758 1102 1789 tn'a
1117 1765 1192 1790 sunt
1207 1758 1365 1799 ambigua.
1388 1774 1389 1777 ¹

296 1803 441 1833 Primum
465 1809 525 1839 est,
556 1803 645 1844 quod
668 1803 750 1834 illud
772 1803 963 1834 antecedens
985 1808 1032 1834 est
1054 1803 1199 1834 absolute
1222 1813 1367 1834 necessa-

297 1848 392 1878 rium.
425 1847 609 1878 Secundum
637 1854 683 1879 est
713 1847 766 1878 illa
796 1847 922 1887 regula:
946 1847 1076 1888 quando
1107 1849 1139 1878 in
1163 1848 1369 1880 antecedente

290 1892 427 1932 ponitur
449 1891 574 1932 aliquid
597 1893 767 1932 pertinens
794 1892 838 1923 ad
865 1896 972 1922 actum
996 1893 1145 1930 animae,
1172 1901 1369 1932 consequens

297 1941 344 1967 est
367 1936 588 1976 accipiendum
613 1946 676 1967 non
692 1936 868 1967 secundum
893 1946 962 1967 esse
979 1937 1064 1976 quod
1086 1936 1180 1967 habet
1203 1938 1236 1967 in
1251 1946 1297 1974 se,
1312 1936 1369 1967 sed

297 1982 329 2011 in
349 1981 459 2011 anima
475 1979 503 2011 *.
528 1980 675 2012 Tertium
691 1987 738 2011 est
754 1980 923 2021 applicatio
939 1980 1035 2011 huius
1052 1980 1092 2011 ad
1108 1980 1312 2021 propositum
1322 1980 1366 2012 **.

355 2025 467 2056 XXIX.
494 2024 585 2056 Circa
607 2026 770 2065 primum,
803 2025 966 2066 diligenter
997 2025 1123 2056 adverte
1153 2026 1242 2066 quod
1271 2025 1368 2056 disce-

297 2069 460 2110 ptantibus
483 2069 522 2099 de
546 2069 608 2100 hoc
632 2069 853 2110 aequivocatio
877 2069 1033 2110 pabulum
1057 2070 1198 2110 praebet,
1224 2069 1369 2111 adeoque

297 2113 434 2150 abducit,
459 2120 494 2144 ut
514 2113 702 2145 Thomistae
718 2113 850 2155 quidam
869 2113 1046 2144 caecutiant
1059 2114 1092 2144 in
1108 2114 1216 2145 medio
1235 2114 1367 2150 lumine,

297 2159 472 2198 glossantes
491 2158 628 2189 litteram
647 2166 757 2190 contra
776 2158 844 2190 eius
862 2158 1082 2190 intentionem.

356 2202 442 2234 Scito
466 2202 569 2242 igitur,
590 2203 679 2243 quod
702 2203 847 2243 quaestio
872 2203 910 2233 de
934 2202 1117 2234 necessitate
1141 2202 1288 2235 scientIae
1318 2203 1368 2234 vel

298 2246 521 2287 praescientiae
544 2246 604 2277 Dei
627 2254 776 2287 respectu·
795 2247 988 2282 futurorum,
1012 2253 1127 2287 potest,
1147 2254 1306 2288 quantum
1329 2247 1369 2278 ad

297 2290 503 2332 propositum
526 2297 660 2331 spectat,
690 2291 856 2331 dupliciter
880 2290 1003 2322 discuti.
1035 2291 1144 2321 Primo
1167 2291 1311 2323 absolute
1339 2297 1369 2323 et

298 2335 473 2366 secundum
499 2345 584 2366 rem:
614 2345 654 2366 an
683 2335 800 2366 scilicet
828 2335 915 2366 Deus
943 2335 1119 2366 necessario
1150 2334 1226 2367 sciat
1249 2338 1278 2366 A
1302 2346 1369 2367 esse

298 2379 455 2411 futurum.
471 2379 512 2410 Et
534 2379 612 2410 haec
635 2380 779 2420 quaestio
803 2379 886 2410 clara
909 2379 974 2410 iam
997 2386 1059 2410 est:
1084 2379 1160 2420 quia
1179 2390 1245 2411 non
1262 2390 1369 2411 neces-

299 2424 381 2454 sario
399 2424 552 2460 absolute,
577 2424 633 2454 sed
654 2424 750 2455 libere
775 2423 863 2458 novit
886 2425 916 2454 A
939 2434 1006 2454 esse
1022 2423 1186 2460 futurum;
1211 2434 1286 2455 cum
1301 2435 1369 2466 quo

298 2476 406 2500 tamen
432 2475 492 2500 stat
522 2468 611 2509 quod
644 2469 839 2505 necessario,
872 2468 1054 2500 necessitate
1085 2468 1367 2505 immutabilitatis,

298 2513 388 2544 novit
402 2514 431 2543 A
446 2523 513 2544 esse
537 2512 691 2549 futurum,
709 2520 743 2545 ut
762 2519 848 2554 patet
871 2523 908 2543 ex
924 2512 1015 2544 dictis
1029 2511 1053 2543 *.
1079 2513 1120 2545 Et
1135 2513 1167 2544 in
1184 2513 1246 2544 hoc
1261 2513 1368 2544 nescio

299 2558 463 2590 doctorem
479 2557 621 2599 aliquem
637 2557 824 2589 discordare.
846 2557 909 2589 Sed
925 2557 987 2587 hoc
1003 2564 1049 2588 est
1065 2564 1149 2588 extra
1164 2558 1370 2598 propositum

298 2602 469 2643 praesentis
498 2602 694 2642 argumenti,
725 2602 815 2643 quod
845 2602 910 2632 vim
937 2601 1196 2642 propositionum
1224 2602 1368 2638 discutit,

298 2656 365 2677 non
388 2656 495 2678 rerum
518 2646 672 2678 absolute.

354 2691 429 2722 Alio
445 2691 545 2722 modo
561 2698 666 2732 potest
690 2690 813 2727 discuti,
831 2696 866 2722 ut
880 2690 1087 2731 signficatur
1104 2700 1168 2731 per
1191 2691 1272 2723 tales
1288 2701 1369 2732 pro-

292 2736 490 2776 positiones:
513 2742 544 2766 et
567 2736 610 2766 sle
635 2735 673 2766 de
690 2745 726 2766 ea
740 2735 772 2765 in
790 2735 851 2766 hoc
867 2742 1056 2775 argumento
1073 2741 1119 2766 est
1135 2745 1250 2767 sermo.
1276 2736 1370 2768 Unde

298 2780 370 2811 licet
393 2779 498 2820 primo
523 2780 633 2816 modo,
657 2779 738 2810 idest
761 2780 938 2810 secundum
962 2789 1030 2810 rem
1052 2779 1207 2816 absolute,
1227 2780 1316 2811 nulla
1331 2780 1370 2812 sit

300 2823 473 2855 differentia
496 2823 577 2855 inter
593 2824 696 2860 istam,
711 2825 802 2855 Deus
815 2825 875 2855 scit
889 2824 916 2854 A
924 2823 1095 2864 ficturum,
1113 2831 1144 2856 et
1159 2823 1262 2861 istam,
1279 2825 1370 2856 Deus

298 2870 390 2900 scivit
413 2870 440 2899 A
455 2867 631 2909 futurum,
656 2868 731 2909 quia
754 2868 883 2900 scientia
906 2868 965 2899 Dei
988 2867 1021 2898 in
1044 2878 1077 2899 se
1094 2875 1141 2900 est
1157 2876 1291 2906 aeterna,
1313 2879 1370 2900 nec

298 2913 410 2944 transit
440 2913 473 2943 in
503 2913 726 2954 praeteritum,
751 2919 824 2944 etc.:
858 2923 973 2953 magna
996 2919 1102 2944 tamen
1127 2912 1300 2945 differentia
1324 2921 1370 2946 est

300 2957 380 2988 inter
404 2967 455 2988 eas
479 2957 620 2988 secundo
647 2957 757 2988 modo.
788 2957 872 2995 Quia
895 2957 927 2987 in
951 2957 1054 2998 prima
1077 2956 1270 2998 significatur
1292 2957 1370 2989 scire

299 3002 359 3033 Dei
382 3008 418 3033 ut
441 3012 598 3043 praesens,
623 3001 656 3032 in
680 3002 818 3032 secunda
841 3011 917 3032 vero
942 3009 977 3032 ut
1001 3001 1220 3042 praeteritum:
1245 3009 1276 3034 et
1296 3002 1369 3033 ideo

300 3054 386 3078 tanta
415 3053 461 3078 est
485 3046 658 3077 differentia
689 3046 770 3077 inter
793 3056 861 3082 eas,
894 3053 1013 3087 quanta
1042 3045 1123 3077 inter
1152 3046 1370 3078 necessitatem

299 3090 528 3141 propositionis
552 3090 591 3121 de
615 3090 770 3131 praesenti
790 3098 820 3122 et
837 3091 875 3121 de
895 3090 1062 3131 praeterito
1086 3090 1119 3121 in
1142 3090 1272 3122 materia
1296 3101 1371 3122 con-

300 3135 433 3175 tingenti
456 3133 660 3178 (accipiendo
684 3136 874 3176 contingens
898 3141 933 3165 ut
957 3142 1003 3166 est
1027 3134 1199 3166 differentia
1222 3135 1370 3166 materiae

300 3179 570 3220 propositionum,
591 3189 665 3210 cum
682 3179 886 3220 distinguitur
901 3179 1012 3220 triplex
1029 3179 1159 3211 materia
1177 3179 1371 3220 propositio-

301 3234 399 3260 num,
425 3224 541 3255 scilicet
565 3231 703 3260 remota,
729 3223 919 3259 necessaria,
946 3230 975 3254 et
1000 3221 1211 3266 contingens).
1236 3223 1371 3255 Constat

301 3276 409 3300 autem
433 3278 470 3299 ex
493 3268 729 3304 communibus,
748 3268 837 3309 quod
853 3268 933 3299 inter
957 3267 1214 3308 propositionem
1229 3267 1268 3298 de
1282 3277 1370 3308 prae-

302 3313 381 3344 senti
406 3319 436 3344 et
459 3313 627 3353 praeterito
651 3322 758 3343 veram
782 3312 814 3342 in
838 3312 968 3343 materia
992 3311 1196 3352 contingenti,
1221 3319 1299 3355 puta
1314 3311 1371 3343 So-

302 3362 407 3388 crates
430 3357 517 3388 sedet
541 3364 571 3388 et
594 3357 744 3388 Socrates
765 3356 864 3394 sedit,
890 3356 966 3388 haec
989 3363 1036 3387 est
1059 3356 1252 3393 differentia,
1282 3357 1371 3397 quod

302 3401 354 3432 illa
378 3401 416 3432 de
441 3401 596 3442 praesenti
621 3411 686 3432 non
710 3408 757 3432 est
780 3400 951 3432 necessaria
975 3401 1138 3437 absolute,
1163 3399 1309 3442 quamvis
1333 3400 1373 3432 sit

303 3446 475 3476 necessaria
499 3456 573 3477 curn
598 3445 799 3487 appositione
815 3445 892 3476 dum
910 3445 1007 3483 sedet,
1026 3452 1061 3476 ut
1077 3444 1191 3476 dicitur
1205 3445 1239 3476 in
1256 3444 1267 3475 Ι
1283 3445 1371 3476 Peri-

302 3490 402 3521 herm.
420 3490 452 3526 *;
477 3490 535 3522 ista
558 3500 633 3521 vero
658 3491 696 3521 de
716 3489 884 3531 praeterito
909 3497 954 3520 est
974 3489 1146 3520 necessaria
1161 3489 1320 3526 absolute;
1338 3496 1373 3520 ut

302 3541 388 3574 patet
406 3544 441 3564 ex
458 3534 706 3566 contradictoriIS
724 3544 843 3565 earum.
867 3534 973 3564 Huius
989 3534 1075 3564 enim
1093 3532 1372 3566 contradictorium

303 3584 349 3608 est
373 3578 557 3618 simpliciter
579 3579 794 3620 impossibile,
819 3578 915 3610 etiam
938 3588 993 3619 per
1017 3578 1157 3609 divinam
1179 3577 1371 3619 potentiam,

303 3622 419 3654 scilicet
435 3622 584 3654 Socrates
599 3634 661 3654 non
679 3624 777 3655 sedit:
796 3622 880 3654 illius
892 3632 967 3653 vero
985 3622 1266 3654 contradictorium
1283 3621 1372 3652 abso-

303 3667 369 3698 lute
387 3674 432 3698 est
449 3667 608 3707 possibile,
625 3668 742 3699 scilicet
757 3668 907 3699 Socrates
923 3676 986 3698 non
1001 3667 1098 3698 sedet.
1116 3666 1212 3704 Quia,
1228 3665 1373 3710 quamvis

966 303 1234 351 QUAEST10
1266 303 1367 351 xiv,
1397 303 1695 340 ARTICULUS
1724 303 1812 340 x111

1416 392 1487 412 vere
1512 382 1627 418 sedeat,
1653 392 1719 412 non
1743 389 1851 414 tamen
1875 382 2067 413 necessario:
2093 382 2148 412 sed
2164 382 2220 423 qui
2234 382 2299 413 iam
2314 383 2403 419 sedit,
2419 393 2486 414 non

1417 426 1524 457 solum
1546 436 1619 457 vere
1643 426 1731 464 sedit,
1756 427 1812 457 sed
1834 437 1960 458 necesse
1985 434 2030 458 est
2053 426 2160 466 ipsum
2185 426 2310 463 sedisse,
2331 428 2487 469 quoniam

1416 470 1614 511 impossibile
1630 478 1677 502 est
1699 471 1808 512 ipsum
1827 482 1892 502 non
1912 470 2037 502 sedisse.
2062 470 2138 501 Hoc
2154 472 2237 501 enim
2253 471 2322 502 solo
2332 473 2487 512 privatur

1415 515 1525 552 Deus,
1555 516 1700 556 ingenita
1723 515 1843 556 facere
1872 525 1956 557 quae
1978 515 2075 557 facta
2104 520 2198 553 sunt,
2233 515 2309 547 dixit
2335 516 2486 556 Agathou

1417 557 1473 601 (VI
1497 559 1601 591 Ethic.
1617 557 1658 603 ¹²).

1470 604 1568 635 XXX.
1596 604 1681 635 Cum
1705 604 1800 645 igitur
1824 604 1930 635 omnis
1954 603 2133 645 propositio
2157 614 2230 635 vera
2253 604 2293 635 de
2318 605 2486 644 praeterito

1417 648 1457 679 sit
1471 649 1653 685 necessaria,
1671 659 1870 690 consequens
1887 656 1933 680 est
1950 648 2048 690 quod,
2066 648 2138 680 licet
2153 648 2212 679 ista
2228 648 2268 679 sit
2288 648 2485 689 contingens,

1416 693 1508 724 Deus
1531 694 1600 724 vult
1622 694 1650 724 A
1666 693 1758 734 fore,
1783 694 1843 725 ista
1863 701 1972 725 tamen
1997 699 2043 724 est
2067 692 2250 729 necessaria,
2273 693 2364 724 Deus
2388 694 2488 725 voluit

1416 738 1444 767 A
1465 736 1557 778 fore.
1582 738 1623 769 Et
1647 737 1802 775 similiter,
1826 737 1899 769 licet
1923 738 1999 769 haec
2027 737 2067 768 sit
2091 737 2292 777 contingens,
2315 737 2407 768 Deus
2428 739 2489 770 scit

1417 782 1445 812 A
1460 781 1553 822 sore,
1577 781 1638 813 ista
1655 789 1763 814 tamen
1786 789 1832 814 est
1855 782 2037 818 necessaria,
2061 782 2152 813 Deus
2174 782 2266 813 scivit
2287 783 2316 812 A
2331 781 2424 823 fore.
2447 782 2489 814 Et

1418 825 1462 856 sic
1477 833 1564 866 patet
1589 836 1688 867 quam
1703 826 1825 867 optime
1841 837 1877 858 ac
1896 826 2051 859 subtiliter
2067 827 2158 858 divus
2175 826 2320 857 Thomas
2335 827 2368 857 in
2386 826 2490 857 littera

1419 869 1529 900 dixerit
1556 870 1646 910 quod
1678 870 1766 902 istud
1798 871 2004 907 antecedens,
2033 871 2124 902 Deus
2146 872 2238 902 scivit
2264 871 2292 902 A
2315 870 2416 912 sore,
2442 878 2489 903 est

1419 914 1633 944 necessarium
1656 915 1816 946 absolute:
1842 922 1873 946 et
1888 915 1978 956 quod
2000 925 2067 946 non
2090 915 2224 947 intendit
2247 916 2338 956 quod
2362 916 2402 946 sit
2420 922 2488 947 tan-

1419 965 1491 989 tum
1513 958 1738 995 necessarium:
1751 958 1832 990 idest
1854 959 2063 996 immutabile,
2081 966 2117 991 ut
2139 960 2271 1001 quidam
2286 960 2438 1001 glossant,
2458 967 2489 991 et

1419 1002 1519 1039 male;
1539 1012 1616 1033 nam
1632 1002 1747 1033 frustra
1762 1003 1932 1034 addidisset
1947 1004 1980 1044 ly
1994 1004 2149 1042 absolute,
2169 1011 2200 1035 et
2218 1004 2390 1036 laborasset
2409 1004 2488 1036 alios

1420 1047 1691 1087 reprehendendo.
1708 1065 1727 1069 -
1742 1047 1832 1078 Patet
1855 1047 1951 1078 etiam
1975 1049 2066 1088 quod
2088 1048 2167 1079 nihil
2191 1048 2290 1081 officit
2313 1049 2490 1080 necessitati

1420 1091 1584 1123 absolutae
1606 1091 1701 1128 illius,
1719 1091 1868 1123 transitus
1892 1098 1979 1123 actus
1994 1091 2113 1123 sciendi
2131 1102 2227 1133 super
2242 1093 2351 1124 futuro
2367 1093 2490 1124 contin-

1419 1135 1520 1175 genti:
1546 1136 1693 1177 quamvis
1716 1135 1858 1167 multum
1879 1135 1943 1167 hoc
1966 1135 2087 1172 referat,
2110 1136 2275 1178 loquendo
2299 1138 2338 1169 de
2361 1137 2490 1169 scientia

1420 1180 1479 1210 Dei
1495 1180 1650 1212 absolute.
1667 1198 1688 1203 -
1701 1181 1791 1211 Patet
1813 1179 1909 1211 etiam
1925 1180 2015 1222 quod
2037 1180 2229 1221 posteriores
2253 1191 2321 1213 non
2342 1182 2491 1214 videntur

1421 1224 1608 1256 intellexisse
1631 1225 1718 1256 hunc
1737 1225 1857 1256 locum.
1882 1225 1923 1256 Et
1941 1224 2025 1262 ideo,
2044 1225 2230 1257 ventilantes
2245 1225 2309 1257 hoc
2324 1235 2491 1266 argumen-

1420 1276 1501 1306 tum,
1522 1269 1562 1300 ad
1580 1268 1744 1301 scientiam
1767 1269 1827 1300 Dei
1850 1269 1883 1300 in
1907 1279 1939 1300 se
1963 1269 2117 1306 absolute,
2143 1276 2173 1301 et
2196 1267 2432 1310 propositiones
2451 1270 2491 1302 de

1421 1314 1577 1354 praesenti
1592 1313 1796 1350 diverterunt,
1809 1323 1845 1345 ac
1861 1314 1887 1344 si
1906 1313 2140 1355 aequivalerent
2156 1313 2218 1345 illis
2231 1314 2270 1345 de
2282 1314 2460 1355 praeterito.
2471 1331 2491 1338 -

1421 1358 1509 1389 Haec
1533 1358 1572 1389 de
1595 1358 1711 1399 primo.

1474 1403 1589 1434 XXXI.
1613 1403 1732 1440 Quoad
1754 1403 1929 1434 secundum
1945 1402 1971 1439 *,
1997 1402 2169 1444 Gregorius
2189 1403 2227 1434 de
2243 1403 2401 1440 Arimino,
2418 1403 2452 1435 in
2468 1403 2491 1440 I,

1421 1447 1492 1478 dist.
1512 1457 1627 1478 xxxvm
1642 1447 1679 1484 *,
1704 1446 1807 1488 arguit
1830 1447 1911 1478 hanc
1934 1447 2078 1488 regulam
2101 1447 2254 1479 falsitatis.
2282 1447 2368 1486 Quia
2390 1448 2492 1485 valet,

1420 1492 1486 1522 scio
1510 1491 1648 1532 lapidem
1673 1501 1742 1523 esse
1764 1491 1964 1523 materialem
1977 1514 1988 1530 ,
2013 1501 2093 1533 ergo
2116 1492 2200 1533 lapis
2223 1497 2270 1524 est
2292 1493 2494 1525 materialis:

1422 1542 1452 1568 et
1475 1543 1582 1567 tamen
1606 1542 1730 1568 constat
1751 1536 1842 1577 quod
1865 1545 2063 1577 consequens
2081 1536 2266 1577 intelligitur
2281 1537 2320 1568 de
2338 1537 2444 1578 lapide
2458 1537 2494 1568 in

1422 1580 1546 1621 seipso,
1578 1587 1609 1612 et
1638 1591 1705 1611 non
1729 1580 1908 1612 secundum
1931 1590 1999 1612 esse
2021 1581 2112 1632 quod
2134 1580 2229 1613 habet
2255 1581 2289 1612 in
2311 1581 2428 1614 anima.
2451 1581 2495 1614 Et

2514 564 2522 573 ·
2539 562 2598 591 Cap.
2614 569 2640 590 11,
2656 569 2679 586 n.
2690 563 2714 585 6.

2519 1411 2733 1436 'Cfinnmxxvun

2519 1452 2530 1463 ·
2546 1451 2596 1481 Qu.
2605 1457 2631 1480 u,
2645 1455 2689 1475 nrt.
2697 1458 2718 1481 3.

1422 1625 1564 1656 similiter
1580 1632 1716 1666 possunt
1731 1624 1831 1655 afferri
1845 1625 1933 1656 mille
1947 1625 2123 1662 instantiae,
2139 1632 2226 1667 puta,
2243 1627 2306 1658 scio
2325 1626 2492 1658 Socratem

1422 1679 1568 1707 currere,
1593 1679 1673 1711 ergo
1697 1669 1847 1701 Socrates
1869 1670 1985 1707 currit,
2011 1676 2068 1701 etc.

1475 1714 1603 1745 XXXII.
1627 1714 1681 1744 Ad
1703 1713 1765 1745 hoc
1789 1713 1911 1751 dicitur,
1936 1714 2027 1756 quod
2049 1714 2108 1745 ista
2130 1714 2249 1755 regula,
2266 1714 2440 1747 formaliter
2463 1722 2495 1747 et

1422 1759 1502 1790 bene
1518 1758 1685 1795 intellecta,
1701 1765 1748 1790 est
1762 1757 1933 1790 verissima.
1953 1759 2151 1790 Formaliter
2159 1758 2310 1800 quidem:
2331 1766 2402 1792 tum
2417 1759 2495 1801 quia

1422 1802 1626 1844 intelligenda
1656 1809 1703 1833 est
1726 1803 1765 1833 de
1798 1810 2013 1844 consequente
2043 1803 2152 1844 quoad
2183 1803 2216 1834 id
2244 1803 2334 1844 quod
2360 1803 2495 1836 infertur

1422 1847 1456 1878 in
1475 1857 1514 1878 eo
1534 1857 1571 1878 ex
1589 1847 1620 1878 vi
1645 1854 1732 1878 actus
1756 1846 1880 1878 animae
1903 1847 2001 1888 positi
2023 1847 2056 1878 in
2079 1847 2292 1884 antecedente,
2317 1854 2348 1880 et
2369 1858 2438 1880 non
2456 1858 2495 1880 ex

1423 1891 1532 1933 aliquo
1549 1891 1612 1923 alio
1636 1898 1802 1931 assumpto
1819 1891 1853 1922 in
1867 1891 2086 1928 antecedente;
2109 1898 2181 1922 tum
2195 1891 2272 1933 quia
2290 1891 2496 1933 intelligenda

1423 1944 1470 1968 est
1486 1937 1524 1967 de
1540 1935 1597 1967 illo
1613 1946 1651 1968 ex
1666 1935 1697 1966 vi
1712 1942 1800 1966 actus
1823 1935 1947 1967 animae
1970 1935 2059 1967 illato
2084 1941 2118 1967 ut
2140 1937 2198 1974 sic,
2223 1945 2279 1967 seu
2302 1936 2495 1978 inquantum

1422 1981 1555 2012 infertur
1579 1991 1616 2011 ex
1637 1979 1692 2011 tali
1717 1986 1804 2017 actu,
1829 1987 1860 2012 et
1883 1990 1950 2011 non
1973 1980 2129 2012 absolute.
2158 1980 2248 2012 Bene
2270 1980 2496 2022 autem1quia

1423 2035 1492 2057 esse
1508 2026 1541 2056 in
1556 2026 1667 2056 anima
1690 2031 1721 2056 et
1744 2024 1777 2066 ly
1801 2034 1870 2056 esse
1892 2026 1925 2055 in
1941 2034 1976 2056 se
1998 2034 2066 2056 non
2089 2024 2133 2056 sic
2155 2024 2390 2066 interpretanda
2407 2032 2494 2062 sunt,

1424 2077 1459 2102 ut
1474 2070 1579 2111 prima
1601 2069 1679 2100 facie
1702 2076 1841 2110 apparet,
1866 2076 1963 2110 prout
1986 2068 2103 2100 scilicet
2126 2079 2193 2100 esse
2211 2069 2244 2100 in
2263 2069 2370 2100 anima
2385 2068 2496 2102 dintin-

1423 2114 1531 2156 guitur
1554 2121 1664 2146 contra
1687 2124 1754 2145 esse
1777 2113 1811 2144 in
1834 2123 1940 2145 rerum
1964 2121 2085 2146 natura.
2110 2113 2173 2146 Sed
2193 2113 2228 2155 ly
2251 2123 2320 2145 esse
2334 2114 2367 2145 in
2383 2114 2495 2147 anima

1423 2159 1561 2191 sumitur
1576 2159 1637 2194 hic,
1654 2165 1690 2190 ut
1706 2165 1752 2189 est
1770 2168 1944 2189 commune
1959 2158 1999 2189 ad
2017 2158 2110 2190 illum
2128 2158 2265 2190 modum
2288 2157 2412 2190 essendi
2426 2168 2497 2200 quo

1424 2203 1662 2243 distinguuntur
1685 2202 1769 2234 entia
1791 2203 1824 2233 in
1848 2202 1954 2233 anima
1977 2203 2016 2233 ab
2040 2202 2165 2234 entibus
2188 2210 2273 2234 extra
2289 2202 2440 2240 animam,
2463 2210 2496 2235 et

1424 2248 1463 2278 ad
1487 2247 1567 2278 inud
1590 2256 1676 2282 esse,
1701 2256 1756 2277 seu
1785 2246 1875 2277 illam
1903 2246 2165 2287 dispositionem,
2189 2257 2254 2288 qua
2276 2257 2325 2278 res
2348 2246 2496 2279 tea-minat

1424 2298 1532 2323 actum
1554 2290 1687 2322 animae.
1719 2290 1800 2322 Esse
1823 2300 1899 2321 vero
1927 2291 1959 2321 in
1983 2300 2018 2322 se
2041 2291 2179 2322 sumitur
2204 2290 2256 2322 hic
2279 2291 2382 2323 stricte
2396 2314 2404 2328 ,
2434 2299 2496 2334 pro

1424 2345 1491 2367 esse
1507 2335 1597 2376 quod
1613 2335 1744 2366 debetur
1759 2334 1787 2365 ei
1806 2334 1950 2365 absolute
1969 2339 2005 2365 ut
2026 2335 2084 2372 sic,
2108 2335 2189 2367 idest
2211 2334 2405 2376 inquantum
2419 2344 2495 2367 con-

1423 2379 1511 2411 venit
1533 2380 1562 2410 ei
1585 2379 1748 2410 absolute:
1780 2378 1845 2410 sive
1868 2378 1928 2410 tale
1953 2388 2020 2410 esse
2044 2378 2211 2410 conveniat
2234 2378 2293 2410 sibi
2316 2379 2496 2411 secundum

1424 2424 1602 2466 praedicata
1625 2422 1842 2464 quidditativa,
1858 2430 1937 2463 puta
1959 2423 2053 2454 homo
2067 2428 2114 2454 est
2129 2423 2254 2455 animal
2259 2430 2273 2462 ,·
2295 2423 2360 2454 sive
2384 2433 2495 2455 secun-

1425 2469 1504 2500 dum
1536 2468 1714 2509 praedicata
1743 2467 1941 2503 existentiae,
1971 2475 2007 2499 ut
2029 2467 2180 2499 Socrates
2202 2473 2267 2506 est,
2291 2474 2347 2499 aut
2379 2468 2493 2500 currit.

1425 2513 1471 2545 Ita
1493 2513 1584 2554 quod
1607 2522 1718 2544 sensus
1741 2511 1867 2552 regulae
1891 2518 1938 2542 est
1960 2511 2060 2553 quod,
2084 2511 2215 2553 quando
2237 2511 2272 2543 in
2291 2511 2495 2544 antecedente

1424 2557 1555 2598 ponitur
1578 2556 1698 2598 aliquid
1722 2556 1881 2598 pertinens
1911 2556 1951 2586 ad
1974 2562 2082 2587 actum
2105 2555 2249 2592 animae,
2280 2565 2495 2597 consequent,

1423 2603 1617 2644 inquantum
1640 2600 1783 2642 sequitur
1806 2610 1843 2631 ex
1866 2600 1898 2631 vi
1920 2599 2004 2631 illius
2027 2607 2116 2632 actus
2147 2600 2288 2637 animae,
2312 2606 2360 2632 est
2381 2599 2495 2633 intelli-

1423 2646 1566 2687 gendum
1589 2646 1767 2676 secundum
1798 2655 1864 2676 esse
1893 2645 1983 2686 quod
2011 2644 2105 2676 habet
2131 2644 2165 2675 in
2188 2644 2312 2681 anima,
2345 2644 2425 2676 idest
2447 2654 2496 2677 se-

1425 2691 1568 2723 cundum
1601 2700 1667 2721 esse
1701 2689 1916 2726 obiectivum,
1948 2689 1999 2720 vel
2029 2689 2208 2720 secundum
2240 2689 2439 2721 conditiones
2461 2689 2496 2721 in

1424 2735 1549 2767 obiecto
1569 2734 1773 2766 terminantes
1797 2741 1904 2766 actum
1927 2733 2068 2770 animae;
2094 2740 2124 2766 et
2145 2743 2213 2764 non
2232 2733 2410 2765 secundum
2427 2743 2496 2765 esse

1424 2780 1513 2822 quod
1537 2779 1631 2810 habet
1654 2778 1687 2809 in
1710 2789 1761 2815 se,
1793 2778 1890 2810 idest:
1923 2785 1954 2810 et
1977 2788 2044 2809 non
2075 2784 2121 2810 est
2143 2777 2224 2809 illud
2253 2777 2496 2818 intelligendum

1425 2824 1569 2856 absolute
1593 2830 1623 2854 et
1647 2822 1829 2863 simpliciter
1853 2830 1888 2854 ut
1911 2822 1964 2854 sic.

1478 2868 1619 2900 XXXIII.
1636 2867 1734 2905 Quod
1754 2874 1862 2898 autem
1881 2867 1998 2907 regula,
2018 2866 2062 2898 sic
2085 2866 2252 2903 intellecta,
2269 2865 2308 2897 sit
2322 2865 2494 2902 verissima,

1425 2913 1586 2954 probatur.
1607 2912 1692 2950 Quia
1707 2919 1796 2943 actus
1812 2911 1936 2942 animae
1953 2911 1991 2942 de
2005 2911 2123 2952 quibus
2141 2917 2188 2942 est
2211 2919 2326 2946 sermo,
2343 2915 2419 2942 sunt
2433 2909 2496 2941 im-

1425 2964 1599 2993 manentes,
1615 2966 1674 2988 nec
1697 2963 1771 2987 sunt
1799 2955 1858 2986 nisi
1882 2965 2074 3007 cognoscere
2089 2961 2120 2986 et
2141 2961 2299 2995 appetere.
2320 2953 2416 2985 Tales
2438 2963 2495 2985 au·

1425 3010 1491 3034 tem
1510 3009 1607 3038 actus,
1625 3008 1660 3032 ut
1674 3000 1728 3037 sic,
1746 2999 1825 3031 nihil
1839 3009 1965 3040 ponunt
1979 2999 2013 3031 in
2027 2998 2092 3030 suis
2107 2998 2251 3030 obiectis:
2273 3005 2303 3030 et
2316 2997 2390 3029 ideo
2404 2998 2496 3040 quod

1425 3057 1462 3077 ex
1479 3056 1591 3077 eorum
1606 3045 1637 3076 vi
1650 3044 1783 3076 infertur
1798 3044 1967 3076 convenire
1986 3042 2126 3080 obiectis,
2142 3050 2178 3074 ut
2193 3042 2246 3079 sic,
2264 3052 2331 3074 non
2347 3042 2496 3074 convenit

1425 3091 1519 3122 rebus
1543 3089 1674 3121 obiectis
1689 3089 1843 3120 absolute.
1860 3089 1941 3120 Dico
1960 3094 2068 3120 autem
2083 3092 2119 3118 ut
2133 3088 2197 3118 sic:
2215 3087 2291 3128 quia
2309 3086 2407 3127 gratia
2428 3097 2495 3118 ma-

1424 3135 1529 3170 teriae,
1545 3140 1675 3176 propter
1698 3133 1943 3165 coincidentiam
1966 3131 2224 3164 convenientium
2239 3131 2384 3163 absolute
2401 3130 2496 3163 alicui

1426 3186 1456 3210 et
1470 3179 1634 3210 illatorum
1649 3178 1688 3209 de
1704 3178 1819 3209 eodem
1835 3188 1872 3208 ex
1885 3177 1917 3208 vi
1933 3183 2020 3209 actus
2035 3175 2168 3212 animae,
2183 3175 2338 3216 contingit
2356 3175 2389 3206 id
2405 3175 2495 3217 quod

1425 3223 1558 3255 infertur
1581 3233 1618 3254 ex
1641 3229 1712 3254 actu
1742 3222 1876 3258 animae,
1902 3220 2069 3254 convenire
2093 3219 2136 3251 rei
2160 3220 2305 3251 absolute
2333 3227 2363 3251 et
2385 3219 2420 3250 in
2442 3228 2494 3256 εκ

1427 3268 1481 3298 sed
1504 3267 1566 3298 hoc
1589 3266 1701 3298 accidit
1724 3266 1822 3303 illato,
1847 3266 2039 3307 inquantum
2062 3264 2178 3305 pendet
2203 3274 2239 3295 ex
2263 3271 2335 3297 actu
2358 3263 2493 3295 animae.

1427 3312 1533 3348 Unde,
1558 3321 1633 3342 cum
1656 3311 1715 3342 ista
1744 3309 1988 3361 consequentia,
2020 3309 2086 3340 scio
2109 3308 2274 3340 Socratem
2299 3317 2492 3346 cursurum,

1427 3366 1507 3406 ergo
1531 3355 1680 3387 Socrates
1702 3360 1830 3393 curret,
1854 3354 1894 3386 sit
1917 3352 2058 3394 optima,
2088 3360 2117 3384 et
2142 3352 2368 3394 consequentia
2390 3359 2495 3384 teneat

1427 3410 1464 3431 ex
1479 3400 1509 3430 vi
1527 3407 1614 3431 actus
1630 3399 1767 3435 sciendi,
1793 3398 1868 3440 quia
1891 3397 2006 3429 scilicet
2031 3404 2077 3428 est
2100 3404 2217 3434 certus,
2241 3406 2334 3429 verus
2357 3403 2389 3428 et
2403 3395 2494 3427 infal-

1427 3444 1536 3480 libilis;
1568 3453 1766 3484 consequens
1790 3452 1857 3474 non
1880 3449 1926 3473 est
1949 3441 2170 3483 accipiendum
2191 3441 2226 3472 in
2249 3451 2300 3478 se,
2323 3440 2403 3472 idest
2425 3447 2493 3472 tan-

1427 3498 1525 3529 quam
1542 3498 1606 3519 una
1622 3486 1800 3529 propositio
1823 3495 1905 3522 vera,
1931 3493 2013 3518 certa
2037 3493 2067 3517 et
2086 3485 2257 3517 infallibilis
2280 3494 2335 3526 per
2358 3483 2494 3525 seipsam

1427 3541 1589 3568 seorsum;
1613 3532 1668 3563 sed
1685 3538 1720 3562 ut
1735 3540 1934 3571 consequens
1955 3540 1991 3561 ex
2006 3530 2060 3562 tali
2075 3530 2286 3565 antecedente,
2302 3528 2393 3565 idest,
2414 3538 2495 3569 ergo

1427 3576 1577 3607 Socrates
1600 3580 1721 3613 curret,
1746 3585 1784 3606 ea
1809 3576 1957 3613 veritate,
1983 3574 2174 3606 certitudine
2197 3579 2227 3606 et
2250 3572 2492 3614 infallibilitate,

1427 3630 1490 3661 qua
1514 3621 1616 3652 scitur
1639 3629 1805 3651 cursurus.
1834 3619 1875 3650 Et
1899 3619 1960 3650 hoc
1983 3619 2055 3650 ideo
2080 3619 2202 3650 dictum
2223 3624 2283 3654 est,
2307 3616 2383 3658 quia
2406 3624 2495 3647 actus

1428 3664 1551 3695 animae
1574 3673 1640 3695 non
1664 3663 1757 3695 infert
1780 3663 1812 3694 in
1837 3673 1875 3694 eo
1900 3663 1994 3694 aliam
2018 3662 2252 3698 certitudinem,
2276 3660 2438 3692 veritatem
2464 3667 2495 3692 et
