2768 4178
30 779 150 828 {aava
163 786 244 807 nvm,

28 1422 166 1469 ‘Qu-ua&

25 2026 36 2038 ⁸
43 2027 117 2051 8:11¹.
124 2028 177 2051 leet.
182 2035 239 2052 xxn.

25 2191 36 2202 ·
49 2190 103 2214 Lib.
114 2190 132 2220 1,
143 2170 195 2220 cap.
205 2198 238 2214 tx.

121 3153 139 3179 t

22 3283 36 3340 Ξ
50 3284 99 3313 Qu.
109 3290 185 3311 nvm,
195 3287 237 3306 art.

963 245 1229 291 QUAESTIO
1258 248 1399 294 XLIX,
1429 248 1725 287 ARTICULUS
1755 252 1768 287 Ι

2376 265 2454 301 499

708 441 1121 517 QUAESTIO
1161 445 2028 520 QUADRAGESIMANONA

1112 562 1196 601 DE
1230 563 1434 605 CAUSA
1468 566 1617 607 MALI

1015 671 1058 695 ΙΝ
1096 671 1213 697 TRES
1250 674 1523 700 ARTICULOS
1560 677 1720 703 DIVISA

373 783 637 815 ONSEQUENTER
665 771 867 820 quaeritur,
886 772 933 809 de
963 785 1077 810 causa
1105 774 1194 811 mali
1213 773 1243 811 ³¹⁶.

426 825 476 862 Et
504 825 604 862 circa
630 825 706 861 hoc
735 833 969 873 quaeruntur
996 826 1076 862 tria.

353 877 513 915 Primo:
561 885 688 914 utrum
736 878 883 915 bonum
927 879 1048 927 possit
1097 891 1179 916 esse
1226 893 1339 917 causa

405 930 509 968 mali.

1450 778 1647 816 Secundo:
1683 787 1811 817 utrum
1841 794 2036 819 summum
2065 784 2232 831 bonum,
2268 785 2372 833 quod
2401 793 2456 822 est

1503 831 1618 878 Deus,
1649 832 1694 869 sit
1723 846 1835 869 causa
1862 834 1962 871 mali.

1448 884 1598 921 Tertio:
1628 893 1755 922 utrum
1790 886 1834 922 sit
1863 887 2016 934 aliquod
2053 901 2248 926 summum
2281 891 2452 938 malum,

1502 938 1606 984 quod
1634 938 1681 974 sit
1707 939 1831 986 prima
1860 952 1972 976 causa
2001 941 2174 978 omnium
2202 943 2403 979 malorum.

1091 1041 1406 1084 ARTICULUS
1438 1044 1641 1087 PRIMUS

905 1129 1062 1160 UTRUM
1085 1129 1239 1160 BONUM
1262 1131 1409 1162 Possm·
1432 1133 1532 1163 ESSE
1556 1133 1697 1165 CAUSA
1720 1136 1824 1165 MALI

427 1207 448 1232 Ι·
468 1207 520 1238 11··,
540 1215 585 1240 qu.
604 1215 677 1238 Lxxv,
697 1213 744 1234 art.
766 1215 794 1238 1;
813 1208 834 1232 11
854 1208 936 1238 Sem„
957 1208 1016 1233 dist.
1035 1216 1053 1237 1,
1073 1216 1118 1240 qu.
1137 1217 1154 1238 1.
1174 1214 1213 1233 art
1235 1217 1256 1240 1,
1277 1210 1308 1234 ad
1329 1217 1356 1241 25
1377 1211 1435 1236 dist.
1454 1219 1540 1243 xxxw,
1560 1218 1606 1237 art.
1627 1213 1656 1242 3;
1676 1214 1696 1237 II
1718 1215 1793 1239 Cont.
1811 1216 1897 1245 Gent„
1918 1223 1973 1248 cap.
1991 1224 2046 1247 xL13
2066 1217 2105 1248 Ill,
2126 1225 2181 1250 cap.
2199 1226 2222 1250 x,
2241 1226 2300 1250 ¹111}

554 1248 573 1250 ‘⁷
639 1243 681 1268 De
700 1243 766 1272 Pot„
786 1251 831 1276 qu.
849 1251 886 1272 m,
906 1248 952 1268 art.
972 1242 997 1275 6,
1017 1244 1049 1268 ad
1073 1252 1080 1268 ι
1105 1251 1179 1277 sqq.;
1200 1244 1242 1269 De
1261 1245 1344 1276 Malo,
1365 1253 1409 1278 qu.
1427 1254 1445 1275 1,
1465 1252 1511 1271 art.
1534 1247 1562 1278 33
1584 1248 1625 1272 De
1644 1249 1706 1273 Div.
1726 1250 1813 1279 Nom„
1834 1258 1889 1283 cap.
1904 1258 1937 1280 xv,
1957 1252 2015 1277 lect.
2032 1260 2090 1277 xx11.

470 1345 510 1369 D
538 1345 676 1370 PRIMUM
704 1344 758 1369 s1c
785 1344 1024 1370 PROCEmTUR.
1054 1333 1213 1370 Videtur
1233 1334 1339 1382 quod

412 1418 421 1437 x
488 1386 635 1423 bonum
655 1399 735 1423 non
752 1385 873 1435 possit
897 1398 980 1423 esse
1005 1398 1119 1423 causa
1142 1387 1244 1423 mali.
1274 1386 1339 1423 Di-

399 1463 401 1465 ·
423 1426 475 1490 '²5
488 1439 582 1476 citur
602 1439 704 1476 enim
719 1439 965 1476 Matth.vt1*:
985 1440 1077 1476 Non
1086 1445 1211 1488 potest
1222 1441 1340 1476 arbor

442 1486 586 1531 &bona
614 1492 735 1529 malos
751 1493 906 1541 fructus
922 1493 1072 1541 facere.

324 1559 360 1584 2.
389 1547 624 1592 PRAETEREA,
653 1558 775 1582 unum
806 1545 1082 1582 contrariorum
1112 1558 1190 1582 non
1213 1554 1339 1595 potest

269 1612 352 1637 esse
366 1605 384 1622 ⁸
404 1612 519 1636 causa
534 1598 697 1636 alterius.
719 1599 867 1635 Malum
888 1606 1015 1635 autem
1036 1606 1092 1635 est
1107 1600 1336 1636 contrarium

268 1653 386 1691 bono.
417 1654 519 1700 Ergo
540 1653 688 1689 bonum
709 1664 787 1688 non
806 1659 932 1700 potest
952 1664 1034 1689 esse
1055 1665 1169 1689 causa
1188 1653 1290 1689 mali.

324 1707 359 1743 3.
390 1707 629 1752 PRAETEREA,
660 1704 817 1742 effectus
846 1705 1029 1742 deficiens
1058 1718 1137 1742 non
1165 1706 1338 1755 procedit

268 1758 340 1796 nisi
367 1771 391 1796 a
419 1771 534 1796 causa
567 1758 778 1795 deficiente.
819 1759 896 1795 Sed
924 1759 1091 1805 malurn,
1121 1759 1152 1795 si
1181 1772 1336 1796 causam

267 1812 418 1859 habeat,
441 1819 497 1849 est
516 1811 673 1848 effectus
694 1810 887 1848 deficiens.
917 1812 1020 1859 Ergo
1043 1812 1160 1848 habet
1180 1825 1336 1850 causam

269 1865 524 1903 deficientem.
547 1865 624 1902 Sed
644 1877 761 1901 omne
782 1864 964 1902 deficiens
984 1866 1128 1902 malum
1145 1873 1211 1902 est.
1233 1867 1335 1913 Ergo

268 1931 383 1956 causa
410 1918 500 1955 mali
529 1931 609 1955 non
637 1926 693 1954 est
720 1917 791 1954 nisi
819 1919 976 1954 malum.

319 1983 358 2020 4.
388 1972 623 2018 PRAETEREA,
652 1970 860 2019 Dionysius
890 1971 989 2018 dicit,
1015 1981 1051 2008 1v
1071 1983 1153 2020 cap.
1174 1972 1220 2008 de
1247 1973 1332 2009 Div.

266 2025 385 2063 Nom.
405 2025 446 2072 *,
477 2024 582 2073 quod
609 2025 755 2061 malum
783 2036 862 2061 non
889 2025 1005 2061 habet
1034 2036 1201 2062 causam.
1233 2026 1335 2073 Ergo

267 2078 415 2115 bonum
443 2090 523 2114 non
552 2085 608 2114 est
636 2089 751 2114 causa
779 2077 880 2114 mali.

321 2132 397 2168 SED
426 2142 574 2169 CONTRA
601 2142 668 2167 EST
692 2130 795 2178 quod
814 2130 1048 2178 Augustinus
1069 2130 1168 2178 dicit,
1194 2132 1335 2169 Contra

265 2184 460 2221 Iulianum
478 2183 515 2221 *ε
544 2184 636 2221 Νοη
659 2184 743 2232 fuit
774 2184 927 2220 omnino
957 2184 1055 2220 unde
1087 2185 1183 2220 oriri
1211 2191 1338 2232 posset

265 2237 431 2283 malum,
462 2237 533 2274 nisi
559 2249 619 2280 exs
636 2237 746 2273 bono.

320 2291 548 2328 Responmzo
576 2301 761 2326 DICENDUM
799 2289 905 2337 quod
939 2302 1094 2326 necesse
1125 2297 1180 2326 est
1208 2290 1334 2328 dicere

266 2343 372 2392 quod
409 2355 527 2380 omne
564 2343 710 2380 malum
747 2342 957 2390 aliqualiter
995 2355 1149 2379 causam
1183 2344 1332 2382 habeat.

266 2396 415 2433 Malum
442 2396 544 2432 enim
574 2403 629 2432 est
658 2395 826 2432 defectus
855 2395 947 2432 boni
981 2395 1087 2444 quod
1116 2404 1247 2433 natum
1279 2406 1334 2434 est

267 2456 303 2486 et
331 2449 446 2486 debet
472 2448 616 2486 haberi.
654 2448 771 2495 Quod
799 2456 926 2485 autem
957 2448 1096 2498 aliquid
1132 2449 1283 2486 deficiat
1311 2463 1333 2487 a

266 2514 335 2540 sua
363 2501 523 2539 naturali
558 2509 595 2538 et
627 2501 754 2539 debita
787 2501 1054 2550 dispositione,
1094 2514 1172 2538 non
1209 2510 1334 2551 potest

264 2555 469 2604 provenire
493 2554 564 2591 nisi
584 2567 629 2591 ex
650 2554 775 2602 aliqua
796 2567 910 2591 causa
936 2555 1107 2592 trahente
1128 2568 1208 2592 rem
1231 2564 1333 2593 extra

266 2620 376 2645 suam
415 2607 725 2656 dispositionem:
755 2620 835 2644 non
868 2608 971 2644 enim
1005 2620 1120 2656 grave
1154 2617 1334 2645 movetur

265 2673 416 2698 sursum
446 2660 517 2697 nisi
540 2661 589 2697 ab
619 2660 746 2708 aliquo
775 2661 1006 2709 impellente,
1037 2673 1109 2697 nec
1133 2674 1248 2709 agens
1269 2662 1332 2699 de—

264 2714 344 2751 ficit
361 2714 400 2751 in
420 2712 436 2738 ⁶
460 2726 528 2750 sua
556 2713 706 2750 actione
734 2713 804 2750 nisi
827 2722 983 2763 propter
1002 2714 1153 2762 aliquod
1174 2715 1332 2763 impedi-

265 2774 453 2804 mentum.
483 2767 579 2803 Esse
609 2774 737 2804 autern
766 2779 921 2804 causam
950 2780 1029 2804 non
1047 2775 1172 2816 potest
1192 2781 1333 2805 conve-

265 2820 345 2857 nire
373 2820 444 2857 nisi
473 2820 596 2856 bono:
627 2820 717 2868 quia
744 2820 835 2856 nihil
863 2827 988 2869 potest
1018 2833 1099 2857 esse
1121 2834 1235 2857 causa
1263 2821 1332 2858 nisi

312 1354 369 1378 1⁷⁸5
394 1358 464 1431 {33

418 1398 443 1408 ,t

265 2873 492 2922 inquantum
519 2880 574 2910 est
593 2886 678 2919 ens;
709 2885 825 2909 omne
854 2881 982 2910 autem
1006 2886 1084 2919 ens,
1106 2874 1332 2922 inquantum

264 2926 497 2973 huiusmodi,
528 2927 675 2963 bonum
706 2934 770 2963 est.
801 2927 850 2963 Et
878 2926 908 2963 si
937 2927 1223 2964 consideremus
1248 2940 1332 2975 spe-

266 2979 376 3016 ciales
405 2979 571 3016 rationes
599 2991 813 3026 causarum,
840 2991 955 3027 agens
984 2987 1021 3016 et
1048 2981 1172 3017 forma
1192 2988 1228 3016 et
1247 2980 1332 3017 finis

264 3032 541 3081 perfectionem
571 3032 766 3082 quandam
794 3032 1016 3081 important,
1047 3045 1144 3082 quae
1171 3033 1333 3081 pertinet

266 3085 315 3122 ad
343 3085 529 3122 rationem
557 3085 670 3122 boni:
700 3085 766 3122 sed
788 3093 824 3122 et
843 3085 1011 3132 materia,
1031 3086 1257 3134 inquantum
1279 3093 1333 3123 est

264 3138 433 3187 potentia
451 3143 465 3164 ⁷
494 3138 543 3175 ad
572 3139 732 3185 bonum,
762 3139 877 3175 habet
905 3139 1091 3175 rationem
1121 3139 1222 3175 boni.

319 3192 368 3227 Et
396 3190 552 3240 quidem
589 3193 694 3241 quod
734 3192 881 3228 bonum
920 3192 964 3229 sit
994 3204 1107 3228 causa
1145 3192 1234 3228 mali
1264 3204 1332 3240 per

265 3243 427 3281 modum
457 3256 592 3281 causae
621 3244 835 3291 materialis,
865 3244 941 3281 iam
967 3257 1012 3282 ex
1030 3245 1247 3293 praemissis
1266 3257 1331 3293 pa—

265 3304 336 3333 tet:
367 3304 564 3334 ostensum
594 3306 657 3334 est,
677 3298 779 3334 enim
798 3297 819 3319 ²¹*
843 3298 946 3347 quod
967 3299 1113 3335 bonum
1135 3305 1190 3334 est
1209 3298 1332 3334 subie-

319 3410 347 3442 α)
361 3413 452 3451 potest
470 3417 534 3435 esse.
551 3424 571 3429 -
588 3414 628 3436 est
646 3412 793 3438 ABCDEG.

317 3444 344 3523 ἓξ
358 3446 528 3521 ganta-P..-
546 3481 573 3505 in
588 3482 712 3513 potentia
731 3482 832 3507 codices
851 3489 876 3508 et
895 3485 936 3509 ed.
954 3491 979 3508 a.

317 3516 342 3584 ’ἐξ
357 3516 701 3584 Ξίἷριενῖἵομέῗῗεάῗέἔε
712 3525 746 3577 ἴὲἰ
757 3518 814 3578 ῗῖἷ.
823 3525 877 3543 ⁰¹¹¹·
897 3519 926 3544 ⁰·

317 3586 342 3619 ζ)
362 3586 465 3611 ,Malum
485 3588 582 3612 autem.
594 3601 613 3606 —
628 3588 762 3612 Causatur
775 3592 864 3614 autem
879 3590 986 3618 malum,
1001 3589 1101 3613 omisso
1115 3591 1243 3613 causatur
1257 3587 1328 3618 infra,

1397 1342 1499 1371 ctum
1527 1336 1617 1372 mali
1641 1336 1672 1372 ³¹².
1703 1337 1868 1374 Causam
1907 1347 2035 1376 autem
2072 1341 2270 1378 formalem
2307 1344 2452 1380 malum

1396 1399 1474 1424 non
1502 1388 1635 1425 habet:
1666 1390 1732 1426 sed
1753 1398 1807 1427 est
1827 1392 1944 1439 magis
1963 1392 2124 1440 privatio
2154 1395 2309 1431 formae.
2340 1397 2388 1432 Et
2407 1397 2452 1433 si-

1395 1440 1533 1477 militer
1560 1454 1631 1478 nec
1661 1455 1814 1480 causam
1843 1445 2018 1482 finalem:
2055 1447 2121 1483 sed
2149 1447 2269 1494 magis
2298 1456 2352 1484 est
2379 1449 2452 1498 pri-

1393 1494 1497 1530 vatio
1518 1494 1660 1531 ordinis
1680 1497 1727 1532 ad
1747 1497 1863 1533 finem
1890 1498 2079 1543 debitum,
2109 1512 2187 1536 non
2206 1501 2330 1538 solum
2351 1502 2451 1538 enim

1394 1547 1480 1584 finis
1508 1548 1623 1584 habet
1651 1549 1835 1586 rationem
1864 1550 1966 1597 boni,
1988 1552 2055 1588 sed
2084 1552 2195 1589 etiam
2224 1553 2324 1599 utile,
2346 1555 2450 1602 quod

2479 1355 2490 1366 ⁸
2504 1355 2533 1376 D.
2546 1361 2593 1383 ²9¹·

1395 1600 1590 1637 ordinatur
1618 1601 1667 1638 ad
1696 1602 1825 1639 finem.
1858 1603 2022 1640 Causam
2052 1612 2178 1641 autem
2204 1618 2272 1653 per
2290 1607 2450 1644 modum
2476 1618 2484 1625 ·

1382 1653 1537 1700 agentis
1565 1654 1680 1690 habet
1704 1656 1847 1692 malum
1867 1655 1902 1692 *z
1932 1669 2009 1693 non
2029 1665 2156 1693 autem
2175 1671 2243 1706 per
2270 1671 2321 1706 se,
2351 1661 2418 1696 sed
2439 1657 2452 1681 ⁸

1393 1718 1462 1755 per
1489 1707 1677 1744 accidens.

1447 1759 1508 1796 Ad
1529 1760 1635 1796 cuius
1664 1760 1903 1807 evidentiam,
1934 1762 2128 1799 sciendum
2154 1771 2208 1800 est
2226 1764 2329 1812 quod
2349 1765 2452 1801 aliter

1394 1820 1569 1849 causatur
1597 1814 1741 1849 malum
1769 1813 1806 1850 in
1835 1814 2002 1862 actione,
2042 1824 2077 1852 et
2105 1816 2210 1853 aliter
2237 1817 2275 1853 in
2304 1817 2450 1855 effectu.

1394 1867 1436 1902 In
1456 1866 1604 1903 actione
1625 1867 1781 1914 quidem
1812 1875 1983 1905 causatur
2011 1869 2153 1905 malum
2172 1877 2326 1918 propter
2349 1876 2359 1891 ‘
2388 1871 2450 1907 de-

1393 1919 1534 1956 fectum
1564 1919 1721 1956 alicuius
1753 1920 2023 1969 principiorum
2053 1923 2228 1969 actionis,
2261 1924 2322 1960 vel
2351 1924 2450 1971 prin-

1394 1972 1523 2020 cipalis
1552 1973 1705 2020 agentis,
1734 1973 1796 2009 vel
1825 1973 2133 2011 instrumentalis:
2164 1976 2257 2012 sicut
2284 1976 2450 2013 defectus

1392 2025 1431 2062 in
1459 2033 1567 2062 motu
1596 2026 1767 2063 animalis
1803 2034 1926 2075 potest
1963 2028 2176 2075 contingere
2210 2030 2271 2065 vel
2298 2037 2452 2078 propter

1393 2078 1624 2115 debilitatem
1653 2079 1800 2116 virtutis
1836 2080 2023 2127 motivae,
2062 2089 2103 2117 ut
2136 2081 2173 2117 in
2201 2082 2351 2129 pueris;
2389 2083 2451 2118 vel

1391 2140 1549 2181 propter
1577 2133 1699 2168 solam
1732 2133 2019 2181 ineptitudinem
2053 2134 2308 2181 instrumenti,
2345 2142 2386 2171 ut
2414 2135 2452 2172 in

1393 2185 1547 2234 claudis.
1568 2206 1592 2213 -
1614 2186 1761 2222 Malum
1781 2194 1908 2222 autem
1925 2186 1938 2212 s:
1956 2187 1993 2222 in
2013 2199 2051 2222 re
2071 2187 2205 2235 aliqua,
2226 2200 2303 2223 non
2323 2195 2451 2224 tamen

1390 2238 1429 2274 in
1457 2238 1612 2287 proprio
1649 2238 1785 2275 effectu
1820 2239 1982 2286 agentis,
2022 2247 2195 2276 causatur
2223 2240 2451 2289 quandoque

1392 2303 1436 2327 ex
1454 2291 1592 2328 virtute
1621 2291 1784 2339 agenti83
1814 2292 2045 2340 quandoque
2075 2300 2201 2329 autem
2231 2306 2276 2329 ex
2305 2293 2451 2329 defectu

1390 2344 1519 2393 ipsius,
1540 2345 1602 2382 vel
1631 2344 1823 2381 materiae.
1854 2346 1911 2381 Ex
1939 2345 2075 2382 virtute
2104 2345 2259 2392 quidem
2288 2347 2349 2382 vel
2368 2358 2451 2394 per-

1391 2397 1552 2434 fectione
1572 2397 1725 2445 agentis,
1748 2398 1903 2444 quando
1932 2398 1980 2434 ad
2008 2398 2170 2434 formam
2199 2398 2380 2435 intentam
2400 2400 2448 2435 ab

1390 2457 1522 2497 agente
1548 2451 1716 2497 sequitur
1735 2462 1780 2486 ex
1800 2450 2018 2486 necessitate
2039 2451 2188 2487 alterius
2212 2451 2356 2487 formae
2376 2451 2450 2499 pri-

1388 2503 1511 2548 vatio;
1541 2502 1636 2539 sicut
1671 2504 1721 2539 ad
1755 2503 1917 2539 formam
1956 2503 2048 2550 ignis
2086 2503 2253 2550 sequitur
2288 2504 2448 2552 privatio

1389 2556 1535 2592 formae
1564 2555 1660 2591 aeris
1679 2556 1741 2591 vel
1770 2567 1904 2603 aquae.
1937 2555 2040 2591 Sicut
2065 2568 2165 2603 ergo,
2187 2564 2327 2604 quanto
2353 2557 2447 2604 ignis

1389 2608 1499 2645 fuerit
1525 2608 1726 2656 perfectior
1754 2608 1792 2644 in
1820 2607 1978 2654 virtute,
2012 2615 2115 2644 tanto
2148 2609 2348 2656 perfectius
2379 2610 2448 2646 im-

1388 2661 1515 2710 primit
1543 2662 1706 2697 formam
1736 2673 1862 2707 suam,
1901 2661 1949 2697 ita
1980 2661 2090 2697 etiam
2119 2669 2221 2697 tanto
2249 2662 2454 2710 perfectius,

1390 2714 1597 2762 corrumpit
1616 2714 1866 2750 contrarium:
1895 2714 1997 2750 unde
2023 2715 2166 2750 malum
2197 2722 2232 2750 et
2257 2715 2445 2763 corruptio

1389 2767 1485 2804 aeris
1510 2774 1545 2803 et
1564 2779 1698 2816 aquae,
1730 2774 1785 2803 est
1813 2778 1858 2802 ex
1885 2767 2113 2814 perfectione
2142 2766 2246 2813 ignis.
2279 2767 2354 2803 Sed
2373 2768 2447 2803 hoc

1389 2828 1445 2857 est
1463 2833 1532 2869 per
1551 2820 1746 2856 accidens:
1776 2819 1864 2868 quia
1893 2819 1987 2866 ignis
2015 2831 2093 2855 non
2121 2819 2278 2856 intendit
2297 2820 2446 2868 privare

1388 2874 1552 2910 formam
1573 2885 1707 2920 aquae,
1729 2873 1796 2908 sed
1821 2872 2000 2908 inducere
2020 2872 2182 2908 formam
2201 2872 2393 2920 propriam
2409 2872 2444 2918 *;

1389 2928 1453 2963 sed
1475 2927 1549 2962 hoc
1577 2925 1763 2971 faciendo,
1794 2932 1922 2961 causat
1951 2932 1986 2961 et
2013 2925 2103 2961 illud
2123 2937 2191 2972 per
2213 2925 2398 2961 accidens.
2419 2946 2443 2954 -

1389 2980 1466 3016 Sed
1495 2978 1524 3015 si
1553 2979 1597 3015 sit
1625 2978 1792 3015 defectus
1820 2977 1858 3013 in
1887 2977 2023 3014 effectu
2052 2977 2205 3025 proprio
2230 2977 2334 3024 ignis,
2355 2985 2445 3025 puta

1388 3032 1493 3080 quod
1531 3031 1681 3068 deficiat
1709 3043 1730 3067 a
1759 3030 2033 3076 calefaciendo,
2071 3031 2146 3066 hoc
2183 3038 2238 3066 est
2264 3031 2325 3066 vel
2359 3043 2444 3078 pro-

1386 3093 1469 3134 pter
1488 3085 1676 3122 defectum
1706 3083 1873 3129 actionis,
1896 3083 1958 3131 qui
1987 3083 2172 3119 redundat
2196 3082 2235 3119 in
2256 3083 2443 3119 defectum

1388 3138 1543 3175 alicuius
1562 3136 1745 3185 principii,
1766 3143 1808 3172 ut
1828 3136 1968 3172 dictum
1989 3143 2063 3179 est;
2093 3136 2154 3171 vel
2172 3141 2186 3158 η
2215 3147 2259 3171 ex
2278 3135 2455 3184 indispo-⁴

1388 3191 1519 3228 sitione
1549 3198 1741 3235 materiae,
1763 3201 1860 3236 quae
1894 3201 1971 3225 non
1995 3188 2124 3236 recipit
2144 3188 2331 3224 actionem
2350 3188 2443 3235 ignis

1388 3243 1528 3291 agentis
1547 3240 1570 3279 ⁰.
1603 3243 1678 3279 Sed
1708 3249 1743 3278 et
1769 3242 1844 3278 hoc
1871 3241 1995 3289 ipsum
2025 3240 2128 3288 quod
2158 3248 2212 3276 est
2242 3253 2322 3277 esse
2351 3241 2442 3277 defi-

1388 3297 1509 3342 ciens,
1540 3295 1673 3332 accidit
1705 3295 1829 3341 bono,
1861 3294 1920 3330 cui
1946 3306 2015 3342 per
2043 3305 2082 3329 se
2111 3293 2292 3341 competit
2319 3305 2441 3341 agere.

1386 3411 1456 3439 Palm
1474 3411 1494 3434 F
1514 3410 1586 3442 ponit
1603 3412 1731 3434 causatur
1745 3414 1804 3440 post
1818 3409 1914 3440 aliqua,
1930 3407 1953 3432 G
1967 3412 2027 3440 post
2040 3410 2127 3431 autem
2135 3414 2143 3435 ;
2162 3407 2199 3438 ΡΒ
2213 3414 2266 3431 orn.
2280 3410 2407 3431 causatur

1384 3449 1532 3512 agezgtsssel.
1548 3494 1568 3499 -
1586 3480 1626 3504 vel
1645 3483 1684 3504 est
1702 3480 1761 3508 FG;
1781 3486 1827 3510 pro
1847 3478 2054 3509 indisposiffone,
2076 3476 2246 3508 dispositione
2264 3477 2333 3501 DFa.

1437 3515 1460 3547 θ)
1481 3515 1575 3546 recipit
1597 3515 1726 3539 actionem
1751 3514 1820 3547 ignis
1839 3513 1951 3546 agentis.
1969 3526 1988 3532 —
2006 3512 2099 3544 recipit
2121 3512 2250 3536 actionem
2276 3513 2380 3544 agentis
2399 3512 2441 3536 BC

1383 3551 1460 3580 DEG,
1476 3550 1592 3575 vincitur
1610 3557 1646 3574 ex
1659 3550 1763 3574 actione
1778 3549 1846 3581 ignis
1861 3549 1964 3581 agentis
1979 3548 2006 3577 F,
2023 3547 2116 3579 recipit
2133 3547 2263 3572 actionem
2282 3547 2387 3580 agentis
2402 3548 2441 3572 vel

1383 3594 1433 3611 non
1454 3586 1610 3610 immutatur
1629 3592 1666 3609 ex
1683 3585 1787 3609 actione
1805 3583 1908 3616 agentis
1929 3584 1960 3608 A.

2479 1671 2487 1681 ·
2502 1671 2531 1692 D.
2546 1671 2596 1707 8333.

2471 2889 2482 2901 '‘
2495 2889 2524 2910 D.
2539 2888 2598 2910 1061.
