2768 4178
21 1276 31 1285 ’·
70 1269 217 1300 *he-‚qm

225 1276 283 1296 un.

20 1310 23 1333 3
70 1301 154 1349 ειν-13]
174 1302 284 1326 ‹iu-xer

27 1349 31 1383 ἶ
68 1352 281 1384 ‘FH⁸⁸,qu.1m,

22 1402 31 1406 ·’
71 1392 166 1420 tut-,m
183 1408 195 1416 ω
216 1412 217 1415 ¹

1007 268 1275 316 QUAESTIO
1304 269 1395 315 XX,
1424 268 1722 306 ARTICULUS
1752 270 1803 306 IV

307 349 468 398 ‚aliquod
497 349 656 387 bonum.
697 349 918 386 Secundum
949 360 1038 396 ergo
1067 348 1158 385 illud
1180 354 1200 375 '²
1227 355 1379 396 tempus

2420 274 2495 321 257

1435 347 1529 384 dum
1564 347 1719 396 aliquod
1751 348 1853 385 aliud
1888 357 2062 399 ternpus,
2097 351 2140 387 sit
2171 350 2300 400 peior;
2340 352 2427 400 quia
2465 360 2501 389 et

311 415 388 451 quo
408 402 688 452 praedestinato
708 401 900 451 peccatori
923 401 1094 438 dandum
1114 408 1169 438 est
1188 413 1233 437 ex
1253 400 1381 437 divina
1435 400 1648 437 secundum
1683 400 2037 451 aliquodtempus,
2077 416 2155 440 non
2184 411 2240 441 est
2272 417 2344 441 nec
2376 405 2501 442 bonus

310 456 506 493 voluntate
535 455 659 493 maius
687 457 848 502 bonum,
873 454 1008 491 melior
1036 461 1106 500 est3
1136 453 1222 490 licet
1247 465 1380 490 secun-
1435 465 1560 503 neque
1590 453 1725 490 malus.

366 587 394 621 μ)
415 586 565 612 secundum
585 593 651 620 ergo
671 585 745 611 illud.
763 599 782 605 -
801 585 952 610 Secundum
972 585 1039 610 illud
1057 584 1142 618 igitur
1159 583 1283 609 ABCDE.

991 681 1323 714 Commentaria
1346 679 1595 713 cardinalis
1619 680 1820 714 Caietam

372 791 480 812 rrimus
504 780 605 811 clarus
629 786 684 811 est.
701 796 722 802 -—
745 779 780 810 ln
804 789 938 819 corpore
961 789 1026 810 una
1049 778 1224 815 conclusio,
1249 788 1379 819 respon-

314 793 440 856 Tsiva
462 824 606 866 quaesito
630 823 830 854 affirmative:
855 823 943 854 Deus
966 823 1067 864 magis
1091 822 1192 863 diligit
1215 823 1356 853 meliora.

365 868 530 900 Probatur.
546 868 704 899 Voluntas
718 867 778 898 Dei
794 874 841 899 est
856 877 950 898 causa
963 867 1111 899 bonitatis
1127 867 1160 897 in
1175 867 1284 898 rebus:
1305 877 1379 907 ergo

311 914 418 944 Deum
441 911 541 952 magis
565 912 693 953 diligere
716 912 836 953 aliquid
849 935 858 948 ,
890 911 969 942 nihil
992 911 1079 943 aliud
1101 918 1148 942 est
1177 921 1276 952 quam
1298 912 1380 942 velle

310 957 356 989 illi
375 956 478 988 maius
497 957 638 988 bonum:
663 966 738 997 ergo
762 966 800 987 ex
822 956 885 987 hoc
908 956 1014 997 aliqua
1036 963 1111 988 sunt
1132 955 1274 992 meliora,
1290 956 1380 997 quod

311 1002 398 1033 Deus
422 1001 525 1032 maius
547 1002 672 1032 bonurn
690 1001 774 1032 vult:
800 1010 874 1041 ergo
898 1000 1031 1031 meliora
1053 1001 1126 1042 plus
1150 1006 1245 1031 amat.

369 1045 407 1077 11.
432 1046 468 1076 In
486 1045 695 1096 responsione
714 1045 754 1076 ad
772 1045 932 1086 quintum,
957 1044 1093 1076 dubium
1115 1044 1264 1084 ingerunt
1285 1043 1380 1074 verba

311 1090 345 1121 in
369 1090 453 1121 calce
476 1090 597 1131 posita,
622 1089 740 1120 scilicet
762 1089 852 1130 quod
874 1096 1022 1130 peccator
1043 1088 1308 1130 praedestinatus,
1332 1097 1380 1119 se-

311 1134 452 1166 cundum
476 1134 608 1177 aliquod
623 1139 757 1174 tempus,
780 1144 842 1164 non
868 1139 915 1164 est
938 1143 996 1164 nec
1018 1133 1120 1164 bonus
1143 1142 1244 1173 neque
1262 1131 1379 1162 malus.

310 1178 445 1210 Videtur
473 1178 559 1209 enim
591 1178 745 1209 sententia
767 1178 845 1209 haec
868 1184 898 1208 et
921 1177 1014 1214 falsa,
1047 1183 1078 1208 et
1100 1183 1210 1208 contra
1231 1175 1380 1207 Auctoris

312 1222 499 1254 doctrinam.
525 1222 689 1260 Quoniam
711 1229 778 1254 tam
801 1222 930 1262 angelus
954 1231 1053 1262 quam
1070 1221 1182 1257 homo,
1203 1220 1381 1251 secundum

311 1267 429 1309 ipsum,
454 1266 514 1302 fuit
531 1273 658 1298 creatus
681 1267 715 1297 in
737 1266 836 1307 gratia
849 1266 880 1303 *3
906 1272 936 1297 et
954 1265 1088 1307 quilibet
1105 1264 1206 1295 homo
1225 1263 1381 1295 contrahit

307 1316 478 1352 peccatum
501 1310 652 1351 originale
667 1310 696 1342 ⁹.
725 1311 767 1342 Et
789 1310 864 1341 dato
887 1309 976 1350 quod
1000 1319 1066 1339 non
1097 1315 1200 1339 essent
1230 1308 1324 1339 creati
1347 1307 1381 1338 in

311 1355 428 1396 gratia,
458 1365 526 1386 uno
555 1361 680 1386 tantum
703 1354 828 1390 istanti,
853 1360 884 1384 et
906 1363 974 1384 non
996 1363 1053 1394 per
1081 1353 1212 1394 aliquod
1235 1359 1380 1393 tempus,

280 1402 285 1405 “
311 1399 445 1431 fuissent
467 1408 571 1440 neque
594 1398 672 1430 boni
695 1408 800 1440 neque
822 1397 908 1429 mali.
939 1396 1083 1429 Omnino
1111 1397 1207 1438 igitur
1229 1402 1382 1437 apparent

312 1443 390 1477 haec
410 1444 506 1476 verba
528 1443 615 1474 falsa.

369 1487 422 1520 111.
445 1487 498 1520 Ad
519 1487 582 1518 hoc
605 1486 765 1527 tripliciter
789 1485 911 1518 dicitur.
935 1486 1056 1524 Primo,
1080 1485 1170 1526 quod
1192 1484 1270 1516 haec
1287 1485 1383 1516 verba

313 1538 388 1564 sunt
410 1542 484 1564 vera
506 1531 546 1563 de
568 1529 728 1572 possibili,
757 1530 915 1572 quidquid
937 1530 978 1562 sit
1001 1530 1040 1561 de
1063 1529 1157 1561 facto.
1187 1529 1228 1560 Et
1250 1529 1382 1560 nomine

313 1575 466 1618 temporis
487 1574 671 1616 intelligitur
698 1574 804 1606 omnis
828 1584 977 1606 mensura
1000 1570 1193 1611 durationis,
1218 1573 1314 1605 etiam
1336 1573 1382 1604 in-

1437 785 1608 810 stantanea.
1642 780 1726 810 Tam
1756 779 1887 819 angelus
1916 779 2001 810 enim
2034 789 2131 820 quam
2159 781 2258 811 homo
2290 783 2500 824 quandoque,

1437 822 1584 854 scilicet·
1575 834 1609 854 1n
1632 823 1738 864 pn‘mo
1761 823 1904 860 instanti,
1928 824 2034 865 potuit
2057 834 2123 854 esse
2147 834 2250 866 neque
2272 826 2376 857 bonus
2399 837 2502 868 neque

1436 868 1540 898 malus
1563 867 1725 899 moraliter

1494 911 1653 949 Secundo,
1670 912 1760 952 quod
1775 910 1976 942 verificantur
1991 911 2030 942 de
2050 911 2190 943 bonitate
2211 919 2241 944 et
2256 913 2375 944 malitia
2390 915 2502 945 morali

1436 955 1605 996 personali,
1629 955 1710 987 idest
1725 965 1781 996 per
1795 955 1964 996 proprium
1983 962 2100 987 actum.
2126 956 2231 987 Infans
2247 957 2342 993 enim,
2358 959 2503 998 quamvis

1437 999 1477 1030 sit
1499 999 1603 1030 malus
1626 1006 1756 1040 peccato
1780 1006 1920 1036 naturae,
1941 1010 1978 1030 ex
1996 1000 2128 1041 proprio
2152 1007 2258 1032 tamen
2282 1010 2376 1041 opere
2399 1012 2502 1043 neque

1437 1044 1542 1075 bonus
1565 1053 1669 1085 neque
1692 1043 1796 1074 malus
1816 1050 1871 1074 est.

1498 1089 1616 1126 Tertio,
1641 1088 1732 1129 quod
1754 1087 1813 1119 ista
1837 1094 1911 1118 sunt
1934 1087 2117 1128 simpliciter
2138 1098 2221 1125 vera,
2246 1096 2276 1120 et
2299 1089 2442 1120 absolute
2457 1090 2503 1120 in-

1437 1132 1614 1172 telligenda,
1632 1132 1750 1173 absque
1766 1131 1959 1163 restrictione
1975 1132 2090 1173 aliqua.
2115 1132 2156 1163 Et
2169 1132 2242 1163 licet
2256 1140 2402 1173 peccator
2416 1143 2504 1173 prae-

1438 1176 1620 1213 destinatus,
1637 1182 1811 1217 postquam
1834 1175 1944 1207 habuit
1968 1186 2044 1212 esse,
2069 1186 2194 1216 semper
2216 1176 2310 1207 fuerit
2327 1178 2431 1208 bonus
2450 1185 2505 1209 aut

1437 1220 1557 1256 malus;
1577 1220 1772 1261 quandoque
1787 1227 1904 1256 tamen,
1917 1220 2034 1251 scilicet
2049 1230 2104 1260 per
2119 1219 2280 1251 infinitum
2295 1228 2421 1261 tempus
2437 1232 2503 1262 quo

1437 1274 1504 1295 non
1523 1263 1593 1300 fuit,
1618 1274 1723 1305 neque
1746 1265 1850 1295 bonus
1874 1274 1978 1305 neque
1997 1264 2100 1295 malus
2122 1263 2191 1295 fuit.
2210 1282 2228 1288 -
2245 1265 2286 1296 Et
2307 1265 2383 1296 haec
2407 1276 2504 1306 expo-

1438 1307 1510 1339 sitio
1533 1307 1634 1348 magis
1657 1307 1799 1338 formalis
1824 1314 1879 1344 est,
1904 1315 1934 1339 et
1957 1308 2125 1349 proposito
2150 1318 2309 1345 consona,
2334 1316 2365 1340 et
2387 1310 2505 1350 absque

1438 1352 1635 1394 quaestione.
1665 1352 1802 1383 Intendit
1825 1352 1911 1382 enim
1933 1352 2036 1383 littera
2061 1352 2173 1383 docere
2197 1363 2263 1383 non
2287 1363 2353 1383 esse
2375 1353 2503 1390 mirum,

1438 1402 1638 1438 peccatorem
1653 1395 1921 1436 praedestinatum
1935 1406 2001 1427 esse
2013 1406 2072 1437 pro
2087 1396 2195 1437 aliquo
2208 1403 2351 1437 tempore
2362 1397 2505 1438 peiorem

1439 1447 1470 1471 et
1485 1439 1592 1471 minus
1609 1446 1761 1476 amatum,
1782 1450 1820 1471 ex
1835 1450 1874 1471 eo
1894 1441 1983 1481 quod
1999 1450 2058 1481 pro
2075 1440 2182 1481 aliquo
2199 1447 2342 1481 tempore
2358 1451 2425 1472 nou
2441 1448 2505 1472 erat

1439 1485 1548 1526 aliquo
1571 1484 1672 1515 modo
1696 1491 1837 1521 amatus,
1862 1485 1992 1525 quando
2016 1484 2133 1515 scilicet
2154 1495 2221 1515 non
2244 1492 2326 1516 erat:
2351 1485 2505 1526 quoniam

1439 1536 1516 1560 tunc
1531 1538 1636 1570 neque
1658 1529 1764 1559 bonus
1779 1539 1884 1570 neque
1903 1530 2006 1560 malus
2023 1535 2096 1565 erat,
2113 1529 2327 1561 universaliter
2341 1529 2504 1571 loquendo

1441 1573 1479 1604 de
1502 1573 1590 1604 bono
1614 1579 1645 1604 et
1667 1573 1765 1609 malo,
1790 1580 1826 1604 ut
1847 1580 1942 1613 patet.

469 3683 578 3707 Sumus
597 3681 698 3706 Timor„-
718 3681 749 3707 D.
767 3681 881 3707 Τ1-1011Α11
900 3682 932 3707 T.
951 3682 969 3707 l.
