2768 4178
946 326 1213 373 QUAESTIO
1243 327 1332 365 XXI
1343 355 1351 373 ,
1364 362 1367 364 ,
1381 327 1677 365 ARthULUs
1708 328 1759 364 lv

311 407 370 442 AD
399 417 590 443 SECUNDUM
623 418 807 443 DtcENDUM
845 405 949 454 quod
978 406 1084 443 Deus
1113 405 1325 442 misericor-

259 459 354 496 diter
382 459 467 507 agit,
497 471 576 496 non
605 459 760 508 quidem
790 466 922 496 contra
944 458 1123 495 iustitiam
1143 470 1253 496 suam
1273 459 1325 495 fa-

259 512 406 558 ciendo,
425 512 492 549 sed
509 512 649 560 aliquid
664 524 780 560 supra
799 511 978 548 iustitiam
994 512 1210 560 operando:
1231 511 1327 548 sicut

258 565 290 602 si
318 565 429 602 alicui
463 565 522 602 cui
547 563 559 586 ὅ
590 565 777 602 debentur
806 572 959 601 centum
988 564 1152 611 denarii,
1192 564 1325 612 aliquis

258 618 444 655 ducentos
464 619 527 656 det
553 618 600 655 de
629 630 718 665 suo,
747 625 877 654 tamen
897 629 974 654 non
996 625 1126 654 contra
1145 617 1324 655 iustitiam

258 671 363 717 facit,
393 671 461 708 sed
490 671 691 713 liberaliter
722 671 785 707 vel
814 670 1107 707 misericorditer
1135 674 1324 719 operatur.

258 725 308 761 Et
335 724 504 761 similiter
522 724 552 760 si
573 723 707 772 aliquis
731 723 921 760 offensam
950 723 989 760 in
1017 735 1056 760 se
1079 723 1325 761 commissam

309 840 335 874 δ)
353 842 406 867 cui.
422 855 442 860 —
460 842 521 867 Om.
541 842 652 867 codices.

2366 332 2437 369 261

1379 406 1542 445 remittat
1556 412 1578 443 ‘.
1600 407 1676 453 Qui
1696 407 1798 444 enim
1814 408 1954 457 aliquid
1971 409 2132 456 remittit,
2149 410 2440 469 quodammodo

1376 459 1497 496 -donat
1524 459 1636 498 illud:
1665 461 1767 498 unde
1795 462 2002 509 Apostolus
2031 463 2295 500 remissionem
2324 463 2442 502 dona-

2568 427 2579 443 Ε

1379 512 1516 550 tionem
1544 520 1677 559 vocat,
1710 514 1846 561 Ephes.
1867 526 1891 549 v
1908 513 1945 550 ²³⁶.
1982 515 2117 558 donate
2144 516 2319 562 invicem,
2347 516 2479 553 sicut
2494 525 2626 554 Nunccap
2641 533 2680 553 ιν

1380 570 1414 601 et
1439 566 1605 602 Christus
1619 542 1723 603 vo'bis
1741 567 1906 603 donavit
1937 567 1994 603 Ex
2014 580 2090 615 quo
2116 576 2219 616 patet
2247 569 2352 617 quod
2372 581 2440 606 mi-

1379 617 1583 656 sericordia
1615 631 1694 657 non
1721 619 1815 656 tollit
1846 619 2040 666 iustitiam,
2071 621 2138 658 sed
2167 629 2222 658 est
2249 622 2440 670 quaedam

1379 671 1538 708 iustitiae
1572 672 1779 720 plenitudo.
1814 672 1925 711 Unde
1955 672 2087 709 dicitur
2119 675 2190 710 Iac.
2212 686 2235 710 11
2267 674 2307 722 ³³²,
2337 675 2441 724 quod

1378 724 1636 762 misericordia
1664 725 1920 774 superexaltat
1946 726 2133 763 iudicium.

1374 857 1377 859 -
1434 843 1455 875 ε)
1475 844 1603 869 remittat.
1621 858 1638 863 -
1660 844 1779 869 dimittat
1797 843 1921 873 ACDEG,
1940 844 2052 869 dimittit
2070 844 2100 869 B.

932 921 1265 963 Commentaria
1288 930 1538 964 cardinalis
1560 928 1760 965 Caietam

218 1041 231 1047 -
251 1015 424 1094 'Ttwnrs
436 1020 501 1050 iam
511 1026 596 1061 patet
613 1030 649 1051 ex
665 1031 725 1051 usu
734 1020 759 1051 *.
780 1038 800 1043 -
818 1020 852 1050 In
870 1030 1002 1060 corpore
1022 1021 1087 1051 duo
1108 1019 1193 1051 facit:
1218 1020 1323 1061 primo

318 1064 488 1104 respondet
518 1064 676 1105 quaesit0;
702 1065 852 1100 secundo,
879 1064 1026 1095 clarificat
1050 1065 1300 1105 responsionem.

313 1108 488 1140 Conclusio
517 1109 699 1149 responsiva
723 1116 786 1140 est:
816 1108 1030 1139 Misericordia
1060 1116 1107 1139 est
1133 1109 1269 1139 maxime
1291 1108 1324 1138 in

254 1153 338 1190 Deo,
362 1163 428 1184 non
452 1154 629 1184 secundum
650 1153 804 1193 passionis
828 1153 984 1189 affectum,
1007 1153 1062 1184 sed
1082 1154 1259 1184 secundum
1282 1152 1325 1183 ef-

256 1197 422 1229 fectum-
438 1198 602 1229 Probatur.
627 1198 756 1229 Tristari
773 1198 811 1228 de
827 1197 952 1228 miseria
975 1197 1076 1227 aliena
1092 1206 1158 1227 non
1178 1197 1326 1228 convenit

256 1242 344 1279 De0;
374 1242 428 1273 sed
451 1242 600 1282 repellere
624 1252 710 1283 eam,
740 1242 802 1272 hoc
830 1242 967 1273 maxime
995 1242 1023 1273 ei
1054 1241 1210 1272 convenit.
1239 1241 1324 1281 Ergo

257 1266 480 1322 misericordia,
506 1296 571 1317 non
595 1294 752 1327 quantum
776 1286 815 1316 ad
839 1285 1002 1322 affectum,
1028 1285 1082 1315 sed
1105 1292 1262 1326 quantum
1286 1285 1325 1315 ad

257 1330 414 1367 effectum,
431 1331 566 1361 maxime
586 1331 655 1361 Deo
676 1330 832 1361 convenit.

314 1376 510 1406 Antecedens
536 1376 736 1415 explanatur,
766 1374 874 1415 quoad
905 1374 936 1414 ly
965 1374 1112 1412 miseria,
1144 1381 1180 1404 ut
1210 1373 1326 1404 scilicet

1379 1028 1469 1051 sonet
1493 1021 1651 1052 defectum
1675 1031 1920 1062 quemcumque.
1946 1022 1987 1053 Et
2009 1023 2169 1062 probatur,
2202 1023 2308 1064 quoad
2332 1033 2441 1054 secun-

1379 1065 1452 1095 dam
1475 1072 1606 1105 partem,
1627 1065 1681 1096 sic.
1706 1065 1854 1096 Defectus
1879 1076 1944 1096 non
1968 1067 2125 1098 tolluntur
2147 1066 2206 1097 nisi
2230 1077 2286 1107 per
2309 1067 2440 1098 alicuius

1377 1109 1525 1140 bonitatis
1539 1109 1782 1149 perfectionem:
1803 1120 1877 1150 ergo
1894 1111 1955 1140 hoc
1971 1111 2106 1141 maxime
2121 1111 2255 1151 pertinet
2269 1111 2309 1141 ad
2323 1111 2438 1148 Deum,

1379 1153 1453 1194 quia
1476 1153 1543 1193 ipse
1567 1160 1613 1185 est
1633 1153 1735 1193 prima
1758 1154 1906 1185 bonitatis
1930 1154 2060 1195 origo.—
2077 1155 2312 1196 Consequentia
2334 1163 2441 1187 autem

1379 1198 1549 1237 probatur:
1579 1198 1653 1238 quia
1683 1198 1810 1229 affectus
1838 1199 2046 1230 misericordis
2074 1206 2120 1230 est
2147 1199 2286 1236 tristitia;
2314 1199 2440 1231 effectus

1379 1251 1454 1272 vero
1479 1248 1525 1272 est
1548 1242 1694 1282 depulsio
1719 1243 1836 1273 alienae
1861 1239 2013 1274 miseriae.

1435 1284 1624 1316 Clarificatio
1652 1293 1758 1316 autem
1783 1287 1924 1317 consistit
1946 1287 1977 1316 in
2002 1286 2154 1318 differenti
2178 1287 2360 1318 habitudine
2384 1287 2440 1321 dif-

1379 1329 1467 1359 fusae
1487 1339 1504 1359 a
1520 1329 1589 1360 Deo
1613 1329 1823 1370 perfectionis,
1849 1331 1887 1360 ad
1911 1331 1977 1361 eius
2001 1331 2189 1367 bonitatem,
2215 1331 2380 1367 iustitiam,
2404 1332 2440 1361 li-

1379 1373 1572 1404 beralitatem
1595 1381 1625 1404 et
1648 1374 1907 1405 misericordiam:
1933 1382 1963 1405 et
1987 1374 2059 1405 satis
2084 1375 2163 1405 clare
2192 1382 2238 1406 est
2260 1375 2293 1404 in
2311 1375 2421 1406 littera.

1041 1535 1359 1578 ARTICULUS
1389 1535 1661 1587 QUARTUS

607 1631 765 1662 UTRUM
790 1630 832 1660 IN
857 1629 1047 1661 OMNtssus
1072 1629 1281 1661 ornamus
1304 1629 1376 1660 DEI
1399 1629 1466 1660 εῖτ
1490 1629 1798 1660 MISERICORDIA
1821 1629 1879 1672 ΕΤ
1903 1629 2090 1660 IUSTITIA

528 1710 562 1735 1v
582 1710 665 1740 Sent„
686 1709 745 1735 dist.
763 1718 829 1740 xcvx,
849 1717 893 1742 qu.
913 1717 939 1741 11,
961 1715 1008 1735 art.
1029 1717 1052 1740 2,
1073 1710 1119 1742 qu·
1142 1716 1171 1740 2;
1191 1709 1211 1733 11
1234 1709 1309 1734 Cont.
1332 1710 1418 1737 Geni„
1438 1717 1494 1742 cap.
1513 1716 1606 1740 xxv1113
1627 1709 1669 1734 De
1693 1709 1781 1738 Verit„
1802 1717 1846 1743 qu.
1865 1717 1950 1740 xxvm,
1971 1715 2018 1735 art.
2041 1718 2063 1739 1,
2083 1710 2114 1735 ad
2136 1709 2151 1735 8
2163 1717 2170 1740 ς

987 1747 991 1750 ”
1078 1745 1178 1770 Psalm.
1197 1751 1266 1774 παι-νς
1286 1744 1372 1774 Rom„
1393 1752 1448 1777 cap.
1467 1753 1506 1774 κν,
1527 1745 1584 1773 lect.
1603 1752 1620 1770 1.

253 1860 274 1882 ⁴:
345 1853 351 1865 ι
373 1854 429 1888 ‘2¹³
470 1848 493 1874 D
514 1846 687 1878 QUARTUM
707 1846 760 1872 stc
781 1845 1021 1871 PROCEanUR.
1042 1833 1201 1882 Videtur
1221 1833 1327 1892 quod

290 1882 374 1930 &js->i
390 1888 440 1949 ’ἒὸ
471 1901 550 1926 non
578 1887 618 1925 in
646 1887 824 1925 omnibus
848 1886 921 1924 Dei
941 1885 1120 1935 operibus
1139 1886 1186 1924 sit
1214 1886 1326 1923 mise-

276 1940 320 2001 'J'
338 1927 435 1994 ἓξ,
418 1939 634 1982 (ricordia
649 1950 685 1978 et
700 1940 846 1978 iustitia.
867 1939 1071 1986 Quaedam
1091 1939 1192 1976 enim
1209 1952 1326 2000 opera

269 2006 273 2012 ’
316 1987 411 2025 ςὶἰ49)
427 1986 460 2029 ¹<
474 1994 545 2031 Dei
569 1994 822 2031 attribuuntur
849 1992 1144 2039 misericordiae,
1165 2001 1206 2030 ut
1225 1993 1326 2031 iusti-

252 2046 414 2095 ,ficatio
405 2048 530 2097 impii:
554 2047 745 2097 quaedam
765 2059 859 2084 vero
879 2046 1049 2092 iustitiae,
1070 2054 1112 2083 ut
1132 2046 1324 2084 damnatio

258 2099 477 2149 impiorum.
515 2101 625 2138 Unde
656 2100 791 2138 dicitur
819 2101 890 2137 Iac.
921 2112 943 2137 11
972 2100 1010 2136 *:
1041 2099 1218 2136 iudicium
1246 2101 1326 2137 sine

254 2154 518 2193 misericordia
535 2155 611 2202 fiet
625 2154 663 2191 ei
681 2155 749 2202 qui
767 2166 841 2191 non
855 2153 998 2202 fecerit
1014 2153 1322 2190 misericordiam.

258 2206 351 2244 Non
372 2219 462 2255 ergo
481 2207 520 2244 in
540 2208 646 2244 omni
662 2219 778 2256 opere
799 2206 870 2244 Dei
889 2214 1047 2254 apparet
1065 2206 1324 2243 misericordia

257 2266 296 2297 et
320 2260 471 2298 iustitia.

313 2324 347 2351 2.
369 2313 602 2358 PRAETEREA,
619 2314 840 2363 Apostolus,
857 2312 909 2349 ad
921 2313 1034 2349 Rom.
1055 2324 1103 2348 xv
1116 2311 1148 2359 ⁹¹⁶,
1166 2324 1324 2349 conver-

257 2366 407 2405 sionem
437 2366 668 2404 Iudaeorum
704 2365 870 2404 attribuit
903 2365 1061 2402 iustitiae
1091 2373 1127 2402 et
1153 2365 1322 2412 veritati3

243 2419 550 2460 ‘conversionem
566 2427 695 2457 autem
715 2418 1199 2467 gentium,rnisericordiae.
1221 2420 1323 2467 Ergo

255 2485 336 2511 non
359 2473 406 2510 in.
424 2473 592 2522 quolibet
621 2485 738 2522 opere
767 2472 839 2510 Dei
869 2480 923 2509 est
951 2471 1088 2509 iustitia
1117 2480 1154 2509 et
1181 2472 1322 2509 miseri-

256 2526 396 2564 cordia.

312 2580 346 2617 3.
373 2580 606 2625 PRAETEREA,
637 2578 744 2615 multi
772 2578 857 2616 iusti
885 2578 923 2615 in
950 2579 1026 2616 hoc
1053 2579 1200 2616 mundo
1228 2578 1323 2616 affli-

257 2640 407 2680 guntur.
449 2633 535 2668 Hoc
563 2640 691 2668 autem
726 2639 781 2668 est
814 2631 1006 2669 iniustum.
1046 2632 1138 2669 Non
1167 2644 1255 2680 ergo
1285 2632 1323 2669 in

258 2685 364 2722 omni
394 2697 510 2734 opere
539 2685 611 2721 Dei
641 2693 696 2721 est
723 2684 860 2722 iustitia
890 2693 926 2721 et
953 2685 1224 2723 misericordia.

310 2750 348 2786 4.
370 2739 603 2784 PRAETEREA,
621 2737 780 2774 iustitiae
801 2745 856 2774 est
875 2738 1034 2775 reddere
1054 2738 1236 2784 debitum,
1254 2738 1322 2775 mi-

257 2791 484 2829 sericordiae
505 2798 633 2828 autem
654 2791 853 2828 sublevare
878 2791 1087 2828 miseriam:
1117 2799 1153 2828 et
1172 2791 1224 2828 sic
1243 2799 1321 2828 tam

243 2844 394 2882 -iustitia
414 2857 532 2894 quam
553 2843 813 2881 misericordia
832 2844 972 2892 aliquid
991 2844 1266 2894 praesupponit
1284 2845 1322 2881 in

259 2910 329 2935 suo
351 2910 480 2946 opere.
503 2898 580 2934 Sed
601 2897 740 2934 creatio
761 2896 852 2934 nihil
871 2898 1146 2947 praesupponit
1164 2903 1192 2934 α.
1219 2898 1320 2945 Ergo

258 2951 297 2988 in
316 2951 506 2988 creatione
522 2963 647 3000 neque
663 2950 923 2988 misericordia
943 2958 1009 2997 est,
1030 2962 1154 2999 neque
1174 2950 1320 2987 iustitia.

314 3005 388 3041 SED
418 3015 564 3041 CONTRA
582 3015 648 3040 EST
668 3003 772 3052 quod
793 3002 928 3040 dicitur
946 3003 984 3040 in
1005 3005 1158 3040 Psalmo
1178 3015 1263 3040 xxw
1280 3002 1320 3040 *z

259 3069 389 3094 omnes
416 3057 501 3094 viae
528 3057 687 3094 Domini
713 3056 970 3094 misericordia
998 3062 1034 3093 et
1058 3057 1207 3094 veritas.

314 3111 539 3146 RESPONDEO
567 3121 751 3148 DICENDUM
781 3109 886 3158 quod
910 3121 1066 3146 necesse
1087 3118 1143 3146 est
1162 3110 1265 3158 quod
1284 3109 1323 3148 in

260 3163 428 3212 quolibet
456 3174 573 3211 opere
592 3164 664 3200 Dei
683 3162 700 3192 β
729 3162 987 3200 misericordia
1006 3170 1042 3199 et
1059 3162 1199 3199 veritas
1219 3162 1323 3199 inve-

260 3215 426 3261 niantur;
439 3215 469 3252 si
480 3216 608 3252 tamen
618 3215 874 3253 misericordia
885 3227 955 3264 pro
971 3215 1184 3252 remotione
1200 3215 1323 3253 cuius—

261 3280 425 3317 cumque
442 3273 456 3294 ⁷
477 3269 644 3306 defectus
664 3269 886 3318 accipiatur3
903 3268 1079 3328 quamvis
1098 3281 1178 3305 non
1197 3268 1322 3305 omnis

261 3322 429 3359 defectus
457 3322 610 3370 proprie
638 3322 757 3371 possit
786 3321 857 3359 dici
883 3321 1051 3368 miseria,
1081 3322 1149 3358 sed
1169 3322 1294 3358 solum
1311 3319 1324 3343 δ

261 3375 429 3412 defectus
467 3374 656 3412 rationalis
685 3382 857 3420 naturae,
889 3386 1005 3423 quam
1035 3374 1211 3433 contingit
1240 3387 1322 3411 esse

261 3427 427 3473 felicem;
457 3439 546 3464 nam
567 3427 719 3468 miseria
738 3427 900 3464 felicitati
926 3427 1142 3476 opponitur.

314 3543 341 3576 α)
362 3542 416 3568 Sed
434 3541 534 3567 creatio
554 3541 621 3566 nihil
632 3542 834 3574 praesupponit.
849 3556 868 3561 -
882 3542 944 3567 Om.
958 3543 993 3573 133
1009 3542 1034 3567 in
1054 3549 1102 3567 suo
1117 3548 1196 3573 opere
1209 3541 1278 3566 addit
1291 3541 1323 3567 D.
1349 3541 1351 3566 Ι

315 3577 339 3611 β)
360 3578 420 3603 Dei.
438 3591 456 3597 -
475 3577 586 3602 Domini
605 3576 703 3601 CDFG.

313 3616 339 3647 γ)
358 3613 551 3645 cuiuscumque.
570 3625 589 3631 ·-
607 3612 810 3644 uniuscuiusque
827 3612 915 3637 FGab.

314 3649 338 3682 ὃ)
357 3650 451 3675 solum.
468 3662 487 3667 -
505 3649 575 3673 solus
594 3647 740 3672 ACDEFG.
758 3661 776 3665 -
794 3647 844 3672 Pro
863 3651 988 3678 naturae,
1008 3651 1149 3673 creaturae
1166 3648 1201 3679 B,
1220 3651 1323 3673 creatu-

261 3692 308 3710 rae
327 3685 368 3710 vel
386 3688 500 3709 naturae
518 3684 549 3708 D.

1434 1833 1557 1870 Huius
1585 1841 1713 1871 autem
1742 1833 1972 1871 necessitatis
2001 1834 2095 1871 ratio
2125 1842 2190 1881 est,
2220 1834 2320 1884 quia,
2352 1847 2439 1872 curn

1381 1886 1550 1924 debitum
1579 1887 1685 1935 quod
1713 1899 1759 1924 ex
1788 1886 1916 1924 divina
1943 1886 2079 1924 iustitia
2098 1886 2276 1934 redditur,
2306 1888 2352 1926 sit
2378 1889 2439 1926 vel

1379 1940 1549 1978 debitum
1561 1941 1658 1986 Deo,
1669 1940 1732 1976 vel
1743 1939 1914 1977 debitum
1928 1940 2036 1977 alicui
2046 1948 2250 1987 creaturae,
2263 1948 2437 1978 neutrum

1378 2000 1503 2042 potest
1522 1992 1560 2029 in
1580 1993 1706 2042 aliquo
1727 2004 1843 2042 opere
1863 1993 1934 2029 Dei
1952 1993 2209 2042 praetermitti.
2231 1994 2322 2030 Non
2338 1994 2439 2031 enim

1377 2054 1502 2096 potest
1529 2046 1653 2083 facere
1683 2045 1822 2096 aliquid
1850 2046 1968 2093 Deus,
1998 2046 2103 2095 quod
2131 2058 2209 2083 non
2235 2046 2280 2083 sit
2299 2059 2438 2084 conve-

1378 2099 1484 2137 niens
1503 2098 1707 2148 sapientiae
1723 2106 1759 2136 et
1775 2098 1931 2136 bonitati
1945 2099 2079 2148 ipsius;
2096 2099 2306 2138 secundum
2322 2112 2438 2148 quem

1379 2153 1540 2190 modum
1557 2152 1719 2190 diximus
1733 2151 1753 2174 ’²‘
1768 2151 1908 2201 aliquid
1928 2164 2010 2189 esse
2031 2152 2200 2190 debitum
2214 2153 2311 2194 De0.
2330 2153 2439 2193 Simi-

1377 2206 1459 2242 liter
1478 2205 1591 2242 etiam
1617 2205 1802 2254 quidquid
1820 2205 1858 2241 in
1877 2205 1990 2242 rebus
2019 2205 2149 2242 creatis
2177 2206 2277 2251 facit,
2307 2218 2439 2243 secun-

1379 2259 1472 2296 dum
1501 2258 1794 2295 convenientem
1823 2257 1997 2295 ordinem
2022 2265 2059 2295 et
2081 2258 2367 2307 proportionem
2388 2259 2439 2296 fa-

1379 2312 1442 2357 cit3
1471 2311 1509 2348 in
1538 2324 1615 2361 quo
1645 2310 1812 2348 consistit
1831 2311 1924 2348 ratio
1945 2310 2116 2348 iustitiae.
2147 2311 2195 2348 Et
2220 2311 2272 2348 sic
2292 2320 2441 2361 oportet

1378 2366 1418 2403 in
1447 2365 1553 2402 omni
1582 2377 1699 2415 opere
1726 2364 1799 2403 Dei
1828 2370 1839 2385 ⁸
1873 2376 1953 2402 esse
1981 2362 2171 2405 iustitiam.

1433 2419 1542 2467 Opus
1561 2426 1689 2455 autem
1717 2417 1868 2456 divinae
1896 2417 2056 2455 iustitiae
2082 2429 2232 2466 semper
2258 2429 2439 2466 praesup-

1376 2472 1484 2520 ponit
1504 2484 1602 2520 opus
1621 2471 1914 2518 misericordiae,
1935 2478 1972 2507 et
1990 2470 2028 2507 in
2047 2482 2094 2507 eo
2114 2470 2301 2507 fundatur.
2325 2471 2438 2507 Crea-

1377 2533 1483 2562 turae
1518 2525 1618 2562 enim
1655 2534 1735 2561 non
1763 2523 1922 2561 debetur
1953 2523 2093 2571 aliquid
2122 2522 2156 2570 ς,
2187 2523 2256 2560 nisi
2284 2531 2439 2573 propter

1378 2577 1517 2626 aliquid
1545 2578 1584 2615 in
1610 2589 1656 2614 eo
1680 2577 1945 2626 praeexistens,
1965 2577 2027 2613 vel
2045 2576 2436 2625 praeconsideratum:

1378 2639 1414 2668 et
1433 2643 1571 2677 rursus,
1602 2630 1632 2667 si
1658 2630 1748 2667 illud
1768 2638 1958 2667 creaturae
1979 2629 2148 2676 debetur,
2168 2630 2243 2666 hoc
2267 2630 2334 2666 erit
2351 2642 2438 2678 pro-

1376 2693 1459 2734 pter
1486 2683 1627 2733 aliquid
1654 2683 1769 2732 prius.
1805 2684 1854 2719 Et
1882 2695 1969 2720 cum
1988 2695 2066 2720 non
2094 2682 2140 2720 sit
2167 2683 2375 2732 procedere
2399 2683 2438 2719 in

1377 2737 1585 2783 infinitum,
1619 2744 1768 2785 oportet
1797 2736 1977 2773 devenire
2010 2736 2059 2773 ad
2087 2735 2228 2784 aliquid
2261 2735 2364 2784 quod
2394 2748 2458 2780 ex,

1377 2792 1457 2827 sola
1480 2790 1646 2827 bonitate
1676 2789 1827 2826 divinae
1854 2788 2057 2826 voluntatis
2086 2789 2310 2838 dependeat,
2341 2801 2438 2837 quae

1378 2852 1433 2880 est
1454 2843 1609 2880 ultimus
1628 2842 1726 2879 finis.
1755 2842 1896 2891 Utpote
1916 2842 1946 2878 si
1967 2842 2137 2879 dicamus
2166 2841 2270 2890 quod
2297 2843 2438 2878 habere

1371 2909 1513 2934 ,manus
1535 2895 1704 2933 debitum
1725 2903 1780 2932 est
1798 2895 1946 2932 homini
1964 2903 2119 2944 propter
2143 2895 2310 2931 animam
2329 2894 2440 2931 ratio-

1377 2951 1520 2995 nalem3
1551 2948 1720 2986 animam
1747 2960 1842 2985 vero
1863 2948 2084 2985 rationalem
2104 2948 2258 2994 habere,
2288 2948 2336 2985 ad
2364 2949 2438 2984 hoc

1378 3002 1481 3052 quod
1501 3002 1547 3039 sit
1565 3002 1703 3047 hom03
1724 3001 1923 3040 hominem
1941 3013 2036 3038 vero
2057 3013 2151 3048 esse,
2171 3008 2326 3050 propter
2345 3000 2437 3038 divi-

1378 3068 1468 3093 nam
1489 3055 1708 3092 bonitatem.
1731 3055 1780 3091 Et
1798 3053 1851 3091 sic
1871 3054 1909 3091 in
1929 3054 2095 3103 quolibet
2116 3066 2231 3102 opere
2250 3054 2322 3090 Dei
2339 3059 2353 3076 ’¹
2373 3066 2437 3102 ap-

1377 3116 1484 3159 paret
1503 3107 1772 3154 misericordia,
1793 3115 1978 3155 quantum
2008 3107 2055 3144 ad
2082 3106 2246 3155 primam
2273 3106 2436 3143 radicem

1379 3163 1469 3199 eius.
1492 3161 1610 3197 Cuius
1625 3160 1744 3197 virtus
1764 3161 1929 3197 salvatur
1947 3160 1986 3197 in
2006 3159 2184 3197 omnibus
2204 3171 2436 3208 consequen-

1377 3215 1491 3261 tibus;
1514 3222 1549 3251 et
1567 3213 1679 3250 etiam
1697 3213 1961 3250 vehementius
1989 3213 2028 3250 in
2056 3212 2108 3249 eis
2137 3219 2323 3261 operatur,
2345 3212 2438 3248 sicut

1379 3280 1492 3305 causa
1516 3266 1693 3315 primaria
1708 3263 1720 3286 ⁶
1738 3266 2002 3303 vehementius
2030 3265 2152 3302 influit
2178 3277 2294 3314 quam
2324 3277 2437 3302 causa

1349 3317 1350 3320 '
1379 3320 1556 3358 secunda.
1592 3320 1641 3356 Et
1672 3327 1827 3368 propter
1857 3319 1933 3356 hoc
1968 3318 2080 3356 etiam
2116 3330 2160 3354 ea
2194 3329 2291 3366 quae
2329 3311 2437 3354 alicui

1379 3381 1570 3411 creaturae
1591 3371 1787 3419 debentur,
1809 3373 1926 3419 Deus,
1948 3384 1992 3408 ex
2011 3370 2240 3408 abundantia
2259 3382 2350 3407 suae
2370 3371 2437 3407 bo-

1379 3427 1479 3475 tatis,
1505 3425 1642 3473 largius
1666 3424 1858 3474 dispensat
1876 3436 1992 3474 quam
2013 3423 2133 3471 exigat
2150 3423 2347 3472 proportio
2372 3423 2435 3460 rei.

1430 3542 1451 3573 ε)
1473 3541 1532 3565 Dei.
1550 3553 1569 3559 —
1587 3539 1698 3564 Domini
1715 3538 1894 3564 ACDEFGab.

1429 3577 1455 3609 ζ)
1474 3576 1543 3601 enim
1563 3582 1614 3600 non
1635 3575 1743 3599 debetur
1761 3574 1872 3606 aliquid.
1889 3587 1909 3593 -
1925 3576 2014 3598 autem
2034 3572 2099 3597 nihil
2117 3572 2227 3597 debetur
2244 3572 2274 3596 B.

1430 3613 1456 3644 η)
1483 3611 1543 3636 Dei.
1561 3625 1579 3630 —
1597 3610 1687 3635 divino
1710 3610 1769 3641 AD,
1795 3609 1905 3634 Domini
1928 3608 2059 3634 CEFGab.
2077 3621 2096 3628 -
2114 3608 2169 3632 eius
2192 3607 2312 3632 omittunt
2335 3607 2436 3632 codices

1378 3653 1403 3673 et
1421 3648 1479 3672 edd.
1498 3647 1548 3671 ab.

1431 3681 1454 3715 θ)
1471 3681 1613 3714 primaria.
1631 3694 1649 3699 -
1663 3680 1754 3713 prima
1772 3681 1802 3704 B.

2414 569 2421 575 .
2469 557 2528 573 vers.
2538 558 2572 581 32.

2469 685 2479 694 ·
2494 683 2560 706 Vers.
2570 690 2598 712 13-

2467 2161 2475 2169 ·
2489 2160 2540 2181 Art.
2555 2159 2610 2187 1,ad
2625 2166 2646 2189 3.
