2768 4178
984 212 1253 259 QUAESTIO
1285 213 1333 260 ΙΙ,
1363 214 1660 251 ARTICULUS
1691 215 1740 252 III
2411 214 2456 250 31

1073 365 1392 408 ARTICULUS
1421 366 1651 409 TERTIUS

1169 458 1326 490 UTRUM
1349 459 1462 491 DEUS
1485 459 1552 491 srr

845 416 865 434 *t

331 548 443 582 I„Sent.,
463 548 522 573 dist.
541 555 583 579 111,
602 547 653 573 div.
673 547 749 580 prim.
768 552 832 580 part.
852 552 951 579 textus;
975 548 1575 580 lcont.Gent.,cap.xm‚xv.xv1.x1.1v;
1595 549 1628 580 11,
1648 557 1705 582 cap.
1723 557 1768 579 xv;
1788 549 1827 578 ΙΙΙ,
1848 557 1903 582 cap.
1918 557 1990 580 Lxrv·
2015 550 2056 575 De
2081 551 2151 580 Ver„
2177 558 2222 583 qu.
2241 559 2270 580 v,
2289 556 2336 576 art.
2357 558 2386 582 2;

482 583 604 612 DePot„
625 591 670 616 qu.
682 590 720 612 m.
735 589 782 608 art.
799 582 826 614 53
848 583 994 615 Compend.
1012 583 1109 613 nicol„
1129 590 1186 616 cap.
1201 590 1242 613 1113
1262 583 1307 607 VII
1322 583 1439 616 Physic„
1458 584 1517 609 lect.
1532 592 1565 616 ιι;
1584 585 1649 615 VIII,
1668 585 1726 610 lect.
1740 592 1852 618 usqq.;
1870 585 1915 609 XII
1930 568 2057 618 Met’aph„
2078 586 2136 611 lect.
2149 594 2238 619 vsqq.

296 678 356 713 „4
378 682 447 726 „q
474 674 497 699 D
525 673 686 700 TER-rium
705 674 759 699 sm
779 674 1021 700 PROCEDlTUR.
1050 662 1211 700 Videtur
1229 662 1337 722 quod

291 693 447 777 ’ζὶἶο
474 716 580 752 Deus
609 727 690 753 non
717 715 775 753 sit.
806 716 909 762 Quia
928 715 959 753 si
977 728 1100 753 unum
1129 716 1337 753 contrario-

279 770 324 814 ’,γ
341 785 398 813 ν,
410 754 441 810 '(
474 780 561 806 rum
575 768 904 816 fueritinfinitum‚
916 769 1079 807 totaliter
1094 769 1336 807 destruetur⁰‘

283 815 292 822 .
317 791 439 872 <⁶³:³³3
430 815 587 859 kaliud.
627 822 706 859 Sed
732 823 808 859 hoc
845 822 1063 871 intelligitur
1096 823 1135 860 in
1163 823 1239 860 hoc
1267 835 1335 860 no-

259 874 364 912 mine
401 876 522 921 Deus,
551 874 722 912 scilicetss
745 875 853 924 quod
881 876 927 913 sit
957 876 1157 926 quoddam
1186 877 1334 913 bonurn

258 927 462 965 infinitum.
492 928 534 966 Si
562 940 653 977 ergo
681 929 789 966 Deus
815 937 925 977 esset,
946 930 1093 967 nullum
1114 930 1288 967 malum
1279 943 1334 967 in-

257 981 463 1019 veniretur.
507 982 704 1019 Invenitur
740 990 868 1020 autem
907 984 1054 1020 malum
1096 983 1135 1021 in
1172 983 1332 1021 mundo.

258 1035 362 1084 Ergo
390 1036 498 1073 Deus
526 1047 606 1073 non
634 1043 702 1073 est.

313 1100 348 1126 2.
378 1089 613 1138 Pmmmm,
643 1089 750 1139 quod
775 1097 901 1139 potest
929 1089 1115 1138 compleri
1138 1101 1209 1138 per
1240 1102 1333 1138 pau-

257 1141 360 1180 ciora
387 1141 593 1191 principia,
627 1155 706 1180 non
744 1143 787 1180 fit
822 1156 892 1193 per
919 1144 1039 1192 plura.
1077 1142 1154 1180 Sed
1182 1142 1334 1180 videtur

255 1195 363 1244 quod
400 1196 534 1237 omnia
566 1209 666 1246 quae
695 1204 881 1246 apparent
908 1196 946 1233 in
975 1197 1142 1244 mundo,
1170 1204 1334 1245 possunt

254 1248 441 1298 compleri
467 1262 538 1299 per
565 1250 638 1287 alia
664 1249 859 1299 principia,
881 1249 1080 1299 supposito
1102 1249 1206 1298 quod
1226 1251 1332 1287 Deus

255 1314 335 1340 non
363 1302 427 1340 sit:
456 1302 546 1352 quia
574 1315 621 1340 ea
647 1315 746 1351 quae
775 1310 863 1340 sunt
881 1303 1078 1351 naturalia,
1100 1303 1333 1341 reducuntur

255 1355 296 1394 in
322 1356 555 1406 principium
591 1356 700 1404 quod
737 1363 794 1393 est
824 1364 980 1403 natura;
1025 1369 1071 1394 ea
1097 1369 1192 1394 vero
1232 1369 1332 1406 quae

254 1417 344 1447 sunt
369 1422 393 1447 a
410 1409 625 1459 preposite,
645 1409 882 1447 reducuntur
908 1410 947 1447 in
975 1410 1206 1459 principium
1225 1411 1332 1459 quod

253 1469 312 1502 est
338 1463 432 1501 ratio
465 1463 638 1501 humana
664 1464 728 1500 vel
754 1463 945 1501 voluntas.
986 1464 1101 1501 Nulla
1128 1463 1239 1512 igitur
1267 1477 1332 1501 ne-

253 1516 409 1554 cessitas
437 1523 494 1554 est
519 1528 666 1566 ponere
695 1517 824 1554 Deum
853 1529 948 1554 esse.

307 1569 384 1615 Sep
403 1581 551 1607 CONTRA
569 1582 636 1607 EST
654 1571 761 1619 quod
778 1569 913 1608 dicitur
928 1571 1058 1608 Exodi
1072 1583 1107 1608 ιιι
1122 1570 1157 1618 *,
1180 1583 1226 1608 ex
1245 1583 1330 1620 per-

254 1634 350 1663 sona
377 1623 472 1661 Dei:
500 1624 589 1674 Ego
616 1635 702 1661 sum
731 1624 798 1673 qui
821 1636 919 1661 sum.

307 1677 536 1715 Respouozo
563 1689 751 1715 mcennum
780 1678 887 1727 quod
906 1678 1036 1715 Deum
1057 1690 1141 1715 esse
1160 1677 1330 1727 quinque

251 1730 324 1768 viis
350 1730 506 1780 probari
533 1738 670 1780 potest.
701 1730 832 1768 Prima
850 1738 980 1768 autem
996 1736 1010 1757 ⁷
1031 1737 1067 1768 et
1095 1731 1331 1769 manifestior

251 1783 317 1822 via
335 1791 403 1832 est,
425 1795 524 1834 quae
543 1783 706 1821 sumitur
733 1796 779 1821 ex
797 1791 906 1834 parte
925 1792 1065 1822 motus.
1096 1785 1255 1822 Certum
1276 1793 1331 1822 est

253 1837 380 1885 enim,
415 1845 452 1874 et
484 1849 600 1875 sensu
638 1845 807 1885 constat,
846 1837 973 1887 aliqua
1008 1838 1160 1875 moveri
1187 1838 1225 1875 in
1254 1839 1329 1876 hoc

252 1890 414 1929 mundo.
445 1891 575 1928 Omne
595 1899 725 1928 autem
745 1891 851 1939 quod
871 1899 1062 1939 movetur,
1083 1892 1132 1929 ab
1152 1892 1225 1929 alio
1247 1905 1330 1930 mo-

251 1952 376 1983 vetur.
406 1944 511 1981 Nihil
540 1943 641 1981 enim
671 1951 862 1991 movetur,
883 1944 956 1982 nisi
980 1945 1193 1996 secundum
1222 1946 1328 1993 quod

225 2000 228 2003 ’
254 2005 312 2036 est
337 1997 376 2035 in
404 1997 575 2048 potentia
594 1996 644 2034 ad
662 1997 755 2035 illud
774 1997 824 2035 ad
843 1998 949 2047 quod
967 2005 1166 2036 movetur:
1196 2008 1329 2036 movet

253 2059 384 2090 autem
412 2050 556 2101 aliquid
584 2051 797 2090 secundum
817 2051 925 2100 quod
953 2059 1011 2089 est
1037 2059 1135 2089 actu.
1165 2053 1328 2090 Movere

255 2105 359 2143 enim
378 2104 470 2143 nihil
489 2103 594 2142 aliud
613 2112 671 2142 est
689 2116 808 2154 quarn
828 2104 994 2142 educere
1013 2105 1155 2154 aliquid
1183 2106 1231 2143 de
1259 2119 1328 2155 po-

252 2157 371 2197 tentia
397 2157 436 2196 in
464 2165 614 2195 actum:
650 2157 699 2196 de
726 2158 897 2207 potentia
928 2165 1058 2196 autem
1097 2172 1176 2196 non
1204 2167 1330 2209 potest

253 2211 396 2262 aliquid
430 2211 561 2250 reduci
588 2211 627 2248 in
655 2218 798 2260 actum,
819 2211 891 2249 nisi
918 2223 988 2261 per
1015 2211 1171 2261 aliquod
1201 2226 1268 2251 ens
1292 2214 1329 2251 in

254 2272 340 2303 actu
355 2262 384 2302 ⁸:
406 2265 502 2302 sicut
521 2264 688 2302 calidum
707 2265 746 2302 in
765 2273 865 2312 actu,
881 2273 923 2302 ut
941 2264 1049 2314 ignis,
1065 2266 1153 2304 facit
1171 2265 1328 2316 lignum.

254 2318 362 2368 quod
391 2326 446 2356 est
468 2318 634 2356 calidum
652 2318 692 2355 in
709 2318 892 2367 potentia,
914 2331 997 2356 esse
1018 2327 1104 2357 actu
1124 2320 1290 2358 calidum
1306 2327 1328 2369 ¹,

255 2379 293 2415 et
319 2384 389 2422 per
416 2372 491 2410 hoc
519 2380 654 2410 movet
681 2379 719 2409 et
745 2372 878 2410 alterat
905 2372 1044 2422 ipsum.
1079 2374 1171 2411 Non
1199 2383 1328 2412 autem

256 2433 313 2464 est
329 2425 512 2475 possibile
530 2433 574 2463 ut
591 2425 694 2464 idem
708 2425 722 2451 ς
742 2425 788 2463 sit
806 2425 920 2464 simul
939 2426 979 2463 in
998 2435 1084 2464 actu
1105 2435 1142 2465 et
1159 2429 1330 2477 potentia

256 2479 468 2518 secundum
503 2479 625 2526 idem,
656 2479 725 2528 sed
753 2479 881 2517 solum
910 2481 1123 2518 secundum
1158 2481 1329 2520 diversa:

256 2533 361 2584 quod
382 2533 483 2570 enim
504 2540 560 2570 est
580 2532 746 2570 calidum
775 2532 814 2570 in
841 2540 940 2581 actu,
961 2546 1041 2571 non
1068 2542 1195 2583 potest
1218 2535 1329 2574 simul

257 2599 341 2626 esse
369 2586 535 2624 calidum
563 2586 602 2623 in
630 2586 812 2635 potentia,
832 2586 902 2624 sed
931 2595 987 2625 est
1013 2587 1127 2625 simul
1152 2589 1328 2638 frigidum

257 2641 297 2678 in
313 2639 496 2689 potentia.
517 2639 757 2688 Impossibile
774 2647 830 2677 est
849 2652 938 2689 ergo
958 2641 1076 2701 quod,
1092 2643 1331 2680 secundumn

257 2693 362 2732 idern
391 2700 428 2730 et
455 2693 596 2730 eodem
624 2694 758 2741 modo,
779 2693 921 2742 aliquid
945 2694 990 2731 sit
1008 2706 1172 2733 movens
1183 2698 1228 2733 et
1247 2709 1330 2733 mo-

257 2754 352 2795 tum,
368 2747 431 2784 vel
451 2745 557 2796 quod
576 2754 736 2784 moveat
753 2746 933 2796 seipsum.
965 2748 1095 2785 Omne
1115 2761 1205 2798 ergo
1225 2750 1330 2800 quod

258 2807 449 2847 movetur,
467 2806 618 2849 oportet
637 2799 686 2836 ab
706 2799 778 2837 alio
799 2801 960 2838 moveri.
982 2801 1022 2838 Si
1042 2814 1132 2850 ergo
1152 2802 1190 2840 id
1210 2815 1231 2840 a
1252 2816 1329 2852 quo

259 2861 450 2900 movetur,
470 2859 687 2901 moveatur,
709 2861 860 2902 oportet
879 2861 916 2891 et
938 2854 1065 2904 ipsum
1085 2856 1134 2892 ab
1154 2856 1226 2893 alio
1247 2869 1331 2894 rno-

258 2906 342 2945 veri
355 2904 384 2954 ⁰;
405 2914 444 2944 et
469 2906 560 2944 illud
587 2906 636 2943 ab
661 2906 748 2944 alio.
778 2907 852 2944 Hic
875 2916 1004 2945 autem
1023 2921 1103 2946 non
1122 2917 1178 2946 est
1196 2921 1330 2958 proce-

260 2960 352 2998 dere
387 2959 428 2997 in
463 2959 677 2997 infinitum:
711 2959 801 3009 quia
837 2961 891 2998 sic
927 2974 1007 2998 non
1042 2970 1140 2999 esset
1174 2963 1330 3012 aliquod

259 3013 430 3062 primum
458 3025 641 3059 movens;
672 3020 708 3050 et
727 3025 798 3062 per
815 3026 1055 3064 consequens
1084 3028 1155 3052 nec
1174 3016 1330 3065 aliquod

261 3066 374 3104 aliud.
392 3078 568 3115 movens,
598 3066 687 3115 quia
715 3067 911 3105 moventia
939 3068 1109 3106 secunda
1136 3081 1215 3107 non
1249 3082 1331 3107 mo-

261 3126 354 3157 vent
381 3118 452 3156 nisi
478 3131 548 3169 per
574 3121 651 3157 hoc
679 3120 784 3169 quod
812 3129 901 3158 sunt
919 3129 1024 3159 mota
1052 3134 1075 3159 a
1101 3122 1227 3171 primo
1249 3135 1331 3160 mo-

316 3241 344 3274 α)
365 3241 527 3267 destruetur.
544 3255 565 3262 -
581 3243 702 3268 destruet
719 3242 752 3274 G,
771 3242 922 3268 destrueret
939 3244 1025 3269 ceteri.

317 3275 343 3309 β)
362 3276 471 3302 scilicet.
488 3290 508 3296 -
525 3277 588 3303 Om.
600 3278 712 3303 codices.

317 3312 344 3345 γ)
362 3315 462 3337 autem.
479 3326 498 3331 -
516 3312 579 3338 Om.
591 3313 704 3339 codices.

316 3346 342 3380 δ)
362 3347 472 3380 αΙῐᾳιιοᾱ
490 3354 536 3373 ens
554 3348 581 3373 in
599 3351 672 3374 actu.
689 3363 709 3368 -
725 3349 830 3382 aliquid
847 3356 894 3374 ens
911 3353 974 3375 actu
992 3349 1156 3383 ABCDEpF.

318 3383 341 3415 ε)
360 3389 417 3408 esse
440 3385 502 3407 actu
524 3383 651 3408 calidum.
668 3397 688 3404 -
705 3391 761 3410 esse
783 3385 901 3410 calidum
921 3386 948 3410 in
966 3388 1029 3410 actu
1047 3385 1170 3417 ABCDE,
1189 3390 1216 3410 et
1233 3386 1334 3411 omisso

265 3418 293 3444 in
312 3418 342 3449 F,
360 3425 417 3443 esse
434 3417 554 3443 calidum
571 3425 628 3444 esse
645 3419 679 3444 G.

318 3452 345 3486 ζ)
364 3457 395 3479 ut
413 3453 493 3478 idem.
510 3466 530 3472 -
547 3453 767 3487 01n.pF‚quod
785 3455 856 3481 idem
875 3456 1034 3481 ABCDEsF.
1052 3470 1071 3476 -
1088 3457 1140 3482 Pro
1154 3457 1286 3489 potentia,
1307 3458 1334 3482 in

258 3489 387 3522 potentia
403 3488 552 3514 ABCDEG.

319 3524 346 3557 η)
365 3524 520 3550 seeundum.
537 3538 556 3543 -
574 3523 637 3550 Om.
651 3524 823 3558 CEFpAD.—
838 3526 891 3552 Pro
909 3527 1002 3557 modo,
1022 3530 1096 3553 motu
1114 3528 1290 3553 BCDEFGsA
1309 3533 1334 3553 et

266 3559 317 3584 ab.
335 3574 352 3579 -
374 3559 435 3584 Mox
453 3559 555 3584 codices
574 3564 761 3593 transponunt:
784 3561 897 3594 Oportet
914 3570 980 3596 ergo
995 3570 1074 3588 omne
1087 3563 1159 3596 quod
1173 3567 1303 3589 movetur.
1317 3578 1335 3583 —-

265 3595 319 3619 Pro
336 3595 370 3620 ab
388 3595 452 3625 alio,
470 3595 504 3620 ab
522 3595 614 3627 aliquo
631 3595 687 3621 alio
704 3596 735 3621 B.

1387 670 1514 710 vente,
1536 663 1632 701 sicut
1660 665 1818 702 baculus
1837 677 1917 701 non
1933 673 2065 702 movet
2083 665 2155 702 nisi
2172 678 2241 714 per
2258 667 2334 703 hoc
2353 667 2458 715 quod

1389 723 1445 753 est
1462 724 1591 754 motus
1610 730 1633 754 a
1652 730 1781 755 manu.
1812 719 1915 766 Ergo
1935 730 2093 755 necesse
2123 726 2178 755 est
2206 719 2386 756 devenire
2408 720 2457 756 ad

1367 769 1544 819 ‚aliquod
1571 771 1742 820 primum
1770 783 1952 818 movens,
1987 771 2092 820 quod
2121 784 2143 808 a
2171 773 2275 809 nullo
2295 780 2303 793 ²
2322 785 2456 810 move-

1386 830 1468 860 tur:
1499 831 1535 861 et
1562 824 1637 861 hoc
1666 837 1803 862 omnes
1831 824 2041 873 intelligunt
2069 825 2210 862 Deum.

1442 877 1621 914 Secunda
1648 877 1713 915 via
1741 886 1798 915 est
1826 890 1871 915 ex
1899 878 2045 916 ratione
2075 890 2213 915 causae
2247 878 2456 915 efficientis.

1387 930 1609 968 Invenimus
1648 931 1751 968 enim
1780 931 1818 968 in
1851 931 1929 969 istis
1966 931 2206 969 sensibilibus
2241 944 2323 968 esse
2359 931 2457 969 ordi-

1387 995 1478 1020 nem
1498 996 1700 1021 causarum
1721 985 1983 1022 efficientium:
2010 997 2082 1022 nec
2101 992 2231 1022 tamen
2254 985 2456 1032 invenitur,

1386 1049 1458 1073 nec
1487 1045 1544 1074 est
1570 1037 1764 1087 possibile,
1785 1039 1890 1087 quod
1914 1038 2057 1087 aliquid
2082 1038 2128 1075 sit
2147 1051 2262 1076 causa
2290 1039 2458 1076 efficiens

1387 1090 1444 1126 sui
1472 1090 1607 1139 ipsius;
1637 1091 1727 1139 quia
1755 1091 1808 1128 sic
1836 1100 1935 1129 esset
1963 1092 2068 1141 prius
2097 1092 2236 1141 seipso,
2263 1092 2371 1140 quod
2404 1099 2459 1129 est

1386 1142 1633 1202 impossibile.
1674 1145 1766 1181 Non
1804 1153 1933 1182 autem
1972 1153 2027 1182 est
2063 1146 2244 1195 possibile
2282 1146 2386 1195 quod
2419 1146 2458 1183 in

1386 1197 1510 1233 causis
1539 1197 1791 1234 efficientibus
1809 1198 2040 1247 procedatur
2058 1199 2105 1236 in'
2124 1199 2325 1236 infinitum.
2358 1199 2459 1246 Quia

1385 1249 1424 1286 in
1452 1250 1633 1288 omnibus
1653 1251 1776 1288 causis
1802 1252 2055 1289 efficientibus
2075 1252 2269 1299 ordinatis,
2288 1252 2456 1301 primum

1385 1311 1442 1340 est
1461 1316 1576 1341 causa
1605 1304 1734 1351 medii,
1755 1312 1792 1341 et
1811 1305 1983 1342 medium
2004 1313 2061 1342 est
2080 1317 2195 1342 causa
2221 1305 2356 1353 ultimi,
2377 1306 2457 1342 sive

1385 1357 1514 1394 media
1551 1357 1625 1394 sint
1660 1358 1769 1407 plura
1813 1358 1895 1395 sive
1931 1371 2053 1395 unum
2091 1366 2267 1396 tantum:
2310 1367 2457 1396 remota

1385 1418 1514 1447 autern
1543 1423 1671 1458 causa,
1692 1419 1915 1448 removetur
1943 1412 2121 1449 effectus:
2151 1424 2258 1461 ergo,
2288 1412 2318 1449 si
2338 1419 2350 1433 ’¹
2380 1425 2458 1450 non

1385 1463 1495 1501 fuerit
1531 1464 1700 1513 primum
1738 1464 1776 1501 in
1811 1465 1933 1502 causis
1971 1465 2244 1513 efficientibus,
2278 1478 2357 1503 non
2390 1466 2458 1503 erit

1383 1517 1560 1555 ultimum
1588 1530 1660 1555 nec
1688 1518 1872 1555 medium.
1904 1518 1982 1555 Sed
2001 1519 2031 1556 si
2050 1519 2280 1567 procedatur
2308 1519 2346 1556 in
2373 1519 2456 1556 infi-

1384 1571 1506 1608 nitum
1526 1571 1565 1608 in
1585 1571 1707 1609 causis
1728 1571 1991 1619 efficientibus,
2011 1585 2090 1609 non
2111 1572 2177 1610 erit
2194 1573 2320 1621 prima
2343 1585 2456 1610 causa

1384 1625 1575 1662 efficiens:
1612 1633 1647 1662 et
1676 1625 1729 1662 sic
1757 1637 1837 1662 non
1875 1625 1942 1662 erit
1976 1638 2047 1662 nec
2084 1626 2241 1663 effectus
2278 1626 2454 1673 ultimus,

1385 1690 1456 1715 nec
1485 1690 1622 1715 causae
1661 1678 1868 1715 efficientes
1901 1679 2074 1716 mediae:
2109 1680 2214 1729 quod
2241 1687 2345 1729 patet
2373 1692 2455 1717 esse

1384 1732 1532 1769 falsum.
1563 1732 1666 1780 Ergo
1696 1739 1752 1768 est
1785 1744 1941 1769 necesse
1961 1731 1973 1753 λ
2001 1745 2146 1782 ponere
2175 1733 2340 1783 aliquam
2369 1745 2455 1770 cau-

1382 1798 1466 1822 sam
1505 1785 1735 1823 efficientem
1772 1785 1961 1834 primam:
2000 1798 2118 1836 quam
2156 1799 2292 1824 omnes
2327 1788 2454 1824 Deum

1383 1839 1596 1876 nominant.

1436 1892 1566 1929 Tertia
1593 1892 1657 1929 via
1691 1900 1746 1930 est
1773 1901 1926 1941 sumpta
1954 1905 2000 1929 ex
2019 1893 2189 1942 possibili
2218 1901 2253 1930 et
2281 1906 2454 1931 necessa-

1383 1946 1454 1982 rio:
1482 1958 1581 1995 quae
1601 1945 1682 1982 talis
1703 1954 1768 1982 est.
1791 1946 2011 1983 Invenimus
2031 1946 2188 1983 enimin
2207 1947 2320 1984 rebus
2340 1960 2454 1997 quae-

1383 1998 1474 2036 dam
1494 2011 1593 2048 quae
1622 2006 1709 2036 sunt
1736 1999 1926 2048 possibilia
1955 2011 2037 2036 esse
2058 2007 2095 2037 et
2122 2012 2200 2037 non
2231 2012 2334 2038 esse:
2366 2013 2454 2038 cum

1383 2052 1577 2100 quaedam
1615 2052 1856 2090 inveniantur
1892 2053 2063 2101 generari
2102 2060 2139 2090 et
2173 2054 2385 2103 corrumpi,
2420 2062 2456 2091 et

1381 2118 1451 2154 per
1471 2118 1710 2155 consequens
1737 2105 1962 2154 possibiliaf‘
1978 2118 2058 2143 esse
2093 2115 2129 2144 et
2157 2119 2237 2144 non
2264 2120 2358 2144 esse.
2381 2109 2454 2145 Im-

1382 2159 1562 2208 possibile
1591 2167 1647 2196 est
1674 2167 1802 2196 autem
1832 2159 1961 2196 omnia
1989 2172 2089 2209 quae
2118 2168 2205 2197 sunt
2232 2161 2330 2208 talia,
2355 2173 2454 2198 sem-

1383 2225 1452 2262 per
1466 2219 1478 2233 *
1494 2225 1593 2250 esse:
1615 2212 1703 2262 quia
1722 2212 1827 2261 quod
1845 2213 2024 2261 possibile
2050 2221 2106 2250 est
2125 2226 2203 2251 non
2223 2226 2317 2262 esse,
2334 2226 2454 2263 quan-

1384 2266 1512 2315 doque
1541 2278 1620 2303 non
1649 2274 1714 2303 est.
1755 2265 1795 2302 Si
1831 2266 1940 2314 igitur
1977 2267 2106 2304 omnia
2144 2275 2231 2304 sunt
2261 2267 2455 2317 possibilia

1383 2332 1462 2357 non
1498 2332 1600 2367 esse,
1626 2319 1830 2369 aliquando
1866 2319 1957 2356 nihil
1994 2320 2062 2357 fuit
2095 2320 2133 2358 in
2162 2321 2287 2358 rebus.
2319 2322 2397 2359 Sed
2426 2322 2455 2358 si

1382 2375 1458 2411 hoc
1486 2381 1543 2410 est
1560 2385 1710 2420 verum,
1733 2373 1845 2410 etiarn
1866 2385 1968 2410 nunc
1992 2373 2085 2411 nihil
2105 2382 2219 2411 esset:
2241 2375 2330 2424 quia
2349 2375 2453 2424 quod

1383 2440 1462 2464 non
1491 2434 1566 2474 est,
1596 2439 1675 2463 non
1702 2426 1831 2475 incipit
1859 2439 1940 2463 esse
1961 2426 2031 2464 nisi
2060 2440 2129 2476 per
2156 2428 2296 2477 aliquid
2315 2426 2329 2452 ξ
2348 2430 2453 2477 quod

1384 2488 1459 2526 est;
1489 2480 1518 2517 si
1546 2480 1657 2528 igitur
1684 2479 1772 2517 nihil
1801 2480 1868 2516 fuit
1895 2492 1973 2528 ens,
1994 2480 2225 2530 impossibile
2254 2481 2320 2518 fuit
2347 2482 2452 2531 quod

1383 2533 1524 2583 aliquid
1538 2533 1718 2583 inciperet
1734 2545 1828 2580 esse,
1845 2533 1948 2570 etsie
1966 2534 2084 2571 modo
2105 2534 2197 2571 nihil
2212 2542 2326 2572 esset:
2348 2536 2454 2585 quod

1383 2595 1487 2637 patet
1524 2600 1606 2624 esse
1635 2587 1784 2623 falsum.
1814 2587 1906 2624 Non
1935 2599 2025 2635 ergo
2064 2587 2196 2625 omnia
2234 2588 2334 2625 entia
2368 2597 2455 2626 sunt

1383 2640 1594 2701 possibilia:
1625 2640 1693 2677 sed
1721 2648 1871 2695 oportet
1907 2640 2051 2690 aliquid
2079 2653 2162 2679 esse
2195 2642 2453 2680 necessarium

1384 2695 1422 2732 in
1460 2695 1585 2731 rebus.
1617 2693 1746 2730 Omne
1783 2701 1911 2730 autem
1948 2695 2205 2732 necessarium
2242 2697 2303 2732 vel
2340 2697 2455 2733 habet

1385 2760 1540 2786 causam
1569 2759 1661 2783 suae
1690 2746 1921 2784 necessitatis
1943 2747 2106 2795 aliunde,
2130 2749 2192 2785 vel
2220 2761 2298 2786 non
2326 2750 2452 2786 habet.

1385 2803 1477 2838 Non
1505 2809 1561 2838 est
1590 2807 1718 2837 autem
1746 2800 1926 2849 possibile
1952 2801 2057 2849 quod
2076 2802 2307 2850 procedatur
2333 2802 2372 2839 in
2400 2803 2453 2840 in-

1383 2855 1535 2892 finitum
1563 2854 1603 2890 in
1631 2853 1852 2891 necessariis
1886 2866 1985 2902 quae
2012 2855 2155 2892 habent
2179 2868 2334 2893 causam
2362 2869 2453 2893 suae

1384 2907 1616 2945 necessitatis
1636 2912 1659 2952 ⁰,
1681 2906 1777 2944 sicut
1803 2919 1875 2944 nec
1903 2907 1942 2945 in
1971 2908 2093 2959 causis
2122 2909 2383 2956 efficientibus,
2413 2918 2454 2946 ut

1384 2962 1589 3011 probatum
1619 2968 1685 2997 est.
1724 2961 1827 3008 Ergo
1860 2973 2018 2998 necesse
2053 2969 2109 2999 est
2139 2974 2284 3010 ponere
2312 2962 2453 3010 aliquid

1385 3015 1490 3064 quod
1505 3014 1551 3051 sit
1565 3020 1582 3035 π
1598 3026 1666 3062 per
1685 3026 1726 3050 se
1746 3014 2012 3062 necessarium,
2034 3027 2112 3052 non
2131 3016 2277 3052 habens
2297 3027 2451 3052 causam

1386 3067 1617 3106 necessitatis
1645 3066 1810 3115 aliunde,
1831 3067 1898 3104 sed
1927 3068 2031 3117 quod
2061 3076 2116 3106 est
2150 3081 2264 3105 causa
2290 3069 2451 3106 necessi-

1385 3122 1469 3159 tatis
1498 3121 1595 3158 aliis:
1625 3120 1732 3169 quod
1761 3133 1897 3158 omnes
1928 3121 2055 3159 dicunt
2082 3123 2210 3158 Deum
2229 3127 2254 3159 Ρ.

1441 3243 1465 3277 0)
1486 3244 1517 3269 Si
1534 3251 1635 3276 ergo...
1648 3244 1758 3269 moveri.
1775 3257 1795 3262 -
1813 3244 1875 3269 Om.
1890 3245 1920 3269 B.
1937 3258 1956 3263 —
1975 3244 2025 3268 Pro
2044 3243 2103 3273 Hic,
2123 3243 2182 3268 Hoc
2200 3244 2302 3269 codices
2322 3250 2348 3269 et
2364 3245 2415 3271 ab.
2434 3259 2452 3264 -

1388 3288 1440 3305 non
1460 3285 1519 3304 ante
1537 3282 1576 3304 est
1590 3278 1739 3311 procedere
1756 3287 1810 3304 om.
1829 3280 1870 3304 ed.
1884 3280 1908 3304 b.

1442 3314 1460 3349 ι)
1480 3322 1498 3340 a
1517 3315 1597 3339 nullo.
1614 3328 1634 3334 -
1651 3314 1678 3339 in
1698 3315 1771 3339 nullo
1788 3315 1883 3346 AEpC,
1902 3315 1974 3340 nullo
1993 3314 2071 3340 modo
2090 3314 2122 3345 D,
2141 3315 2220 3340 modo
2243 3315 2315 3340 nullo
2332 3315 2380 3349 pF.

1442 3351 1467 3384 κ)
1486 3357 1559 3383 ergo,
1578 3350 1611 3375 si.
1627 3363 1646 3369 -
1663 3350 1688 3375 si
1705 3350 1791 3383 igitur
1808 3350 1862 3375 BD.

1441 3385 1468 3418 λ)
1488 3389 1528 3411 est
1546 3392 1657 3410 necesse.
1674 3398 1694 3405 -
1711 3392 1815 3410 necesse
1833 3388 1873 3410 est
1891 3385 2002 3410 codices.
2018 3398 2037 3404 -
2050 3384 2170 3416 primam
2189 3393 2242 3410 om.
2257 3386 2287 3410 Β.

1442 3421 1469 3455 μ.)
1476 3416 2037 3480 P⁰⁵³f⁶f¹i“·'00m·({‘1{3‘}{⁶⁶⁸ffi3⁶d·“gpw
2047 3427 2098 3444 non
2108 3427 2164 3445 esse
2172 3421 2195 3445 D
2206 3421 2275 3446 addit
2284 3421 2450 3454 quandoque.

1441 3463 1624 3481 vsemer-
1668 3463 1704 3481 m.
1893 3461 2017 3480 ete.a.

1442 3457 1466 3525 ΕΞ
1485 3464 1595 3524 aliqia’id.
1612 3504 1633 3511 ·-
1649 3491 1754 3524 aliquid
1771 3456 1847 3516 agga
1864 3492 1894 3516 Β.

1441 3527 1467 3561 o)
1488 3526 1660 3552 necessitatis.
1677 3540 1697 3546 -
1716 3526 1878 3552 necessitatis
1895 3526 2004 3551 aliunde
2023 3526 2055 3551 G.

1443 3563 1472 3596 π)
1491 3562 1534 3587 sit.
1552 3576 1571 3581 -
1589 3564 1628 3587 est
1647 3561 1749 3587 codices
1769 3567 1794 3587 et
1811 3569 1829 3586 a
1840 3562 1862 3586 b.

1443 3599 1468 3631 ρ)
1487 3598 1593 3630 quod...
1609 3597 1705 3623 Deum.
1723 3611 1742 3617 —
1759 3600 1786 3622 et
1804 3597 1853 3622 hoe
1871 3600 1910 3622 est
1929 3597 2002 3622 Deus
2021 3597 2088 3627 BsD,
2106 3605 2160 3623 om.
2173 3598 2250 3623 ceteri
2269 3602 2294 3623 et
2312 3598 2362 3623 ab.
