2768 4178
53 749 65 761 ⁸
74 748 211 777 Quum,
224 752 266 770 art.

56 3365 67 3376 ⁶
83 3364 141 3393 Cap.
154 3371 178 3387 x.

963 237 1230 283 QUAESTIO
1260 239 1382 286 XLV,

293 330 404 367 quem
424 318 552 355 omnia
560 319 673 367 facta
691 321 788 362 sunt,
809 315 1036 364 inquantum
1055 317 1171 353 habet
1196 317 1360 354 eandem

292 371 485 419 virtutem,
506 371 575 408 sed
602 371 651 408 ab
680 369 776 407 alio:
806 380 897 406 nam
925 369 1021 405 haec
1039 369 1270 417 praepositio
1289 381 1362 417 per

294 425 390 462 solet
417 425 600 462 denotare
629 434 784 460 causam
813 420 995 468 mediam,
1025 421 1105 458 sive
1133 422 1362 470 principium

295 477 343 515 de
370 477 569 527 principio.
591 476 670 514 Sed
689 474 844 525 Spiritui
872 475 1025 521 Sancto,
1046 474 1112 522 qui
1131 475 1247 511 habet
1275 487 1362 512 ean—

295 531 386 569 dem
412 530 594 568 virtutem
622 530 671 567 ab
699 536 884 576 utroque,
915 526 1130 564 attribuitur
1160 527 1266 575 quod
1295 528 1362 564 do—

294 583 479 621 minando
507 584 703 631 gubernet,
734 589 771 618 et
796 580 968 618 vivificet
995 592 1093 629 quae
1123 587 1210 616 sunt
1238 588 1364 617 creata

295 649 318 674 a
336 638 449 674 Patre
467 648 537 686 per
555 635 706 673 Filium.
726 655 751 662 -
770 635 902 671 Potest
927 633 1042 670 etiarn
1070 632 1183 669 huius
1211 633 1363 670 attribu-

294 689 408 727 tionis
445 687 664 726 communis
697 687 791 724 ratio
829 686 950 735 accipi
980 698 1025 722 ex
1057 686 1364 735 appropriatione

297 742 553 780 essentialium
581 741 859 778 attributorum.
889 740 1006 787 Nam,
1028 739 1124 776 sicut
1143 751 1258 788 supra
1271 738 1292 760 ’¹‘
1312 739 1365 776 di-

297 803 401 834 ctum
430 803 496 842 est,
522 794 624 831 Patri
644 793 912 843 appropriatur
925 799 945 819 μ
962 792 1144 842 potentia,
1165 804 1265 841 quae
1284 803 1365 828 ma-

294 848 398 887 xime
417 847 681 885 manifestatur
699 847 738 884 in
758 846 966 883 creatione:
993 853 1030 883 et
1048 845 1135 883 ideo
1157 845 1366 882 attribuitur

295 900 398 940 Patri
432 901 658 938 Creatorem
687 912 781 938 esse.
819 899 913 936 Filio
942 906 1070 936 autem
1099 898 1367 948 appropriatur

297 953 496 1003 sapientia,
530 966 600 1003 per
629 966 747 1002 quam
775 965 891 1001 agens
918 964 988 1001 per
1013 952 1246 989 intellectum
1275 964 1367 1000 ope-

296 1014 417 1046 ratur:
450 1014 487 1044 et
513 1007 602 1044 ideo
633 1006 768 1044 dicitur
796 1006 843 1043 de
872 1005 980 1053 Filio,
998 1017 1072 1054 per
1099 1017 1210 1053 quem
1238 1005 1367 1041 omnia

351 1122 380 1156 μ.)
393 1122 597 1154 appropriatur.
608 1135 628 1140 -
641 1120 801 1146 attribuitur
814 1121 844 1150 Β,
856 1120 1017 1145 attribuitur
1029 1122 1056 1145 et
1069 1119 1265 1152 appropriatur
1283 1119 1368 1144 PFab.

295 1171 314 1176 -
333 1158 392 1182 Mox
410 1165 460 1190 pro
477 1157 680 1190 appropriatur,
699 1156 859 1181 attribuitur
876 1156 961 1189 primo
979 1155 1038 1180 loco
1056 1155 1091 1186 B,
1111 1155 1192 1180 altero
1211 1154 1244 1180 G.

1412 241 1707 278 ARTICULUS
1736 242 1805 278 Vll
2399 244 2473 292 475

1405 319 1516 366 facta
1548 326 1644 357 sunt.
1685 320 1839 369 Spiritui
1877 322 2016 359 Sancto
2051 330 2180 359 autem
2214 321 2478 372 appropriatur

1417 371 1583 419 bonitas,
1613 373 1662 410 ad
1690 386 1808 422 quam
1836 374 1996 422 pertinet
2029 375 2251 423 gubernatio
2285 376 2478 413 deducens

1418 436 1477 460 res
1503 424 1543 461 in
1571 425 1718 462 debitos
1745 427 1864 474 fines,
1899 435 1934 464 et
1960 427 2187 465 vivificatio:
2217 440 2307 465 nam
2334 428 2412 465 vita
2439 427 2479 465 in

1417 477 1584 514 interiori
1612 479 1783 527 quodam
1812 487 1920 516 motu
1949 481 2131 528 consistit,
2160 481 2327 530 primum
2352 487 2479 517 autem

1418 541 1582 567 movens
1611 539 1665 568 est
1691 532 1778 568 finis
1807 540 1844 569 et
1870 533 2030 570 bonitas.

1472 584 1531 619 AD
1559 595 1718 621 TERTmM
1746 597 1930 622 mcENDuM
1950 586 2067 633 quod,
2087 586 2173 623 licet
2191 586 2345 635 quilibet
2358 592 2370 606 ‘
2390 586 2479 623 effe-

1421 642 1501 671 ctus
1516 636 1589 672 Dei
1607 638 1789 684 procedat
1808 650 1854 674 ex
1869 638 2038 686 quolibet
2056 639 2332 686 attributorum,
2352 646 2480 675 tamen

1421 688 1610 725 reducitur
1623 690 1884 739 unusquisque
1903 691 2059 728 effectus
2074 692 2123 729 ad
2140 692 2231 729 illud
2246 691 2479 738 attributum,

1422 753 1508 777 cum
1544 754 1621 790 quo
1659 743 1774 779 habet
1810 744 2113 785 convenientiam
2153 745 2364 782 secundum
2392 756 2480 793 pro-

1421 793 1545 842 priam
1565 794 1770 832 rationem:
1799 795 1894 833 sicut
1913 797 2098 834 ordinatio
2119 810 2245 835 rerum
2266 799 2314 835 ad
2333 797 2480 846 sapien-

1422 846 1527 894 tiam,
1544 855 1581 883 et
1594 845 1607 870 ε
1627 848 1837 885 iustificatio
1853 849 1959 898 impii
1979 850 2028 887 ad
2041 850 2339 888 misericordiam
2359 858 2395 887 et
2413 851 2480 886 bo-

1422 899 1579 936 nitatem
1597 913 1638 937 se
1658 902 2010 950 superabundanter
2023 903 2310 940 diffundentem.
2331 903 2480 939 Creatio

1422 965 1534 999 vero,
1565 965 1664 1001 quae
1693 961 1748 990 est
1774 955 1975 1003 productio
2012 955 2127 1004 ipsius
2155 956 2382 993 substantiae
2411 955 2480 1003 rei,

1424 1006 1616 1043 reducitur
1644 1006 1693 1043 ad
1720 1007 1941 1055 potentiam.

1477 1119 1501 1150 ν)
1521 1120 1636 1152 quilibet.
1654 1134 1673 1139 —
1691 1121 1752 1146 Om.
1771 1122 1877 1147 PEFab.

1479 1153 1502 1188 ξ)
1521 1158 1556 1180 et.
1573 1169 1592 1174 -
1610 1156 1671 1180 Om.
1690 1157 1837 1183 ABCDEG.
1855 1171 1875 1176 -
1894 1158 1921 1182 ln
1940 1157 1991 1182 fine
2015 1159 2151 1183 reducitur
2169 1166 2221 1184 om.
2236 1159 2336 1184 codices
2356 1164 2381 1183 et
2399 1159 2440 1184 ed.
2458 1165 2483 1183 a.

979 1243 1312 1276 Commentaria
1335 1241 1585 1275 Cardinalis
1607 1243 1807 1277 Caietani

327 1343 349 1364 N
364 1333 469 1370 titulo,
483 1334 656 1375 proprium
672 1332 875 1374 distinguitur
890 1338 999 1362 contra
1020 1340 1197 1362 commune.
1213 1349 1234 1353 -
1250 1330 1286 1360 In
1302 1340 1370 1361 cor-

300 1345 408 1418 Ipore
431 1378 512 1409 duae
534 1377 766 1410 conclusiones,
790 1377 900 1408 Prima
922 1383 984 1407 est:
1009 1375 1124 1407 Creare
1139 1385 1207 1405 non
1230 1381 1275 1406 est
1294 1385 1369 1415 pro-

298 1422 407 1463 prium
430 1422 524 1453 alicui
547 1423 714 1458 Personae,
738 1421 794 1451 sed
817 1430 990 1451 commune
1008 1419 1067 1451 toti
1086 1419 1244 1450 Trinitati.

355 1466 521 1498 Probatur.
547 1466 661 1498 Creare
685 1472 731 1496 est
753 1465 881 1505 proprie
905 1474 1032 1495 causare
1056 1473 1123 1494 esse
1145 1472 1268 1494 rerum:
1294 1474 1369 1504 ergo

299 1511 448 1542 convenit
465 1511 535 1542 Deo
551 1510 730 1541 secundum
744 1519 841 1540 suum
857 1518 941 1539 esse:
966 1518 1042 1549 ergo
1058 1515 1105 1539 est
1121 1518 1294 1539 commune
1311 1508 1370 1539 toti

298 1555 456 1587 Trinitati.
473 1573 494 1578 —
509 1555 616 1585 Prima
639 1553 866 1594 consequentia
887 1553 1058 1594 probatur:
1082 1552 1158 1594 quia
1176 1552 1369 1593 principium

299 1599 431 1631 actionis
450 1609 488 1629 ex
503 1598 614 1630 effectu
638 1598 864 1634 consideratur,
889 1597 966 1638 quia
988 1606 1085 1628 omne
1108 1607 1204 1637 agens
1227 1597 1292 1637 agit
1310 1597 1369 1627 sibi

298 1643 411 1674 simile.
435 1643 582 1674 Secunda
596 1652 688 1673 vero:
709 1642 785 1683 quia
804 1652 871 1672 esse
886 1641 946 1672 Dei
962 1648 1009 1672 est
1033 1641 1100 1672 eius
1125 1641 1269 1678 essentia,
1287 1652 1369 1683 quae

299 1687 480 1719 communis
504 1694 550 1718 est
573 1687 632 1718 toti
655 1686 813 1718 Trinitati.

355 1731 447 1764 Circa
462 1731 650 1762 antecedens
673 1741 740 1762 non
764 1737 891 1771 oportet
905 1729 1080 1761 sollicitari:
1106 1730 1182 1771 quia
1200 1729 1264 1760 iam
1284 1736 1370 1770 patet

262 1796 270 1808 ,
299 1786 336 1807 ex
352 1776 441 1808 dictis
456 1775 475 1794 ³
499 1775 589 1817 quod
613 1785 740 1806 causare
761 1785 818 1816 per
834 1784 866 1805 se
882 1774 988 1815 primo
1010 1784 1087 1811 esse,
1106 1781 1137 1805 et
1153 1784 1265 1810 creare,
1282 1774 1368 1804 idem

263 1821 271 1829 ¹
298 1827 383 1852 sunt.
406 1821 449 1851 Et
470 1820 544 1851 ideo
567 1819 601 1851 in
624 1819 727 1851 littera
749 1819 880 1860 ponitur
902 1819 935 1860 ly
951 1819 1097 1859 proprie.

356 1865 394 1896 11.
418 1864 567 1896 Secunda
591 1865 752 1895 conclusio
776 1870 838 1894 est:
862 1863 1020 1894 Personae
1044 1862 1168 1893 divinae
1191 1862 1369 1893 secundum

1423 1330 1580 1362 rationem
1596 1342 1671 1362 suae
1687 1332 1904 1372 processionis,
1928 1334 2119 1375 inquantum
2133 1334 2298 1366 includunt
2313 1335 2485 1366 essentialia

1425 1375 1582 1412 attributa,
1607 1376 1769 1407 scientiam
1793 1384 1823 1408 et
1840 1378 2046 1415 voluntatem,
2070 1379 2186 1409 habent
2209 1379 2421 1410 causalitatem
2439 1389 2485 1409 re-

1424 1426 1534 1460 spectu
1558 1420 1776 1461 productionis
1799 1431 1915 1452 rerum.
1932 1440 1951 1445 -
1969 1422 2010 1453 Et
2032 1423 2192 1463 probatur.
2210 1422 2330 1453 Artifex
2345 1433 2400 1464 per
2414 1433 2482 1453 ver-

1424 1464 1503 1494 bum
1528 1470 1558 1494 et
1581 1474 1724 1495 amorem
1747 1465 1881 1496 relatum
1904 1472 1977 1503 etc.,
2002 1474 2164 1508 operatur:
2189 1476 2263 1506 ergo
2286 1467 2372 1497 Deus
2395 1467 2485 1498 Pater

1424 1517 1480 1548 per
1503 1508 1622 1539 Filium
1645 1515 1675 1540 et
1698 1509 1850 1549 Spiritum
1866 1510 2017 1541 Sanctum
2039 1517 2186 1552 operatus
2202 1518 2248 1541 est
2263 1518 2446 1542 creaturam.
2462 1529 2483 1534 -

1425 1552 1663 1593 Consequentia
1690 1554 1856 1593 probatur:
1881 1554 1955 1595 quia
1982 1555 2068 1585 Deus
2092 1562 2138 1586 est
2160 1564 2266 1586 rerum
2289 1565 2381 1586 causa
2404 1555 2485 1586 sicut

1424 1596 1550 1633 artifex;
1576 1604 1606 1627 et
1629 1597 1727 1628 Filius
1751 1604 1797 1629 est
1819 1598 1970 1635 Verbum,
1996 1605 2025 1629 et
2048 1598 2180 1639 Spiritus
2204 1599 2335 1630 Sanctus
2357 1601 2468 1630 Amor.

1482 1641 1619 1672 Adverte
1643 1641 1693 1672 hic
1717 1642 1805 1682 quod
1829 1650 2012 1682 argumenta
2035 1653 2116 1683 quae
2138 1643 2171 1673 in
2186 1643 2226 1679 II,
2251 1643 2321 1674 dist.
2337 1654 2347 1673 1
2362 1643 2388 1679 *‚
2413 1643 2485 1674 facit

1424 1685 1553 1721 Scotus,
1577 1695 1644 1716 non
1668 1685 1757 1722 facit,
1782 1696 1839 1717 nec
1863 1687 1997 1718 militant
2024 1694 2131 1718 contra
2154 1687 2346 1727 positionem
2375 1687 2483 1718 istam:

1424 1729 1479 1759 sed
1503 1736 1621 1766 contra,
1641 1736 1677 1760 ut
1700 1730 1817 1761 ibidem
1833 1731 1955 1767 dicitur,
1972 1731 2156 1767 Henricum,
2171 1738 2343 1771 ponentem
2358 1731 2375 1750 *
2397 1732 2484 1772 quod

1424 1774 1581 1804 Personae
1605 1774 1728 1805 divinae
1751 1775 1871 1806 ratione
1897 1775 2100 1816 propriorum
2125 1775 2240 1806 habent
2263 1775 2483 1806 causalitatem.

1423 1818 1491 1848 Nos
1515 1817 1601 1848 enim
1628 1818 1750 1850 ratione
1780 1819 2057 1860 appropriatorum
2086 1819 2236 1850 dicimus:
2262 1826 2291 1850 et
2313 1819 2384 1850 ideo
2408 1819 2485 1850 nihil

1425 1869 1534 1893 contra
1557 1872 1626 1894 nos,

1081 2006 1401 2049 ARTICULUS
1432 2006 1700 2049 SEPTIMUS

619 2101 776 2132 UTRUM
801 2100 844 2131 IN
868 2099 1114 2131 CREATums
1138 2099 1205 2131 sn*
1228 2099 1418 2131 NECESSE
1443 2100 1632 2131 INVENIRI
1657 2100 1894 2131 VESTIGIUM
1917 2100 2163 2132 TRINITATIS

764 2178 840 2210 Infra,
859 2185 904 2212 qu.
922 2185 994 2209 xcm,
1014 2183 1060 2204 art.
1079 2176 1111 2210 63
1131 2178 1141 2202 1
1161 2177 1244 2207 Sent„
1265 2178 1325 2202 dist.
1343 2185 1382 2209 111,
1402 2185 1447 2211 qu.
1466 2185 1494 2209 11,
1513 2183 1560 2203 art.
1581 2185 1610 2209 2;
1629 2178 1663 2203 IV
1685 2178 1762 2204 Cont.
1778 2179 1865 2208 Gent„
1885 2186 1940 2211 cap.
1959 2186 2029 2210 xxvu

1208 2214 1251 2238 De
1269 2213 1337 2242 Por„
1358 2221 1403 2246 qu.
1421 2221 1455 2245 tx,
1475 2218 1523 2238 art.
1542 2221 1567 2247 9.

416 2318 485 2359 3<
508 2307 531 2332 D
551 2306 732 2332 sap-rmum
751 2306 805 2332 εις
823 2306 1065 2332 raocrzmrua.
1085 2294 1246 2332 Videtur
1259 2294 1365 2343 quod

347 2360 351 2368 ’
427 2338 488 2397 {2
508 2348 547 2386 in
566 2348 746 2385 creaturis
765 2360 844 2385 non
872 2348 919 2385 sit
937 2360 1092 2385 necesse
1113 2347 1276 2385 inveniri
1298 2360 1365 2384 ve—

314 2435 323 2445 ,
446 2388 478 2444 '²6
492 2400 661 2450 stigium
681 2400 885 2439 Trinitatis.
906 2402 981 2438 Per
999 2414 1069 2438 sua
1089 2401 1191 2438 enim
1205 2401 1365 2449 vestigia

317 2450 325 2458 ”
371 2449 442 2487 ''ss'‘
467 2448 813 2503 unumquodque
851 2454 1068 2503 investigari
1105 2462 1242 2503 potest.
1287 2455 1364 2492 Sed

295 2506 462 2544 Trinitas
494 2509 755 2545 Personarum
792 2520 872 2544 non
908 2515 1034 2556 potest
1068 2507 1286 2556 investigari
1321 2519 1366 2545 ex

296 2560 488 2608 creaturis,
507 2568 550 2598 ut
569 2573 683 2610 supra
701 2560 722 2582 '¹‘
749 2560 921 2598 habitum
941 2567 959 2582 ‘³‘
987 2568 1054 2598 est.
1085 2561 1187 2609 Ergo
1206 2561 1365 2610 vestigia

296 2613 490 2651 Trinitatis
518 2627 599 2652 non
626 2621 714 2652 sunt
741 2613 780 2651 in
809 2621 991 2651 creatura.

351 2679 386 2704 2.
407 2667 641 2715 Pmrmm,
672 2666 859 2717 quidquid
886 2667 926 2704 in
955 2675 1126 2705 creatura
1154 2675 1230 2715 est,
1262 2680 1364 2705 crea-

294 2727 379 2757 tum
408 2728 474 2757 est.
506 2721 547 2758 Si
574 2721 686 2769 igitur
716 2720 918 2769 vestigium
947 2720 1142 2758 Trinitatis
1177 2721 1366 2759 invenitur

294 2773 334 2811 in
364 2781 536 2822 creatura
563 2775 776 2812 secundum
797 2774 940 2822 aliquas
959 2774 1210 2823 proprietates
1232 2787 1319 2812 suas
1334 2773 1362 2821 β,

296 2834 334 2864 et
352 2839 469 2864 omne
486 2836 655 2865 creatum
673 2827 789 2864 habet
807 2827 1009 2875 vestigium
1030 2828 1234 2875 Trinitatis,
1252 2840 1365 2877 opor-

294 2887 348 2917 tet
365 2880 405 2918 in
422 2893 655 2930 unaquaque
675 2881 824 2918 illarum
843 2880 1006 2918 inveniri
1026 2881 1140 2918 etiam
1159 2881 1364 2930 vestigium

296 2934 508 2972 Trinitatis:
539 2942 576 2971 et
604 2934 656 2971 sic
683 2934 723 2971 in
749 2934 952 2972 infinitum.

352 2988 387 3024 3.
417 2988 664 3035 PRAETEREA,
700 2987 857 3024 effectus
885 2999 965 3025 non
998 2995 1257 3036 repraesentat
1293 2988 1365 3024 nisi

297 3052 407 3077 suam
424 3053 590 3078 causam.
613 3041 691 3078 Sed
711 3041 910 3078 causalitas
926 3048 1185 3078 creaturarum
1203 3041 1366 3090 pertinet

297 3094 347 3131 ad
374 3101 550 3131 naturam
579 3106 846 3132 communem:
876 3106 955 3132 non
984 3102 1112 3131 autem
1141 3094 1189 3132 ad
1219 3094 1365 3131 relatio-

296 3159 377 3194 nes,
399 3147 536 3196 quibus
555 3148 749 3185 Personae
770 3147 1050 3196 distinguuntur
1067 3152 1082 3174 ⁷
1107 3155 1143 3184 et
1162 3160 1366 3185 numeran-

296 3207 368 3237 tur.
408 3201 510 3248 Ergo
548 3200 588 3238 in
625 3209 797 3238 creatura
829 3213 909 3238 non
945 3200 1137 3238 invenitur
1163 3201 1365 3249 vestigium

298 3252 503 3300 Trinitatis,
532 3254 600 3292 sed
628 3255 753 3292 solum
780 3254 933 3292 unitatis
961 3253 1157 3291 essentiae.

352 3306 428 3343 SED
457 3318 603 3344 CONTRA
629 3319 696 3345 EST
724 3307 829 3357 quod
856 3308 1092 3356 Augustinus
1122 3306 1221 3354 dicit,
1247 3307 1299 3343 Vl
1320 3306 1366 3342 de

301 3360 338 3396 T
334 3359 406 3397 rin.
426 3358 458 3407 ³¹⁶,
488 3360 594 3409 quod
621 3361 812 3398 Trinitatis
829 3361 1028 3411 vestigium
1048 3361 1086 3397 in
1106 3366 1281 3397 creatura
1300 3371 1365 3407 ap-

291 3418 416 3460 paret.

353 3526 379 3557 α)
399 3525 527 3550 habitum.
546 3539 564 3545 —
583 3525 682 3550 dictum
701 3526 746 3551 Pb.

353 3559 377 3593 β)
392 3561 536 3586 secundum
551 3561 655 3593 aliquas
666 3562 848 3593 proprietates
861 3570 932 3588 suas.
946 3576 966 3583 —
976 3563 1119 3588 secundum
1133 3563 1238 3595 aliquas
1250 3561 1292 3586 sui
1300 3568 1366 3592 pro-

294 3596 427 3629 prietates
446 3597 476 3627 B,
494 3597 639 3621 secundum
658 3597 762 3629 aliquas
779 3605 842 3622 suas
855 3599 1039 3630 proprietates
1057 3598 1144 3623 ceteri.

1476 2295 1702 2331 RESPONDEO
1731 2306 1915 2332 DICENDUM
1944 2295 2049 2343 quod
2077 2295 2201 2332 omnis
2236 2296 2389 2334 effectus
2418 2298 2482 2334 ali-

1421 2347 1582 2395 qualiter
1609 2355 1866 2396 repraesentat
1893 2360 2002 2385 suam
2029 2361 2201 2395 causam,
2231 2350 2298 2386 sed
2327 2350 2481 2388 diversi-

1421 2400 1549 2438 mode.
1584 2401 1688 2438 Nam
1716 2401 1848 2450 aliquis
1887 2401 2041 2438 effectus
2078 2410 2331 2450 repraesentat
2358 2404 2479 2440 solam

1421 2453 1679 2490 causalitatem
1717 2466 1872 2501 causae,
1906 2467 1984 2491 non
2021 2462 2148 2491 autem
2183 2455 2344 2492 formam
2378 2457 2477 2504 eius,

1421 2507 1516 2544 sicut
1543 2507 1668 2543 fumus
1698 2514 1953 2555 repraesentat
1979 2507 2127 2555 ignem:
2157 2515 2193 2544 et
2219 2509 2301 2545 talis
2329 2521 2477 2558 reprae-

1420 2560 1579 2597 sentatio
1609 2559 1742 2597 dicitur
1761 2557 1774 2581 ὅ
1802 2572 1883 2597 esse
1909 2560 2202 2609 repraesentatio
2221 2562 2385 2611 vestigii‚·
2412 2575 2477 2599 ve-

1420 2613 1571 2662 stigium
1601 2613 1701 2650 enim
1740 2613 1974 2650 demonstrat
2001 2621 2150 2650 motum
2179 2614 2333 2651 alicuius
2360 2622 2477 2652 trans-

1420 2667 1553 2714 euntis,
1575 2666 1642 2704 sed
1671 2679 1748 2703 non
1777 2666 1896 2715 qualis
1924 2666 1981 2703 sit.
2001 2666 2148 2715 Aliquis
2167 2674 2294 2704 autem
2323 2668 2478 2705 effectus

1421 2727 1676 2769 repraesentat
1717 2731 1869 2756 causam
1898 2727 2081 2766 quantum
2109 2720 2158 2756 ad
2195 2720 2477 2758 similitudinem

1420 2774 1566 2810 formae
1587 2773 1677 2819 eius,
1699 2772 1793 2809 sicut
1815 2772 1909 2820 ignis
1927 2780 2126 2820 generatus
2146 2772 2274 2821 ignem
2298 2786 2477 2821 generan-

1419 2834 1509 2874 tem,
1539 2834 1575 2862 et
1602 2834 1723 2862 statua
1750 2825 1925 2862 Mercurii
1954 2825 2208 2862 Mercurium:
2239 2834 2274 2862 et
2300 2827 2394 2864 haec
2423 2835 2478 2864 est

1420 2879 1713 2928 repraesentatio
1742 2878 1928 2928 imaginis.

1474 2932 1742 2969 Processiones
1762 2939 1889 2968 autem
1910 2931 2122 2968 divinarum
2149 2932 2404 2969 Personarum
2424 2940 2476 2969 at-

1420 2987 1624 3023 tenduntur
1652 2984 1862 3021 secundum
1891 2991 1995 3021 actus
2015 2991 2026 3005 ²
2053 2985 2258 3020 intellectus
2287 2992 2323 3021 et
2340 2985 2476 3022 volun-

1420 3039 1514 3085 tatis,
1532 3038 1627 3074 sicut
1646 3049 1760 3086 supra
1774 3037 1794 3058 ’¹‘
1814 3037 1956 3074 dictum
1973 3045 2046 3074 est:
2067 3049 2156 3074 narn
2172 3037 2286 3073 Filius
2305 3038 2477 3086 procedit

1419 3100 1461 3128 ut
1487 3092 1658 3128 Verbum
1686 3090 1903 3137 intellectus,
1930 3090 2087 3139 Spiritus
2117 3091 2277 3126 Sanctus
2296 3097 2337 3127 ut
2354 3092 2477 3128 Amor

1419 3144 1634 3182 voluntatis.
1666 3145 1708 3180 In
1732 3143 1910 3180 creaturis
1929 3143 2037 3191 igitur
2063 3142 2317 3190 rationalibus,
2338 3143 2376 3179 in
2396 3144 2474 3192 qui-

1420 3199 1490 3235 bus
1520 3205 1574 3234 est
1600 3197 1807 3233 intellectus
1836 3203 1871 3232 et
1897 3197 2083 3243 voluntas,
2111 3195 2301 3232 invenitur
2328 3208 2476 3245 reprae-

1421 3250 1578 3287 sentatio
1599 3249 1792 3286 Trinitatis
1818 3261 1888 3297 per
1915 3249 2074 3286 modum
2104 3248 2288 3296 imaginis,
2317 3248 2476 3297 inquan-

1420 3312 1500 3341 tum
1516 3303 1707 3340 invenitur
1725 3302 1763 3338 in
1784 3301 1836 3338 eis
1855 3302 2018 3339 verbum
2048 3309 2274 3350 conceptum
2304 3309 2340 3338 et
2367 3314 2477 3339 amor

1418 3357 1642 3406 procedens.

1474 3409 1551 3446 Sed
1578 3409 1617 3445 in
1646 3407 1823 3445 creaturis
1848 3407 2025 3444 omnibus
2052 3406 2243 3444 invenitur
2261 3419 2476 3455 repraesen-

1474 3524 1500 3556 γ)
1521 3523 1732 3555 distinguuntur.
1750 3537 1770 3541 —
1788 3525 1814 3546 et
1832 3522 2034 3554 distinguuntur
2052 3521 2113 3545 Pab.

1473 3558 1496 3590 δ)
1517 3558 1623 3583 dicitur.
1641 3571 1661 3576 —
1679 3558 1785 3582 videtur
1803 3557 1904 3581 codices
1923 3562 1947 3581 et
1967 3557 2007 3581 ed.
2025 3563 2050 3581 α.
2067 3569 2087 3574 -
2106 3556 2155 3580 Pro
2173 3556 2250 3585 enim,
2269 3559 2358 3581 autem
2378 3556 2405 3580 Ρ.

1473 3594 1494 3626 ε)
1514 3596 1597 3619 actus.
1615 3607 1633 3611 -
1650 3595 1738 3617 actum
1758 3592 1859 3616 codices
1879 3598 1903 3616 et
1921 3599 1937 3616 a
1948 3592 1970 3616 b.

2510 1650 2522 1660 ⁸
2536 1650 2584 1677 Qu.
2601 1656 2617 1672 1.

2512 1737 2619 1785 ierdl'
2631 1738 2671 1766 VI,
2683 1745 2723 1767 qu.

2503 3053 2513 3064 “
2529 3052 2576 3080 Qu.
2590 3058 2664 3074 xxvix.
