2768 4178
37 473 252 529 {ereata

73 517 80 524 ⁸
103 517 110 529 '
134 537 151 563 τ

141 681 156 706 ὃ

41 839 53 853 ⁸
65 839 139 862 Num.
153 844 176 867 9.

45 998 56 1010 ”
75 997 142 1020 Loco
163 996 188 1018 in
209 1001 250 1024 arg

47 1023 128 1047 eltuto.

931 276 1199 324 QUAESTIO
1228 275 1407 322 XXXIV,
1438 276 1735 314 ARTICULUS
1765 277 1814 313 III

279 357 441 407 pertinet
460 357 507 395 ad
527 357 651 406 ipsam
670 355 688 386 β
707 364 883 394 naturam
902 356 993 393 eius.
1021 357 1070 392 Et
1089 355 1177 392 ideo
1197 362 1349 404 oportet

281 410 386 460 quod
407 411 453 447 sit
480 410 623 458 aliquid
646 409 874 447 subsistens:
904 409 993 457 quia
1020 408 1206 456 quidquid
1235 415 1291 444 est
1309 407 1348 443 in

281 471 415 501 natura
442 463 526 510 Dei,
548 462 726 500 subsistit.
755 463 805 499 Et
823 462 910 499 ideo
930 462 1193 498 Damascenus
1222 460 1309 498 dicit
1328 460 1348 482 '¹‘

282 516 389 566 quod
415 517 589 553 Verbum
617 515 690 553 Dei
713 521 768 552 est
792 514 1032 552 substantiale
1051 519 1077 560 ⁷,
1106 520 1143 550 et
1169 514 1206 550 in
1229 514 1349 561 hypo-

281 569 373 607 stasi
397 581 484 606 ens:
511 569 656 617 reliqua
682 579 773 605 vero
801 568 930 613 verba,
955 567 1096 603 scilicet
1113 574 1254 613 nostra,
1274 567 1350 603 vir-

283 628 376 659 tutes
402 627 491 659 sunt
514 622 677 658 animae.

349 677 409 712 An
447 685 638 711 SECUNDUM
674 684 860 710 mcENDUM
894 672 1000 721 quod
1036 684 1116 709 non
1149 669 1162 693 δ
1194 679 1350 720 propter

283 729 359 765 hoc
387 739 493 764 error
519 725 709 764 Valentini
746 733 803 763 est
834 725 1054 772 damnatus,
1090 725 1179 774 quia
1211 724 1349 761 Filium

285 780 375 818 dixit
405 779 620 829 prolatione
651 786 806 826 natum,
835 786 877 815 ut
903 778 1034 815 Ariani
1068 778 1350 815 calumniaban—

284 841 355 881 tur,
385 833 479 870 sicut
507 831 672 869 Hilarius
692 832 820 878 refert,
839 832 891 868 VI
911 831 958 868 de
979 833 1016 868 T
1011 831 1082 868 rin.
1099 831 1137 868 *z
1167 830 1235 868 sed
1262 843 1349 879 pro-

283 894 368 936 pter
402 884 554 923 varium
591 884 754 922 modum
791 884 1013 933 prolationis
1047 896 1163 933 quem
1200 884 1348 932 posuit,

285 939 382 977 sicut
411 945 516 987 patet
546 950 616 987 per
648 938 904 1025 Aug-ustinum
932 937 971 975 in
1000 937 1096 976 libro
1129 938 1176 974 de
1201 938 1351 974 Haere-

251 1010 258 1017 ·
283 993 386 1030 sibus
412 990 444 1029 ²¹³.
471 996 476 1000 '

351 1046 411 1081 An
439 1055 599 1081 manum
636 1055 821 1082 nlcENDUM
853 1044 960 1092 quod
986 1043 1025 1080 in
1052 1042 1210 1080 nomine
1237 1042 1353 1080 Verbi

286 1097 423 1136 eadem
436 1096 648 1146 proprietas
662 1096 889 1146 importatur
908 1108 1007 1144 quae
1026 1096 1065 1133 in
1080 1095 1237 1133 nomine
1252 1095 1352 1132 Filii.

183 1175 203 1187 ·‚
226 1160 231 1165 '
251 1174 259 1182 ·
285 1150 389 1188 unde
418 1150 506 1188 dicit
523 1150 756 1198 Augustinus
774 1149 815 1186 *τ
844 1162 888 1187 eo
916 1149 1052 1186 dicitur
1077 1150 1252 1194 Verbum,
1279 1160 1352 1197 quo

285 1204 416 1241 Filius.
455 1204 543 1252 Ipsa
570 1203 674 1240 enim
708 1203 883 1240 nativitas
917 1202 1020 1249 Filii,
1054 1214 1154 1250 quae
1183 1209 1239 1238 est
1266 1213 1353 1249 pro-

285 1257 425 1307 prietas
452 1256 661 1307 personalis
690 1256 781 1303 eius,
809 1255 967 1293 diversis
995 1254 1216 1292 nominibus
1244 1253 1355 1302 signi-

286 1309 434 1356 ficatur,
463 1321 563 1357 quae
592 1308 687 1346 Filio
715 1308 967 1346 attribuuntur
994 1308 1044 1345 ad
1063 1307 1354 1356 exprimendum

289 1362 548 1401 diversimode
583 1362 860 1411 perfectionem
898 1361 989 1398 eius.
1028 1361 1133 1397 Nam
1159 1367 1201 1397 ut
1229 1367 1355 1397 osten-

289 1416 399 1454 datur
427 1414 681 1452 connaturalis
709 1414 820 1462 Patri,
841 1414 974 1452 dicitur
997 1413 1140 1458 Filius;
1165 1421 1208 1450 ut
1230 1420 1357 1450 osten-

290 1469 400 1507 datur
428 1475 663 1514 coaeternus,
684 1467 819 1505 dicitur
843 1467 1020 1516 splendor
1027 1480 1041 1512 ;
1067 1474 1110 1503 ut
1136 1466 1358 1503 ostendatur

290 1521 449 1560 omnino
478 1520 621 1568 similis,
643 1520 779 1558 dicitur
797 1521 950 1570 imago,·
976 1527 1020 1557 ut
1037 1519 1259 1557 ostendatur
1286 1519 1358 1556 im-

290 1573 532 1613 materialiter
558 1573 720 1622 genitus,
742 1573 877 1611 dicitur
901 1574 1064 1610 Verbum
1107 1573 1200 1610 Non
1227 1580 1357 1609 autem

345 1708 370 1743 β)
390 1709 484 1742 ipsam.
501 1723 521 1729 -
539 1709 600 1734 Om.
620 1708 731 1734 codices.

341 1745 370 1779 γ)
392 1744 504 1770 Verbum
525 1744 579 1770 Dei
595 1746 636 1769 est
652 1743 836 1769 substantiale.
854 1757 873 1762 —
892 1742 965 1768 Deus
987 1742 1100 1767 Verbum
1124 1741 1300 1767 substantiale
1320 1743 1360 1766 est

290 1780 402 1812 codices,
421 1780 496 1806 Deus
517 1779 629 1805 Verbum
649 1779 702 1804 Dei
718 1783 759 1805 est
775 1778 950 1804 substantiale
967 1778 1026 1803 edd.
1044 1778 1096 1804 ab.

323 1848 327 1849 ⁷
343 1814 369 1849 ὃ)
389 1823 451 1842 non.
468 1829 488 1835 -
506 1822 559 1840 non
573 1815 687 1847 proprie
706 1814 736 1840 C.

2393 279 2469 326 369

1403 355 1526 404 potuit
1562 367 1684 392 unum
1713 367 1859 392 nomen
1898 356 2077 404 inveniri,
2112 369 2180 406 per
2208 356 2311 406 quod
2341 357 2471 394 omnia

1402 408 1471 444 ista
1500 408 1797 456 designarentur.

1457 462 1516 497 An
1546 473 1719 503 QUARTUM
1747 473 1932 498 DICENDUM
1961 461 2067 509 quod
2097 474 2143 498 eo
2180 463 2300 499 modo
2330 475 2470 500 conve-

1404 513 1459 550 nit
1487 513 1582 550 Filio
1613 526 1694 550 esse
1723 514 2003 562 intelligentem,
2034 527 2111 563 quo
2137 515 2316 552 convenit
2335 516 2367 552 ei
2388 527 2470 552 esse

1405 567 1550 603 Deum:
1581 579 1669 603 cum
1689 567 1893 614 intelligere
1922 567 2165 604 essentialiter
2184 568 2329 605 dicatur
2356 569 2394 605 in
2417 568 2470 605 di-

1404 619 1522 666 vinis,
1552 627 1594 656 ut
1622 620 1765 656 dictum
1795 619 1887 656 est*
1906 625 1928 656 ‘.
1959 621 2028 657 Est
2055 628 2183 657 autem
2222 621 2337 658 Filius
2365 622 2471 658 Deus

1405 672 1572 721 genitus,
1610 685 1688 709 non
1723 680 1851 710 autem
1889 685 2074 720 generans
2111 675 2227 710 Deus.
2266 674 2378 711 Unde
2417 682 2471 711 est

1406 725 1561 774 quidem
1590 725 1818 774 intelligens,
1848 738 1927 762 non
1955 733 1997 762 ut
2031 726 2251 774 producens
2284 728 2469 774 verbum,

1406 779 1473 815 sed
1501 786 1543 815 ut
1564 779 1736 816 Verbum
1756 779 1991 828 procedens;
2020 787 2134 827 prout
2153 779 2292 816 scilicet
2319 780 2357 816 in
2385 781 2470 817 Deo

1404 831 1576 868 Verbum
1596 831 1810 880 procedens
1838 831 2052 868 secundum
2073 844 2154 869 rem
2182 845 2261 869 non
2280 833 2404 869 differt
2423 834 2470 869 ab

1405 884 1595 921 intellectu
1624 884 1766 931 divino,
1793 884 1861 921 sed
1889 884 2071 922 relatione
2099 885 2181 922 sola
2199 885 2214 911 t
2239 885 2472 933 distinguitur

1406 950 1429 974 a
1456 937 1642 986 principio
1670 937 1798 974 Verbi.

1459 992 1518 1027 An
1548 1002 1710 1032 Qum-run
1739 1002 1922 1027 morannum
1941 991 2058 1038 quod,
2087 1003 2174 1028 curn
2200 991 2247 1028 de
2267 991 2362 1027 Filio
2383 990 2472 1028 dici-

1406 1051 1478 1090 tur,
1498 1049 1657 1092 portans
1677 1043 1805 1080 omnia
1823 1044 1938 1080 verbo
1957 1044 2104 1081 virtutis
2120 1056 2223 1090 suae,
2243 1045 2407 1081 verbum
2427 1044 2472 1080 fi-

1407 1104 1536 1148 gurate
1552 1104 1567 1127 η
1588 1096 1768 1144 accipitur
1785 1109 1855 1145 pro
1877 1096 2015 1134 effectu
2027 1097 2147 1134 verbi.
2169 1098 2281 1134 Unde
2302 1098 2439 1134 Glossa
2452 1096 2472 1118 ³¹²

1408 1149 1460 1185 ibi
1489 1149 1576 1186 dicit
1605 1149 1710 1197 quod
1737 1150 1893 1186 verbum
1923 1150 2084 1187 sumitur
2111 1163 2182 1199 pro
2211 1151 2390 1198 imperio;
2417 1150 2472 1187 in-

1408 1210 1595 1250 quantum
1614 1202 1753 1238 seilicet
1773 1214 1818 1238 ex
1837 1202 1974 1239 effectu
1991 1203 2139 1240 virtutis
2158 1203 2274 1240 Verbi
2295 1211 2350 1240 est
2369 1203 2474 1252 quod

1409 1267 1468 1291 res
1496 1262 1772 1291 conserventur
1789 1255 1827 1292 in
1848 1267 1943 1302 esse,
1964 1256 2059 1292 sicut
2089 1268 2133 1292 ex
2162 1256 2299 1293 effectu
2326 1256 2473 1293 virtutis

1408 1307 1526 1344 Verbi
1542 1314 1598 1344 est
1611 1307 1718 1356 quod
1733 1320 1793 1344 res
1808 1308 2068 1356 producantur
2081 1309 2119 1345 in
2136 1321 2230 1346 esse.
2247 1309 2365 1355 Quod
2378 1321 2472 1345 vero

1410 1360 1569 1396 Basilius
1597 1360 1862 1409 interpretatur
1888 1362 2045 1398 verbum
2064 1374 2135 1410 pro
2157 1362 2297 1410 Spiritu
2319 1362 2471 1409 Sancto,

1410 1412 1619 1462 improprie
1649 1420 1685 1450 et
1702 1413 1861 1461 figurate
1880 1412 1893 1435 ⁰
1912 1414 2060 1451 locutus
2080 1422 2147 1461 est,
2167 1422 2282 1464 prout
2308 1415 2473 1451 verbum

1412 1466 1569 1503 alieuius
1598 1466 1671 1503 dici
1699 1474 1824 1515 potest
1847 1479 1964 1504 omne
1992 1467 2084 1504 illud
2109 1469 2214 1517 quod
2235 1475 2290 1504 est
2317 1467 2474 1504 manife-

1413 1519 1592 1557 stativum
1620 1519 1718 1556 eius:
1747 1527 1789 1557 ut
1816 1520 1869 1557 sic
1899 1533 1944 1557 ea
1972 1521 2115 1558 ratione
2145 1521 2289 1558 dicatur
2318 1521 2474 1569 Spiritus

1068 1602 1078 1611 .
1415 1573 1576 1609 Sanctus
1603 1573 1768 1610 verbum
1798 1573 1891 1621 Filii,
1921 1573 2010 1623 quia
2037 1573 2252 1611 manifestat
2279 1573 2429 1610 Filium.

1467 1705 1490 1737 ε)
1509 1712 1568 1730 cum
1588 1705 1771 1739 intelligere..
1787 1706 1887 1731 dictum
1906 1709 1953 1731 est.
1971 1720 1990 1725 -
2008 1706 2069 1731 Om.
2082 1706 2268 1739 BCDEFGpA.

1466 1740 1492 1773 ζ)
1511 1741 1613 1766 sola.—
1632 1741 1693 1766 Om.
1708 1741 1820 1766 codices.

1466 1775 1494 1808 η)
1505 1777 1638 1810 figurate.
1654 1776 1835 1810 -figurative
1852 1777 1946 1803 BDsA.

1467 1809 1491 1844 Θ)
1503 1812 1636 1845 figurate.
1653 1812 1834 1845 —figuratr've
1852 1813 1905 1838 BD.
1923 1827 1942 1832 -
1961 1813 2027 1838 illud
2044 1820 2098 1838 om.
2116 1812 2259 1837 ABCDEF.

972 1909 1307 1943 commentaria
1328 1907 1580 1942 Oaniinalis
1601 1908 1803 1942 Caietam

321 2011 344 2033 κ
365 2001 478 2038 titulo,
502 2001 535 2042 ly
556 2001 727 2042 proprium
759 1998 961 2038 distinguitur
984 2004 1015 2028 et
1038 2004 1148 2028 contra
1171 2006 1357 2034 commune,

295 2013 355 2078 Iet
369 2052 478 2077 contra
493 2050 695 2081 extraneum,
712 2043 792 2074 idest
806 2043 978 2079 adiacens;
1001 2048 1038 2072 ut
1055 2042 1094 2072 de
1109 2041 1207 2072 Patris
1228 2040 1359 2072 nomine

257 2090 415 2123 ·dictum
428 2089 488 2120 fuit
501 2087 530 2120 θ.
551 2089 597 2120 Ita
612 2088 701 2130 quod
717 2097 827 2118 sensus
842 2085 1036 2128 quaestionis
1052 2093 1114 2116 est:
1134 2086 1251 2117 Utrum
1263 2084 1359 2116 Verbi

292 2144 412 2166 nomen
434 2133 468 2164 in
492 2133 605 2164 divinis
636 2132 695 2163 soli
719 2131 801 2162 Filio
827 2130 1010 2166 conveniat,
1035 2136 1072 2161 ut
1094 2129 1162 2160 eius
1184 2129 1358 2170 personalis

292 2178 484 2220 proprietas;
508 2183 544 2208 ut
564 2183 652 2217 patet
675 2186 712 2206 ex
734 2175 936 2215 argumentis.

350 2222 448 2254 11.1n
472 2231 606 2261 corpore
629 2219 723 2251 unica
745 2226 792 2250 est
815 2219 988 2255 conclusio,
1013 2217 1196 2258 responsiva
1215 2217 1359 2258 quaesito

291 2266 492 2299 affirmative:
516 2265 612 2296 Verbi
635 2274 754 2295 nomen
782 2263 910 2304 proprie
941 2263 1062 2294 dictum
1091 2262 1125 2292 in
1155 2261 1284 2298 divinis,
1314 2268 1360 2292 est

291 2310 459 2352 proprium
474 2319 594 2340 nomen
610 2318 763 2349 personae
779 2307 898 2338 Filii.-
912 2307 954 2338 Et
968 2307 1121 2347 probatur
1137 2306 1191 2336 sic.
1215 2305 1359 2336 Verbum

291 2354 445 2395 significat
468 2353 703 2384 emanationem
730 2352 924 2388 intellectus,
948 2351 1028 2382 idest
1051 2350 1226 2391 procedens
1249 2359 1360 2380 secun-

292 2399 372 2430 dum
387 2397 622 2429 emanationem
641 2397 834 2428 intellectus:
859 2405 934 2436 ergo
954 2394 1107 2436 significat
1125 2394 1259 2425 Filium:
1285 2403 1359 2433 ergo

294 2443 381 2474 solus
403 2442 503 2473 Filius
526 2441 654 2482 proprie
678 2447 724 2472 est
745 2440 898 2471 Verbum.
916 2457 936 2464 -
951 2439 1107 2470 Probatur
1125 2438 1228 2479 prima
1252 2446 1362 2469 conse-

1414 1997 1558 2037 quentia:
1584 1997 1659 2038 quia
1676 2004 1707 2028 et
1724 2008 1860 2038 persona
1877 1999 2051 2039 procedens
2074 1999 2251 2029 secundum
2274 1999 2370 2030 talem
2394 2008 2479 2028 ema-

1414 2041 1577 2072 nationem
1596 2048 1643 2072 est
1657 2041 1766 2079 Filius,
1791 2049 1822 2073 et
1844 2042 2030 2073 huiusmodi
2053 2043 2214 2083 processio
2238 2049 2284 2073 est
2307 2042 2478 2082 generatio.

1472 2085 1607 2116 Adverte
1631 2085 1682 2117 hic
1713 2087 1818 2126 quod,
1852 2086 1878 2117 si
1900 2087 1947 2117 vis
1970 2087 2065 2118 huius
2093 2086 2287 2127 probationis
2316 2086 2479 2127 perspicue

1414 2129 1606 2169 inspiciatur,
1628 2130 1766 2161 secunda
1785 2131 2012 2172 consequentia
2027 2132 2146 2172 absque
2164 2131 2351 2171 probatione
2367 2130 2479 2161 merito

1414 2173 1518 2214 posita
1542 2180 1597 2204 est.
1622 2174 1669 2204 Ex
1693 2184 1731 2205 eo
1754 2184 1894 2215 namque
1918 2175 2006 2216 quod
2030 2185 2165 2215 persona
2180 2175 2354 2215 procedens
2371 2184 2480 2204 secun—

1415 2218 1494 2248 dum
1510 2218 1745 2249 emanationem
1759 2218 1935 2249 inteHectus
1948 2226 1994 2250 est
2005 2219 2115 2255 Filius,
2128 2219 2271 2259 sequitur
2286 2219 2376 2260 quod
2385 2218 2481 2249 Verbi

1415 2271 1534 2292 nomen
1565 2262 1732 2293 conveniat
1754 2262 1847 2294 Filio.
1878 2263 1925 2294 Ex
1948 2273 1988 2294 eo
2010 2273 2086 2293 vero
2115 2263 2204 2303 quod
2228 2263 2297 2294 talis
2321 2261 2480 2302 processio

1416 2312 1463 2336 est
1485 2305 1554 2346 ipsa
1575 2306 1745 2346 generatio,
1770 2317 1868 2347 quam
1892 2313 2015 2338 constat
2038 2307 2197 2338 terminari
2220 2307 2260 2337 ad
2282 2306 2410 2342 Filium,
2435 2315 2481 2336 se-

1416 2350 1525 2390 quitur
1547 2351 1636 2390 quod
1659 2350 1744 2381 idem
1764 2351 1802 2381 sit
1819 2361 1885 2381 esse
1908 2351 2026 2382 Filium
2050 2358 2079 2382 et
2102 2361 2169 2381 esse
2184 2351 2334 2382 Verbum.
2361 2352 2408 2380 Ac
2427 2359 2483 2390 per

1415 2394 1487 2430 hoc,
1513 2403 1579 2424 esse
1595 2394 1738 2425 Verbum
1754 2402 1800 2425 est
1820 2395 1986 2435 proprium
2009 2395 2069 2435 ipsi
2092 2395 2183 2431 Filio,
2208 2394 2482 2436 quemadmodum

1416 2447 1482 2468 esse
1507 2437 1636 2469 Filium.
1661 2438 1703 2469 Et
1725 2438 1769 2469 sic
1793 2439 1852 2469 soli
1876 2439 2002 2479 proprie
2027 2439 2182 2470 convenit.

1102 2601 1420 2643 ARTICULUS
1449 2601 1678 2642 TERTIUS

625 2703 781 2735 UTRUM
806 2703 849 2733 IN
871 2698 1040 2734 NOMINE
1065 2703 1192 2734 VERBI
1214 2702 1500 2734 IMPORTETUR
1524 2697 1772 2733 RESPECTUS
1795 2703 1853 2733 AD
1879 2702 2151 2734 CREATURAM

702 2790 777 2821 Infra,
797 2798 842 2823 qu.
854 2798 945 2821 xxxvu,
965 2795 1012 2815 art.
1025 2797 1050 2822 2,
1069 2790 1101 2814 ad
1121 2789 1149 2821 33
1169 2790 1178 2814 1
1198 2790 1281 2819 sent..
1301 2790 1359 2814 dist.
1373 2797 1449 2820 xxvn,
1469 2797 1515 2822 qu.
1529 2797 1557 2820 n,
1578 2795 1624 2815 art.
1641 2789 1671 2821 33
1691 2790 1733 2821 De
1750 2790 1839 2819 Verit„
1860 2798 1905 2822 qu.
1917 2798 1951 2819 xv,
1971 2795 2018 2815 art.
2034 2790 2063 2822 5;

1151 2825 1247 2855 Quodl.
1267 2825 1309 2856 IV,
1328 2833 1373 2857 qu.
1392 2833 1426 2856 1v,
1446 2830 1492 2850 art.
1508 2833 1529 2854 ι,
1549 2826 1580 2850 ad
1599 2833 1620 2850 1.

380 2944 383 2954 =
473 2947 478 2957 ι
505 2937 528 2962 n
546 2935 707 2962 TERTIUM
730 2935 784 2960 su:
803 2934 1042 2960 PROCEDITUR.
1071 2923 1231 2960 Videtur
1250 2921 1356 2971 quod

506 2978 545 3015 in
572 2977 728 3015 nomine
747 2976 864 3013 Verbi
883 2988 962 3013 non
981 2976 1207 3025 importetur
1230 2987 1356 3023 respe-

321 2973 372 3007 ὐ

371 3007 472 3072 *⁷:³¹6
487 3028 491 3031 ’
508 3038 588 3068 ctus
612 3031 660 3068 ad
689 3037 910 3066 creaturam.
943 3029 1070 3066 Omne
1092 3028 1193 3066 enim
1212 3039 1357 3065 nomen

314 3078 325 3087 ”
350 3049 471 3123 ζ”ἦῖῧ
480 3101 492 3115 z
508 3092 719 3121 connotans
748 3082 927 3119 effectum
955 3082 994 3118 in
1023 3089 1205 3128 creatura,
1232 3092 1357 3117 essen—

295 3135 456 3174 tialiter
447 3147 486 3171 in
506 3136 642 3174 divinis
663 3135 806 3174 dicitur.
837 3134 912 3172 Sed
931 3135 1104 3172 Verbum
1125 3147 1204 3171 non
1224 3133 1359 3171 dicitur

297 3188 557 3236 essentialiter,
591 3189 658 3226 sed
690 3188 954 3238 personaliter,
987 3195 1029 3225 ut
1061 3187 1205 3224 dictum
1241 3193 1297 3223 est
1324 3185 1355 3222 *-

296 3243 399 3290 Ergo
426 3242 600 3279 Verbum
628 3254 708 3280 non
736 3241 916 3291 importat
943 3247 1159 3290 respectum
1188 3239 1236 3278 ad
1257 3251 1359 3276 crea-

296 3303 422 3333 turam
450 3300 481 3331 α.
1181 3315 1185 3318 -

352 3360 387 3385 2.
409 3348 642 3395 Puni-Eam,
671 3360 770 3396 quae
789 3346 807 3376 β
834 3347 1042 3395 important
1069 3353 1284 3395 respectum
1314 3343 1363 3381 ad

298 3408 501 3447 creaturas,
531 3400 708 3437 dicuntur
735 3400 782 3437 de
810 3401 896 3436 Deo
927 3411 972 3436 ex
999 3407 1186 3448 tempore,
1215 3406 1256 3435 ut
1283 3400 1362 3435 Do-

297 3454 422 3491 minus
442 3460 478 3490 et
501 3453 669 3490 Creator.
701 3453 778 3490 Sed
796 3453 968 3490 Verbum
990 3452 1124 3490 dicitur
1144 3452 1190 3489 de
1209 3453 1295 3489 Deo
1316 3453 1363 3489 ab

352 3585 380 3617 α)
399 3587 560 3610 creaturam.
578 3597 598 3602 -
614 3586 754 3608 creaturas
771 3583 883 3609 codices.

352 3619 378 3653 β)
397 3626 473 3652 quae.
489 3633 510 3639 —
527 3626 559 3644 ea
577 3626 645 3651 quae
663 3619 773 3644 codices.

441 3674 550 3698 Summa
569 3673 670 3697 Tus-01..
690 3672 720 3696 D.
735 3672 848 3696 Tnouan
863 3672 894 3696 T.
914 3672 932 3696 1.

1412 2929 1578 2959 aeterno.
1610 2923 1712 2970 Ergo
1742 2934 1821 2959 non
1849 2922 2028 2972 importat
2056 2930 2269 2972 respectum
2300 2923 2348 2960 ad
2377 2935 2481 2960 crea-

1412 2983 1551 3012 turam.

1469 3029 1502 3065 3.
1525 3029 1758 3074 PRAETEREA,
1778 3028 1952 3065 Verbum
1978 3028 2157 3077 importat
2184 3036 2400 3077 respectum
2430 3029 2480 3066 ad

1413 3081 1451 3118 id
1471 3093 1494 3117 a
1512 3093 1590 3129 quo
1611 3081 1792 3129 procedit.
1824 3081 1864 3118 Si
1883 3093 1974 3129 ergo
1995 3081 2175 3130 importat
2194 3090 2408 3130 respectum
2431 3083 2479 3119 ad

1415 3141 1637 3180 creaturam,
1668 3134 1837 3181 sequitur
1865 3133 1970 3183 quod
1997 3135 2181 3183 procedat
2199 3147 2222 3171 a
2243 3142 2423 3173 creatura.

1467 3198 1504 3234 4.
1526 3186 1759 3233 PRAETEREA,
1784 3186 1892 3224 ideae
1922 3195 2009 3224 sunt
2030 3188 2158 3236 plures
2187 3187 2398 3224 secundum
2427 3187 2481 3224 di-

1414 3251 1548 3276 versos
1577 3247 1770 3288 respectus
1798 3239 1848 3277 ad
1876 3247 2075 3277 creaturas.
2107 3240 2146 3276 Si
2173 3240 2282 3288 igitur
2309 3241 2480 3278 Verbum

1380 3292 1596 3341 importat
1624 3300 1839 3341 respectum
1869 3293 1917 3329 ad
1947 3301 2153 3339 creaturas,
2181 3293 2350 3342 sequitur
2377 3293 2481 3342 quod

1418 3346 1456 3382 in
1476 3347 1560 3382 Deo
1590 3357 1668 3381 non
1688 3345 1734 3382 sit
1759 3357 1883 3382 unum
1901 3346 2072 3382 Verbum
2092 3353 2250 3392 tantum,
2273 3346 2342 3392 sed
2359 3347 2479 3395 plura.

1476 3399 1508 3435 5.
1538 3399 1771 3445 PRAETEREA,
1799 3398 1828 3435 si
1855 3399 2028 3435 Verbum
2057 3399 2237 3447 importat
2265 3406 2480 3447 respectum

1420 3451 1469 3488 ad
1489 3458 1699 3488 creaturam
1719 3456 1744 3497 ⁷,
1775 3451 1850 3488 hoc
1870 3463 1948 3488 non
1969 3459 2024 3488 est
2042 3451 2113 3488 nisi
2135 3451 2360 3500 inquantum
2381 3464 2481 3489 crea-

1471 3583 1498 3617 γ)
1518 3585 1679 3608 creaturam.
1698 3595 1716 3601 ——
1734 3585 1872 3607 creaturas
1891 3583 1921 3607 B.

2303 3679 2337 3704 47

2498 623 2509 634 “
2522 623 2575 644 Art.
2589 628 2670 650 praec.
2681 623 2712 645 ad

2498 655 2518 675 2.
2533 655 2553 678 3.

2598 686 2609 702 ε

2498 1123 2510 1134 ·“
2520 1097 2625 1144 Interliili.
2636 1125 2657 1144 et
2666 1122 2712 1144 Or—

2500 1149 2549 1171 din.
