2768 4178
46 450 58 463 '
74 450 132 478 cap.
141 455 191 477 vm,
201 456 223 472 n.
236 456 257 478 9.

36 2445 48 2457 ⁶
63 2445 113 2473 Qu.
125 2449 159 2472 m,
173 2447 252 2472 art-4.

27 2603 50 2640 ,⁸
61 2603 132 2627 Vere.
145 2610 166 2633 7.

958 281 1225 328 QUAEsrro
1254 280 1417 328 xxvn,
1446 281 1743 318 ARTICULUS
1774 282 1805 318 11

286 361 562 402 speczficationem.
588 361 749 392 Invenitur
765 361 851 392 enim
866 367 1040 401 utrumque
1056 360 1174 391 horum
1193 360 1226 390 in
1243 369 1355 390 eorum

287 405 440 446 quolibet.
466 405 499 437 Si
523 413 748 446 comparentur
771 405 876 446 primo
899 404 1018 441 modo,
1047 404 1091 435 sic
1115 411 1202 435 actus
1226 410 1273 434 est
1295 413 1354 434 no-

287 449 381 480 bilior
403 450 512 481 habitu
536 460 592 480 seu
617 450 734 490 specie,
760 456 796 480 ut
819 448 933 480 dicitur
952 449 1081 479 IEthic.
1097 448 1115 466 ³
1138 449 1179 479 Et
1201 447 1280 479 ratio
1298 455 1352 484 est,

287 493 363 534 quia
386 501 473 525 actus
498 500 543 524 est
565 493 749 534 simpliciter
770 499 872 529 actus3
897 492 950 522 illa
968 502 1043 523 vero
1067 492 1184 523 habent
1202 502 1269 522 esse
1288 502 1353 522 me-

288 538 379 568 dium
393 538 474 568 inter
489 545 596 569 actum
612 545 643 568 et
657 537 844 578 potentiam.
861 537 903 567 Et
918 536 979 567 hoc
996 536 1075 566 nihil
1091 536 1178 566 aliud
1194 543 1241 567 est
1256 546 1354 576 quam

286 582 389 612 dicere
412 583 502 623 quod
525 589 555 613 et
578 591 626 612 res
649 581 775 621 cognita
805 580 954 611 nobiliori
984 581 1084 610 modo
1112 581 1201 611 adest
1230 580 1353 610 animae

286 636 362 657 curn
377 626 465 657 adest
481 633 552 657 actu
571 626 722 662 secundo,
746 635 845 666 quam
869 634 943 655 cum
967 625 1054 654 adest
1073 624 1181 654 habitu
1206 634 1261 654 seu
1281 631 1352 655 actu

286 670 409 711 primo:
434 678 464 701 et
479 670 584 701 anima
608 669 756 700 nobiliori
775 669 876 699 modo
893 678 926 699 se
941 668 1036 699 habet
1052 678 1126 699 cum
1143 675 1214 699 actu
1231 668 1354 708 attingit

285 724 343 751 res,
368 724 467 755 quam
490 724 565 745 cum
587 713 707 744 habitu.
732 713 798 744 Nec
822 719 919 748 actus,
940 712 1048 754 quoad
1071 713 1207 743 modum
1231 712 1353 743 essendi

285 758 491 799 praedictum,
505 757 691 798 producitur
706 767 724 787 a
740 757 853 797 specie,
867 757 921 787 sed
934 757 973 787 ab
985 756 1155 787 intellectu.
1167 774 1186 779 -
1197 756 1229 788 Si
1246 763 1352 787 autem

285 808 511 842 comparentur
533 801 674 832 secundo
697 801 808 838 modo,
826 801 879 838 sic,
905 807 1048 841 respectu
1073 801 1215 831 eiusdem
1239 800 1352 831 obiecti

283 846 467 886 loquendo,
497 846 580 886 paris
603 845 775 876 nobilitatis
803 852 887 876 sunt.
917 846 958 876 Et
981 845 1024 876 sic
1048 852 1136 875 actus
1158 846 1352 886 adaequatus

284 890 409 930 speciei,
430 897 538 921 manat
559 890 599 920 ab
623 899 660 920 ea
674 889 765 930 quasi
785 889 912 920 effectus
932 900 951 920 a
966 899 1060 920 causa
1084 890 1233 920 univoca:
1257 889 1353 920 habet

284 934 371 965 enim
385 941 474 965 actus
491 934 580 975 quod
597 934 638 965 sit
651 934 732 971 talis,
750 944 769 964 a
787 933 944 975 principio
962 933 1098 970 formali,
1115 934 1205 975 quod
1219 941 1266 964 est
1281 943 1353 973 spe-

284 977 356 1015 cies,
378 985 415 1009 ut
435 978 547 1009 accidit
563 978 658 1010 etiam
674 978 707 1008 in
723 978 801 1009 aliis.
820 996 839 1002 -
855 978 897 1009 Et
912 977 955 1009 sic
975 985 1062 1019 patet
1083 977 1201 1008 solutio
1221 977 1351 1008 rationis

282 1022 442 1053 Durandi:
467 1032 549 1064 quae
565 1033 631 1053 non
646 1023 754 1054 solum
777 1028 886 1054 contra
908 1032 978 1059 nos,
1003 1023 1057 1053 sed
1073 1029 1103 1053 et
1119 1028 1228 1053 contra
1244 1021 1350 1062 ipsum

282 1066 485 1098 Aristotelem
510 1067 673 1098 militabat.

340 1111 424 1143 XXI.
451 1111 542 1142 Circa
565 1111 738 1142 secundam
762 1110 1024 1152 consequentiam
1047 1110 1087 1140 ad
1111 1109 1352 1141 conclusionem

215 1174 222 1181 ·
258 1179 260 1181 ,
282 1155 533 1196 principalem*,
559 1155 693 1186 dubium
710 1155 860 1186 occurrit:
885 1165 924 1186 eo
941 1155 1031 1196 quod
1054 1154 1170 1184 falsum
1194 1160 1240 1184 est
1263 1153 1352 1193 quod

281 1199 444 1240 processio
468 1200 646 1231 secundum
669 1199 829 1231 actionem
851 1200 892 1230 ad
915 1205 1013 1235 extra,
1029 1198 1069 1229 sit
1091 1197 1219 1238 propria
1234 1196 1351 1227 infimis

2398 280 2473 328 309

1410 360 1576 396 creaturis,
1605 360 1721 391 scilicet
1743 360 1940 401 corporibus.
1964 360 2170 392 Manifestum
2199 367 2246 391 est
2274 360 2359 391 enim
2382 361 2473 401 quod

1408 403 1494 443 ipsae
1514 404 1738 435 intellectuales
1762 405 1952 436 substantiae
1976 405 2153 445 procedunt
2167 415 2186 435 a
2201 404 2271 435 Deo
2295 405 2473 435 secundum

1408 447 1566 478 actionem
1590 449 1629 479 ad
1652 455 1747 479 extra.
1779 448 1821 479 Et
1843 448 1887 479 sic
1910 458 2076 488 processus
2099 449 2217 479 litterae
2246 448 2325 479 falso
2348 448 2473 480 videtur

1408 491 1499 522 inniti
1523 492 1755 524 fundamento.-

1467 536 1518 566 Ad
1541 537 1621 567 hanc
1641 537 1872 567 dubitationem
1896 536 2028 567 breviter
2050 536 2173 575 dicitur,
2194 536 2283 577 quod
2301 535 2471 576 procedere

1408 580 1584 610 secundum
1608 581 1767 611 actionem
1790 581 1830 611 ad
1853 587 1946 616 extra,
1972 581 2149 620 computari
2171 580 2297 611 videtur
2319 580 2352 610 in
2370 580 2472 611 littera

1407 624 1487 655 inter
1515 625 1733 664 processiones
1763 625 1959 665 corporales,
1984 635 2050 655 non
2073 635 2109 655 ea
2138 624 2258 655 ratione
2286 625 2375 664 quod
2403 624 2472 664 ipsa

1407 668 1440 698 in
1464 669 1682 708 corporalibus
1706 675 1829 700 tantum
1852 669 2029 699 inveniatur
2036 677 2043 705 ;
2060 669 2114 699 sed
2133 668 2208 709 quia
2225 675 2270 699 est
2285 669 2365 698 adeo
2382 678 2470 699 com·

1407 712 1523 748 munis,
1549 719 1584 743 ut
1607 712 1701 743 etiam
1724 712 1757 743 in
1781 713 1967 753 corporibus
1991 712 2177 748 inveniatur,
2203 719 2233 742 et
2255 712 2287 742 in
2307 712 2382 752 ipsis
2402 722 2470 742 cor-

1407 756 1569 796 poralibus
1593 756 1789 787 manifestius
1817 757 1944 788 relucet.
1975 756 2075 787 Valde
2106 756 2191 786 enim
2220 755 2314 786 vilem
2344 762 2471 796 oportet

1385 804 1389 806 ’
1407 811 1474 831 esse
1490 800 1736 840 processionem,
1749 811 1831 842 quae
1847 801 1891 831 rei
1907 800 2006 836 omni,
2018 807 2315 840 quantumcumque
2331 799 2468 835 infimae,

1406 844 1562 875 convenit.
1586 845 1719 885 Propter
1741 846 1830 886 quod
1853 845 1886 875 in
1910 845 2086 885 proposito,
2108 844 2163 874 ubi
2186 844 2378 883 graduantur
2397 853 2469 883 pro-

1407 889 1574 925 cessiones,
1591 889 1672 919 inter
1684 889 1873 929 corporales,
1887 895 2040 929 tanquam
2055 887 2190 924 infimas,
2207 888 2320 918 men'to
2337 897 2470 927 compu-

1405 940 1469 964 tata
1484 940 1544 969 est;
1564 939 1596 963 et
1619 933 1743 963 exclusa
1759 943 1777 963 a
1791 933 1923 973 proprio
1947 932 2157 973 processionis
2177 932 2276 962 modo
2291 931 2420 962 invento
2436 931 2470 961 in

1405 977 1586 1008 substantiis
1608 976 1890 1013 intellectualibus,
1915 987 1996 1017 quae
2021 986 2208 1017 supremum
2231 983 2338 1006 tenent
2360 975 2469 1006 locum

1405 1031 1438 1051 m
1461 1030 1619 1051 universo.
1701 1025 1705 1030 '

1462 1065 1560 1096 XXII.
1586 1065 1620 1095 In
1644 1064 1851 1105 responsione
1875 1064 1914 1094 ad
1937 1063 2075 1100 tertium,
2101 1074 2174 1094 cave
2191 1073 2231 1094 ne
2251 1063 2293 1093 sis
2309 1072 2467 1103 praeceps,

1406 1109 1584 1149 colligendo
1610 1119 1646 1139 ex
1669 1109 1770 1139 verbis
1793 1109 1859 1139 istis
1882 1109 1914 1138 in
1939 1109 2060 1139 ratione
2084 1107 2178 1148 primi
2198 1107 2341 1148 principii
2367 1107 2469 1137 claudi

1405 1153 1521 1182 realem
1537 1153 1790 1193 processionem:
1815 1163 1913 1193 quam
1933 1152 2024 1193 ponit
2039 1152 2116 1182 fides
2133 1152 2286 1182 absolute.
2311 1151 2372 1182 Sed
2388 1161 2469 1191 quo-

1406 1197 1505 1227 modo
1522 1197 1584 1227 hoc
1599 1196 1800 1237 intelligatur,
1817 1196 1956 1233 inferius,
1974 1206 2029 1237 qu.
2045 1206 2114 1232 va,
2131 1202 2186 1227 art.
2205 1196 2235 1232 6,
2252 1195 2379 1236 patebit.

1055 1353 1374 1396 ARTICULUS
1404 1352 1703 1395 SECUNDUS

666 1449 824 1481 UTRUM
848 1448 1013 1486 ALIQUA
1036 1446 1272 1479 PROCEssm
1297 1446 1340 1476 1N
1363 1445 1519 1476 D1V1N1s
1545 1445 1798 1476 GENERATIO
1822 1444 1909 1476 D1C1
1933 1444 2081 1476 possm*

448 1524 483 1549 1v
503 1524 580 1549 Cant.
597 1524 684 1552 Gent„
704 1530 760 1556 cap.
779 1531 802 1553 x,
822 1530 860 1554 ιη
880 1522 922 1547 De
941 1522 1008 1553 Por„¹
1026 1530 1071 1555 qu.
1089 1529 1117 1550 11,
1137 1526 1183 1546 art.
1202 1528 1227 1552 1;
1247 1520 1346 1553 Opusc.
1360 1520 1389 1550 ΙΙ,
1412 1520 1513 1544 Contra
1534 1520 1660 1548 Graecos,
1679 1519 1818 1548 Armenos,
1838 1523 1895 1549 etc„
1915 1526 1971 1551 cap.
1986 1526 2029 1549 111;
2051 1517 2192 1550 Compend.
2216 1517 2312 1549 Tbeol„

1059 1565 1115 1590 cap.
1130 1565 1170 1588 xz,
1189 1564 1263 1586 xum
1282 1556 1319 1580 ad
1341 1555 1448 1584 coloss„
1468 1562 1526 1587 cap.
1543 1562 1561 1586 ι,
1580 1555 1638 1579 lect.
1652 1561 1686 1579 tv.

418 1673 429 1683 s
466 1666 469 1671 «
494 1653 518 1678 1)
531 1651 721 1677 SECUNDUM
736 1651 790 1676 sm
805 1649 1045 1676 PROCEDITUR.
1066 1636 1228 1674 Videtur
1238 1635 1348 1684 >quod

348 1739 350 1742 y
423 1690 464 1738 ’ἰὴ
492 1693 686 1743 processio
712 1704 809 1742 quae
830 1699 886 1729 est
904 1691 943 1728 in
963 1690 1111 1737 divinis,
1133 1702 1211 1727 non
1229 1688 1349 1739 possit

303 1741 413 1792 5⁸0»-
435 1746 568 1788 (dici
596 1745 802 1794 generatio.
835 1744 1039 1782 Generatio
1067 1743 1167 1781 enim
1190 1750 1246 1780 est
1264 1755 1348 1779 mu-

416 1708 453 1756 'fh

303 1794 583 1838 wtatio
614 1799 662 1836 de
699 1811 778 1836 non
807 1810 889 1835 esse
918 1797 956 1835 in
985 1810 1085 1844 esse,
1116 1795 1349 1845 corruptioni

277 1853 474 1903 opposita;
500 1860 536 1890 et
553 1853 748 1901 utriusque
767 1851 982 1888 subiectum
1004 1858 1059 1887 est
1078 1849 1246 1887 materia.
1270 1849 1347 1886 Sed

278 1907 370 1945 nihil
398 1907 539 1943 horum
569 1905 752 1954 competit
780 1904 929 1942 divinis.
970 1904 1073 1952 Ergo
1110 1915 1189 1940 non
1223 1909 1348 1951 potest

278 1959 471 2009 generatio
501 1971 584 1996 esse
612 1959 650 1996 in
680 1957 828 1995 divinis.

334 2025 369 2051 2.
399 2014 634 2058 PRAETEREA,
664 2011 703 2048 in
731 2011 816 2048 Deo
838 2017 894 2047 est
917 2009 1112 2059 processio
1133 2008 1346 2046 secundum

279 2066 442 2104 modum
479 2065 772 2113 intelligibilem,
811 2071 854 2100 ut
890 2063 1033 2101 dictum
1066 2069 1122 2099 est
1139 2061 1171 2099 ²¹⁸.
1202 2061 1279 2099 Sed
1308 2060 1347 2097 in

278 2119 390 2157 nobis
418 2119 501 2156 talis
528 2117 724 2167 processio
753 2129 833 2154 non
856 2116 992 2154 dicitur
1009 2115 1213 2164 generatio.
1243 2115 1346 2162 Ergo

278 2185 403 2222 neque
432 2172 470 2209 in
499 2173 596 2208 Deo.

334 2227 369 2263 3.
398 2226 632 2270 Pmnmnm,
659 2235 776 2260 omne
795 2222 964 2271 genitum
985 2221 1121 2270 accipit
1141 2233 1223 2258 esse
1244 2233 1265 2257 a
1284 2233 1348 2268 ge-

278 2286 447 2318 nerante.
477 2279 572 2315 Esse
603 2289 693 2324 ergo
723 2275 920 2313 cuiuslibet
943 2274 1059 2323 geniti
1079 2281 1136 2311 est
1155 2286 1238 2310 esse
1253 2279 1271 2294 α
1291 2286 1348 2310 re-

279 2340 446 2382 ceptum.
485 2330 564 2368 Sed
591 2330 740 2367 nullum
774 2341 857 2366 esse
892 2335 1089 2377 receptum
1123 2334 1179 2364 est
1210 2339 1280 2375 per
1307 2338 1348 2363 se

278 2384 500 2423 subsistens.
531 2384 632 2420 Cum
659 2382 771 2431 igitur
799 2393 883 2418 esse
913 2381 1086 2418 divinum
1111 2380 1158 2417 sit
1179 2392 1261 2417 esse
1281 2391 1349 2428 per

279 2451 320 2477 se
349 2438 570 2483 subsistens,
599 2444 641 2473 ut
669 2447 785 2484 supra
803 2435 823 2457 '¹‘
845 2435 1051 2484 probatum
1082 2441 1149 2480 est,
1179 2433 1349 2482 sequitur

279 2492 385 2542 quod
413 2491 550 2528 nullius
579 2489 694 2537 geniti
727 2501 809 2526 esse
845 2488 891 2524 sit
919 2499 1001 2524 esse
1030 2487 1217 2524 divinum.
1257 2486 1348 2522 Non

281 2553 337 2583 est
365 2557 456 2593 ergo
485 2542 677 2591 generatio
707 2542 747 2578 in
775 2540 924 2578 divinis.

333 2599 409 2636 SED
438 2608 585 2634 CONTRA
612 2606 679 2632 EST
715 2593 822 2642 quod
860 2593 995 2631 dicitur
1022 2592 1061 2630 in
1089 2593 1244 2630 Psalmo
1265 2604 1288 2628 11
1307 2590 1347 2628 *z

279 2653 366 2702 Ego
394 2650 504 2687 hodie
530 2648 650 2698 genui
675 2653 720 2684 te.

335 2705 561 2741 RESPONDEO
587 2712 772 2738 mci-:NDUM
792 2699 897 2748 quod
925 2698 1122 2748 processio
1149 2696 1291 2735 verbi!³
1311 2698 1348 2734 in

282 2756 420 2795 divinis
458 2755 593 2793 dicitur
628 2753 832 2802 generatio.
867 2753 927 2790 Ad
962 2751 1068 2788 cuius
1097 2751 1347 2797 evidentiam,

280 2809 481 2848 sciendum
506 2815 562 2844 est
580 2808 686 2856 quod
705 2805 862 2843 nomine
880 2805 1134 2856 generationis
1154 2803 1351 2853 dupliciter

279 2863 435 2902 utimur.
461 2862 548 2899 Uno
579 2860 710 2906 modo,
740 2858 996 2896 communiter
1019 2858 1069 2895 ad
1089 2857 1219 2894 omnia
1238 2869 1350 2905 gene-

281 2916 413 2955 rabilia
434 2922 470 2952 et
490 2912 762 2962 corruptibilia:
793 2919 830 2949 et
848 2911 903 2949 sic
920 2910 1112 2959 generatio
1137 2910 1228 2947 nihil
1247 2909 1350 2946 aliud

281 2978 338 3008 est
357 2981 475 3018 quam
495 2966 654 3005 mutatio
671 2967 717 3003 de
738 2977 817 3002 non
833 2977 915 3002 esse
931 2965 979 3002 ad
996 2976 1090 3001 esse.
1111 2963 1197 3000 Alio
1217 2964 1349 3009 modo,

281 3022 436 3073 proprie
465 3022 504 3058 in
530 3019 771 3058 viventibus:
802 3025 838 3055 et
866 3018 918 3055 sic
945 3016 1138 3066 generatio
1168 3015 1351 3064 significat

283 3075 469 3124 originem
512 3073 668 3111 alicuius
711 3071 876 3109 viventis
913 3083 935 3108 a
967 3070 1153 3120 principio
1197 3068 1352 3106 vivente

283 3129 499 3167 coniuncto.
530 3128 578 3164 Et
596 3127 692 3163 haec
710 3124 863 3174 proprie
885 3123 1018 3162 dicitur
1046 3123 1229 3160 nativitas.
1260 3122 1351 3159 Non

282 3190 412 3219 tamen
433 3192 549 3218 omne
577 3178 798 3217 huiusmodi
818 3177 952 3214 dicitur
971 3176 1152 3225 genitum,
1178 3175 1245 3212 sed
1265 3187 1352 3223 pro-

283 3235 364 3284 prie
393 3233 498 3283 quod
525 3232 698 3282 procedit
725 3231 938 3268 secundum
966 3229 1154 3266 rationem
1182 3228 1352 3265 similitu-

283 3287 394 3325 dinis.
415 3286 528 3324 Unde
547 3286 646 3335 pilus
663 3286 727 3323 vel
748 3284 904 3333 capillus
928 3295 1008 3320 non
1026 3283 1142 3319 habet
1166 3281 1351 3318 rationem

282 3340 399 3390 geniti
420 3347 456 3376 et
473 3339 552 3385 filii,
572 3338 641 3376 sed
665 3340 790 3376 solum
819 3336 925 3387 quod
942 3335 1115 3384 procedit
1138 3333 1351 3371 secundum

285 3394 471 3431 rationem
511 3391 784 3429 similitudinis:
818 3402 898 3427 non
935 3388 1228 3436 cuiuscumque,
1262 3399 1352 3424 nam

283 3459 439 3485 vermes
464 3445 530 3494 qui
548 3452 777 3492 generantur
795 3444 833 3480 in
853 3441 1091 3487 animalibus,
1113 3453 1191 3477 non
1210 3441 1352 3477 habent

340 3560 368 3593 α)
388 3567 451 3585 esse.
469 3573 488 3578 -
506 3559 568 3584 Om.
587 3557 698 3583 codices.

340 3595 366 3629 β)
385 3595 466 3621 verbi.
484 3608 503 3613 -
521 3594 582 3619 Orn.
602 3594 631 3618 Β.

338 3632 366 3665 γ)
384 3634 483 3656 autem.
500 3644 519 3649 —
538 3629 623 3663 igitur
640 3628 786 3653 ACDEFG.

1402 1634 1590 1671 rationem
1619 1633 1870 1682 generationis
1895 1640 1932 1670 et
1950 1632 2152 1679 filiationis,
2183 1633 2268 1669 licet
2295 1632 2340 1669 sit
2368 1633 2468 1669 sirni-

1402 1688 1520 1724 litudo
1550 1687 1762 1724 secundum
1791 1698 1926 1734 genus:
1957 1687 2023 1722 sed
2055 1685 2251 1734 requiritur
2278 1687 2327 1723 ad
2360 1686 2469 1722 ratio-

1402 1752 1491 1778 nem
1520 1741 1602 1778 talis
1630 1739 1894 1788 generationis,
1925 1739 2028 1788 quod
2049 1739 2234 1788 procedat
2256 1739 2468 1776 secundum

1403 1794 1588 1831 rationem
1617 1792 1867 1830 similitudinis
1895 1792 1933 1829 in
1961 1799 2095 1829 natura
2123 1791 2294 1829 eiusdem
2313 1791 2466 1840 speciei,

1403 1847 1498 1884 sicut
1534 1847 1655 1884 homo
1693 1845 1866 1895 procedit
1903 1847 1950 1882 ab
1988 1845 2166 1891 homi-ne,
2202 1852 2239 1881 et
2271 1857 2391 1893 equus
2420 1845 2468 1882 ab

1403 1912 1516 1950 equo.

1457 1955 1499 1990 ln
1536 1952 1754 1990 viventibus
1792 1958 1919 1988 autem
1948 1956 1963 1978 ⁷
2000 1963 2099 1999 quae
2138 1951 2186 1987 de
2222 1950 2392 1999 potentia
2427 1951 2466 1987 in

1402 2014 1529 2043 actum
1557 2005 1657 2043 vitae
1695 2005 1927 2054 procedunt,
1963 2004 2056 2041 sicut
2092 2011 2180 2040 sunt
2215 2003 2392 2040 homines
2430 2011 2467 2040 et

1402 2059 1590 2105 animalia,
1620 2057 1812 2106 generatio
1841 2065 2043 2106 utramque
2068 2056 2349 2104 generationem
2371 2053 2385 2078 ⁸
2411 2056 2466 2093 in-

1404 2112 1528 2150 cludit.
1560 2112 1600 2149 Si
1620 2119 1747 2148 autem
1768 2110 1814 2148 sit
1833 2110 1987 2159 aliquod
2006 2110 2142 2147 vivens
2167 2109 2273 2146 cuius
2291 2109 2369 2146 vita
2388 2122 2468 2146 non

1403 2173 1512 2203 exeat
1539 2165 1587 2202 de
1615 2164 1784 2213 potentia
1811 2163 1850 2200 in
1878 2170 2017 2209 actum,
2038 2162 2244 2211 processio,
2275 2162 2304 2198 si
2333 2174 2410 2210 qua
2428 2162 2467 2198 in

1402 2219 1466 2256 tali
1494 2218 1648 2255 vivente
1686 2216 1896 2263 invenitur,
1927 2215 2087 2252 excludit
2114 2215 2272 2251 omnino
2301 2215 2466 2263 primam

1403 2272 1588 2309 rationem
1609 2269 1878 2318 generationis;
1895 2269 1962 2306 sed
1981 2275 2107 2317 potest
2124 2268 2266 2304 habere
2282 2267 2466 2304 rationem

1403 2323 1656 2373 generationis
1685 2335 1784 2371 quae
1815 2329 1869 2359 est
1895 2321 2050 2371 propria
2075 2320 2300 2358 viventium.

1458 2378 1520 2415 Sic
1547 2376 1657 2425 igitur
1684 2375 1879 2425 processio
1907 2374 2015 2411 verbi
2043 2374 2081 2411 in
2110 2373 2247 2411 divinis
2275 2374 2390 2410 habet
2410 2385 2467 2410 ra—

1402 2432 1547 2468 tionem
1576 2429 1840 2478 generationis.
1870 2427 2048 2464 Procedit
2082 2427 2181 2463 enirn
2210 2439 2279 2474 per
2306 2426 2467 2463 modum

1404 2483 1642 2531 intelligibilis
1671 2482 1840 2528 actionis,
1871 2493 1968 2529 quae
1998 2487 2054 2516 est
2081 2479 2251 2528 operatio
2280 2479 2400 2516 vitae:
2433 2486 2469 2515 et

1404 2550 1426 2574 a
1453 2536 1640 2586 principio
1670 2534 1883 2580 coniuncto,
1904 2541 1945 2569 ut
1964 2532 2112 2583 supra⁸⁴¹t
2131 2532 2207 2568 iam
2228 2532 2372 2569 dictum
2393 2539 2465 2568 est:

1405 2598 1442 2627 et
1469 2589 1683 2626 secundum
1713 2588 1898 2624 rationem
1926 2585 2189 2631 similitudinis,
2215 2584 2303 2633 quia
2332 2597 2466 2621 conce-

1404 2643 1483 2692 ptio
1518 2642 1725 2678 intellectus
1764 2647 1819 2677 est
1856 2638 2060 2676 similitudo
2089 2638 2143 2674 rei
2171 2638 2401 2674 intellectae:
2432 2644 2469 2674 et

1404 2697 1442 2733 in
1472 2695 1608 2731 eadem
1638 2701 1772 2730 natura
1800 2692 1974 2735 existens,
2004 2691 2092 2739 quia
2118 2691 2155 2727 in
2184 2691 2268 2727 Deo
2289 2690 2391 2727 idem
2413 2697 2468 2726 est

1404 2748 1608 2795 intelligere
1638 2754 1675 2783 et
1702 2757 1796 2792 esse,
1817 2752 1858 2782 ut
1876 2757 1990 2793 supra
2004 2744 2025 2766 *
2044 2752 2239 2780 ostensum
2261 2751 2326 2780 est.
2356 2743 2467 2780 Unde

1404 2800 1599 2851 processio
1623 2798 1736 2848 ⁴verbi
1769 2798 1807 2835 in
1845 2797 1981 2835 divinis
2015 2796 2149 2834 dicitur
2180 2796 2391 2844 generatio,
2432 2803 2468 2832 et

1405 2856 1531 2904 ipsum
1559 2853 1723 2890 verbum
1751 2851 1964 2900 procedens
1993 2850 2127 2887 dicitur
2155 2850 2280 2886 Filius.

1459 2910 1518 2944 An
1538 2918 1675 2942 PRIMUM
1690 2916 1788 2942 ERGO
1804 2915 1988 2941 Drcl-:NDUM
2004 2903 2109 2952 quod
2125 2902 2288 2939 obiectio
2304 2902 2364 2938 illa
2379 2913 2466 2949 pro-

1408 2961 1506 2998 cedit
1525 2960 1572 2996 de
1592 2957 1835 3006 generatione
1851 2956 2063 2994 secundum
2084 2956 2268 2992 rationem
2288 2954 2464 3003 primam,

1406 3020 1519 3063 prout
1533 3012 1712 3060 importat
1728 3010 1869 3047 exitum
1886 3009 1933 3046 de
1947 3008 2117 3059 potentia
2136 3009 2175 3045 in
2194 3015 2333 3044 actum.
2350 3007 2400 3043 Et
2413 3006 2466 3043 sic

1407 3079 1485 3104 non
1514 3064 1703 3102 invenitur
1721 3063 1759 3100 in
1787 3062 1935 3109 divinis,
1956 3070 1998 3099 ut
2025 3074 2138 3110 supra
2156 3061 2176 3083 ’¹‘
2196 3061 2336 3097 dictum
2358 3067 2423 3097 est.

1459 3121 1518 3156 AD
1538 3129 1727 3155 SECUNDUM
1746 3128 1930 3153 DICENDUM
1949 3115 2056 3163 quod
2075 3113 2277 3161 intelligere
2296 3112 2334 3149 in
2354 3111 2465 3149 nobis

1406 3185 1485 3210 non
1513 3179 1569 3208 est
1595 3171 1676 3219 ipsa
1700 3169 1907 3206 substantia
1926 3168 2151 3205 intellectus:
2180 3166 2283 3203 unde
2302 3166 2466 3202 verbum

1405 3225 1510 3275 quod
1538 3223 1751 3260 secundum
1789 3221 2058 3269 intelligibilem
2088 3219 2349 3268 operationem
2378 3230 2466 3267 pro-

1407 3278 1505 3316 cedit
1532 3277 1570 3314 in
1598 3275 1721 3322 nobis,
1752 3287 1831 3312 non
1860 3282 1915 3311 est
1944 3274 2114 3311 eiusdem
2135 3280 2290 3309 naturae
2311 3283 2397 3308 cum
2419 3283 2465 3308 eo

1406 3345 1428 3369 a
1456 3343 1531 3380 quo
1552 3328 1744 3378 procedit.
1781 3328 1893 3365 Unde
1926 3339 2004 3364 non
2032 3325 2185 3375 proprie
2214 3332 2251 3361 et
2278 3325 2465 3373 complete

1406 3383 1586 3432 competit
1614 3381 1685 3419 sibi
1703 3387 1714 3402 ¹
1743 3380 1836 3418 ratio
1865 3378 2126 3428 generationis.
2158 3377 2234 3415 Sed
2262 3377 2465 3425 intelligere

1405 3437 1579 3475 divinum
1600 3443 1656 3472 est
1674 3435 1756 3483 ipsa
1775 3433 1983 3471 substantia
2002 3431 2246 3479 intelligentis,
2262 3438 2304 3467 ut
2318 3442 2432 3478 supra
2446 3429 2467 3452 *

1459 3550 1484 3582 δ)
1502 3549 1710 3583 gener-attonem.
1727 3561 1746 3566 -
1764 3547 1895 3572 rationem
1915 3546 1980 3570 BsF.

1459 3586 1482 3618 ε)
1501 3585 1559 3610 sibi.
1576 3597 1596 3603 —
1614 3584 1650 3608 1¹⁶1·
1667 3583 1721 3607 FG.

2517 2538 2569 2558 Art.
2583 2535 2688 2564 praeced.

2493 2748 2504 2759 ⁶
2515 2747 2563 2775 Qu.
2571 2753 2619 2774 xw,
2630 2750 2671 2769 art.
2679 2753 2704 2774 4.

2492 3064 2502 3074 *
2516 3063 2542 3084 ln
2557 3068 2663 3090 corpore.

2493 3435 2501 3443 ·
2514 3432 2561 3460 Qu.
2571 3438 2617 3459 nv,
2629 3434 2701 3457 nrt-4.
