2768 4178
10 345 59 373 Qu.
68 350 141 372 nvn,
158 349 200 367 an.

4 379 11 399 ;
25 377 48 399 ι,
62 375 105 394 nrt.
118 378 142 399 4·

9 839 40 863 D.
54 840 102 868 871.
138 876 144 882 ¹

945 229 1214 276 QUAEsrlo
1244 230 1297 289 xp,
1327 230 1624 268 ARTlcULus
1653 231 1704 267 v1

229 307 279 344 Et
307 307 396 356 quia
424 308 594 345 secunda
621 316 637 340 Ρ
665 309 798 358 opinio
825 308 955 346 verior
984 316 1057 355 est,
1092 316 1134 344 ut
1161 307 1258 344 infra
1282 308 1301 330 ²¹²

229 361 469 408 ostendetur,
501 363 750 401 concedimus
780 362 829 399 ad
855 373 1038 411 praesens
1064 373 1186 398 unum
1217 373 1300 398 esse

229 426 372 451 aevum
401 422 549 452 tantum
577 422 602 452 ⁰.

281 468 342 505 AD
380 480 518 506 PRIMUM
555 481 653 507 ERGO
690 480 877 506 memnon
910 469 1017 516 quod
1054 480 1198 506 aevum
1236 468 1300 505 ali-

228 521 386 570 quando
416 522 598 572 accipitur
615 534 687 572 pro
715 521 879 567 saeculo,
909 521 1017 571 quod
1042 529 1099 558 est
1117 521 1301 570 periodus

229 574 440 612 durationis
459 575 617 612 alicuius
636 575 707 612 rei:
730 582 765 612 et
784 574 838 611 sic
858 574 1035 612 dicuntur
1049 576 1170 612 multa
1189 587 1299 622 aeva,

229 628 326 665 sicut
354 629 473 666 multa
502 629 665 666 saecula.

281 683 340 718 AD
370 693 560 719 SECUNDUM
585 693 769 718 D1CENDUM
789 681 908 730 quod,
929 681 1015 718 licet
1035 694 1197 731 corpora
1218 694 1300 718 cae-

227 734 335 771 lestia
364 742 400 771 et
436 734 643 784 spiritualia
678 734 854 772 differant
882 735 919 772 in
948 747 1086 784 genere
1122 743 1301 783 naturae,

227 794 358 824 tamen
387 788 621 826 conveniunt
648 788 687 825 in
714 789 802 836 hoc,
830 789 936 838 quod
964 790 1107 826 habent
1137 801 1219 826 esse
1248 789 1302 826 in-

227 841 526 879 transmutabile.
550 842 599 878 Et
626 842 681 879 sic
709 851 981 880 mensurantur
1010 855 1109 880 aevo
1137 843 1168 880 ³⁸.

2356 236 2424 271 105

1410 310 1470 345 An
1499 320 1660 346 TERTmM
1685 321 1869 347 mei-:NDUM
1900 312 2006 360 quod
2034 325 2106 349 nec
2126 313 2256 350 omnia
2280 321 2428 362 tempo-

1357 361 1448 398 ralia
1477 361 1588 399 simul
1608 362 1805 412 incipiunt,
1828 371 1863 401 et
1886 371 2016 402 tamen
2037 366 2211 403 omniurn
2231 374 2287 403 est
2305 379 2427 403 unum

1356 422 1520 464 tempus,
1551 423 1709 466 propter
1736 417 1905 466 primurn
1931 419 2036 467 quod
2065 427 2306 457 mensuratur
2333 428 2427 457 tem-

1355 481 1461 517 pore.
1479 469 1529 506 Et
1547 469 1602 506 sic
1622 470 1755 508 omnia
1774 471 1968 509 aeviterna
1982 473 2124 510 habent
2142 486 2265 511 unum
2285 486 2427 510 aevum

1356 530 1514 571 propter
1541 523 1729 572 primum,
1760 525 1875 562 etiam
1903 525 1934 562 si
1962 537 2041 563 non
2079 527 2208 564 omnia
2237 527 2349 564 simul
2373 527 2427 564 in—

1358 575 1498 624 cipiant
1525 582 1551 613 τ.

1410 631 1469 666 AD
1500 642 1673 672 QUARTUM
1702 643 1886 668 DlCENDuM
1913 632 2018 679 quod
2047 633 2095 670 ad
2126 634 2200 670 hoc
2229 634 2334 682 quod
2364 633 2426 670 ali-

1357 694 1434 730 qua
1462 691 1731 721 mensurentur
1757 697 1827 733 per
1855 685 2011 733 aliquod
2040 698 2174 733 unum,
2196 700 2274 724 non
2302 687 2426 735 requi-

1358 736 1449 773 ritur
1467 737 1572 786 quod
1592 737 1683 774 illud
1701 750 1821 774 unum
1843 738 1890 774 sit
1910 751 2024 775 causa
2045 740 2219 776 omnium
2241 753 2376 777 eorum
2396 746 2425 786 ⁰3

1358 791 1426 827 sed
1455 790 1559 840 quod
1589 791 1635 827 sit
1663 791 1883 840 simplicius.

281 992 306 1026 ρ)
326 991 451 1017 secunda.
469 1004 489 1012 -
507 991 588 1016 tertia
608 991 720 1016 BEFsA.

282 1028 308 1060 σ)
328 1030 443 1052 tantum.
460 1041 479 1046 —-
498 1029 603 1052 tantum
619 1027 711 1059 primo
730 1028 758 1052 P.

1411 994 1436 1025 τ)
1457 993 1596 1025 incipiant.
1615 1008 1633 1012 -
1652 994 1783 1026 incipiunt
1803 994 1906 1019 codices
1925 1000 1950 1019 et
1969 995 2028 1020 edd.
2047 996 2097 1020 ab.

1411 1029 1436 1061 u)
1455 1036 1556 1053 eorum.
1574 1042 1593 1049 -
1612 1029 1674 1054 Om.
1689 1030 1787 1054 ABCE.

915 1116 1247 1149 Commentaria
1270 1116 1520 1149 Cardinalis
1543 1117 1742 1151 Caietani

259 1215 279 1236 N
303 1204 414 1242 titulo,
440 1215 539 1236 unum
569 1199 713 1236 numero.
738 1222 758 1227 -—
783 1205 818 1235 In
843 1214 975 1246 corpore
999 1211 1147 1245 quatuor.
1177 1205 1299 1242 Primo,

230 1216 427 1290 Iponuntur
449 1249 618 1290 opiniones
636 1249 776 1279 diversae
801 1249 839 1279 de
856 1248 1010 1289 quaesito.

282 1293 440 1331 Secundo,
466 1293 597 1334 ponitur
617 1293 668 1324 via
688 1292 876 1324 discutiendi
892 1303 974 1333 quae
990 1292 1102 1334 opinio
1124 1292 1164 1323 sit
1179 1291 1299 1323 verior:

229 1344 260 1370 et
276 1337 390 1369 dicitur
406 1338 496 1379 quod
512 1348 550 1368 ex
565 1347 659 1368 causa
674 1337 804 1368 unitatis
816 1336 968 1378 temporis
985 1344 1031 1368 est
1050 1336 1299 1378 procedendum.

228 1381 271 1413 Et
293 1382 461 1424 probatur:
486 1381 561 1423 quia
584 1381 618 1412 in
642 1381 859 1422 cognitionem
882 1381 1096 1421 spiritualium
1113 1391 1169 1422 per
1183 1391 1300 1422 corpo-

229 1426 307 1457 ralia
329 1426 541 1468 pervenimus.

290 1470 434 1508 Tertio,'
425 1480 530 1520 ipsam
543 1469 628 1500 viam
644 1469 826 1510 ingreditur.
843 1470 907 1501 Ubi
923 1477 1062 1511 quatuor
1077 1469 1246 1511 opiniones
1264 1470 1302 1500 de

230 1523 325 1546 causa
340 1514 469 1546 unitatis
481 1514 635 1555 temporis
648 1513 834 1546 afferuntur:
851 1514 963 1555 prima,
975 1524 1013 1544 ex
1027 1514 1147 1545 unitate
1162 1514 1302 1550 numeri;

229 1559 383 1596 secunda,
403 1569 440 1590 ex
463 1559 583 1590 unitate
604 1558 765 1600 principii,
786 1559 903 1590 scilicet
922 1558 1112 1590 aeternitatis
1119 1567 1126 1595 ;
1144 1558 1247 1595 tertia,
1267 1568 1305 1589 ex

230 1602 351 1636 unitate
373 1602 468 1645 primi
484 1603 626 1640 subiecti,
650 1603 767 1634 scilicet
789 1603 938 1634 materiae
962 1603 1096 1644 primae;
1121 1610 1242 1644 quarta,
1269 1613 1305 1634 ex

230 1647 351 1683 unitate
374 1647 470 1689 primi
492 1654 610 1679 motus.
635 1665 654 1670 -
678 1647 719 1678 Et
742 1648 845 1689 prima
868 1648 1000 1689 quidem
1033 1648 1220 1688 reprobatur
1251 1648 1304 1678 sic.

230 1691 377 1734 Tempus
392 1702 460 1723 non
472 1699 519 1724 est
534 1702 687 1723 numerus
703 1692 857 1729 absolute,
875 1693 930 1723 sed
946 1697 1147 1730 numeratus,
1163 1692 1196 1722 in
1213 1700 1305 1724 motu

231 1736 348 1768 scilicet
371 1736 544 1768 continuo:
569 1746 644 1777 ergo
669 1746 735 1767 non
759 1746 796 1767 ex
818 1737 939 1768 unitate
963 1736 1088 1767 numeri
1113 1744 1160 1768 est
1184 1747 1306 1768 unus.-

230 1780 376 1813 Secunda
398 1791 474 1812 vero
495 1788 526 1813 et
544 1781 634 1813 tertia
657 1781 763 1818 simul,
788 1781 841 1812 sic.
866 1782 1011 1822 Tempus
1035 1787 1081 1812 est
1104 1791 1208 1812 unum
1231 1781 1306 1812 sim-

230 1825 365 1866 pliciter:
391 1835 466 1866 ergo
489 1835 556 1856 non
581 1832 627 1856 est
646 1835 750 1856 unum
773 1825 930 1866 principio
959 1833 989 1857 et
1015 1825 1156 1856 subiecto
1180 1832 1306 1857 remoto

230 1876 367 1901 tantum.
383 1870 487 1901 Tenet
510 1870 654 1911 sequela:
680 1870 755 1911 quia
778 1880 882 1901 unum
899 1869 1042 1903 subiecto
1064 1869 1115 1900 vel
1138 1869 1305 1911 principio,

231 1921 307 1946 sunt
328 1924 432 1945 unum
456 1914 634 1945 secundum
657 1914 745 1954 quid.
762 1932 783 1936 -
802 1914 923 1952 Quarta
945 1921 1053 1946 autem
1076 1914 1229 1954 probatur
1251 1913 1305 1946 sic.

216 1958 357 1993 ,Primus
372 1966 482 1990 motus
499 1965 546 1990 est
564 1958 831 1998 simplicissimus:
851 1969 925 1999 ergo
943 1968 1092 1990 mensura
1109 1956 1315 1990 ceterorumz'

231 2013 307 2044 ergo
330 2010 533 2043 comparatur
555 2003 596 2034 ad
611 2010 739 2044 tempus
762 2013 829 2034 non
851 2003 958 2034 solum
977 2010 1013 2034 ut
1029 2010 1250 2035 mensuratum
1267 2004 1307 2034 ad

231 2057 425 2084 mensuram,
450 2047 505 2078 sed
521 2053 557 2078 ut
571 2047 750 2078 subiectum
769 2048 809 2078 ad
824 2048 982 2078 accidens:
1007 2058 1082 2088 ergo
1099 2058 1136 2078 ex
1153 2047 1220 2079 eius
1235 2047 1306 2089 uni-

231 2098 295 2124 tate
319 2099 366 2124 est
387 2099 515 2133 ternpus
547 2101 660 2123 unum.
686 2091 924 2133 Consequentia
954 2092 1058 2133 prima
1087 2093 1239 2133 probatur
1270 2103 1307 2124 ex

230 2137 270 2168 X.
289 2136 474 2178 Metaphys.
498 2136 589 2167 Aliae
612 2146 688 2167 vero
710 2136 935 2178 relinquuntur
953 2146 1009 2177 per
1033 2147 1065 2167 se
1091 2143 1200 2167 notae:
1225 2147 1306 2178 quo-

230 2181 319 2212 niam
342 2187 465 2212 constat
495 2181 585 2221 quod
615 2180 774 2222 quantitas
803 2181 899 2222 primi
926 2180 1099 2212 mensurati
1131 2188 1177 2212 est
1204 2181 1305 2222 ipsius

231 2234 380 2257 mensura
403 2224 582 2261 coniuncta,
608 2231 787 2256 ceterorum
808 2235 885 2256 vero
909 2232 1065 2266 separata;
1090 2232 1121 2256 et
1140 2233 1307 2267 propterea

229 2279 298 2301 non
311 2269 540 2310 multiplicatur
555 2269 595 2300 ad
611 2268 912 2312 multiplicationem
931 2276 1119 2306 ceterorum,
1138 2270 1193 2300 sed
1209 2270 1307 2311 primi

230 2321 371 2351 tantum;
395 2313 476 2344 sicut
490 2313 707 2345 universaliter
730 2314 874 2345 accidens
891 2314 1120 2355 multiplicatur
1143 2315 1183 2344 ad
1199 2315 1306 2346 multi-

230 2358 435 2401 plicationem
451 2358 594 2389 subiecti.
620 2358 707 2390 Cum
723 2369 798 2399 ergo
815 2359 957 2400 primurn
981 2369 1047 2389 non
1067 2358 1305 2400 multiplicatur,

232 2413 307 2444 ergo
330 2413 388 2434 nec
411 2411 574 2439 mensura;
598 2409 635 2434 ut
657 2403 690 2434 in
709 2403 887 2444 proposito.

290 2447 432 2486 Quarto,
455 2446 671 2488 principaliter
694 2458 731 2478 ex
753 2447 812 2479 ista
841 2447 997 2488 assignata
1025 2447 1075 2477 via
1105 2448 1143 2478 ad
1173 2448 1307 2488 quaesiti

231 2491 474 2533 responsionem
492 2491 624 2528 inducit,
640 2492 727 2524 iuxta
742 2492 821 2523 duas
842 2492 1011 2532 opiniones
1027 2492 1066 2522 de
1082 2492 1210 2532 angelis,
1229 2493 1307 2523 duas

232 2535 454 2568 conclusiones
469 2546 603 2577 ponens.
621 2537 729 2568 Altera
744 2544 805 2568 est:
821 2546 902 2568 aeva
918 2542 995 2568 sunt
1008 2537 1121 2567 multa.
1139 2537 1305 2568 Probatur.

231 2581 338 2612 Prima
361 2580 518 2612 aeviterna
542 2588 616 2612 sunt
639 2581 757 2612 multa:
782 2591 868 2622 ergo.
893 2581 1000 2612 Altera
1023 2588 1085 2612 est:
1115 2591 1229 2612 aevum
1260 2587 1307 2612 est

233 2635 339 2657 unum·
350 2629 487 2655 tantum.
504 2625 670 2656 Probatur.
684 2624 828 2656 Primum
845 2625 1040 2656 aeviternum
1057 2632 1103 2656 est
1119 2635 1222 2656 unum
1238 2633 1307 2657 tan-

232 2677 320 2702 tum:
346 2678 431 2709 ergo.
455 2686 476 2691 -
498 2669 725 2701 Antecedentia
748 2676 823 2700 sunt
849 2670 936 2711 ipsae
960 2669 1128 2710 opiniones
1156 2669 1305 2702 diversae.

233 2712 491 2754 Consequentiae
516 2712 691 2744 fundantur
715 2723 811 2755 super
837 2724 986 2755 processu
1011 2714 1095 2745 facto
1121 2714 1159 2744 de
1187 2715 1306 2746 unitate

232 2757 397 2800 temporis,
422 2757 512 2788 cuius
527 2757 614 2788 radix
632 2758 706 2790 fuit:
731 2767 884 2789 mensura
909 2759 1143 2799 multiplicatur
1166 2759 1209 2790 ad
1225 2760 1305 2790 mul-

234 2803 462 2844 tiplicationem
485 2802 590 2842 primi
612 2803 803 2833 mensurati.
823 2820 844 2825 -
869 2803 911 2834 Et
933 2803 1090 2844 quoniam
1108 2813 1145 2833 ex
1169 2803 1216 2833 his
1241 2814 1307 2834 non

233 2847 367 2878 habetur
389 2844 556 2887 responsio
581 2846 621 2876 ad
643 2847 829 2888 quaesitum
848 2853 946 2884 certa,
971 2847 1044 2878 ideo
1068 2847 1175 2878 subdit
1199 2854 1306 2878 tenen-

235 2892 310 2922 dam
322 2900 388 2922 esse
405 2890 577 2921 secundam
594 2891 843 2928 conclusionem,
859 2891 935 2932 quia
953 2891 1147 2933 probabilior
1162 2899 1208 2923 est
1223 2892 1307 2923 illius

234 2935 356 2977 opinio,
381 2941 417 2966 ut
432 2934 562 2965 inferius
586 2935 714 2976 patebit.
730 2935 772 2966 Et
793 2935 837 2966 sic
853 2936 1017 2967 conclusio
1034 2937 1218 2976 responsiva
1242 2943 1306 2967 est:

234 2982 362 3011 Aevum
384 2985 431 3010 est
453 2985 579 3010 tantum
602 2990 714 3010 unum.

289 3023 326 3054 11.
346 3023 483 3054 Adverte
505 3023 557 3054 hic
580 3024 686 3064 quod,
712 3024 793 3054 sicut
816 3024 949 3065 quilibet
981 3033 1090 3058 motus
1114 3025 1208 3056 habet
1230 3035 1305 3065 pro-

235 3067 343 3109 prium
365 3067 453 3108 prius
481 3074 512 3099 et
533 3068 692 3108 posterius
715 3068 748 3098 in
777 3067 898 3108 seipso,
924 3069 967 3100 ita
995 3069 1090 3101 etiam
1117 3069 1212 3100 habet
1234 3080 1307 3110 pro-

236 3111 343 3153 prium
359 3121 531 3142 numerum
554 3119 759 3143 numeratum
774 3112 915 3150 illorum,
933 3120 964 3144 et
987 3120 1218 3155 consequenter
1233 3124 1306 3154 pro-

236 3156 344 3197 prium
359 3162 496 3196 tempus.
512 3156 575 3187 Sed
590 3157 746 3198 quoniam
761 3167 828 3187 non
845 3157 1012 3189 cuiuslibet
1031 3166 1139 3190 motus
1154 3168 1307 3189 numerus

237 3207 284 3231 est
307 3198 524 3231 certificativus
548 3201 696 3232 omniurn
718 3208 870 3232 motuum
893 3212 930 3232 ex
947 3209 1059 3234 natura
1082 3213 1149 3238 sua,
1170 3203 1225 3233 sed
1241 3209 1307 3233 tan-

236 3251 308 3275 tum
323 3253 476 3274 numerus
491 3244 585 3284 primi
600 3253 720 3282 motus,
735 3252 866 3287 propter
881 3246 948 3276 eius
961 3246 1195 3288 simplicitatem
1211 3247 1308 3277 maxi-

237 3297 338 3325 mam;
354 3288 426 3318 ideo
446 3288 534 3319 solus
557 3289 652 3329 primi
675 3297 783 3321 motus
803 3300 956 3321 numerus
980 3291 1133 3332 temporis
1149 3291 1306 3332 complete

237 3332 394 3363 rationem
417 3331 520 3363 habet.
546 3332 588 3364 Et
610 3342 777 3375 propterea
807 3342 933 3375 tempus
963 3342 1009 3366 est
1039 3345 1143 3366 unum
1171 3345 1307 3366 numero

237 3376 412 3408 formaliter
435 3376 657 3418 completeque
679 3386 863 3420 sumptum:
888 3386 919 3410 et
942 3387 1016 3410 sunt
1039 3380 1140 3410 multa
1162 3386 1308 3419 tempora

238 3421 330 3462 quasi
353 3420 563 3456 materialiter,
587 3431 644 3452 seu
666 3422 870 3464 incomplete.
891 3424 933 3454 Et
956 3423 1058 3454 simile
1082 3430 1128 3454 est
1151 3423 1308 3454 iudicium

239 3466 278 3496 de
301 3474 394 3496 aevo:
421 3465 536 3495 eodem
560 3465 646 3496 enim
661 3467 761 3497 modo
786 3475 832 3498 est
855 3478 958 3499 unum
978 3475 1008 3499 et
1030 3468 1141 3499 multa.
1158 3468 1307 3499 -Utrum

238 3516 347 3540 autem
365 3519 480 3540 aevum
504 3509 543 3540 sit
566 3509 720 3547 accidens,
739 3518 795 3542 aut
817 3522 894 3549 esse,
912 3519 967 3543 aut
990 3512 1123 3543 essentia
1147 3512 1305 3548 aeviterni,

237 3553 271 3583 in
285 3553 471 3628 quaesltlione
487 3553 615 3594 speciali
638 3555 857 3595 quaerendum
877 3563 938 3588 est:
963 3556 1171 3598 metaphysici
1187 3556 1307 3598 quippe

238 3604 357 3639 negotn
403 3608 442 3628 oc
466 3604 521 3629 est.

382 3660 492 3684 Summi-2
511 3659 612 3683 Tur-201..
633 3659 664 3684 D.
678 3659 792 3684 Tuomst:
811 3660 843 3684 T.
857 3661 875 3685 Ι.

1410 1205 1460 1235 Ill.
1480 1204 1572 1235 Circa
1596 1215 1632 1235 ea
1655 1215 1737 1245 quae
1762 1205 1812 1236 hic
1837 1205 1964 1237 definita
1988 1214 2070 1243 sunt,
2090 1208 2255 1247 complura
2279 1216 2352 1239 sunt
2367 1210 2425 1240 du-

1355 1248 1416 1279 bia.
1441 1248 1549 1279 Primo
1574 1259 1713 1289 namque
1738 1249 1868 1286 Scotus‚
1898 1250 1931 1280 in
1955 1251 2117 1286 Secundo,
2143 1251 2212 1282 dist.
2235 1263 2275 1288 11,
2300 1263 2354 1293 qu.
2379 1264 2425 1289 111,

1357 1293 1557 1333 reprehendit
1586 1294 1675 1334 quod
1712 1294 1861 1344 primum
1886 1294 2083 1325 aeviternum
2117 1303 2317 1327 mensuretur
2349 1307 2427 1327 aevo

1358 1335 1525 1387 (quamvis.
1541 1337 1649 1378 ipsum
1672 1338 1814 1378 primum
1838 1338 1878 1369 sit
1902 1339 2072 1370 extrinseca
2094 1350 2243 1371 mensura
2265 1339 2426 1383 aliorum),

1357 1381 1451 1412 unica
1470 1381 1602 1412 ratione.
1624 1382 1783 1419 Mensura,
1802 1392 1838 1412 ex
1855 1389 1965 1413 natura
1981 1383 2034 1419 rei,
2055 1390 2101 1414 est
2125 1384 2240 1421 notior,
2265 1395 2302 1415 ex
2317 1392 2429 1416 natura

1358 1426 1413 1464 rei,
1429 1433 1629 1456 mensurato:
1654 1426 1709 1456 sed
1723 1426 1803 1457 nihil
1819 1433 1866 1457 est
1879 1427 1912 1457 in
1929 1427 2034 1478 primo
2051 1428 2211 1459 aeviterno
2230 1429 2338 1459 notius
2361 1430 2429 1471 ipsa

1359 1470 1533 1501 substantia
1556 1470 1722 1502 aeviterni:
1748 1480 1822 1511 ergo
1847 1471 1926 1501 nihil
1946 1478 1992 1502 est
2015 1472 2047 1502 in
2071 1482 2110 1503 eo
2134 1474 2223 1514 quod
2246 1473 2359 1504 habeat
2381 1484 2428 1504 ra-

1357 1514 1481 1546 tionem
1505 1524 1671 1545 mensurae
1696 1515 1888 1546 substantiae
1912 1515 1989 1547 eius.
2005 1534 2026 1539 ·—
2041 1517 2213 1548 Durandus
2229 1525 2336 1548 autem
2351 1518 2369 1537 *
2383 1528 2429 1549 re-

1359 1559 1526 1599 prehendit
1549 1559 1820 1590 mensurationem
1848 1560 2053 1591 extrinsecam
2077 1561 2172 1593 unius
2196 1562 2344 1593 aeviterni
2374 1573 2430 1603 per

1360 1603 1446 1634 aliud
1469 1604 1675 1640 aeviternum,
1693 1603 1862 1644 tripliciter.
1879 1605 1989 1635 Primo
2013 1605 2067 1636 sic.
2086 1606 2168 1637 Illud
2192 1606 2281 1637 cuius
2305 1607 2429 1638 duratio

1360 1655 1407 1679 est
1431 1648 1544 1679 certior
1567 1658 1604 1679 ex
1636 1648 1765 1689 propria
1795 1648 1917 1680 ratione
1941 1659 2040 1690 quam
2063 1660 2100 1680 ex
2131 1651 2367 1691 comparatione
2390 1652 2430 1682 ad

1361 1692 1590 1729 extrinsecum,
1615 1703 1681 1723 non
1705 1700 1907 1724 mensuratur
1938 1694 2115 1725 secundum
2146 1695 2347 1726 durationem
2375 1706 2430 1736 per

1361 1737 1581 1768 extrinsecum.
1599 1737 1662 1768 Sed
1681 1737 1877 1768 aeviternum
1893 1745 1940 1768 est
1954 1738 2150 1770 huiusmodi.
2167 1740 2337 1771 Probatur:
2355 1740 2430 1781 quia

1361 1781 1489 1822 propria
1513 1781 1580 1813 eius
1604 1782 1684 1812 ratio
1705 1788 1751 1813 est
1775 1792 1842 1812 esse
1858 1782 2057 1813 immutabile
2081 1785 2258 1815 secundum
2274 1792 2428 1815 naturam.

1361 1825 1521 1864 Secundo,
1532 1826 1658 1858 duratio
1672 1825 1794 1857 infinita
1808 1836 1875 1857 non
1890 1833 1936 1857 est
1950 1828 2187 1859 mensurabilis:
2208 1839 2292 1869 ergo.
2311 1830 2429 1868 Tertio,

1361 1880 1426 1901 non
1449 1875 1604 1911 quantum
1630 1880 1696 1901 non
1728 1877 1774 1902 est
1797 1871 2025 1902 mensurabile:
2051 1882 2135 1913 ergo.
2153 1873 2256 1904 Tenet
2283 1874 2428 1915 sequela:

1361 1913 1437 1956 quia
1452 1924 1568 1946 aevum
1584 1921 1667 1945 caret
1682 1915 1921 1946 successione.-
1901 1916 2019 1947 -Haec
2034 1923 2064 1947 et
2078 1917 2170 1957 plura
2184 1917 2245 1948 alia
2261 1917 2431 1949 recitantur

1361 1969 1379 1990 a
1395 1958 1565 2010 Capreolo,
1590 1959 1623 1989 in
1647 1959 1805 1996 Secundo,
1827 1959 1897 1990 dist.
1914 1970 1936 1990 11
1950 1959 1982 1990 *ε
2008 1961 2155 1992 consulto
2179 1968 2286 1992 tamen
2302 1962 2428 1993 omissis
2457 1968 2466 1978 ⁴

1361 2003 1480 2040 ceteris,
1500 2004 1642 2034 dicemus
1666 2004 1751 2034 unde
1776 2004 1884 2035 omnia
1907 2004 2079 2036 solventur.

1414 2048 1467 2079 lv.
1485 2048 1536 2078 Ad
1552 2048 1742 2079 evidentiam
1757 2048 1852 2087 igitur
1867 2048 1972 2084 huius,
1990 2049 2068 2080 scito
2085 2050 2183 2090 quod,
2202 2057 2237 2081 ut
2256 2060 2292 2081 ex
2308 2051 2398 2082 dictis
2412 2051 2429 2070 *
2457 2056 2465 2065 ·

1361 2099 1467 2132 patere
1490 2092 1555 2122 iam
1578 2099 1692 2132 potest,
1713 2092 1908 2123 aeviternum
1931 2102 1996 2123 non
2021 2101 2221 2124 mensuratur
2245 2104 2337 2131 aevo,
2364 2095 2429 2126 sive

1361 2136 1528 2167 intrinsece
1545 2136 1609 2166 sive
1629 2137 1808 2172 extrinsece,
1832 2147 1888 2177 per
1909 2137 2044 2168 modum
2059 2138 2242 2178 quantitatis
2262 2139 2430 2170 continuae

1361 2188 1416 2211 aut
1439 2181 1632 2212 successivae
1654 2187 1709 2211 aut
1737 2181 1832 2211 etiam
1857 2181 2022 2218 discretae,
2050 2183 2104 2212 sed
2122 2192 2185 2222 per
2208 2183 2335 2214 modum
2361 2185 2429 2214 uni-

1361 2226 1455 2256 tatis:
1478 2225 1633 2266 quoniam
1657 2235 1771 2255 aevum
1795 2232 1841 2256 est
1871 2225 2078 2262 indivisibile,
2105 2233 2211 2257 totum
2235 2227 2346 2264 simul,
2371 2235 2428 2259 etc.

1362 2269 1449 2300 Cum
1472 2269 1557 2299 enim
1582 2279 1697 2299 aevum
1712 2269 1751 2300 sit
1774 2269 1878 2300 unitas
1894 2269 2100 2301 immutabilis
2123 2270 2205 2301 vitae
2229 2272 2428 2303 mutabilitati

1362 2314 1560 2350 coniunctae,
1581 2321 1702 2354 quanto
1726 2313 1858 2354 aliquod
1871 2313 2069 2345 immutabile
2094 2315 2200 2345 minus
2225 2322 2271 2346 est
2294 2317 2429 2348 mutabi-

1360 2358 1439 2390 litati
1464 2358 1690 2395 coniunctum,
1719 2365 1807 2389 tanto
1833 2365 1878 2389 est
1903 2358 2133 2390 immutabilius
2157 2366 2187 2390 et
2212 2360 2318 2391 minus
2344 2371 2430 2391 com-

1361 2402 1519 2443 positum,
1551 2413 1586 2433 ac
1613 2413 1670 2443 per
1697 2402 1758 2433 hoc
1788 2402 1982 2442 simplicius,
2011 2410 2042 2434 et
2072 2411 2300 2445 consequenter
2329 2405 2430 2445 magis

1362 2457 1474 2478 unum.
1499 2447 1721 2488 Supponimus
1741 2454 1848 2478 autem
1871 2457 1956 2478 nunc
1979 2448 2069 2488 quod
2085 2448 2288 2485 aeviternum,
2306 2456 2426 2489 quanto

1360 2491 1501 2528 inferius,
1526 2498 1615 2523 tanto
1639 2491 1810 2532 pluralitati
1834 2491 1946 2521 maiori
1971 2491 2170 2523 coniunctius
2194 2499 2256 2523 est:
2288 2494 2372 2524 unde
2397 2501 2428 2525 et

1361 2536 1455 2567 habet
1487 2536 1607 2576 species
1645 2536 1751 2566 minus
1784 2535 1995 2572 universales,
2029 2543 2060 2567 et
2093 2537 2292 2577 operationes
2320 2538 2427 2568 minus

1361 2580 1535 2611 ambientes
1558 2580 1705 2611 locorum
1720 2586 1775 2610 aut
1794 2589 1976 2619 corporum.
1999 2580 2040 2612 Et
2055 2587 2222 2621 propterea
2241 2591 2428 2621 supremum

1361 2625 1573 2663 aeviternum‚
1602 2631 1754 2665 tanquam
1782 2623 1920 2655 maxime
1947 2623 2145 2655 immutabile
2173 2625 2254 2657 inter
2276 2625 2424 2657 immuta-

1360 2669 1435 2700 bilia
1458 2669 1502 2699 sic
1527 2667 1624 2711 (idest
1651 2668 1822 2699 mutationi
1850 2666 1989 2711 iuncta),
2020 2675 2066 2699 est
2089 2669 2224 2700 maxime
2254 2679 2371 2700 unum:
2397 2678 2427 2701 et

1361 2720 1590 2754 consequenter
1614 2723 1651 2743 ex
1674 2719 1785 2743 natura
1808 2722 1865 2743 sua
1888 2712 1998 2749 habet,
2026 2714 2110 2744 unde
2133 2724 2190 2755 per
2212 2724 2373 2745 accessum
2397 2721 2428 2745 et

1360 2767 1519 2788 recessum
1542 2758 1580 2787 ab
1605 2767 1658 2793 eo,
1691 2763 1792 2787 cetera
1819 2757 1975 2787 aeviterna
1999 2764 2035 2788 ut
2062 2758 2106 2788 sic
2129 2765 2353 2789 mensurantur
2376 2769 2425 2789 ex-

1359 2808 1501 2833 trinsece.

1412 2847 1451 2877 V.
1469 2846 1520 2876 Ad
1533 2845 1692 2876 Scotum*
1708 2855 1793 2885 ergo,
1810 2852 1942 2886 negatur
1956 2845 2072 2877 minor.
2087 2846 2168 2876 Dico
2184 2857 2323 2887 namque
2338 2848 2427 2888 quod
2453 2856 2461 2864 ·

1359 2900 1474 2921 aevum
1498 2890 1630 2920 existens
1653 2889 1686 2919 in
1702 2889 1807 2930 primo
1831 2890 2001 2926 aeviterno,
2018 2890 2082 2920 sive
2106 2890 2145 2921 sit
2168 2891 2234 2921 eius
2254 2891 2426 2922 substantia

1360 2942 1415 2965 aut
1438 2933 1607 2970 existentia,
1626 2933 1690 2964 sive
1707 2943 1783 2971 non,
1801 2941 1848 2965 est
1863 2934 1970 2965 notius
1985 2934 2018 2964 in
2034 2935 2154 2965 ratione
2174 2945 2339 2965 mensurae
2358 2935 2427 2975 ipsa

1359 2978 1508 3010 aeviterni
1524 2978 1707 3014 substantia,
1727 2985 1764 3009 ut
1781 2978 1998 3010 immutabilis.
2024 2979 2187 3016 Quoniam
2211 2989 2325 3009 aevum
2348 2979 2426 3009 nihil

1360 3023 1447 3054 aliud
1463 3029 1509 3053 est
1524 3033 1623 3063 quam
1637 3022 1741 3053 unitas
1755 3033 1812 3063 per
1827 3023 1964 3054 modurn
1979 3033 2145 3053 mensurae
2159 3023 2228 3054 talis
2244 3023 2425 3054 immutabi-

1359 3067 1469 3099 litatis:
1495 3078 1530 3098 ac
1553 3077 1610 3107 per
1632 3067 1694 3098 hoc
1717 3067 1825 3107 ipsum
1848 3077 1964 3098 aevum
1983 3075 2028 3098 est
2053 3067 2225 3098 formaliter
2244 3067 2357 3103 unitas,
2374 3067 2425 3098 cui

1361 3112 1465 3153 primo
1479 3112 1610 3142 debetur
1623 3111 1702 3142 ratio
1715 3121 1892 3148 mensurae,
1908 3119 1945 3142 ut
1959 3118 2045 3152 patet
2057 3113 2085 3143 V
2094 3110 2109 3126 *
2124 3118 2154 3142 et
2166 3113 2195 3142 X
2205 3111 2463 3153 Metaphys.**

1361 3155 1542 3188 Substantia
1569 3162 1677 3186 autem
1707 3155 1751 3186 sic
1778 3155 1985 3186 immutabilis
2010 3163 2056 3187 est
2081 3156 2314 3186 denominative
2345 3165 2424 3192 una;

1362 3209 1391 3232 et
1414 3201 1495 3231 hanc
1519 3199 1813 3230 denominationem
1828 3200 1980 3240 importat
2002 3200 2035 3241 ly
2058 3201 2266 3231 aeviternam.
2292 3197 2462 3231 Constat

1361 3252 1468 3276 autern
1491 3243 1707 3275 universaliter
1733 3244 1822 3285 quod
1845 3244 1879 3274 id
1903 3245 1991 3285 quod
2016 3251 2062 3274 est
2084 3244 2257 3275 formaliter
2281 3244 2352 3283 tale,
2378 3251 2424 3274 est

1362 3289 1474 3320 certius
1499 3296 1529 3319 et
1552 3288 1659 3320 notius
1683 3298 1720 3318 ex
1742 3295 1854 3320 natura
1877 3289 1930 3325 rei,
1948 3299 1986 3318 eo
2010 3289 2098 3329 quod
2122 3295 2167 3318 est
2191 3288 2423 3319 denominative

1361 3334 1432 3364 tale.
1451 3332 1604 3371 Quamvis
1628 3332 1723 3372 igitur
1746 3333 1919 3363 substantia
1943 3332 2044 3372 angeli
2062 3332 2100 3363 sit
2124 3332 2306 3372 simpliciter
2328 3333 2425 3363 notis-

1362 3378 1479 3408 simum
1503 3376 1651 3407 omnium
1666 3386 1748 3417 quae
1771 3377 1804 3407 in
1822 3387 1860 3407 eo
1885 3384 1967 3412 sunt,
1988 3386 2102 3407 aevum
2116 3383 2231 3413 tamen,
2256 3376 2289 3407 in
2313 3387 2425 3417 genere

1362 3432 1417 3453 seu
1441 3422 1473 3452 in
1493 3421 1613 3452 ratione
1636 3431 1814 3457 mensurae,
1832 3428 1877 3452 est
1891 3421 1999 3451 notius
2018 3421 2102 3450 illius
2126 3421 2314 3452 substantia:
2333 3421 2422 3457 sicut,

1361 3466 1506 3507 quamvis
1522 3465 1695 3496 substantia
1711 3475 1864 3506 corporea
1887 3465 1926 3495 sit
1949 3465 2055 3495 notior
2070 3465 2246 3495 secundum
2270 3475 2302 3495 se
2326 3475 2425 3506 quan-

1362 3511 1458 3546 titate,
1475 3510 1508 3540 in
1531 3519 1644 3549 genere
1666 3516 1773 3540 tamen
1805 3519 1971 3540 mensurae
1995 3509 2152 3550 quantitas
2177 3516 2223 3540 est
2250 3510 2355 3540 notior
2379 3519 2425 3539 se—

1363 3555 1504 3586 cundum
1529 3564 1571 3584 se.

1415 3599 1467 3630 VI.
1484 3598 1534 3628 Ad
1559 3598 1749 3628 Durandum
1772 3607 1847 3628 vero
1871 3597 1888 3616 *
1910 3597 2170 3637 respondendum
2194 3604 2253 3633 est,
2279 3597 2424 3636 negando

2252 3668 2282 3691 14

2456 1521 2467 1531 ⁴
2481 1520 2502 1542 11
2516 1521 2597 1548 Sent„
2613 1521 2667 1543 dist.

2457 1553 2480 1574 u,
2496 1554 2534 1575 qu.
2546 1554 2566 1569 v.

2477 2855 2512 2878 Cf.
2528 2861 2591 2877 num.
2607 2861 2642 2877 111.

2526 3122 2582 3137 .v11
2591 3115 2665 3137 -Did.

2453 3116 2506 3164 lib.a
2521 3142 2549 3168 V,
2565 3148 2617 3170 cap.
2634 3148 2665 3168 vr,

2453 3176 2476 3206 n*
2489 3175 2546 3217 ἕο.
2557 3201 2580 3217 n.
2590 3195 2666 3216 -Did.

2453 3222 2494 3243 lib.
2555 3238 2560 3248 ,
2583 3228 2634 3249 cap.
2649 3227 2666 3248 ι,

2453 3255 2475 3270 n.
2487 3255 2500 3276 7
2517 3255 2570 3276 sqq.

2451 3598 2463 3609 ⁴
2479 3597 2514 3619 Cf.
2530 3602 2593 3618 uum.
2604 3602 2637 3618 ιιι.
