2768 4178
44 1680 55 1691 ⁴
70 1679 136 1700 Vers.
155 1685 187 1705 14.

46 1897 55 1905 ·
71 1895 138 1917 Vers.
153 1901 172 1923 2,
188 1901 208 1923 3.

47 2056 57 2064 '¹
72 2055 124 2077 Art.
134 2061 150 2076 ι.

45 2219 54 2226 ·
74 2217 123 2244 Qu.
139 2224 199 2245 xxu,
215 2220 257 2239 art.

44 2250 67 2270 2,
83 2243 111 2265 ad
126 2250 146 2266 2.

49 3488 59 3498 *
75 3486 111 3509 Cf.
127 3493 192 3509 num.
203 3493 234 3509 vi.

50 3575 146 3604 'Capax¹
153 3582 164 3604 3
172 3582 177 3602 ;
186 3582 232 3603 vm,
239 3582 260 3598 2.

300 275 377 311 274

977 267 1245 313 QUAESTIO
1274 269 1418 316 XXIII,
1449 268 1746 306 ARTICULUS
1777 270 1826 305 111

1108 403 1426 445 ARTICULUS
1456 404 1686 446 TERTIUS

892 496 1048 526 UTRUM
1072 495 1184 526 DEUS
1207 496 1406 534 ALIQUEM
1429 497 1637 528 HOMINEM
1660 498 1890 529 REPROBET

751 573 760 597 Ι
780 573 862 603 Sent„
878 574 936 598 dist.
949 581 988 603 χι,
1004 581 1050 606 qu.
1062 581 1095 603 1v,
1110 578 1156 598 art.
1176 581 1201 603 ¹3
1221 573 1252 598 111
1274 574 1351 599 Cont.
1367 575 1453 605 Gent„
1469 583 1524 607 cap.
1540 582 1631 605 cuum
1650 575 1688 600 ad
1706 576 1793 606 Rom.‚
1814 583 1868 609 cap.
1882 584 1914 605 lx,
1930 576 1988 601 lect.
2003 584 2030 601 11.

490 673 530 698 τι)
558 673 719 699 TERTIUM
738 674 790 698 sm
816 674 1058 699 paocamrun.
1079 662 1238 699 Videtur
1256 664 1363 711 quod

507 716 613 752 Deus
632 716 780 752 nullum
797 715 996 752 hominem
1016 716 1206 763 reprobet.
1225 717 1362 754 Nullus

428 690 445 702 vl

436 713 443 723 ι

432 742 447 763 xv,
474 757 477 761 ,

330 752 609 817 λ’,ῑςῂῆἲπιιῐη
638 769 817 816 reprobat
845 780 962 816 quem
997 768 1123 815 diligit.
1150 769 1227 805 Sed
1256 770 1362 806 Deus

350 794 447 854 ἐν’Ψ)
463 812 495 857 Κ
507 833 664 858 omnem
684 821 883 858 hominem
900 821 1026 868 diligit,
1043 821 1256 858 secundum
1271 821 1364 859 illud

293 873 381 921 Sap.
401 885 436 910 xl
456 872 493 910 *ε
514 874 654 924 Diligis
679 875 808 911 omnia
836 886 934 923 quae
960 880 1057 919 sunt,
1078 879 1115 910 et
1139 874 1234 911 nihil
1256 875 1365 911 odisti

292 938 424 963 eorum
445 939 542 975 quae
555 927 696 975 fecisti.
732 928 834 975 Ergo
864 928 970 964 Deus
990 928 1137 964 nullum
1161 927 1361 964 hominem

292 980 472 1029 reprobat
498 986 526 1016 α.

346 1045 381 1070 2.
403 1034 636 1081 PRAETEREA,
658 1033 687 1069 si
715 1034 821 1069 Deus
850 1032 1016 1082 aliquem
1044 1033 1245 1070 hominem
1268 1032 1285 1062 β
1304 1046 1362 1070 re-

290 1087 437 1135 probat,
460 1093 611 1134 oportet
630 1085 737 1133 quod
765 1085 819 1122 sic
847 1098 887 1122 se
906 1087 1046 1123 habeat
1074 1086 1292 1135 reprobatio
1313 1087 1362 1124 ad

290 1139 526 1187 reprobatos,
549 1138 644 1175 sicut
667 1144 681 1165 ⁷
710 1138 1004 1187 praedestinatio
1026 1140 1074 1176 ad
1102 1139 1360 1188 praedestina-

289 1199 360 1229 tos.
383 1192 459 1229 Sed
487 1191 783 1240 praedestinatio
813 1199 869 1228 est
898 1204 1013 1229 causa
1040 1193 1169 1230 salutis
1202 1194 1360 1242 praede-

289 1245 525 1282 stinatorum.
548 1246 650 1292 Ergo
671 1245 889 1294 reprobatio
911 1245 981 1282 erit
1001 1258 1114 1283 causa
1138 1247 1361 1295 perditionis

288 1299 554 1347 reproborum.
578 1298 664 1335 Hoc
684 1306 812 1335 autem
835 1306 890 1335 est
917 1299 1073 1336 falsum:
1105 1300 1239 1336 dicitur
1258 1300 1359 1338 enim

290 1352 392 1388 Osee
407 1364 467 1388 xm
482 1351 522 1388 *ε
538 1352 699 1400 perditio
716 1358 791 1398 tua,
808 1352 940 1398 Israel,
962 1365 1012 1389 ex
1029 1358 1064 1389 te
1081 1359 1136 1389 est
1149 1350 1177 1397 δ;
1199 1359 1360 1390 tantum-

289 1405 400 1442 modo
429 1417 479 1441 ex
506 1417 567 1442 me
585 1406 771 1442 auxilium
800 1411 918 1442 tuum.
941 1406 1033 1443 Non
1058 1418 1146 1454 ergo
1171 1408 1278 1444 Deus
1298 1407 1362 1444 ali-

289 1470 406 1507 quem
435 1459 625 1507 reprobat.

343 1512 378 1548 3.
413 1512 659 1559 PRAETEREA,
689 1511 781 1548 nulli
812 1511 927 1549 debet
958 1511 1139 1561 imputari
1168 1513 1272 1562 quod
1305 1513 1361 1550 vi-

288 1572 366 1601 tare
395 1577 475 1602 non
502 1572 638 1613 potest.
669 1565 746 1602 Sed
776 1565 807 1602 si
834 1566 941 1602 Deus
970 1565 1138 1613 aliquem
1167 1567 1358 1615 reprobat⁷

288 1630 367 1655 non
394 1625 520 1666 potest
546 1618 666 1655 vitare
695 1618 788 1667 quin
811 1618 893 1667 ipse
921 1626 1068 1668 pereat:
1099 1618 1232 1656 dicitur
1257 1620 1359 1657 enirn

287 1671 411 1717 Eccle.
428 1671 527 1708 v11*:
548 1671 744 1708 considera
765 1683 881 1720 opera
896 1672 981 1718 Dei,
998 1672 1101 1721 quod
1118 1685 1228 1710 nemo
1241 1674 1363 1721 possit

288 1725 483 1774 corrigere
511 1736 622 1773 quem
650 1725 728 1773 ipse
759 1725 981 1774 despexerit.
1021 1726 1124 1774 Ergo
1153 1738 1233 1763 non
1263 1735 1361 1764 esset

287 1777 508 1815 hominibus
528 1777 798 1827 imputandum
813 1779 918 1827 quod
937 1786 1110 1828 pereunt.
1128 1780 1215 1816 Hoc
1230 1787 1359 1817 autern

288 1839 343 1868 est
371 1832 520 1868 falsum.
551 1832 643 1868 Non
673 1843 762 1879 ergo
791 1832 898 1869 Deus
928 1832 1094 1880 aliquem
1122 1833 1313 1882 reprobat.

342 1885 415 1921 SED
437 1896 583 1921 CONTRA
602 1896 668 1921 EST
687 1885 794 1932 quod
814 1885 950 1922 dicitur
968 1884 1132 1922 Malach.
1151 1898 1159 1922 1
1180 1886 1216 1923 *ε
1242 1887 1360 1923 Iacob

286 1937 412 1984 dilexi,
432 1939 537 1974 Esau
565 1943 691 1974 autem
720 1938 805 1974 odio
834 1939 960 1976 habui.

340 1992 566 2028 RESPONDEO
587 2003 771 2028 DICENDUM
791 1992 898 2040 quod
925 1993 1031 2028 Deus
1056 1991 1206 2040 aliquos
1231 2005 1360 2041 repro-

287 2044 362 2082 bat.
384 2044 537 2081 Dictum
569 2044 670 2081 enim
699 2051 756 2081 est
774 2057 888 2093 supra
915 2044 936 2067 '¹‘
968 2045 1074 2093 quod
1103 2045 1359 2094 praedestina·

286 2097 337 2134 tio
359 2106 414 2134 est
441 2110 529 2147 pars
548 2097 825 2146 providentiae.
846 2098 907 2136 Ad
927 2098 1208 2147 providentiam
1230 2107 1358 2136 autem

286 2151 447 2200 pertinet
483 2150 700 2199 permittere
736 2151 902 2200 aliquem
941 2151 1134 2188 defectum
1169 2152 1207 2189 in
1246 2153 1359 2190 rebus

286 2217 384 2252 quae
413 2203 677 2252 providentiae
707 2204 933 2252 subduntur,
954 2212 995 2241 ut
1023 2217 1139 2253 supra
1166 2205 1186 2227 *
1215 2205 1358 2242 dictum

287 2266 353 2294 est.
374 2257 499 2304 Unde,
522 2269 611 2293 cum
640 2269 708 2305 per
737 2257 906 2294 divinam
925 2258 1207 2306 providentiam
1235 2258 1360 2295 homi-

287 2323 356 2348 nes
384 2310 424 2347 in‘
449 2310 569 2347 vitam
589 2317 783 2347 aeternam
805 2310 1039 2357 ordinentur,
1060 2311 1223 2359 pertinet
1243 2311 1358 2348 etiam

286 2364 336 2401 ad
366 2363 536 2401 divinam
565 2363 857 2412 providentiam,
883 2371 924 2400 ut
951 2369 962 2384 ⁸
990 2364 1183 2412 permittat
1210 2364 1358 2412 aliquos

288 2418 336 2454 ab
366 2417 436 2454 isto
465 2417 542 2453 fine
573 2416 749 2454 deficere.
778 2417 827 2454 Et
854 2417 930 2454 hoc
959 2416 1094 2454 dicitur
1113 2418 1329 2466 reprobare.

343 2470 403 2506 Sic
432 2469 553 2518 igitur,
588 2469 683 2506 sicut
709 2469 1004 2519 praedestinatio
1035 2477 1091 2507 est
1113 2483 1202 2519 pars
1230 2470 1359 2519 provi-

289 2523 438 2560 dentiae
467 2530 642 2571 respectu
672 2535 806 2560 eorum
831 2523 896 2572 qui
927 2523 1106 2561 divinitus
1136 2523 1359 2561 ordinantur

287 2577 325 2613 in
345 2584 539 2613 aeternam
564 2577 743 2621 salutem3
774 2576 824 2613 ita
848 2576 1066 2625 reprobatio
1088 2585 1142 2614 est
1162 2590 1250 2626 pars
1268 2590 1357 2626 pro-

287 2629 480 2667 videntiae
509 2637 683 2678 respectu
712 2629 864 2666 illorum
897 2629 963 2679 qui
991 2630 1040 2666 ab
1068 2630 1144 2667 hoc
1163 2630 1239 2667 fine
1261 2630 1359 2668 deci-

290 2683 384 2720 dunt
407 2682 430 2720 3.
452 2683 564 2720 Unde
594 2683 811 2732 reprobatio
841 2695 920 2720 non
941 2683 1117 2720 nominat
1143 2684 1357 2732 praescien-

342 2797 369 2829 α)
392 2797 466 2829 Ergo
487 2797 559 2821 Deus
578 2797 678 2821 nullum
699 2796 830 2822 hominem
850 2797 984 2829 reprobat.
1002 2811 1021 2816 -
1040 2798 1102 2822 Om.
1117 2798 1158 2823 ed.
1172 2805 1205 2827 a,·
1223 2798 1354 2822 hominem

287 2840 340 2857 om.
359 2833 469 2857 codices.

342 2866 366 2900 β)
387 2867 527 2892 hominem.
545 2881 563 2887 -
582 2867 643 2892 Om.
662 2867 806 2893 ABCDEF.

339 2902 367 2936 γ)
386 2903 463 2928 sicut.
481 2917 498 2922 -
517 2910 544 2927 se
563 2902 641 2927 habet
659 2902 729 2927 addit
746 2903 775 2927 B.

340 2937 365 2970 δ)
384 2945 422 2963 ex
441 2941 466 2963 te
484 2941 531 2963 est.
549 2951 568 2957 -
586 2938 647 2963 Om.
662 2938 766 2967 imon,-
784 2941 824 2963 est
842 2946 895 2963 om.
910 2939 1008 2964 ACEF.

341 2974 362 3005 ε)
383 2977 420 2998 ut.
438 2987 457 2992 —
475 2973 546 3006 quod
564 2973 708 2998 ABCDEF.
726 2987 745 2993 -
763 2974 813 2998 Pro
833 2974 868 2999 Et
887 2974 944 3004 hoc,
966 2975 1001 2999 Et
1020 2975 1066 3000 hos
1086 2974 1249 3000 ABCDFGa.

339 3009 364 3041 ζ)
385 3009 520 3034 decidunt.
537 3022 557 3028 -
575 3009 705 3034 excidunt
724 3009 835 3034 codices.

340 3045 366 3077 η)
380 3048 540 3077 expectatur
588 3044 703 3077 gratiae.
717 3057 735 3064 ·-
753 3047 914 3076 expectatur
928 3046 969 3070 vel
976 3045 1161 3078 participatur
1177 3046 1203 3070 in
1210 3046 1317 3080 futuro,
1332 3048 1359 3070 et

287 3083 327 3105 est
345 3087 425 3105 causa
444 3080 500 3105 eius
519 3080 592 3112 quod
605 3079 756 3112 percipitur
770 3079 796 3104 in
806 3081 953 3112 praesenti,
969 3081 1068 3106 scilicet
1082 3081 1197 3114 gratiae,
1207 3080 1358 3113 praedesti-

1419 663 1510 700 tiam
1538 672 1705 702 tantum:
1737 665 1805 702 sed
1833 664 1974 713 aliquid
2003 665 2106 702 addit
2134 666 2348 703 secundum
2378 667 2487 703 ratio-

1419 728 1522 763 nem,
1543 717 1637 754 sicut
1665 726 1702 755 et
1728 718 1981 767 providentia,
2002 726 2045 755 ut
2072 731 2188 767 supra
2206 718 2226 740 ³¹⁸
2247 719 2390 756 dictum
2419 727 2486 757 est.

1419 769 1525 806 Sicut
1540 770 1642 807 enim
1657 771 1951 819 praedestinatio
1966 771 2123 809 includit
2137 773 2376 809 voluntatem
2397 785 2488 811 con-

1418 822 1563 859 ferendi
1582 823 1739 870 gratiam
1760 831 1797 860 et
1813 825 1985 872 gloriam,
2006 825 2057 861 ita
2086 826 2304 874 reprobatio
2333 825 2489 868 includit

1417 875 1655 912 voluntatem
1670 876 1914 924 permittendi
1929 877 2095 926 aliquem
2111 879 2248 916 cadere
2265 879 2304 916 in
2319 880 2485 928 culpam,

1418 935 1455 964 et
1482 927 1668 965 inferendi
1697 929 1953 966 damnationis
1981 942 2150 978 poenam
2177 944 2248 980 pro
2278 933 2401 982 culpa.

1471 982 1531 1017 AD
1551 993 1689 1018 ramum
1704 993 1803 1018 ERGO
1818 993 2003 1019 morannum
2023 984 2130 1032 quod
2143 985 2250 1022 Deus
2265 998 2402 1022 omnes
2417 986 2486 1022 ho-

1418 1033 1541 1070 mines
1566 1034 1684 1082 diligit
1701 1033 1733 1082 *,
1755 1042 1792 1071 et
1815 1035 1929 1071 etiam
1950 1047 2086 1073 ornnes
2106 1045 2308 1086 creaturas,
2324 1039 2485 1087 inquan-
2514 1045 2526 1058 ’

1416 1094 1498 1123 tum
1537 1087 1716 1124 omnibus
1753 1088 1836 1124 vult
1863 1087 2018 1135 aliquod
2053 1089 2219 1127 bonum:
2249 1103 2328 1128 non
2355 1099 2487 1129 tamen

1416 1140 1692 1190 quodcumque
1729 1141 1878 1177 bonum
1916 1141 1999 1178 vult
2031 1142 2223 1181 omnibus.
2255 1145 2486 1193 Inquantum

1416 1192 1526 1241 igitur
1553 1193 1783 1243 quibusdam
1803 1206 1883 1231 non
1909 1194 1992 1231 vult
2018 1194 2094 1232 hoc
2122 1196 2270 1233 bonum
2304 1197 2411 1246 quod
2430 1204 2487 1234 est

1415 1246 1493 1283 vita
1522 1254 1687 1295 aeterna,
1710 1247 1846 1284 dicitur
1874 1260 1940 1284 eos
1969 1247 2112 1285 habere
2141 1249 2245 1297 odio,
2265 1251 2328 1287 vel
2356 1261 2487 1299 repro-

1416 1300 1520 1337 bare.

2515 724 2527 735 ⁴
2542 723 2592 751 Qu.
2605 730 2667 751 xxu,
2682 727 2727 747 ut.

2517 756 2533 778 ι,
2548 750 2578 772 ad
2592 756 2614 779 3.

1469 1355 1529 1390 An
1557 1365 1748 1391 SECUNDUM
1773 1365 1958 1391 mCENDUM
1984 1354 2089 1403 quod
2108 1354 2214 1391 aliter
2233 1368 2274 1392 se
2293 1356 2410 1393 habet
2429 1367 2485 1392 re-

1414 1406 1591 1455 probatio
1611 1407 1650 1443 in
1670 1407 1877 1454 causando,
1907 1419 2024 1456 quam
2043 1408 2351 1456 praedestinatio.
2382 1409 2486 1447 Nam

1414 1459 1708 1508 praedestinatio
1738 1467 1795 1500 est
1823 1472 1938 1497 causa
1967 1467 2003 1497 et
2032 1461 2112 1497 eius
2132 1461 2239 1509 quod
2268 1469 2487 1511 expectatur

1415 1512 1454 1549 in
1482 1513 1607 1550 futura
1634 1513 1711 1550 vita
1730 1525 1753 1549 a
1772 1513 2072 1562 praedestinatis,
2094 1514 2234 1551 scilicet
2256 1515 2415 1563 gloriae;
2449 1522 2487 1552 et

1416 1566 1497 1603 eius
1517 1566 1622 1615 quod
1636 1566 1842 1615 percipitur
1861 1566 1899 1603 in
1918 1567 2120 1615 praesenti,
2137 1567 2278 1605 scilicet
2296 1568 2437 1617 gratiae
2455 1573 2482 1605 ''-

1416 1619 1651 1669 Reprobatio
1680 1631 1774 1656 vero
1803 1632 1882 1657 non
1912 1627 1968 1657 est
1995 1632 2111 1657 causa
2140 1620 2220 1658 eius
2239 1621 2346 1671 quod
2371 1628 2428 1658 est
2446 1621 2485 1659 in

1414 1672 1620 1721 praesenti,
1656 1672 1796 1710 scilicet
1831 1674 1986 1722 culpae;
2016 1673 2086 1710 sed
2120 1681 2176 1710 est
2205 1686 2320 1712 causa
2353 1673 2486 1712 dereli-

1416 1726 1548 1763 ctionis
1568 1724 1580 1748 ⁰
1605 1739 1628 1763 a
1656 1726 1753 1763 Deo.
1775 1727 1844 1763 Est
1866 1733 1996 1764 tamen
2025 1739 2140 1763 causa
2160 1727 2240 1764 eius
2268 1728 2372 1776 quod
2400 1727 2485 1765 red-

1416 1779 1515 1817 ditur
1534 1779 1573 1816 in
1593 1780 1732 1825 futuro,
1749 1779 1890 1816 scilicet
1907 1791 2058 1828 poenae
2073 1787 2262 1817 aeternae.
2279 1781 2358 1818 Sed
2373 1781 2486 1830 culpa

1414 1833 1593 1882 provenit
1625 1845 1671 1869 ex
1705 1832 1826 1869 libero
1859 1832 2010 1870 arbitrio
2045 1832 2126 1869 eius
2162 1833 2227 1881 qui
2259 1834 2486 1883 reprobatur

1416 1893 1452 1923 et
1471 1898 1494 1923 a
1513 1886 1631 1934 gratia
1651 1885 1847 1923 deseritur.
1869 1886 1918 1922 Et
1937 1886 2151 1923 secundum
2171 1887 2249 1923 hoc
2265 1886 2486 1925 verificatur

1416 1939 1559 1976 dictum
1586 1939 1810 1988 prophetae,
1840 1938 1980 1976 scilicet
1998 1945 2024 1976 ‘z
2047 1939 2210 1987 perditio
2237 1945 2302 1977 tua
2309 1968 2320 1986 ,
2350 1939 2484 1987 Israel,

1415 2004 1465 2029 ex
1488 1998 1533 2029 te.

1468 2047 1527 2082 An
1563 2056 1724 2082 ‘marium
1752 2051 1766 2066 ¹
1794 2056 1978 2082 morannum
2015 2045 2122 2094 quod
2156 2045 2374 2094 reprobatio
2411 2045 2486 2083 Dei

1414 2111 1494 2136 non
1513 2098 1698 2135 subtrahit
1717 2097 1859 2148 aliquid
1879 2098 1927 2135 de
1946 2098 2116 2147 potentia
2134 2098 2336 2148 reprobati.
2357 2098 2483 2148 Unde,

1415 2164 1504 2188 cum
1525 2151 1657 2188 dicitur
1688 2152 1794 2201 quod
1822 2152 2048 2201 reprobatus
2067 2164 2147 2189 non
2173 2159 2299 2202 potest
2323 2151 2484 2200 gratiam

1414 2204 1585 2254 adipisci,
1606 2217 1686 2242 non
1706 2211 1761 2241 est
1779 2205 1854 2241 hoc
1873 2204 2160 2253 intelligendum
2179 2205 2394 2243 secundum
2412 2204 2484 2243 im-

1414 2257 1701 2306 possibilitatem
1729 2257 1956 2305 absolutam,
1977 2258 2046 2295 sed
2065 2259 2279 2296 secundum
2307 2258 2483 2308 impossi-

1414 2310 1596 2347 bilitatem
1622 2309 1940 2347 conditionatam:
1968 2310 2062 2348 sicut
2090 2323 2205 2360 supra
2223 2311 2243 2333 '¹‘
2263 2311 2407 2348 dictum
2427 2318 2484 2349 est

1414 2364 1519 2413 quod
1546 2363 1872 2412 praedestinatum
1901 2375 2058 2400 necesse
2088 2372 2144 2401 est
2171 2364 2323 2411 salvari,
2353 2376 2484 2402 neces-

1414 2417 1520 2454 sitate
1549 2416 1818 2463 conditionata,
1841 2428 1939 2465 quae
1967 2429 2047 2454 non
2070 2417 2165 2454 tollit
2191 2417 2404 2454 libertatem
2423 2429 2480 2455 ar-

1413 2470 1522 2508 bitrii.
1545 2470 1669 2516 Unde,
1689 2469 1774 2506 licet
1793 2467 1805 2490 λ
1829 2469 1962 2518 aliquis
1981 2482 2061 2507 non
2079 2471 2198 2520 possit
2222 2469 2382 2519 gratiam
2402 2470 2479 2508 adi-

1413 2523 1509 2573 pisci
1529 2523 1593 2572 qui
1622 2523 1849 2571 reprobatur
1873 2535 1896 2560 a
1924 2523 2028 2571 Deo,
2057 2531 2189 2561 tamen
2207 2524 2314 2573 quod
2341 2523 2381 2562 in
2406 2524 2483 2561 hoe

1413 2584 1614 2626 peccatum
1647 2577 1709 2613 vel
1738 2576 1831 2613 illud
1859 2577 2022 2624 labatur,
2053 2589 2097 2613 ex
2128 2577 2207 2614 eius
2236 2577 2354 2613 libero
2384 2576 2484 2615 arbi-

1412 2630 1482 2667 trio
1513 2629 1703 2677 contingit.
1734 2629 1845 2667 Unde
1875 2637 1912 2666 et
1940 2629 2076 2667 merito
2105 2629 2176 2667 sibi
2208 2629 2418 2679 imputatur
2443 2629 2483 2668 in

1414 2683 1578 2732 culpam.

1412 2797 1483 2822 natis
1500 2797 1599 2838 scilicet
1613 2798 1718 2830 gloriae
1741 2798 1781 2821 ed.
1796 2805 1822 2821 a.
1842 2798 1909 2821 Ante
1926 2796 2138 2829 praedestinatis
2155 2797 2257 2823 codices
2279 2803 2305 2823 et
2323 2798 2364 2823 ed.
2377 2798 2392 2823 b
2405 2779 2453 2831 pro
2465 2805 2483 2824 a

1411 2833 1500 2900 legqsst
1508 2840 1555 2893 gd
1573 2871 1612 2893 est
1630 2875 1711 2893 causa
1730 2867 1919 2893 derelictionis.
1937 2881 1957 2887 -
1974 2867 2022 2892 sed
2040 2867 2119 2901 (quae
2137 2867 2183 2900 sn)
2201 2871 2242 2894 est
2254 2875 2337 2894 causa
2356 2868 2482 2902 desectio-

1412 2903 1454 2928 nis
1472 2904 1501 2944 B,
1520 2903 1568 2945 sed
1586 2906 1625 2928 est
1643 2903 1742 2929 scilicet
1756 2903 1917 2936 permissiva
1936 2910 2017 2929 causa
2033 2903 2218 2929 declinationis
2236 2903 2268 2932 Ι),
2287 2904 2336 2929 sed
2347 2906 2388 2930 est
2399 2911 2482 2930 cauca

1412 2938 1616 3007 deregtcgggigi':
1629 2987 1649 2993 —
1667 2974 1728 2998 Om.
1747 2973 1858 2998 codices.
1876 2987 1895 2994 ·-
1913 2981 1950 2999 ex
1969 2977 1995 2999 te
2012 2981 2070 2999 om:
2080 2973 2260 2999 BCDEFGab.

1466 3010 1491 3042 κ)
1510 3009 1554 3034 Ad
1573 3010 1691 3035 tertium.
1707 3023 1728 3029 —
1750 3009 1794 3034 Vel
1811 3009 1892 3034 aliter
1910 3009 1942 3034 G.

1466 3043 1494 3077 λ)
1518 3045 1607 3075 Unde,
1627 3045 1695 3070 licet.
1713 3057 1733 3064 —-
1750 3045 1793 3069 Ad
1816 3045 1925 3069 tertium
1946 3044 2086 3070 dicendum
2109 3044 2182 3077 quod
2200 3044 2261 3070 licet
2285 3044 2324 3076 G;
2343 3044 2413 3070 idem
2432 3052 2480 3078 pro

1413 3080 1460 3113 qui
1478 3080 1646 3112 reprobatur,
1667 3080 1824 3112 reprobatus
1831 3088 1839 3109 ,·
1863 3080 1944 3111 Unde,
1964 3080 2066 3106 licet...
2084 3080 2190 3112 culpam
2210 3087 2263 3105 om.
2282 3080 2401 3114 ADEpB.

969 3170 1302 3203 Commentario.
1323 3168 1576 3202 Oardjnalis
1597 3168 1799 3202 Caietam

319 3268 338 3288 N
361 3257 472 3294 titulo,
504 3257 678 3298 reprobare
705 3257 737 3288 in
763 3257 927 3288 communi
959 3257 1114 3298 significat
1140 3257 1357 3300 repulsionem

292 3270 452 3332 Ialicuius
475 3308 628 3343 tanquam
651 3301 790 3342 indigni:
816 3301 847 3331 in
868 3302 1036 3342 proposito
1054 3309 1172 3340 autem,
1189 3302 1357 3343 indignitas

288 3346 346 3376 ista
365 3346 534 3377 attenditur
553 3353 695 3386 respectu
715 3346 796 3376 vitae
815 3353 971 3376 aeternae.

347 3390 383 3421 11.
409 3390 443 3420 In
468 3400 601 3430 corpore
625 3390 690 3421 duo
715 3389 802 3421 facit:
829 3390 944 3430 primo,
963 3391 1136 3430 respondet
1151 3390 1295 3432 quaesito
1311 3389 1357 3420 af-

289 3433 451 3470 firmative,
473 3434 712 3465 determinando
736 3434 957 3475 quaestionem
981 3445 1024 3464 an
1042 3441 1087 3466 est
1093 3445 1107 3473 ;
1132 3435 1282 3471 secundo,
1298 3433 1355 3464 ibi:

289 3478 342 3508 Sic
366 3479 477 3518 igitur,
495 3478 682 3509 determinat
704 3478 925 3519 quaestionem
949 3479 1027 3519 quid
1043 3485 1089 3510 est
1105 3479 1130 3510 *.
1157 3479 1198 3510 Et
1212 3477 1357 3520 quamvis

288 3522 348 3552 hoc
367 3531 431 3551 non
447 3522 539 3552 fuerit
555 3523 668 3553 directe
685 3523 874 3563 quaesitum,
901 3523 976 3564 quia
998 3530 1104 3554 tamen
1120 3523 1248 3564 propria
1264 3532 1357 3553 causa

288 3575 330 3596 an
346 3571 450 3596 estest
473 3566 549 3606 quid
563 3572 619 3603 est,
639 3574 675 3597 ut
697 3567 730 3597 in
755 3567 780 3597 ll
798 3567 918 3598 Poster.
930 3566 947 3587 *
963 3567 1088 3604 dicitur,
1106 3567 1219 3598 merito
1235 3573 1356 3598 utrum-

289 3620 351 3650 que
377 3609 472 3640 simul
497 3610 730 3642 determinatur.

1471 3257 1524 3288 111.
1549 3257 1666 3294 Quoad
1683 3258 1845 3298 primum,
1871 3264 1917 3289 est
1939 3257 2016 3288 haec
2040 3257 2221 3288 conclusio:
2246 3258 2332 3289 Deus
2356 3258 2481 3300 aliquos

1413 3302 1569 3342 reprobat.
1585 3319 1605 3324 -
1621 3302 1785 3333 Probatur.
1810 3302 1860 3333 Ad
1884 3301 2116 3342 providentiam
2144 3301 2279 3342 pertinet
2301 3302 2480 3343 permittere

1413 3345 1552 3386 aliquem
1581 3346 1740 3376 defectum
1763 3346 1794 3376 in
1819 3346 1911 3377 rebus
1935 3345 1979 3376 illi
2008 3345 2177 3376 subiectis:
2211 3356 2284 3386 ergo
2313 3347 2352 3377 ad
2376 3345 2481 3387 provi-

1413 3390 1552 3420 dentiam
1569 3390 1709 3420 divinam
1732 3390 1867 3430 pertinet
1890 3389 2069 3430 permittere
2093 3389 2218 3431 aliquos
2237 3400 2255 3420 a
2270 3389 2334 3422 vita
2356 3397 2480 3422 aeterna

1413 3433 1557 3464 deficere:
1582 3444 1657 3474 ergo
1681 3434 1806 3475 aliquos
1829 3434 2005 3473 reprobare.

1468 3478 1665 3509 Antecedens
1682 3485 1766 3518 patet
1782 3488 1818 3508 ex
1835 3476 1934 3508 dictis.
1951 3477 2056 3507 Prima
2072 3487 2147 3508 vero
2165 3478 2390 3519 consequentia
2405 3487 2479 3518 pro-

1412 3522 1518 3552 batur:
1544 3522 1618 3562 quia
1633 3522 1672 3552 ad
1689 3521 1828 3552 divinam
1849 3521 2082 3561 providentiam
2106 3521 2404 3563 pertinetordinare
2419 3521 2478 3552 ho-

1412 3565 1512 3596 mines
1536 3565 1569 3595 in
1591 3566 1689 3596 vitam
1713 3573 1880 3597 aeternam.
1907 3565 2051 3597 Secunda
2070 3573 2191 3597 autem:
2216 3565 2291 3608 quia
2314 3565 2376 3597 hoc
2399 3565 2479 3597 nihil

1411 3609 1497 3640 aliud
1521 3616 1567 3640 est
1589 3620 1687 3650 quam
1710 3610 1886 3649 reprobare.

2510 2318 2726 2368 ippum-8,
