2768 4178
979 239 1245 285 QUAESTIO
1275 241 1415 288 XLIX,
1444 241 1739 278 ARTICULUS
1770 242 1802 278 II
2405 242 2475 279 501

1064 400 1380 443 ARTICULUS
1410 401 1709 444 SECUNDUS

711 500 867 531 UTRUM
891 501 1080 531 SUMMUM
1103 501 1271 537 BONUM,
1297 502 1419 539 QUOD
1443 503 1523 533 EST
1547 503 1672 540 DEUS,
1698 504 1764 534 SIT
1788 504 1929 535 CAUSA
1951 505 2057 535 MALI

369 580 460 612 Supra,
480 586 525 611 qu.
543 585 629 607 mm,
649 583 696 602 art.
716 577 732 602 6
739 587 746 609 ;
766 579 787 603 11
807 578 890 608 Sem„
911 579 970 604 dist.
989 587 1064 610 mn,
1085 587 1129 611 qu.
1148 587 1175 608 η,
1195 585 1240 604 art.
1265 588 1272 604 ι
1283 587 1290 610 ;
1310 580 1367 605 dist.
1386 589 1468 611 xxm,
1488 586 1534 606 art.
1555 581 1582 611 33
1603 582 1660 607 dist.
1679 590 1770 614 mvn,
1789 591 1834 616 qu.
1853 590 1890 612 ιιι,
1910 588 1956 608 art.
1980 591 2006 614 13
2026 584 2045 608 11
2068 584 2144 609 Cont.
2166 585 2252 614 cent„
2271 593 2326 618 cap.
2341 593 2395 616 ως

478 614 518 643 ΙΙΙ,
539 621 595 646 cap.
610 621 679 645 Lm3
701 614 742 638 De
760 614 845 643 Malo,
865 622 909 646 qu.
924 621 942 644 1,
961 619 1007 638 art.
1024 613 1053 645 55
1077 614 1219 646 compend.
1243 615 1339 645 neol„
1359 623 1415 648 cap.
1429 623 1500 646 ειυς
1519 617 1545 641 in
1565 617 1647 647 Ioan„
1668 625 1722 650 cap.
1735 625 1768 647 rx,
1787 619 1845 643 lect.
1860 626 1881 650 1;
1901 619 1937 644 ad
1955 619 2041 649 Rom„
2062 627 2117 652 cap.
2131 627 2148 650 1,
2168 620 2226 645 lect.
2239 620 2282 645 vit.

410 740 414 747 Χ
440 729 450 737 s
474 723 480 733 ι
505 714 527 739 r>
548 714 739 739 SECUNDUM
754 714 807 739 sm
823 714 1063 739 PRocssmrun.
1080 702 1240 740 Videtur
1254 704 1359 752 quod

438 753 701 800 ‚frsummum
740 756 908 802 bonum,
940 756 1045 804 quod
1074 763 1129 793 est
1162 757 1286 803 Deus,
1316 757 1359 793 sit

75 816 173 839 Vnt-⁶
196 823 210 844 7
449 812 471 855 ἦ
506 820 620 844 causa
653 808 754 845 mali.
794 808 940 845 Dicitur
973 809 1074 845 enim
1108 809 1191 845 lsai.
1221 821 1292 845 xtv
1316 808 1357 845 *τ

459 851 590 911 ΧΕὲο
619 862 826 908 Dominus,
857 867 892 898 et
918 874 992 898 non
1031 868 1086 899 est
1115 862 1211 898 alter
1237 863 1356 909 Deus,

284 914 463 962 formans
482 914 602 951 lucem
631 921 668 951 et
693 927 827 951 creans
850 916 1032 961 tenebras,
1050 915 1204 963 faciens
1221 927 1357 962 pacem

47 971 143 994 ’ναι
157 971 182 994 ⁶·
291 971 327 1002 et
353 978 486 1003 creans
515 967 670 1004 malum.
705 969 754 1004 Et
781 970 904 1005 Amos
924 967 1014 1004 111*:
1049 968 1092 1004 Si
1117 968 1189 1017 erit
1214 968 1357 1004 malum

161 1027 176 1038 ³
291 1019 328 1056 in
357 1020 516 1067 civitate,
547 1021 649 1069 quod
673 1021 862 1058 Dominus
891 1033 965 1058 non
989 1021 1134 1068 fecerit.

346 1084 380 1110 2.
402 1074 636 1121 PRAETEREA,
658 1074 816 1111 effectus
837 1086 973 1110 causae
994 1073 1186 1111 secundae
1211 1073 1357 1110 reduci-

289 1131 350 1162 tur
378 1126 416 1163 in
446 1134 601 1163 causam
630 1127 807 1176 primam.
837 1128 991 1163 Bonum
1020 1134 1148 1163 autern
1170 1134 1225 1163 est
1245 1139 1358 1163 causa

48 1183 60 1196 ·
72 1183 125 1207 ΑΒ·
139 1183 247 1212 ”meed-
290 1179 392 1226 mali,
407 1187 449 1216 ut
465 1179 607 1216 dictum
628 1187 683 1216 est
695 1180 726 1217 ²¹².
749 1181 850 1216 Cum
869 1179 977 1228 igitur
991 1180 1117 1216 omnis
1137 1179 1228 1216 boni
1245 1192 1358 1216 causa

44 1232 261 1288 {fflffl’nf‘issssf
290 1231 336 1269 sit
363 1233 481 1280 Deus,
502 1240 544 1270 ut
563 1245 678 1282 supra
696 1232 716 1254 *
745 1240 942 1270 ostensum
963 1240 1029 1280 est,
1055 1232 1225 1280 sequitur
1253 1233 1358 1281 quod

289 1285 403 1322 etiarn
429 1292 550 1322 'omne
579 1287 724 1322 malum
753 1286 800 1322 sit
827 1299 849 1323 a
877 1287 975 1322 Deo.

45 1337 133 1388 ἐξ
142 1342 261 1387 πεζῇ-ές·
345 1339 379 1375 3.
399 1339 633 1386 PRAETEREA,
656 1339 751 1375 sicut
775 1339 910 1376 dicitur
927 1338 967 1375 in
987 1339 1018 1375 ΙΙ
1038 1338 1187 1386 Physic.
1203 1337 1235 1384 ²⁸,
1255 1337 1358 1375 idem

289 1399 346 1429 est
373 1404 488 1429 causa
517 1392 644 1429 salutis
672 1392 794 1439 navis,
816 1399 852 1428 et
870 1391 1038 1441 periculi.
1071 1391 1147 1428 Sed
1167 1392 1273 1428 Deus
1303 1399 1359 1428 est

289 1457 405 1482 causa
424 1445 552 1482 salutis
571 1445 747 1482 omnium
769 1458 908 1482 rerum.
935 1445 1038 1492 Ergo
1060 1452 1116 1482 est
1134 1443 1214 1493 ipse
1245 1456 1358 1481 causa

89 1539 98 1545 ..
289 1498 415 1535 omnis
442 1498 666 1547 perditionis
695 1506 731 1534 et
758 1498 860 1535 mali.

48 1540 138 1561 '⁸''‘''''
158 1550 161 1554 ’
182 1546 195 1553 ”
223 1599 226 1601 -
342 1552 418 1588 SED
447 1563 594 1588 CONTRA
616 1563 683 1587 EST
702 1551 809 1599 quod
829 1550 917 1588 dicit
935 1550 1182 1599 Augustinus,
1202 1549 1241 1586 in
1261 1549 1356 1586 libro

73 1602 184 1654 0⁸2&
293 1604 492 1654 Octoginta
529 1604 643 1640 trium
677 1604 825 1646 Quaest.
846 1604 886 1651 ²¹⁸,
917 1604 1023 1652 quod
1059 1605 1165 1641 Deus
1203 1615 1276 1640 non
1306 1609 1360 1640 est

45 1670 206 1695 ἡ
228 1675 241 1686 0
287 1663 422 1694 auctor
440 1657 544 1704 mali,
565 1657 654 1706 quia
674 1669 749 1694 non
779 1663 833 1694 est
860 1669 976 1694 causa
1005 1657 1180 1694 tendendi
1204 1657 1256 1693 ad
1282 1669 1356 1693 non

286 1722 376 1748 esse.

69 1761 122 1785 Μ·
137 1761 245 1791 Μ·
341 1765 568 1801 ΒΕεΡοΝοΕο
584 1775 769 1801 DICENDUM
785 1762 902 1812 quod,
919 1762 1015 1799 sicut
1029 1774 1075 1799 ex
1092 1762 1198 1799 dictis
1208 1761 1228 1784 '¹‘
1242 1769 1355 1811 patet,

287 1817 433 1854 malum
453 1817 560 1865 quod
587 1817 626 1854 in
656 1817 805 1854 defectu
825 1815 984 1853 actionis
1005 1815 1183 1862 consistit,
1205 1827 1357 1864 semper

57 1911 65 1917 ..
112 1911 114 1915 ,
282 1866 464 1907 'causatur
484 1881 528 1906 ex
549 1870 700 1907 defectu
719 1869 875 1917 agentis.
906 1870 949 1905 In
974 1869 1060 1906 Deo
1082 1875 1212 1905 autern
1231 1869 1356 1904 nullus

45 1917 119 1956 ‘0¹⁴¹‘-
133 1922 250 1967 *pm-¹·
288 1922 458 1960 defectus
492 1929 567 1970 est,
602 1923 669 1960 sed
703 1934 856 1960 summa
892 1921 1096 1971 perfectio,
1134 1929 1176 1958 ut
1204 1921 1357 1970 supra*

142 1974 144 1978 ’
188 1971 189 1974 “
207 1974 209 1976 ’
287 1983 484 2014 ostensum
506 1984 573 2013 est.
594 1977 706 2013 Unde
726 1976 872 2013 malum
893 1975 995 2023 quod
1016 1974 1054 2011 in
1074 1974 1223 2011 defectu
1243 1974 1357 2011 actio-

286 2029 345 2067 nis
365 2028 545 2076 consistit,
565 2030 628 2066 vel
653 2029 758 2078 quod
783 2041 828 2066 ex
849 2028 997 2065 delectu
1017 2028 1160 2076 agentis
1180 2033 1197 2048 ‘³‘
1226 2040 1356 2064 causaz

286 2090 363 2130 tur,
393 2095 471 2120 non
502 2082 694 2119 reducitur
722 2082 759 2119 in
788 2083 916 2118 Deum
945 2081 1041 2117 sicut
1066 2081 1105 2118 in
1134 2093 1300 2118 causam.

342 2136 419 2173 Sed
447 2136 593 2172 malum
617 2135 721 2185 quod
741 2135 779 2172 in
805 2134 1047 2183 corruptione
1068 2146 1196 2170 rerum
1217 2134 1357 2183 aliqua-

287 2200 373 2226 rum
393 2188 572 2235 consistit,
598 2188 789 2226 reducitur
808 2188 847 2224 in
867 2189 996 2225 Deum
1016 2187 1110 2224 sicut
1129 2187 1166 2223 in
1188 2199 1354 2223 causam.

286 2243 337 2279 Et
362 2242 438 2280 hoc
466 2249 569 2290 patet
596 2249 674 2278 tam
704 2241 742 2278 in
771 2240 1004 2278 naturalibus
1029 2252 1144 2289 quam
1164 2240 1202 2276 in
1220 2241 1357 2276 volun-

0 2301 2 2314 ⁵
43 2303 244 2332 Ἀπ’ντιοοοᾱ-
285 2295 398 2332 tariis.
429 2295 583 2332 Dictum
605 2302 662 2331 est
685 2291 786 2331 enirn
805 2294 827 2316 '¹‘
854 2293 959 2342 quod
979 2293 1135 2342 aliquod
1155 2305 1281 2340 agens,
1302 2292 1356 2328 in-

142 2349 158 2384 fl
286 2355 474 2398 quantum
502 2361 572 2385 sua
599 2348 737 2385 virtute
765 2346 943 2396 producit
970 2347 1135 2394 aliquam
1151 2344 1169 2374 β
1194 2344 1356 2382 formam

186 2406 197 2412 '
287 2401 337 2439 ad
365 2414 483 2451 quam
512 2401 682 2450 sequitur
718 2400 910 2449 corruptio
941 2407 977 2436 et
1011 2400 1199 2445 defectus,
1231 2406 1359 2435 causat

287 2467 356 2492 sua
382 2455 522 2492 virtute
550 2454 653 2491 illam
674 2453 959 2502 corruptionem
981 2460 1016 2489 et
1040 2452 1244 2490 defectum.
1275 2453 1358 2488 Ma-

0 2516 6 2534 -‘
147 2543 150 2545 .
287 2508 467 2545 nifestum
498 2515 554 2544 est
581 2514 710 2544 autem
737 2506 843 2555 quod
873 2506 998 2543 forma
1026 2518 1143 2555 quam
1171 2504 1358 2554 principa-

46 1603 59 1615 Ω

48 1644 116 1663 :rm-

45 1762 57 1774 1

0 1251 3 1298 ξ

0 1304 4 1341 ἓ

0 1348 14 1411 i*

0 1445 9 1582 ἐ

0 1584 8 1719 l

0 1722 13 1760 Ξ,

341 2622 368 2655 α)
387 2622 501 2655 agentis.
519 2635 538 2641 -
555 2621 669 2646 actionis
688 2620 834 2645 ABCDEG.

341 2656 366 2691 β)
385 2658 512 2690 aliquam.
530 2671 549 2676 —
567 2657 703 2690 quandam
716 2656 819 2680 codices
839 2660 864 2680 et
881 2655 932 2680 ab.
950 2669 970 2675 -
987 2656 1051 2680 Post
1069 2655 1187 2683 defectus
1200 2655 1221 2679 Β
1235 2655 1305 2679 addit
1317 2655 1355 2679 a!-

289 2693 372 2719 terius
384 2694 510 2731 formae,-
529 2697 554 2717 et
573 2697 634 2725 post
653 2692 794 2725 defectum,
809 2698 862 2724 per
880 2691 1012 2716 accidens

1412 704 1494 741 liter
1522 706 1628 742 Deus
1664 705 1822 743 intendit
1849 706 1887 744 in
1920 708 2032 744 rebus
2062 708 2213 755 creatis,
2243 716 2299 746 est
2326 709 2471 746 bonum

1413 757 1554 794 ordinis
1573 758 1751 796 universi.
1779 760 1885 796 Ordo
1915 768 2042 797 autem
2063 761 2229 798 universi
2249 762 2411 811 requirit,
2432 770 2472 799 ut

1412 822 1526 858 supra
1541 810 1561 832 ²¹²
1580 811 1721 848 dictum
1743 819 1808 858 est,
1831 814 1934 861 quod
1954 813 2144 861 quaedam
2165 814 2237 851 sint
2255 827 2352 863 quae
2378 816 2471 852 defi-

1413 875 1496 899 cere
1516 864 1672 911 possint,
1703 872 1740 900 et
1767 864 1956 902 interdum
1978 866 2165 904 deficiant.
2195 868 2244 904 Et
2273 867 2325 904 sic
2353 869 2469 915 Deus,

1411 914 1449 951 in
1478 917 1590 952 rebus
1619 918 1810 954 causando
1840 919 1985 955 bonum
2014 919 2155 956 ordinis
2183 920 2350 957 universi
2369 925 2394 967 ⁷,
2425 934 2470 957 ex

1413 969 1669 1017 consequenti,
1693 978 1728 1006 et
1752 971 1858 1018 quasi
1886 984 1954 1020 per
1979 972 2166 1020 accidens,
2188 981 2316 1010 causat
2344 986 2470 1010 corru-

1411 1021 1559 1069 ptiones
1588 1034 1742 1068 rerum3
1778 1025 1989 1061 secundum
2026 1025 2117 1062 illud
2154 1027 2258 1074 quod
2296 1026 2468 1063 diciturI

1411 1075 1508 1123 Reg.
1530 1087 1553 1111 11
1577 1074 1616 1111 *ε
1650 1076 1837 1113 Dominus
1873 1078 2075 1125 mortificat
2109 1084 2144 1115 et
2177 1079 2352 1126 vivificat.
2393 1081 2469 1117 Sed

1412 1127 1516 1175 quod
1554 1127 1688 1164 dicitur
1720 1130 1807 1177 Sap.
1829 1142 1838 1166 1
1858 1129 1896 1177 ²¹⁶,
1927 1131 2032 1179 quod
2065 1132 2169 1168 Deus
2201 1138 2358 1168 mortem
2394 1145 2468 1170 non

1399 1180 1507 1227 fecit,
1537 1180 1748 1228 intelligitur
1776 1183 1884 1230 quasi
1903 1195 1976 1231 per
2002 1195 2041 1220 se
2068 1184 2256 1222 intentam.
2277 1206 2301 1212 -
2321 1186 2381 1222 Ad
2410 1198 2468 1222 or-

1412 1232 1540 1269 dinem
1562 1240 1689 1270 autem
1717 1234 1885 1271 universi
1903 1235 2062 1284 pertinet
2081 1236 2192 1273 etiam
2213 1235 2227 1258 ὃ
2255 1238 2349 1274 ordo
2368 1238 2469 1275 iusti-⁴

1411 1284 1496 1332 tiae,
1518 1285 1583 1332 qui
1603 1286 1757 1334 requirit
1784 1295 1825 1324 ut
1852 1289 2114 1335 peccatoribus
2134 1303 2258 1338 poena
2277 1290 2466 1329 inferatur.

1413 1338 1461 1374 Et
1486 1338 1699 1375 secundum
1728 1340 1814 1386 hoc,
1835 1341 1939 1378 Deus
1960 1349 2015 1378 est
2034 1350 2164 1379 auctor
2182 1343 2271 1379 mali
2290 1344 2395 1392 quod
2415 1351 2469 1381 est

1410 1403 1558 1439 poena:
1587 1403 1666 1428 non
1694 1400 1822 1429 autem
1842 1394 1932 1430 mali
1952 1395 2055 1443 quod
2075 1403 2130 1432 est
2149 1397 2258 1444 culpa
2272 1396 2303 1444 ²¹²,
2325 1397 2467 1434 ratione

1411 1456 1527 1492 supra
1544 1443 1565 1465 ‘¹‘
1593 1444 1701 1481 dicta.

1464 1499 1523 1533 AD
1561 1509 1698 1534 Palmum
1735 1510 1833 1536 ERGO
1871 1511 2053 1537 DICENDUM
2091 1502 2194 1550 quod
2231 1502 2467 1540 auctoritates

1411 1550 1495 1586 illae
1524 1550 1731 1598 loquuntur
1759 1552 1805 1588 de
1834 1553 1936 1589 malo
1964 1565 2130 1602 poenae,
2158 1566 2236 1591 non
2265 1563 2391 1592 autem
2421 1556 2467 1592 de

1413 1603 1515 1640 malo
1545 1604 1689 1651 culpae.

1465 1657 1523 1692 AD
1557 1668 1747 1693 SECUNDUM
1784 1669 1967 1695 D1CENDUM
2002 1659 2105 1706 quod
2144 1659 2298 1696 effectus
2333 1673 2466 1697 causae

1411 1709 1601 1747 secundae
1622 1709 1829 1746 deficientis
1858 1710 2047 1748 reducitur
2065 1711 2103 1748 in
2123 1724 2276 1749 causam
2304 1714 2466 1761 primam

1411 1774 1490 1798 non
1519 1762 1771 1810 deficientem,
1793 1771 1977 1812 quantum
1997 1764 2046 1801 ad
2065 1764 2103 1801 id
2123 1765 2228 1813 quod
2246 1766 2360 1802 habet
2379 1767 2467 1803 enti-

1410 1815 1494 1851 tatis
1523 1822 1559 1851 et
1584 1815 1846 1864 perfectionis:
1876 1829 1954 1854 non
1983 1824 2110 1854 autem
2142 1826 2326 1865 quantum
2354 1820 2402 1856 ad
2429 1819 2468 1856 id

1411 1868 1518 1918 quod
1536 1868 1652 1905 habet
1666 1868 1714 1905 de
1734 1868 1884 1906 defectu
1898 1875 1919 1906 ‘.
1943 1869 2047 1907 Sicut
2066 1870 2249 1919 quidquid
2269 1879 2324 1908 est
2343 1880 2467 1909 motus

1410 1921 1448 1957 in
1479 1921 1765 1968 claudicatione,
1796 1929 1970 1959 causatur
1998 1935 2020 1959 a
2047 1923 2183 1960 virtute
2212 1924 2372 1971 motiva;
2402 1925 2467 1963 sed

1411 1974 1515 2022 quod
1548 1982 1603 2011 est
1640 1974 1867 2023 obliquitatis
1904 1975 1942 2012 in
1977 1988 2042 2023 ea,
2072 1989 2150 2013 non
2180 1984 2234 2013 est
2263 1989 2306 2013 ex
2333 1978 2467 2015 virtute

1411 2027 1568 2074 motiva,
1590 2027 1658 2064 sed
1678 2040 1723 2064 ex
1743 2027 1924 2065 curvitate
1954 2029 2081 2066 cruris.
2111 2030 2160 2066 Et
2179 2030 2344 2067 similiter
2362 2031 2468 2078 quid-

1411 2080 1503 2128 quid
1523 2087 1578 2117 est
1606 2080 1766 2117 entitatis
1788 2088 1824 2117 et
1852 2081 2009 2118 actionis
2036 2082 2075 2119 in
2104 2082 2251 2120 actione
2279 2084 2389 2130 mala,
2411 2096 2468 2120 re-

1412 2133 1560 2170 ducitur
1588 2133 1626 2170 in
1654 2134 1782 2170 Deum
1810 2133 1905 2171 sicut
1923 2134 1962 2171 in
1992 2147 2167 2172 causam:
2197 2136 2263 2172 sed
2292 2136 2395 2184 quod
2416 2144 2469 2173 est

1410 2186 1461 2222 ibi
1489 2186 1669 2233 defectus,
1699 2199 1778 2223 non
1811 2194 1985 2224 causatur
2012 2200 2035 2224 a
2062 2189 2158 2236 Deo,
2188 2189 2256 2225 sed
2284 2202 2328 2225 ex
2357 2202 2470 2226 causa

1411 2239 1581 2276 secunda
1609 2239 1819 2276 deficiente.

1465 2294 1523 2328 AD
1561 2304 1720 2329 TERTmM
1757 2304 1940 2330 DICENDUM
1978 2293 2083 2342 quod
2116 2294 2327 2330 submersio
2362 2295 2469 2332 navis

1412 2345 1623 2381 attribuitur
1642 2352 1779 2382 nautae
1797 2353 1839 2382 ut
1859 2358 2006 2393 causae,
2028 2358 2072 2382 ex
2094 2359 2138 2382 eo
2168 2347 2271 2395 quod
2299 2360 2376 2383 non
2396 2347 2470 2395 agit

1412 2398 1517 2446 quod
1547 2398 1747 2446 requiritur
1766 2398 1814 2435 ad
1834 2399 1991 2435 salutem
2014 2399 2132 2436 navis.
2164 2399 2239 2436 Sed
2258 2401 2362 2436 Deus
2391 2413 2469 2437 non

1413 2450 1540 2487 deficit
1568 2452 1616 2487 ab
1646 2451 1793 2498 agendo
1832 2451 1934 2499 quod
1965 2459 2020 2488 est
2055 2452 2308 2489 necessarium
2335 2452 2383 2489 ad
2411 2465 2468 2490 sa-

1412 2505 1541 2540 lutem.
1571 2503 1683 2540 Unde
1711 2516 1789 2540 non
1818 2510 1874 2540 est
1901 2503 2030 2540 simile.

1463 2619 1490 2651 γ)
1510 2618 1633 2643 universi.
1650 2632 1670 2637 —
1688 2619 1750 2642 Om.
1769 2617 1908 2642 CDEFGa.

1464 2653 1488 2686 ὂ)
1503 2653 1623 2685 pertinet
1640 2653 1730 2678 etiam.
1748 2666 1767 2671 -
1780 2652 1899 2685 pertinet
1917 2652 1979 2678 Pab.

1463 2689 1485 2722 ε)
1505 2689 1538 2713 de
1555 2689 1667 2722 defectu.
1685 2702 1704 2707 —
1722 2688 1851 2721 defectum
1870 2689 1901 2713 D.

0 2748 6 2822 l
83 2814 118 2827 „⁴
971 2778 1305 2811 Commentafia
1327 2777 1577 2810 Cardinalis
1600 2776 1800 2808 Caietam

349 2880 458 2900 rrimus
483 2869 556 2900 satis
581 2879 617 2900 ex
633 2869 798 2909 praedictis
822 2875 917 2910 patet.
932 2886 952 2891 -
973 2868 1008 2898 In
1028 2877 1160 2908 corpore
1183 2867 1261 2898 duas
1286 2876 1360 2896 con-

255 2949 260 2953 „
290 2882 508 2946 Tclusiones
524 2913 722 2955 responsivas
746 2913 847 2954 ponit,
870 2913 957 2944 iuxta
973 2913 1039 2943 duo
1063 2922 1176 2952 genera
1199 2911 1359 2941 malorum

47 2962 261 2991 ‘Qu.x=.vm,m.
289 2959 434 2999 superius
449 2959 467 2978 *
490 2958 645 2989 distincta.

48 2995 70 3018 ⁵'
347 3003 457 3034 Prima
481 3010 543 3034 est:
567 3003 690 3033 Malum
705 3001 837 3033 actionis
852 3011 918 3032 non
935 3001 1095 3031 reducitur
1109 3000 1141 3030 in
1159 3000 1265 3030 Deum
1279 2999 1359 3029 sicut

289 3047 323 3078 in
347 3057 485 3078 causam.
500 3065 521 3070 —
538 3047 579 3077 Et
602 3047 754 3087 probatur
778 3046 830 3076 sic.
855 3046 979 3076 Malum
1002 3044 1132 3075 actionis
1155 3050 1299 3074 causatur
1322 3053 1359 3072 ex

291 3091 415 3122 defectu
439 3091 674 3131 agentiszvergo
698 3100 765 3121 non
793 3090 954 3120 reducitur
975 3089 1008 3119 in
1032 3089 1138 3119 Deum
1161 3094 1197 3118 ut
1220 3097 1356 3118 causam.

291 3136 332 3166 Et
355 3141 440 3166 tenet
470 3135 614 3175 sequela:
646 3135 722 3176 quia
748 3135 781 3165 in
813 3135 884 3164 Deo
908 3133 1015 3164 nunus
1047 3139 1093 3164 est
1123 3131 1278 3168 defectus,
1304 3131 1359 3161 sed

291 3189 419 3210 summa
438 3179 599 3219 perfectio.
1062 3189 1069 3194 ¹

347 3224 385 3254 11.
402 3223 550 3254 Secunda
573 3224 735 3254 conclusio
758 3229 822 3253 est:
847 3222 970 3253 Malum
989 3231 1095 3252 rerum
1117 3220 1296 3261 aliquarum
1311 3229 1359 3249 re-

291 3267 418 3298 ducitur
440 3267 473 3298 in
495 3267 603 3298 Deum
626 3267 707 3298 sicut
729 3267 762 3297 in
786 3276 923 3297 causam.
940 3284 962 3289 —
978 3266 1020 3296 Et
1042 3264 1273 3306 probaturhoc
1294 3270 1360 3293 tam

291 3311 326 3341 in
349 3311 544 3342 naturalibus
567 3321 666 3352 quam
688 3311 721 3341 in
744 3310 939 3341 voluntariis.

347 3356 390 3386 Et
411 3355 516 3395 primo
539 3355 573 3385 in
595 3355 800 3391 naturalibus,
823 3355 874 3385 sic.
895 3355 982 3385 Deus
1001 3352 1144 3389 intendit,
1163 3358 1200 3382 ut
1222 3352 1360 3382 formam

292 3399 505 3440 principaliter
518 3399 673 3430 intentam
695 3399 729 3429 in
751 3400 844 3430 rebus
869 3398 987 3434 creatis,
1005 3398 1128 3428 bonum
1148 3396 1266 3426 ordinis
1291 3395 1360 3426 uni-

292 3444 389 3480 versi,
419 3444 544 3483 exigens
574 3443 732 3484 quaedam
763 3443 933 3478 defectiva,
965 3449 995 3472 et
1017 3441 1179 3472 actualiter
1201 3441 1360 3471 interdum

294 3487 486 3518 deficientia:
512 3497 596 3527 ergo,
613 3487 772 3517 causando
795 3488 920 3517 bonum
936 3485 1055 3516 ordinis
1074 3484 1221 3521 universi,
1239 3494 1295 3525 per
1310 3494 1360 3513 ac-

296 3532 402 3562 cidens
426 3538 533 3562 causat
556 3531 640 3561 mala
662 3541 778 3562 rerum.
794 3549 815 3554 —
833 3530 1069 3571 Consequentia
1091 3530 1261 3569 probatur:
1286 3527 1361 3569 quia

294 3586 390 3616 agens
414 3585 470 3616 per
493 3585 525 3605 se
549 3576 728 3615 producens
745 3575 883 3606 formam
906 3575 946 3605 ad
969 3584 1067 3615 quam
1090 3573 1232 3614 sequitur
1252 3582 1359 3603 corru-

1414 2866 1480 2906 ptio
1501 2871 1531 2896 et
1555 2865 1702 2901 defectus,
1723 2870 1829 2895 causat
1843 2863 1930 2894 illam
1946 2863 2181 2904 corruptionem
2198 2870 2227 2894 et
2243 2863 2400 2894 defectum
2415 2874 2471 2904 per

1413 2910 1565 2940 accidens.
1590 2909 1631 2939 Et
1646 2908 1849 2939 confirmatur
1864 2917 2059 2948 consequens
2075 2908 2259 2939 auctoritate
2275 2908 2469 2948 Scripturae;

1413 2961 1443 2984 et
1466 2953 1561 2983 simul
1585 2953 1758 2983 excluditur
1780 2952 1926 2983 instantia
1948 2952 2139 2982 auctoritatis
2158 2951 2333 2992 apparentis
2355 2952 2388 2982 in
2412 2962 2469 2991 op-

1412 2998 1562 3038 positum,
1578 2997 1660 3037 Sap.
1677 3007 1697 3026 1.

1467 3041 1588 3072 Deinde
1605 3051 1641 3071 ex
1658 3041 1772 3070 eodem
1791 3040 1897 3070 medio
1913 3040 2026 3079 probat
2041 3040 2074 3069 in
2092 3039 2285 3076 voluntariis,
2303 3039 2356 3070 sic.
2381 3039 2469 3070 Ordo

1413 3085 1549 3117 universi
1565 3085 1659 3124 exigit
1674 3084 1818 3114 ordinem
1833 3083 1967 3114 iustitiae
1983 3083 2144 3124 punitricis
2159 3090 2377 3124 peccatorum:
2395 3093 2469 3123 ergo

1413 3130 1534 3160 malum
1557 3138 1679 3169 poenae
1703 3135 1748 3158 est
1771 3128 1865 3158 etiam
1889 3138 1906 3158 a
1929 3128 2008 3158 Deo.

1469 3174 1521 3204 111.
1547 3173 1637 3204 Circa
1659 3173 1736 3203 haec
1759 3172 1894 3202 dubium
1917 3171 2066 3207 occurrit,
2091 3181 2131 3200 an
2154 3170 2255 3211 pn‘ma
2278 3170 2471 3201 conclusio*

1413 3217 1604 3257 intelligatur
1626 3216 1840 3246 universaliter
1862 3216 1901 3246 de
1924 3215 2013 3246 omni
2028 3214 2114 3245 malo
2131 3214 2271 3251 actionis,
2292 3225 2331 3245 an
2347 3222 2471 3246 tantum

1413 3263 1446 3292 in
1469 3260 1662 3292 voluntariis.
1694 3260 1727 3291 Si
1751 3260 1836 3290 enim
1863 3259 2045 3299 intelligitur
2072 3258 2300 3295 universaliter,
2324 3266 2400 3289 tunc
2423 3269 2471 3289 se-

1414 3306 1522 3347 quitur
1544 3305 1633 3346 quod
1657 3304 1842 3335 claudicatio
1871 3303 2005 3334 Socratis
2029 3313 2095 3333 non
2117 3302 2156 3333 sit
2179 3312 2197 3332 a
2220 3303 2303 3339 Deo,
2328 3302 2403 3343 quia
2426 3309 2472 3333 est

1414 3350 1535 3381 malurn
1558 3348 1698 3379 actionis.
1723 3348 1764 3378 Et
1787 3348 1812 3378 si
1835 3347 1896 3378 hoc
1919 3347 2121 3382 concedatur,
2146 3345 2308 3377 manifeste
2331 3346 2473 3387 sequitur

1414 3396 1519 3425 Deum
1535 3403 1601 3423 non
1618 3402 1684 3422 esse
1701 3399 1862 3422 auctorem
1885 3391 1958 3421 mali
1982 3399 2117 3431 poenae:
2142 3400 2216 3420 cum
2232 3390 2417 3420 claudicatio
2433 3390 2473 3420 sit

1415 3439 1453 3468 de
1469 3447 1603 3468 numero
1620 3446 1805 3476 poenarum.
1826 3436 1866 3466 Et
1881 3435 1968 3476 quod
1984 3435 2022 3464 de
2036 3434 2098 3464 hoc
2113 3433 2235 3470 dicitur,
2252 3434 2353 3464 simile
2367 3440 2473 3474 potest

1415 3481 1527 3512 adduci
1550 3481 1588 3511 de
1612 3480 1720 3510 ceteris
1744 3479 1915 3510 defectibus
1936 3478 2107 3514 actionum,
2127 3484 2204 3518 puta
2226 3477 2366 3516 visionis,
2383 3478 2472 3508 audi-

1414 3526 1518 3561 tionis,
1543 3531 1599 3555 etc.
1624 3524 1666 3554 Et
1689 3523 1732 3554 sic
1756 3523 1869 3564 periret
1892 3522 2087 3562 Scriptorum
2110 3521 2297 3552 Sanctorum
2321 3521 2470 3558 doctrina,

1414 3570 1537 3601 tradens
1561 3569 1638 3598 haec
1661 3567 1770 3598 omnia
1785 3577 1851 3597 esse
1874 3577 1892 3597 a
1914 3567 1994 3603 Deo,
2010 3566 2061 3596 vel
2076 3566 2115 3596 ad
2138 3565 2348 3607 punitionem,
2367 3565 2418 3596 vel
2432 3564 2473 3595 ad

2498 819 2507 827 '¹
2517 818 2626 845 Qu.xxn‚
2635 823 2677 840 art.
2685 825 2707 846 2,

2497 844 2525 865 ad
2535 851 2547 866 2
2556 851 2561 871 ;
2577 851 2616 873 qu.
2626 851 2696 868 xum
2705 861 2712 873 ,

2497 874 2539 892 art.
2553 877 2574 893 2.

2594 925 2611 951 Υ

2499 1089 2508 1098 ”
2520 1086 2587 1109 Vers.
2603 1087 2626 1109 6.

2495 1145 2505 1154 '¹
2520 1143 2588 1167 Vers.
2602 1151 2630 1173 ¹3·

2592 1237 2606 1262 0}

2493 1405 2504 1416 ³
2518 1404 2548 1426 D.
2561 1410 2609 1433 503,
2624 1404 2696 1427 80612.

2494 1457 2503 1466 ·
2513 1456 2538 1477 In
2546 1456 2643 1485 princip.
2652 1463 2704 1479 cor-

2494 1483 2565 1510 poris.
2584 1483 2619 1505 Cf.
2635 1483 2704 1505 etiam

2494 1515 2531 1536 qu.
2538 1515 2618 1536 uviri,
2629 1514 2671 1531 art.
2681 1510 2704 1532 6.

2497 3180 2507 3190 '¹
2522 3180 2559 3202 Cf.
2571 3186 2635 3202 num.
2650 3186 2667 3201 ι.
