2768 4178
67 1616 79 1627 ¹·
93 1615 129 1637 cf.
143 1620 207 1636 num.
217 1620 267 1636 vm.

68 2768 80 2779 ⁴
95 2767 132 2789 cf.
147 2773 210 2790 num.
226 2774 247 2789 v.

142 3546 148 3552 .
155 3536 206 3552 xm.
213 3541 223 3547 -
231 3530 282 3552 Did.

158 3573 164 3584 ,
175 3563 225 3585 cap.
234 3563 284 3583 xm,

71 3530 139 3605 {23¹²

298 287 349 335 78

302 370 575 411 designationem:
601 375 631 399 et
653 369 742 409 quod
766 369 810 399 sic
833 379 929 400 omne
954 376 1110 410 quantum
1136 376 1182 399 est
1205 367 1376 404 divisibile,

304 421 334 445 et
357 413 517 454 quaelibet
540 423 611 453 pars
635 419 741 453 potest
764 423 831 444 esse
854 414 918 444 hoc
938 413 1069 454 aliquid,
1094 413 1272 444 secundum
1295 412 1377 443 desi-

303 458 498 498 gnationem.
523 458 563 488 Et
579 464 655 488 tunc
672 457 766 488 etiam
783 458 862 488 nihil
883 465 991 489 contra
1007 457 1212 498 propositum
1231 463 1379 487 nostrum

304 502 456 544 sequitur.
1037 521 1042 528 ·

359 547 412 578 XI.
430 547 482 577 Ad
498 543 642 587 primam
666 545 952 583 confirmationem,
978 553 1111 587 negatur
1130 545 1268 586 sequela.
1294 545 1378 583 Quia

305 592 447 632 aliquam
463 590 682 622 conditionem
704 590 835 632 requirit
854 591 957 622 forma
971 601 1072 632 aquae
1087 591 1121 621 in
1138 600 1202 631 per
1216 599 1252 620 se
1268 590 1378 630 primo

306 635 501 677 perfectibili,
526 645 626 676 quam
649 645 717 666 non
740 636 872 676 requirit
894 636 927 666 in
949 642 1037 676 parte
1060 635 1160 665 illius:
1186 644 1251 665 una
1270 640 1378 664 autem

306 680 420 711 harum
444 679 668 710 conditionum
691 686 738 711 est
760 687 847 711 tanta
866 680 1034 721 quantitas.
1060 680 1100 710 Et
1113 679 1218 710 simile
1236 685 1282 709 est
1297 678 1378 709 iudi-

306 725 392 756 cium
416 725 454 755 de
477 730 566 755 tanto
591 724 704 761 calore,
729 731 788 755 etc.

361 769 413 800 Ad
435 768 609 800 secundam
635 779 767 810 quoque
785 769 900 800 eodem
923 769 1023 800 modo
1040 768 1172 799 dicitur:
1198 767 1288 808 quod
1312 777 1378 797 non

307 813 422 845 sufficit
451 814 491 844 ad
514 822 609 854 posse
638 823 705 844 esse
732 813 936 844 individuum
964 813 1107 844 eiusdem
1130 812 1265 853 speciei,
1291 821 1378 842 com-

306 858 469 889 municare
485 858 518 888 in
537 864 664 894 natura;
690 858 745 888 sed
764 865 891 899 oportet
914 858 1084 898 adiungere
1109 856 1308 888 conditiones
1332 866 1378 886 re-

307 903 438 944 quisitas
455 903 494 933 ad
518 912 575 943 per
598 912 631 932 se
654 902 794 933 existere.
819 902 986 943 Quidquid
1010 902 1096 933 enim
1114 901 1209 932 habet
1232 907 1379 931 naturam

307 958 408 989 aquae
425 957 499 978 cum
516 946 752 978 conditionibus
775 946 956 977 necessariis
980 946 1020 977 ad
1044 957 1100 986 per
1119 956 1151 977 se
1168 946 1376 982 existendum,

307 999 413 1032 potest
436 1002 503 1022 esse
526 1001 628 1031 aquae
651 991 870 1027 individuum;
896 998 926 1022 et
949 1001 1015 1021 non
1039 991 1138 1022 aliter.

362 1037 413 1067 Ad
437 1036 580 1072 tertiam,
606 1042 738 1075 negatur
762 1035 997 1076 consequentia,
1023 1036 1132 1076 quoad
1155 1042 1258 1076 partes
1281 1035 1377 1066 inexi-

307 1088 422 1112 stentes
446 1087 580 1111 tantum.
941 1117 944 1120 Δ

364 1125 415 1156 Ad
438 1125 583 1155 ultimam
608 1123 722 1154 dicitur
745 1124 848 1165 quod,
874 1124 899 1154 si
924 1130 1097 1165 poneretur
1119 1125 1274 1156 minimus
1296 1124 1378 1166 ignis

306 1168 550 1203 tantummodo,
575 1174 606 1198 et
629 1167 833 1204 divideretur,
857 1169 948 1209 quod
972 1178 1039 1199 non
1062 1169 1171 1200 solum
1194 1179 1377 1211 corrumpe-

306 1221 402 1250 retur,
419 1213 475 1244 sed
493 1211 732 1249 annihilaretur;
757 1212 830 1244 licet
851 1220 919 1244 tam
942 1213 1129 1245 antecedens
1145 1223 1244 1255 quam
1268 1225 1378 1246 conse-

307 1268 409 1300 quens
428 1258 467 1289 sit
482 1256 689 1297 impossibile.
714 1257 780 1288 Nec
803 1264 931 1298 oportet
944 1267 1094 1299 quaerere
1113 1258 1199 1289 aliud
1214 1259 1378 1291 destructi-

307 1313 386 1334 vum
413 1312 512 1344 quam
541 1301 746 1332 divisionem:
777 1302 933 1342 quoniam
955 1302 1014 1333 etsi
1041 1303 1155 1334 divisio
1179 1310 1215 1334 ut
1244 1304 1288 1335 sic
1312 1314 1378 1335 non

308 1347 348 1379 sit
367 1346 557 1388 corruptiva,
575 1345 688 1376 divisio
711 1353 818 1378 tamen
834 1346 914 1383 talis,
935 1346 1052 1379 scilicet
1074 1347 1201 1379 minimi
1217 1349 1377 1385 naturalis,

308 1398 356 1423 est
384 1391 601 1422 universaliter
632 1391 829 1431 corruptiva;
862 1398 892 1422 et
914 1391 947 1421 in
980 1391 1034 1422 tali
1066 1402 1139 1423 casu
1164 1393 1376 1425 annihilativa.

307 1437 374 1468 Nec
398 1436 479 1477 ignis
501 1435 656 1466 minimus
679 1442 726 1466 est
745 1445 830 1466 unus
852 1435 887 1466 in
905 1442 977 1467 actu
998 1442 1030 1467 et
1051 1437 1144 1468 multi
1169 1437 1202 1468 in
1226 1439 1377 1478 potentia,

307 1481 368 1511 nisi
383 1491 423 1512 eo
439 1481 540 1511 modo
556 1490 623 1521 quo
642 1487 746 1520 partes
770 1480 919 1512 dicuntur
934 1490 1001 1511 esse
1020 1481 1053 1512 in
1074 1482 1216 1522 potentia
1238 1483 1271 1513 in
1289 1490 1376 1514 toto:

308 1525 384 1566 quia
406 1525 524 1556 scilicet
546 1531 621 1555 sunt
635 1535 692 1566 per
711 1534 787 1561 esse,
808 1534 875 1556 non
891 1525 1068 1566 proprium,
1086 1527 1142 1557 sed
1161 1527 1273 1564 totius;
1298 1528 1379 1559 sicut

309 1577 339 1601 et
361 1576 465 1610 partes
489 1569 565 1601 caeli
589 1576 663 1600 sunt
685 1569 719 1599 in
741 1576 811 1600 toto
835 1569 868 1600 in
892 1569 1044 1610 potentia.

364 1614 433 1645 XII.
456 1614 508 1644 Ad
531 1624 568 1644 ea
590 1624 666 1644 vero
690 1623 772 1654 quae
801 1620 910 1645 contra
937 1614 1114 1646 maximum
1141 1616 1336 1648 obiiciuntur
1350 1617 1376 1654 ³⁸,

308 1659 518 1700 respondetur
546 1658 637 1699 quod
667 1659 846 1689 maximum
877 1659 986 1700 ignem
1013 1659 1090 1691 dari
1112 1668 1217 1701 potest
1247 1662 1379 1703 intelligi

309 1703 489 1744 dupliciter:
514 1712 582 1733 uno
606 1703 716 1739 mod0‚
741 1703 907 1744 loquendo
931 1704 970 1735 de
994 1705 1160 1736 individuo
1175 1706 1257 1746 ignis
1267 1717 1331 1748 per
1344 1716 1379 1738 se

309 1758 394 1786 uno;
419 1747 481 1778 alio
497 1747 608 1784 modo,
626 1747 665 1778 de
684 1757 749 1778 uno
763 1749 856 1788 quasi
863 1758 928 1789 per
941 1751 1225 1792 aggregationem.
1250 1752 1291 1782 Et
1306 1752 1378 1783 dico

309 1793 399 1834 quod
414 1792 506 1823 datur
521 1801 559 1823 ex
572 1791 743 1823 intrinseco
767 1792 926 1824 maximus
951 1800 981 1824 et
1003 1794 1156 1826 minimus
1176 1795 1257 1836 ignis
1273 1796 1307 1826 in
1323 1806 1380 1837 per

309 1847 342 1868 se
358 1847 425 1868 uno
444 1836 624 1873 individuo;
649 1837 796 1878 quamvis
819 1847 885 1868 non
903 1838 994 1869 detur
1013 1839 1171 1871 maximus
1187 1851 1271 1871 unus
1286 1841 1377 1882 quasi

309 1892 366 1922 per
381 1881 647 1922 aggregationem,
667 1881 727 1912 nisi
744 1882 782 1912 ab
799 1882 973 1914 extrinseco
997 1881 1087 1925 (quia
1103 1884 1220 1916 scilicet
1242 1885 1379 1916 universi

310 1934 421 1957 natura
444 1936 510 1956 non
533 1926 651 1966 patitur
673 1926 780 1966 ignem
806 1936 954 1967 superare
978 1935 1079 1958 cetera
1103 1929 1268 1966 elementa,
1293 1928 1379 1972 etc.)-

309 1971 450 2002 Vocatur
466 1977 575 2001 autem
590 1970 672 2010 ignis
695 1969 899 2002 individuum
923 1981 979 2012 per
1001 1982 1035 2003 se
1059 1982 1171 2010 unum,
1196 1973 1275 2005 illud
1291 1974 1381 2016 quod

310 2021 434 2046 constat
457 2015 500 2045 sic
531 2025 568 2045 ex
597 2024 660 2045 una
691 2015 867 2046 necessario
897 2016 929 2046 in
961 2023 1032 2047 actu
1056 2024 1122 2048 tam
1151 2018 1255 2050 forma
1282 2029 1381 2060 quam

310 2059 449 2095 materia,
470 2059 560 2100 quod
583 2069 639 2099 per
662 2059 765 2090 solam
789 2059 978 2091 divisionem
1003 2071 1068 2092 non
1093 2070 1200 2102 posset
1223 2062 1290 2094 fieri
1314 2064 1380 2095 duo

309 2105 406 2145 ignes.
431 2104 498 2134 Nec
521 2104 582 2134 hoc
607 2103 750 2135 consistit
771 2104 805 2134 in
827 2104 1023 2136 indivisibili:
1048 2107 1104 2137 sed
1127 2114 1193 2138 tota
1211 2108 1347 2139 latitudo
1364 2119 1381 2139 a

310 2149 484 2192 quantitate
503 2148 637 2179 minima
660 2148 751 2188 ignis,
775 2149 816 2180 ad
840 2150 1050 2191 quantitatem
1073 2152 1214 2182 duorum
1231 2153 1381 2184 minimo-

310 2203 384 2224 rum
412 2193 568 2224 exclusive
582 2216 589 2229 ,
622 2192 786 2224 constituit
815 2204 872 2234 per
899 2204 932 2225 se
961 2204 1064 2226 unum
1094 2206 1230 2230 numero
1262 2197 1379 2237 ignem.

312 2237 479 2275 Quantitas
496 2243 605 2268 autem
619 2237 759 2268 duorum
774 2238 996 2275 minimorum,
1013 2246 1044 2270 et
1060 2240 1172 2277 maior,
1189 2240 1262 2273 facit
1278 2251 1382 2272 unum

311 2282 402 2323 quasi
426 2292 482 2322 per
510 2281 775 2322 aggregationem.
807 2283 849 2313 Et
870 2283 956 2314 idem
983 2290 1030 2314 est
1057 2284 1213 2316 iudicium
1237 2286 1276 2316 de
1299 2296 1382 2327 aqua

312 2333 343 2358 et
365 2326 434 2357 aliis
458 2326 630 2362 elementis,
648 2333 679 2357 et
701 2326 888 2358 huiusmodi
912 2327 1132 2368 homogeneis.
1147 2347 1168 2353 -
1186 2331 1263 2367 Nec,
1280 2340 1318 2361 ex
1333 2330 1382 2361 his

311 2378 430 2406 motus,
454 2370 609 2411 intelligas
628 2370 771 2411 plantam
794 2381 860 2402 non
884 2382 951 2403 esse
974 2383 1031 2413 per
1049 2383 1082 2404 se
1106 2383 1214 2411 unam,
1230 2385 1313 2416 quae
1336 2382 1383 2406 est

313 2425 377 2446 una
392 2415 424 2445 in
441 2422 512 2446 actu
529 2422 561 2446 et
574 2415 693 2446 multae
717 2415 751 2446 in
774 2416 933 2457 potentia:
957 2418 1114 2458 quoniam
1129 2426 1233 2459 partes
1256 2419 1382 2460 plantae

312 2460 477 2500 organicae
507 2467 597 2496 sunt,
628 2467 659 2491 et
682 2461 722 2491 ad
749 2461 1024 2502 complementum
1054 2464 1196 2494 naturale
1226 2464 1382 2495 individui

312 2505 389 2541 eius,
405 2504 574 2546 requiritur
597 2505 687 2545 quod
711 2504 824 2536 habeat
839 2515 953 2537 omnes
972 2514 1085 2547 partes,
1103 2514 1160 2539 etc.
1185 2509 1260 2539 Non
1276 2509 1320 2540 sic
1336 2516 1382 2540 est

312 2549 345 2579 in
369 2548 555 2580 huiusmodi
579 2548 798 2589 homogeneis,
824 2557 860 2581 ut
878 2557 973 2591 patet.
991 2569 1012 2574 —
1026 2552 1186 2592 Apposito
1202 2563 1278 2594 ergo
1294 2563 1381 2584 corn-

311 2593 451 2624 bustibili
466 2594 658 2635 cuicumque
677 2593 741 2634 igni
761 2601 835 2631 etc.‚
861 2596 1105 2627 concedendum
1128 2603 1175 2628 est
1189 2598 1278 2639 quod
1295 2608 1381 2629 com·

311 2638 446 2674 bureret,
471 2645 503 2669 et
524 2639 614 2679 quod
638 2645 787 2670 cresceret
810 2639 843 2669 in
866 2639 1044 2672 infinitum:
1070 2642 1125 2672 sed
1144 2652 1211 2673 non
1231 2650 1312 2674 esset
1326 2652 1383 2683 per

312 2692 345 2713 se
362 2692 445 2713 unus
465 2692 600 2714 numero
624 2682 714 2723 ignis.
732 2701 751 2706 -
767 2683 808 2714 Et
830 2683 873 2714 sic
893 2692 979 2725 patet
994 2685 1160 2726 responsio
1184 2687 1224 2718 ad
1247 2688 1380 2719 auctori-

312 2733 409 2758 tatem
432 2727 619 2758 Aristotelis.

368 2772 450 2803 XIII.
477 2771 568 2803 Circa
592 2772 815 2812 proban'onem
839 2774 995 2805 secundae
1019 2777 1266 2817 consequentiae
1276 2776 1303 2813 ¹⁸¹,
1329 2786 1381 2807 oc-

313 2816 408 2847 currit
429 2816 580 2847 dubium:
605 2817 682 2858 quia
705 2816 823 2848 falsum
846 2818 1026 2855 assumitur,
1043 2820 1161 2852 scilicet
1177 2821 1266 2862 quod
1282 2831 1381 2863 quan—

313 2861 383 2892 titas
407 2861 446 2891 sit
469 2870 573 2892 unum
601 2861 813 2893 accidentium
844 2864 1046 2903 sequentium
1074 2864 1213 2897 formam
1236 2866 1382 2897 substan-

311 2905 435 2941 tialem;
462 2915 537 2936 cum
561 2912 684 2937 constet
701 2906 910 2946 quantitatem
930 2918 996 2939 esse
1016 2909 1160 2941 accidens
1183 2920 1382 2952 consequens

312 2951 486 2982 materiam.
499 2967 528 2975 ›-
546 2951 613 2982 Nec
635 2950 719 2982 valet
741 2951 843 2982 dicere
866 2953 956 2992 quod
980 2954 1138 2993 quantitas
1167 2955 1383 2987 consideratur

312 2995 489 3036 dupliciter,
514 2994 632 3026 scilicet
655 2995 809 3031 absolute,
826 3002 856 3027 et
879 3003 915 3027 ut
931 2998 1112 3034 terminata;
1138 3006 1168 3030 et
1191 3000 1290 3041 quod,
1311 2999 1383 3031 licet

312 3040 456 3071 absolute
480 3039 519 3071 sit
543 3049 742 3080 consequens
766 3040 946 3077 materiam,
979 3042 1159 3074 terminatio
1183 3050 1290 3075 tamen
1314 3043 1382 3075 eius

312 3084 455 3125 sequitur
477 3083 625 3116 formam.
650 3085 738 3115 Haec
762 3084 866 3121 enim,
891 3085 962 3116 licet
986 3086 1047 3117 sint
1070 3097 1159 3124 vera,
1185 3098 1251 3119 non
1274 3095 1381 3119 tamen

312 3130 351 3160 ad
371 3129 584 3170 propositum.
610 3129 695 3167 Quia
716 3129 828 3165 littera,
854 3139 890 3160 ex
914 3130 976 3161 hoc
993 3132 1081 3172 quod
1097 3132 1256 3173 quantitas
1272 3142 1383 3164 conse-

312 3174 420 3214 quitur
436 3173 584 3210 sormam,
602 3173 704 3210 infert,
723 3183 802 3215 ergo
826 3179 873 3205 est
888 3176 1078 3207 terminata:
1103 3177 1198 3214 unde,
1215 3177 1240 3208 si
1259 3187 1381 3208 assum-

312 3225 405 3258 ptum
429 3226 509 3250 esset
532 3218 622 3260 quod
645 3218 804 3260 quantitas
827 3219 935 3259 quoad
960 3220 1383 3262 terminationem-sequitur

312 3262 464 3299 formam,
490 3269 571 3294 esset
594 3262 706 3304 petitio
730 3262 887 3304 principii.

367 3307 450 3338 XIV.
474 3308 525 3338 Ad
549 3308 610 3339 hoc
633 3307 758 3339 videtur
780 3307 961 3343 dicendum,
984 3309 1194 3349 quantitatem
1216 3310 1383 3351 dupliciter

313 3351 396 3382 sumi
419 3362 523 3391 posse.
549 3352 624 3383 Uno
648 3352 764 3388 modo,
789 3352 967 3383 secundum
989 3353 1022 3383 id
1046 3355 1134 3394 quod
1159 3362 1205 3386 est
1227 3355 1260 3386 in
1283 3364 1320 3386 ea
1342 3354 1383 3386 de

311 3401 401 3426 actu:
426 3403 456 3426 et
479 3397 522 3427 sic
550 3396 693 3438 sequitur
720 3396 867 3427 formam.
901 3396 976 3427 Alio
1006 3399 1123 3435 mod0‚
1148 3399 1326 3430 secundum
1349 3399 1382 3429 id

312 3440 402 3481 quod
426 3447 472 3471 est
494 3440 527 3471 in
551 3451 587 3471 ea
610 3441 650 3472 de
666 3442 830 3482 potentia:
855 3448 886 3472 et
908 3441 951 3472 sic
975 3442 1119 3482 sequitur
1142 3442 1317 3475 materiam.
1342 3443 1382 3474 Et

312 3484 467 3525 quoniam
494 3485 671 3525 plurimum
699 3485 732 3516 in
756 3495 792 3516 ea
815 3492 862 3517 est
893 3486 982 3527 quod
1005 3494 1125 3526 spectat
1154 3488 1195 3518 ad
1217 3487 1382 3519 materiam

312 3529 491 3569 potentiae,
520 3536 556 3560 ut
579 3536 664 3570 patet
690 3529 723 3560 in
752 3529 936 3561 definitione
959 3532 1072 3571 quanti
1095 3532 1122 3562 V
1146 3531 1331 3574 Metaphys.
1345 3531 1381 3568 *;

312 3573 385 3604 ideo
402 3573 546 3604 absolute
569 3574 699 3614 ponitur
721 3574 865 3605 accidens
885 3584 1082 3616 consequens
1102 3576 1320 3617 compositum
1335 3586 1381 3608 ra-

312 3617 398 3648 tione
427 3618 586 3649 materiae.
620 3618 662 3649 Et
691 3619 847 3659 quoniam
877 3619 910 3650 in
941 3619 1108 3660 proposito
1138 3628 1184 3652 est
1211 3630 1316 3652 sermo
1344 3620 1383 3651 de

312 3661 486 3703 quantitate
510 3662 542 3693 in
567 3669 648 3698 actu,
674 3662 749 3703 quia
769 3663 806 3694 de
826 3663 950 3694 infinito
966 3663 999 3694 in
1016 3671 1101 3700 actu;
1126 3665 1199 3696 ideo
1214 3665 1247 3696 in
1263 3674 1380 3706 propo-

1007 287 1276 335 QUAESTIO
1305 287 1393 335 vn,

1423 288 1721 325 ARTICULUS
1751 288 1801 324 III

1434 367 1505 403 sito,
1521 374 1614 398 utens
1637 368 1739 399 littera
1762 368 1937 409 quantitate
1961 378 1998 398 ex
2021 374 2109 408 parte
2128 374 2226 403 actus,
2242 366 2384 398 attribuit
2406 367 2509 408 ipsam

1434 411 1573 448 formae;
1598 419 1629 443 et
1653 422 1690 443 ex
1713 412 1776 443 hoc
1804 413 1893 453 quod
1924 413 2008 453 ipsa,
2034 411 2212 443 secundum
2235 412 2326 452 quod
2349 418 2396 442 est
2418 419 2507 448 actu,

1434 456 1577 497 sequitur
1601 456 1749 493 formam,
1774 457 1883 488 infert:
1909 467 1989 499 ergo
2013 462 2060 487 est
2083 457 2272 494 terminata,
2294 457 2380 486 sicut
2401 461 2508 487 cetera

1434 502 1660 541 consequentia
1675 501 1837 542 formam.

1490 545 1558 576 XV.
1576 545 1726 576 Secundo
1742 546 1896 586 probatur
1912 545 2077 577 conclusio
2090 545 2107 564 *
2118 555 2159 576 ex
2169 545 2296 575 ratione
2312 544 2506 576 mobilitatis.
2534 553 2545 564 ·

1435 588 1542 620 Omne
1565 599 1682 630 corpus
1705 590 1848 621 naturale
1877 590 1972 621 habet
1995 590 2136 631 aliquem
2158 596 2288 620 motum
2310 589 2507 625 naturalem,

1435 643 1471 664 ex
1495 634 1507 664 1
1527 633 1630 672 Caeli,
1654 641 1728 666 text.
1749 636 1764 665 5
1781 635 1816 664 *z
1840 635 1968 666 nullutn
1991 644 2108 675 corpus
2132 633 2294 665 infinitum
2318 640 2364 665 est
2382 640 2508 664 natura-
2535 642 2546 653 ⁵

1433 678 1506 709 liter
1529 678 1665 709 mobile:
1691 689 1777 720 ergo.
1794 697 1814 702 -
1829 680 1986 710 Probatur
2014 679 2136 715 minor,
2161 679 2281 710 utendo
2306 678 2508 709 distinctione

1434 729 1543 754 motus
1566 723 1717 754 naturalis
1745 723 1828 755 facta
1850 724 1863 754 Ι
1889 724 1982 755 Caeli
1994 723 2023 755 θ.
2049 723 2134 761 Quia
2157 733 2223 754 non
2252 723 2357 764 potest
2386 723 2508 754 moveri

1434 774 1527 798 motu
1551 774 1653 798 recto:
1679 778 1718 798 eo
1734 768 1824 809 quod
1847 778 1944 799 omne
1959 768 2021 799 tale
2040 775 2147 809 potest
2162 774 2246 799 extra
2261 768 2372 798 locum
2395 777 2506 804 suum,

1434 811 1546 842 saltem
1562 812 1741 843 secundum
1755 819 1868 853 partes,
1885 823 1962 844 esse.
1987 813 2054 844 Nec
2070 819 2163 844 motu
2180 812 2338 844 circulari:
2363 822 2403 843 eo
2418 813 2509 854 quod

1433 855 1535 886 lineae
1559 866 1577 886 a
1601 862 1709 887 centro
1733 857 1842 888 circuli
1866 864 2058 898 protractae,
2084 863 2206 898 quanto
2234 857 2362 897 longius
2386 863 2508 898 protra-

1433 899 1564 936 huntur,
1589 907 1679 931 tanto
1697 901 1779 931 inter
1794 911 1828 932 se
1843 902 1944 942 magis
1968 901 2100 938 distant;
2124 911 2200 942 ergo
2222 901 2256 932 in
2281 911 2415 942 corpore
2437 901 2508 932 infi-

1434 944 1503 975 nito
1523 944 1673 976 distarent
1699 945 1781 976 inter
1803 955 1837 976 se
1859 945 1996 984 infinite;
2021 955 2096 987 ergo
2120 956 2289 987 nunquam
2312 955 2377 977 una
2399 956 2507 987 perve-

1434 988 1516 1020 niret
1538 989 1578 1019 ad
1601 988 1712 1020 locum
1735 989 1877 1026 alterius;
1902 1000 1977 1030 ergo
1996 1000 2165 1032 nunquam
2188 1001 2254 1022 una
2275 1000 2348 1031 pars
2365 991 2508 1031 corporis

1434 1032 1549 1064 infiniti
1566 1033 1724 1064 circularis
1741 1040 1847 1074 potest
1868 1034 1975 1065 venire
1998 1035 2040 1065 ad
2062 1034 2173 1066 locum
2189 1035 2244 1066 ubi
2263 1041 2311 1066 est
2330 1035 2407 1071 alia;
2432 1045 2508 1075 ergo

1434 1077 1576 1118 implicat
1590 1077 1700 1118 ipsum
1715 1078 1848 1109 moveri.
1869 1078 1912 1109 Et
1925 1086 2054 1119 sumpta
2069 1086 2117 1110 est
2131 1079 2210 1111 haec
2224 1079 2304 1111 ratio
2321 1089 2358 1110 ex
2374 1079 2386 1110 1
2404 1079 2506 1117 Caeli,

1433 1129 1507 1154 text.
1530 1123 1568 1153 35
1586 1122 1613 1153 *.

1435 1211 1589 1243 maticum
1611 1219 1718 1252 potest
1741 1222 1808 1243 esse
1835 1212 1999 1244 infinitum
2020 1212 2054 1243 in
2077 1219 2161 1244 actu.
2178 1230 2198 1236 -
2214 1213 2379 1244 Probatur.
2404 1213 2438 1244 Si
2461 1221 2508 1245 est

1435 1266 1552 1297 corpus
1575 1256 1608 1287 in
1632 1263 1722 1293 actu,
1747 1267 1822 1297 ergo
1845 1257 1941 1288 habet
1970 1257 2128 1288 formam:
2154 1266 2229 1297 ergo
2257 1256 2407 1298 figuram:
2431 1267 2507 1298 ergo

1434 1301 1618 1332 terminum.
1641 1301 1727 1342 Ergo
1751 1311 1818 1332 non
1842 1309 1888 1333 est
1910 1301 2083 1333 infinitum.
2107 1319 2128 1324 -
2150 1301 2257 1332 Prima
2281 1302 2507 1343 consequentia

1434 1346 1601 1387 probatur:
1627 1345 1703 1387 quia
1726 1346 1806 1377 nihil
1829 1353 1876 1377 est
1899 1353 1970 1377 actu
1994 1345 2055 1376 nisi
2078 1356 2135 1387 per
2158 1345 2297 1377 formam
2320 1355 2423 1377 suam.
2452 1346 2507 1378 Se·

1435 1390 1539 1421 cunda
1561 1399 1653 1421 vero:
1678 1391 1754 1432 quia
1777 1390 1882 1421 forma
1905 1391 2047 1432 corporis
2064 1391 2103 1422 de
2126 1400 2241 1431 genere
2264 1390 2449 1432 quantitatis
2472 1397 2509 1423 ut

1434 1435 1488 1471 sic,
1513 1441 1559 1466 est
1581 1434 1692 1475 figura.
1717 1435 1825 1466 Tertia
1841 1441 1950 1467 autem
1965 1445 2002 1466 ex
2017 1435 2203 1467 definitione
2220 1434 2350 1476 figurae.
2375 1435 2417 1467 Et
2430 1435 2508 1467 haec

1433 1480 1514 1511 ratio
1537 1486 1666 1520 sumpta
1689 1486 1736 1510 est
1758 1490 1796 1511 ex
1819 1480 1860 1510 III
1885 1480 2026 1521 Pnysic„
2043 1487 2116 1512 text.
2132 1490 2176 1520 40
2191 1479 2218 1511 *.
2388 1503 2391 1506 -

1489 1524 1588 1555 XVII.
1613 1524 1649 1555 In
1672 1524 1879 1565 responsione
1907 1525 1948 1555 ad
1975 1524 2171 1561 secundum,
2195 1525 2322 1556 adverte
2349 1525 2457 1566 quod,
2481 1525 2507 1556 si

1434 1569 1600 1610 diligenter
1620 1568 1815 1610 inspiciatur,
1833 1576 1926 1610 negat
1941 1568 2104 1600 infinitum
2123 1579 2191 1600 esse
2206 1569 2390 1610 passionem
2405 1579 2507 1611 quan·

1433 1613 1547 1650 titatis;
1576 1613 1723 1655 quamvis
1747 1613 1901 1645 concedat
1923 1613 1952 1644 ei
1975 1623 2042 1644 non
2066 1623 2252 1655 repugnare.
2283 1614 2326 1645 Et
2348 1614 2374 1645 si
2397 1620 2508 1646 contra

1434 1658 1498 1689 hoc
1527 1657 1674 1689 afferatur
1701 1664 1804 1689 textus
1834 1658 2111 1700 decimusquintus
2135 1659 2147 1689 1
2170 1659 2299 1700 Pnysic.
2315 1658 2347 1695 *,
2373 1658 2507 1695 seilicet,
2535 1665 2544 1674 ·

1424 1703 1518 1745 finiti
1541 1708 1572 1734 et
1595 1703 1713 1744 infiniti
1735 1704 1820 1734 ratio
1842 1704 2016 1744 quantitati
2037 1704 2200 1745 congruit,
2225 1703 2258 1734 in
2282 1710 2437 1745 promptu
2461 1709 2508 1735 est

1434 1747 1620 1788 responsio:
1645 1747 1736 1789 quod
1751 1747 1814 1779 hoc
1829 1757 1897 1778 non
1913 1747 1985 1778 ideo
2010 1747 2134 1785 dicitur,
2155 1748 2245 1789 quod
2266 1748 2427 1790 quantitas
2441 1747 2508 1779 vin·

1435 1792 1517 1824 dicet
1538 1792 1599 1823 sibi
1625 1791 1828 1828 infinitatem;
1853 1792 1908 1823 sed
1931 1802 1948 1823 e
1973 1802 2147 1829 converso,
2171 1793 2247 1834 quia
2270 1791 2409 1824 infinitas
2437 1791 2508 1825 vin-

1435 1837 1517 1868 dicat
1539 1836 1600 1868 sibi
1622 1837 1847 1878 quantitatem,
1872 1837 2028 1878 quoniam
2043 1847 2110 1868 non
2126 1843 2174 1868 est
2188 1836 2384 1878 intelligibile
2400 1836 2507 1868 infini-

1434 1888 1506 1912 tum
1522 1881 1583 1912 nisi
1598 1888 1773 1922 quantum:
1797 1881 1879 1912 sicut
1895 1881 1991 1913 etiam
2007 1881 2131 1918 dicitur,
2149 1882 2244 1914 vacui
2257 1883 2342 1913 ratio
2361 1882 2510 1914 convenit

1435 1926 1514 1957 loco.
1540 1925 1712 1957 Intendunt
1734 1925 1821 1956 enim
1844 1935 1901 1967 per
1919 1925 1981 1957 hoc
2001 1926 2197 1967 philosophi,
2217 1927 2307 1968 quod
2331 1926 2357 1957 si
2379 1926 2439 1958 ism
2461 1925 2508 1957 in·

1435 1970 1616 2007 veniuntur,
1641 1977 1769 2011 oportet
1791 1969 1919 2011 reperiri
1942 1970 1976 2001 in
1998 1970 2174 2011 quantitate
2196 1977 2229 2002 et
2250 1971 2335 2007 loco,
2360 1977 2419 2002 etc.

1491 2015 1604 2046 XVIII.
1622 2015 1658 2045 In
1673 2015 1881 2056 responsione
1896 2015 1937 2046 ad
1952 2015 2090 2052 tertium,
2111 2015 2237 2046 adverte
2259 2015 2360 2057 quod,
2376 2015 2449 2046 licet
2462 2023 2509 2046 re-

1436 2059 1568 2101 sponsio
1580 2066 1709 2101 sumpta
1721 2059 1761 2091 sit
1772 2069 1809 2090 ex
1822 2059 1863 2090 111
1875 2060 2018 2101 Physic„
2031 2070 2068 2093 ex
2080 2069 2148 2101 quo
2163 2067 2311 2102 sumptae
2327 2066 2403 2092 sunt
2412 2059 2510 2091 edam

1437 2104 1576 2146 reliquae
1599 2104 1822 2146 responsiones
1846 2103 1905 2147 (ad
1929 2105 2071 2146 primum
2095 2104 2228 2146 quidem
2250 2114 2288 2136 ex
2310 2111 2398 2136 textu

1436 2149 1477 2180 ad
1499 2155 1652 2190 quartum
1674 2155 1784 2180 autem
1799 2159 1836 2180 ex
1853 2158 1896 2190 74
1909 2149 1941 2185 *,
1965 2149 2006 2180 ad
2029 2149 2092 2180 hoc
2114 2159 2190 2180 vero
2214 2159 2252 2181 ex
2275 2150 2317 2180 66
2334 2147 2397 2192 ⁸):
2434 2148 2508 2186 ‘cet,
2537 2154 2548 2191 ζ

1436 2193 1580 2234 inquam,
1592 2193 1636 2224 ita
1651 2193 1700 2229 sit,
1716 2194 1843 2224 obstant
1858 2201 1965 2224 tamen
1980 2193 2055 2224 huic
2071 2194 2271 2235 responsioni
2287 2194 2371 2226 dicta
2386 2204 2411 2226 s.
2421 2193 2510 2226 Tho·

1437 2247 1508 2268 mae
1536 2237 1569 2268 in
1592 2237 1699 2269 Tertia
1727 2238 1834 2274 Parte,
1866 2248 1920 2279 qu.
1942 2248 2004 2274 vn,
2029 2245 2085 2270 art.
2113 2247 2150 2268 12
2165 2238 2198 2275 *;
2227 2245 2258 2270 et
2279 2238 2313 2269 in
2338 2238 2379 2269 111
2403 2238 2508 2276 Stat„
2537 2242 2548 2254 ⁶

1437 2282 1508 2313 dist.
1524 2292 1589 2318 xm,
1614 2292 1667 2323 qu.
1683 2293 1704 2318 1,
1728 2289 1784 2314 art.
1804 2292 1833 2318 2,
1858 2292 1914 2324 qu.
1929 2292 1973 2318 tn,
1997 2283 2038 2313 ad
2063 2291 2092 2319 13
2117 2282 2184 2314 imo
2209 2283 2305 2314 etiam
2327 2282 2390 2319 hic,
2409 2282 2443 2314 in
2461 2292 2510 2317 tt·

1437 2327 1536 2358 ticulo
1559 2327 1714 2368 sequenti,
1738 2327 1771 2358 in
1795 2327 2003 2368 responsione
2021 2327 2062 2358 ad
2079 2337 2108 2364 2,
2127 2327 2332 2359 concedendo
2357 2337 2510 2368 augmen-

1437 2379 1507 2403 tum
1531 2371 1706 2412 figurarum
1729 2371 1761 2402 in
1785 2371 1955 2403 infinitum.
1982 2372 2016 2402 In
2041 2372 2082 2402 111
2107 2381 2240 2413 quoque
2261 2372 2391 2414 Physic.
2406 2371 2435 2409 ¹⁸,
2460 2381 2510 2404 ex—
2538 2376 2547 2386 ·

1437 2426 1542 2458 presse
1565 2415 1751 2448 Aristoteles
1775 2415 1929 2453 concedit,
1953 2423 2039 2448 textu
2067 2418 2105 2458 59
2131 2423 2162 2448 et
2185 2417 2238 2453 60,
2257 2416 2511 2458 magnitudinem

1437 2461 1544 2502 augeri
1567 2461 1599 2491 in
1622 2459 1793 2497 infinitum,
1818 2460 1899 2492 sicut
1922 2467 1954 2492 et
1976 2461 2083 2492 dividi.

1491 2505 1574 2536 XIX.
1599 2505 1651 2536 Ad
1673 2505 1736 2536 hoc
1759 2505 1892 2536 breviter
1917 2505 2136 2547 respondetur,
2162 2515 2237 2537 cum
2260 2505 2430 2538 Aristotele
2451 2505 2511 2538 ibi·

1437 2550 1521 2586 dem,
1546 2550 1636 2591 quod
1659 2549 1914 2590 magnitudinem
1937 2550 2044 2591 augeri
2067 2550 2100 2581 in
2122 2549 2298 2587 infinitum,
2323 2557 2430 2592 potest
2451 2550 2511 2583 du-

1437 2595 1559 2636 pliciter
1580 2594 1720 2635 intelligi.
1745 2594 1864 2631 Primo,
1882 2605 1919 2626 ea
1937 2594 2059 2626 ratione
2082 2595 2158 2636 quia
2173 2604 2299 2636 semper
2321 2601 2426 2636 potest
2443 2593 2511 2628 fieri

1438 2639 1497 2671 sibi
1520 2639 1641 2670 additio
1663 2639 1839 2670 secundum
1855 2645 1971 2680 partes
1979 2640 2251 2681 proportionales.
2276 2639 2317 2671 Et
2332 2639 2376 2671 sic
2391 2639 2511 2672 ibidem

1438 2684 1552 2716 dicitur
1574 2684 1664 2726 quod
1686 2684 1793 2724 augeri
1817 2691 1922 2725 potest
1944 2683 1978 2714 in
1994 2682 2171 2722 infinitum:
2195 2684 2251 2715 sed
2274 2693 2330 2726 per
2353 2683 2415 2715 tale
2432 2693 2511 2726 aug·

1438 2736 1585 2760 mentum
1608 2738 1776 2770 nunquam
1799 2729 1965 2760 excedetur
1989 2736 2072 2760 certa
2094 2729 2284 2770 magnitudo
2300 2729 2431 2770 sigum.
2455 2727 2511 2760 Se-

1438 2774 1555 2810 cundo,
1572 2773 1648 2815 quia
1661 2782 1787 2814 semper
1802 2780 1908 2814 potest
1922 2772 1988 2804 fieri
2009 2773 2130 2805 additio
2149 2773 2346 2815 simpliciter,
2363 2773 2407 2805 ita
2421 2772 2511 2815 quod

1437 2819 1566 2850 excedat
1587 2827 1720 2849 omnem
1744 2824 1861 2849 certam
1877 2818 2095 2860 quantitatem.
2120 2818 2162 2849 Et
2184 2817 2229 2849 sic
2249 2817 2510 2859 distinguendum

1438 2871 1493 2894 est.
1528 2863 1613 2901 Quia
1635 2869 1691 2894 aut
1713 2862 1878 2903 loquimur
1906 2863 1945 2893 de
1969 2862 2206 2903 magnitudine,
2231 2861 2344 2893 stando
2367 2861 2450 2894 infra
2471 2861 2510 2893 li-

1438 2908 1530 2939 mites
1544 2908 1705 2939 continui:
1724 2913 1779 2938 aut
1795 2907 1834 2938 de
1850 2917 1886 2938 ea
1903 2914 1938 2938 ut
1952 2907 2056 2939 induit
2071 2906 2227 2938 rationem
2241 2906 2381 2938 discreti.
2401 2905 2510 2937 Primo

1437 2952 1548 2990 modo,
1572 2962 1631 2983 nec
1654 2958 1827 2992 augmento
1847 2951 1992 2989 naturali,
2009 2961 2068 2984 nec
2089 2950 2302 2987 intellectuali,
2318 2950 2510 2982 continuum

1437 3004 1484 3028 est
1499 2995 1733 3037 augmentabile
1749 2995 1782 3026 in
1797 2995 1974 3028 infinitum:
2000 3003 2032 3028 et
2047 3005 2141 3028 causa
2157 2995 2334 3036 assignatur
2349 2994 2382 3025 in
2395 2995 2507 3027 littera.

1437 3042 1586 3074 Secundo
1609 3041 1710 3072 modo
1733 3048 1851 3077 autem,
1873 3040 2107 3081 augmentabile
2122 3046 2170 3072 est
2183 3040 2216 3071 in
2233 3038 2405 3077 infinitum,
2428 3039 2511 3072 sicut

1437 3093 1468 3118 et
1491 3094 1660 3117 numerus:
1686 3092 1718 3117 et
1738 3085 1779 3116 ad
1802 3085 1864 3117 hoc
1888 3086 2023 3127 pertinet
2045 3091 2255 3126 augmentum
2278 3083 2454 3125 figurarum
2474 3084 2510 3116 in

1436 3130 1607 3162 infinitum.
1624 3148 1644 3153 -
1659 3129 1732 3161 Dixi
1756 3137 1864 3161 autern
1887 3131 1926 3161 de
1942 3129 2097 3162 continuo
2112 3136 2150 3160 ut
2167 3129 2221 3166 sic,
2238 3129 2328 3170 quod
2345 3138 2402 3160 nec
2417 3128 2508 3160 intel-

1436 3174 1547 3216 ligibili
1570 3181 1743 3217 augmento
1767 3182 1814 3206 est
1829 3173 2063 3215 augmentabile
2084 3173 2117 3204 in
2133 3171 2305 3210 infinitum,
2330 3183 2396 3204 non
2420 3172 2510 3216 quod

1436 3219 1612 3251 intellectus
1636 3229 1702 3250 non
1726 3219 1836 3260 possit,
1860 3227 2066 3260 quacumque
2087 3217 2307 3258 magnitudine
2331 3218 2420 3255 data,
2450 3215 2509 3248 fin-

1436 3274 1508 3304 gere
1531 3263 1697 3300 maiorem,
1715 3270 1746 3294 et
1769 3263 1813 3294 sic
1832 3263 1865 3294 in
1884 3262 2061 3299 infinitum;
2086 3262 2141 3293 sed
2164 3262 2320 3304 quoniam
2342 3262 2376 3293 in
2397 3268 2509 3294 namra

1437 3308 1581 3340 continui
1605 3315 1641 3339 ut
1656 3308 1710 3345 sic,
1728 3317 1793 3339 non
1810 3315 1856 3340 est
1872 3306 2014 3349 potentia
2027 3307 2067 3337 ad
2083 3306 2270 3338 huiusmodi
2286 3313 2506 3348 augmentum.

1437 3353 1472 3383 In
1496 3359 1607 3384 natura
1630 3360 1738 3384 tamen
1761 3352 1887 3384 numeri
1909 3351 2077 3383 materialis
2100 3358 2162 3382 est:
2188 3358 2218 3383 et
2242 3351 2386 3383 similiter
2403 3350 2437 3382 in
2453 3360 2507 3382 na·

1437 3403 1507 3428 tura
1530 3397 1674 3428 continui
1698 3404 1744 3428 est
1766 3396 1910 3437 potentia
1938 3395 1979 3426 ad
2007 3395 2256 3427 diminutionem
2279 3396 2312 3427 in
2335 3394 2506 3431 infinitum,

1437 3448 1472 3472 ut
1495 3448 1582 3482 patet
1603 3451 1641 3472 ex
1664 3441 1732 3472 eius
1755 3441 1886 3472 ratione.
1911 3440 1952 3471 Et
1975 3439 2018 3471 sic
2042 3440 2151 3471 omnia
2172 3446 2359 3477 consonant,
2377 3438 2507 3470 diversis

1436 3485 1542 3516 modis
1565 3485 1731 3517 intellecta.

1492 3530 1560 3561 XX.
1585 3529 1677 3561 Circa
1700 3529 1856 3560 rationem
1875 3529 2066 3570 assignatam
2079 3530 2112 3560 in
2128 3530 2230 3561 littera
2244 3529 2275 3566 *,
2301 3527 2437 3560 dubium
2453 3537 2506 3559 oc·

1436 3574 1532 3605 currit
1555 3584 1592 3605 ex
1615 3573 1722 3610 Scoto,
1746 3573 1779 3604 in
1804 3573 1844 3604 111
1859 3573 1959 3611 Sena,
1985 3574 2054 3605 dist.
2071 3584 2136 3611 xm,
2153 3583 2208 3616 qu.
2225 3583 2248 3605 1.
2274 3573 2444 3614 Impugnat
2466 3572 2506 3603 si-

1436 3618 1567 3660 quidem
1591 3628 1662 3649 eam
1685 3618 1739 3649 sic.
1764 3617 1907 3656 Quilibet
1929 3628 2083 3650 numerus
2106 3625 2152 3650 est
2175 3627 2260 3650 unus
2279 3616 2457 3649 secundum
2473 3627 2506 3648 se

1437 3662 1620 3699 formaliter,
1638 3671 1674 3693 ex
1691 3662 1761 3694 VIII
1779 3663 1963 3703 Metaphys.
1978 3662 2009 3692 *ε
2035 3673 2110 3704 ergo
2125 3663 2159 3694 in
2174 3660 2431 3703 augmentatione
2448 3671 2505 3692 nu·
2536 3667 2576 3690 nb.

2449 2103 2508 2141 ι’,
2537 2105 2548 2130 ’-

2560 553 2596 576 ef.
2612 560 2676 577 num.
2691 562 2713 577 v.

2561 642 2618 670 cap.
2627 648 2652 670 n,
2662 649 2685 664 n.
2696 649 2717 665 ².

2536 731 2544 740 ⁸
2560 730 2620 752 Ibid.

1490 1167 1574 1198 XVI.
1599 1166 1745 1198 Secunda
1775 1168 1939 1199 conclusio
1954 1168 1972 1187 *
1995 1174 2058 1199 est:
2081 1167 2218 1199 Nullum
2247 1178 2365 1209 corpus
2387 1168 2507 1200 mathe-
2535 1177 2543 1185 .
2561 1131 2652 1160 Cap-v,
2667 1137 2722 1161 ιη.

2561 1175 2599 1198 Cf.
2613 1181 2678 1198 num.
2685 1182 2709 1198 v.

2536 1483 2545 1492 '
2560 1481 2619 1510 Cap.
2628 1488 2652 1509 v,
2666 1482 2721 1504 n.6.

2536 3534 2543 3543 ·
2550 3532 2720 3562 Dinawar!
2726 3539 2751 3563 3.

2560 3639 2593 3662 Ca
2611 3646 2652 3662 .v.
2666 3651 2677 3657 -
2692 3639 2748 3662 md.

2632 3682 2638 3694 .
2653 3671 2748 3696 eaput.
