2768 4178
0 498 9 639 ι

0 662 10 737 ,ε

0 739 13 795 ξ

35 1131 47 1144 ‘
61 1131 98 1155 et.
129 1137 153 1154 ιι.
161 1136 245 1158 ιινιιι,

33 1161 104 1186 ama,
149 1161 247 1180 ment.

33 1189 103 1208 m.
114 1190 159 1207 ιιι.

33 1618 233 1643 ἀω.ι.“

35 1705 247 1731 '‘ff-comme

33 1738 209 1784 ³33...

10 1793 172 1822 -·18ne.‚
192 1793 247 1816 dist.

34 1826 200 1851 :mmmm-

33 2015 46 2028 ”
60 2014 96 2038 ct.
110 2020 176 2038 ιιιιιιι.
189 2021 207 2037 ι.

0 3710 2 3717 ἡ
0 3642 3 3663 ..v
0 3608 3 3624 μ
0 3579 5 3602 —a
0 3523 6 3568 -wev
0 3502 5 3514 ΛΑ
0 3405 7 3496 *W-
0 3227 9 3399 -wv—-w--v
0 2617 9 3221 wW—-vvp-——WWW-‘w
0 2494 9 2608 *-*⁷v<-·-‚-
0 2418 8 2488 σιν-ν·-

74 2599 84 2604 ι

983 257 1250 304 QUAESTIO
1280 257 1364 304 XL,
1395 257 1692 295 ARTICULUS
1722 260 1754 295 11

277 338 441 378 quoniam,
466 343 503 368 ut
524 337 643 368 ibidem
666 337 789 374 dicitur,
813 337 924 367 eadem
947 343 994 367 est
1016 337 1054 367 de
1078 336 1201 367 actione
1217 342 1248 366 et
1266 336 1342 366 rela-

276 382 374 418 tione,
399 382 507 423 quoad
529 382 600 418 hoc,
625 381 715 413 ratio.
1023 391 1032 399 ·
1049 398 1057 406 ·

335 426 418 457 VIII.
442 426 494 456 Ad
517 425 593 456 haec
617 425 712 456 simul
736 425 868 462 dicitur,
892 425 981 465 quod
1004 435 1070 455 non
1094 431 1141 455 est
1162 424 1214 454 hic
1237 434 1341 454 sermo

277 470 316 501 de
339 469 444 500 modis
474 469 669 510 significandi
699 469 901 510 grammatice
915 492 922 505 ,
954 479 1009 499 seu
1033 479 1070 499 ex
1093 475 1180 508 parte
1203 468 1342 498 nominis

277 513 497 554 significantis;
522 514 577 544 sed
599 513 707 553 potius
731 513 962 554 metaphysice,
986 522 1041 543 seu
1066 523 1102 543 ex
1125 519 1212 552 parte
1235 512 1279 542 rei
1303 512 1342 542 si-

276 557 449 598 gnificatae,
474 558 580 598 plures
603 557 698 588 unius
714 557 758 588 rei
774 557 910 587 rationes
930 557 1120 596 appellando
1135 556 1241 596 plures
1257 556 1342 586 illius

275 602 403 632 modos.
428 602 537 641 Itaque
557 601 691 632 intentio
714 601 833 632 litterae
856 607 903 631 est
925 601 1015 641 quod
1036 601 1090 631 illa
1113 610 1177 630 una
1203 610 1251 630 res
1280 600 1341 630 alio

276 646 396 682 modo,
420 645 501 676 idest
522 645 589 675 alia
613 646 757 683 ratione,
783 644 975 685 significatur
997 643 1128 674 nomine
1150 645 1289 685 originis
1312 651 1342 675 et

275 689 407 720 nomine
431 690 596 719 relationis
602 697 615 726 ;
637 689 702 719 sive
725 689 758 719 in
781 689 947 725 abstracto,
971 688 1085 719 sivein
1102 695 1259 725 concreto,
1277 688 1341 719 sive

276 733 390 775 quovis
413 733 476 764 alio
500 733 600 763 modo
624 733 859 773 grammaticali.

333 778 374 808 Et
397 787 434 808 ex
456 777 519 807 hoc
542 783 772 818 consequenter
794 777 1003 817 respondetur
1026 777 1065 807 ad
1084 777 1256 807 secundam
1275 787 1340 807 am-

274 821 479 861 biguitatem,
503 821 608 861 quod,
633 821 708 861 quia
731 821 835 851 forma
858 828 904 851 est
926 831 1007 861 quae
1036 821 1089 852 dat
1112 831 1178 851 esse
1208 821 1252 851 rei
1277 821 1340 851 for-

275 865 414 901 maliter,
444 864 611 905 significari
635 875 691 905 per
713 865 849 896 modum
873 865 994 896 formae
1018 872 1077 901 est,
1101 865 1134 895 in
1162 865 1339 905 proposito,

275 908 441 950 significari
459 919 522 949 per
544 909 671 939 modum
695 909 804 940 dantis
819 919 886 940 esse
901 909 1101 950 formaliter.
1127 910 1168 940 Et
1186 909 1340 950 quoniam

274 953 337 984 hoc
361 953 514 993 contingit
537 953 720 993 dupliciter,
753 954 870 984 scilicet
892 964 929 984 ex
952 961 1039 994 parte
1062 954 1221 990 nominis,
1251 960 1281 984 et
1304 963 1341 983 ex

274 1003 362 1038 parte
381 997 511 1028 rationis
527 996 735 1037 significatae;
760 1005 791 1028 et
812 997 876 1028 iarn
898 998 1018 1028 dictum
1035 1004 1082 1028 est
1104 998 1192 1038 quod
1208 997 1259 1028 hic
1275 1007 1339 1027 non

275 1049 322 1073 est
344 1051 448 1072 sermo
473 1042 513 1072 de
536 1042 636 1071 modo
669 1041 864 1082 significandi
894 1052 931 1072 ex
959 1049 1045 1082 parte
1074 1041 1233 1072 nominis:
1266 1041 1339 1072 ideo

275 1085 459 1118 conceditur
481 1086 657 1116 secundum
685 1086 876 1116 membrum.
901 1103 920 1108 -
944 1086 985 1117 Et
1008 1085 1047 1116 ad
1071 1085 1284 1116 obiectionem
1306 1085 1339 1115 in

276 1130 464 1171 oppositum
480 1129 602 1165 dicitur,
619 1136 655 1160 ut
670 1130 761 1160 iam*
777 1136 896 1160 tactum
912 1136 968 1166 est,
982 1129 1071 1170 quod
1087 1130 1174 1160 aliud
1189 1136 1235 1160 est
1250 1129 1340 1170 loqui

274 1175 315 1206 de
337 1175 493 1205 relatione
509 1179 545 1204 ut
560 1175 675 1204 relatio
684 1182 697 1211 ;
721 1181 751 1205 et
766 1174 853 1204 aliud
867 1181 914 1205 est
926 1174 1017 1214 loqui
1030 1174 1071 1204 de
1086 1174 1169 1204 reali
1184 1174 1341 1204 relatione

273 1219 470 1260 simpliciter.
494 1218 618 1249 Relatio
642 1218 728 1248 enim
751 1225 787 1249 ut
809 1218 928 1254 relatio,
953 1228 1019 1248 non
1035 1225 1082 1248 est
1097 1217 1218 1258 aliquid
1233 1217 1340 1247 inhae-

273 1271 364 1300 rens:
388 1263 427 1302 de
449 1262 570 1295 ratione
586 1269 692 1293 tamen
715 1262 875 1293 relationis
894 1262 985 1292 realis
1005 1268 1051 1292 est
1073 1268 1110 1292 ut
1124 1261 1206 1292 insit.
1231 1261 1340 1301 Itaque

273 1303 366 1338 infer‘
376 1306 494 1337 realem
517 1306 676 1337 actionem
700 1313 730 1337 et
752 1306 870 1336 realem
892 1306 1078 1336 relationem
1104 1305 1166 1335 hoc
1194 1305 1339 1341 interest,

274 1351 364 1392 quod
387 1350 486 1386 actio,
510 1357 576 1380 tam
599 1357 636 1381 ut
658 1350 739 1380 actio
763 1360 861 1390 quam
885 1355 921 1380 ut
943 1349 1032 1379 realis
1057 1349 1153 1385 actio,
1177 1349 1272 1379 habet
1294 1359 1339 1379 ra-

273 1395 397 1426 tionem
411 1393 605 1434 egredientis,
623 1393 768 1434 quamvis
785 1393 864 1424 forte
878 1393 961 1424 insit.
976 1393 1100 1424 Relatio
1116 1399 1224 1423 autem
1239 1392 1339 1429 realis,

274 1439 342 1475 etsi,
359 1445 395 1469 ut
409 1437 530 1474 relatio,
548 1448 614 1468 non
638 1438 751 1468 habeat
765 1437 922 1468 rationem
937 1437 997 1467 nisi
1014 1437 1198 1473 assistentis;
1222 1443 1339 1473 tamen,

273 1489 311 1514 ut
332 1482 442 1514 relatio
466 1482 567 1518 realis,
590 1482 685 1512 habet
707 1482 863 1513 rationem
886 1481 1056 1512 assistentis
1080 1488 1110 1512 et
1132 1481 1340 1517 inhaerentis;

275 1533 307 1559 et
327 1533 504 1568 propterea,
529 1536 566 1556 ex
588 1533 676 1566 parte
698 1526 828 1556 rationis
847 1525 1047 1566 significatae,
1071 1525 1263 1566 significatur
1286 1535 1342 1565 per

275 1571 412 1602 modum
434 1570 564 1601 formae.
589 1570 630 1600 Et
652 1570 685 1600 in
708 1570 771 1601 hoc
795 1569 895 1601 differt
918 1571 956 1600 ab
980 1569 1117 1610 origine:
1143 1577 1173 1600 et
1195 1569 1272 1600 haec
1295 1576 1341 1600 est

274 1615 355 1647 'ratio
371 1624 467 1656 quare
481 1614 612 1645 inferius
622 1613 641 1632 *
656 1614 800 1645 relationi
817 1614 996 1645 attribuitur
1011 1614 1202 1654 distinguere
1218 1623 1253 1644 ac
1269 1623 1342 1644 con-

275 1659 403 1691 stituere
426 1668 614 1700 personam,
645 1665 676 1689 et
698 1668 765 1689 non
788 1658 919 1698 origini;
953 1664 990 1689 ut
1018 1658 1144 1699 plenius
1167 1657 1286 1698 patebit
1308 1657 1342 1688 in

274 1710 389 1745 quarto
412 1703 544 1734 articulo
559 1700 585 1733 *.

333 1748 386 1779 IX.
411 1747 529 1785 Quoad
543 1747 719 1778 secundum
735 1746 761 1783 *‚
786 1746 932 1777 recitatur
954 1746 1066 1787 opinio
1086 1756 1184 1787 quam
1199 1745 1342 1787 sequitur

273 1793 496 1824 Bonaventura
511 1791 538 1827 *,
563 1791 621 1822 tria
637 1790 754 1821 dicens.
777 1790 895 1827 Primo,
915 1791 1004 1831 quod
1020 1791 1130 1821 relatio
1146 1800 1214 1821 non
1233 1790 1342 1820 distin-

274 1836 343 1877 guit
365 1835 570 1877 hypostases,
594 1835 670 1876 quia
692 1834 899 1875 consequitur
921 1842 1037 1865 actum.
1061 1835 1227 1871 Secundo,
1253 1834 1342 1875 quod

275 1880 365 1921 origo
389 1879 562 1919 distinguit,
585 1879 696 1909 eadem
720 1878 856 1909 ratione:
881 1878 956 1919 quia
979 1878 1096 1909 scilicet
1118 1885 1165 1909 est
1187 1878 1273 1919 prior
1295 1888 1341 1908 re-

273 1924 403 1956 latione.
427 1924 548 1959 Tertio‚
564 1923 653 1964 quod
677 1922 843 1953 relationes
866 1922 1069 1954 manifestant
1087 1922 1340 1959 distinctionem;

275 1969 357 2000 sicut
370 1968 404 1999 in
420 1967 567 1999 creaturis
586 1967 793 2007 proprietates
812 1966 1032 1998 individuales.

333 2013 372 2044 X.
391 2012 508 2050 Quoad
523 2012 651 2042 tertium
663 2011 690 2048 *,
708 2011 789 2041 duae
808 2010 945 2041 rationes
961 2018 1070 2042 contra
1085 2011 1258 2051 praefatam
1275 2010 1343 2051 opi-

274 2057 407 2088 nionem
426 2056 638 2087 adducuntur.
667 2055 772 2086 Prima
796 2062 851 2086 est.
878 2054 1103 2086 Distinctivum
1126 2061 1252 2095 oportet
1274 2064 1342 2085 esse

274 2101 481 2132 intrinsecum
504 2106 534 2130 et
557 2099 739 2140 proprium:
764 2109 839 2139 ergo
863 2108 921 2129 nec
944 2099 1034 2139 origo
1058 2109 1116 2130 nec
1132 2099 1266 2129 essentia
1281 2099 1341 2129 dis-

274 2145 407 2186 tinguit:
432 2154 507 2184 ergo
523 2144 643 2175 relatio.
662 2161 680 2166 -
697 2143 895 2174 Antecedens
911 2143 1064 2183 probatur
1078 2143 1112 2173 in
1129 2142 1286 2179 creaturis,
1310 2143 1342 2173 in

275 2189 393 2231 quibus
416 2188 575 2219 distinctio
599 2194 654 2218 aut
676 2193 723 2218 est
745 2197 802 2228 per
824 2187 989 2218 materiam
1008 2194 1063 2218 aut
1081 2197 1138 2228 per
1159 2187 1306 2218 formam.
1323 2204 1343 2209 -

275 2233 382 2264 Prima
403 2242 479 2263 vero
507 2231 751 2272 consequentia,
776 2231 884 2272 quoad
907 2231 1044 2271 primam
1066 2237 1205 2271 partem,
1229 2231 1343 2270 proba-

275 2284 344 2309 tur:
368 2277 444 2318 quia
472 2276 577 2316 origo,
601 2282 638 2307 ut
659 2275 717 2312 sic,
741 2275 837 2306 habet
864 2275 1020 2306 rationem
1042 2275 1110 2305 viae
1134 2285 1152 2305 a
1174 2285 1208 2305 re
1230 2275 1281 2305 vel
1305 2275 1344 2305 ad

275 2331 354 2359 rem,
369 2320 460 2352 etsie
481 2330 549 2351 non
568 2326 614 2350 est
628 2319 804 2350 intrinseca.
829 2319 947 2356 Quoad
966 2319 1138 2349 secundam
1153 2327 1245 2349 vero:
1269 2319 1345 2359 quia

277 2365 410 2397 essentia
422 2372 468 2396 est
484 2363 675 2400 communis,
689 2370 720 2394 et
735 2363 779 2394 sic
793 2373 860 2393 non
876 2370 922 2394 est
937 2363 1074 2404 propria.
1085 2381 1104 2386 —
1114 2363 1259 2394 Secunda
1268 2373 1344 2393 vero

277 2409 504 2458 consequentia
522 2408 675 2449 probatur
695 2417 754 2458 per
775 2407 885 2438 locum
903 2417 924 2438 a
943 2407 1119 2438 divisione:
1141 2407 1295 2448 quoniam
1311 2407 1344 2436 in

276 2456 421 2495 persona,
446 2459 568 2493 praeter
591 2452 759 2482 essentiam
782 2458 813 2482 et
835 2451 1000 2492 originem,
1017 2451 1085 2481 sola
1106 2451 1215 2482 relatio
1239 2457 1343 2482 restat.

335 2497 481 2529 Secunda
504 2503 612 2527 autem
630 2495 710 2526 ratio
729 2501 784 2526 est.
808 2495 1034 2526 Distinctivum
1057 2495 1222 2535 personale
1245 2494 1278 2525 in
1298 2494 1345 2524 di—

277 2542 360 2572 vinis
379 2547 426 2571 est
441 2539 682 2571 constitutivum
705 2548 876 2579 personae.
902 2539 957 2569 sed
973 2538 1086 2578 origini
1101 2545 1256 2579 repugnat
1279 2548 1345 2569 esse

279 2584 521 2617 constitutivum
549 2593 721 2624 personae,
754 2593 821 2613 non
849 2590 956 2614 autem
985 2582 1149 2613 relationi:
1181 2592 1255 2623 ergo
1279 2592 1345 2613 non

279 2629 388 2669 origo,
418 2628 473 2658 sed
501 2627 610 2658 relatio
641 2627 814 2667 distinguit.
833 2645 854 2649 -
876 2627 1074 2657 Antecedens
1103 2627 1277 2657 declaratur
1300 2627 1345 2657 in-

279 2673 410 2704 nuendo
422 2671 582 2712 dupIIcem
597 2671 734 2701 modum
750 2670 978 2710 distinguendi:
995 2670 1112 2701 scilicet
1123 2670 1346 2702 constituendo

280 2717 474 2753 distinctum,
498 2715 549 2746 vel
572 2715 794 2755 distinguendo
817 2721 959 2750 tantum,
983 2715 1070 2746 iuxta
1093 2715 1252 2756 duplicem
1277 2725 1346 2745 mo-

280 2762 359 2793 dum
382 2770 416 2791 se
438 2759 576 2791 habendi
598 2759 638 2789 ad
661 2758 856 2790 distinctum.
880 2758 1046 2799 Contingit
1068 2759 1154 2789 enim
1176 2769 1242 2790 rem
1258 2769 1347 2800 prae-

280 2805 466 2837 existentem
488 2803 690 2843 distinguere,
706 2809 743 2834 ut
757 2809 844 2843 patet
857 2803 891 2833 in
907 2803 1062 2834 divisione
1080 2812 1199 2844 aquae:
1223 2810 1254 2834 et
1271 2810 1348 2834 tunc

280 2849 349 2881 sola
367 2848 568 2880 distinctione
587 2857 670 2887 opus
693 2853 748 2878 est.
774 2846 940 2887 Contingit
962 2846 1057 2878 etiam
1079 2857 1146 2877 rem
1170 2857 1236 2877 non
1260 2857 1346 2887 prae-

280 2893 466 2925 existentem
489 2891 697 2931 distinguere:
722 2899 752 2923 et
766 2897 842 2921 tunc
861 2890 1086 2922 constitutione
1103 2897 1133 2921 et
1149 2891 1348 2922 distinctione

281 2937 378 2968 simul
394 2946 477 2977 opus
493 2942 548 2966 est.
573 2935 717 2965 Essentia
739 2934 835 2975 igitur
850 2934 964 2971 divina,
982 2935 1126 2976 quamvis
1142 2935 1347 2974 praeexistere

281 2981 473 3020 intelligatur
495 2979 701 3010 relationibus
724 2978 918 3015 distinctivis,
935 2988 1001 3009 non
1018 2985 1124 3009 tamen
1139 2979 1273 3018 partitur
1291 2989 1347 3010 seu

283 3024 486 3064 distinguitur
499 3033 557 3064 per
571 3023 755 3054 relationes:
780 3022 934 3063 quoniam
953 3032 1078 3063 semper
1094 3023 1228 3054 indivisa
1243 3030 1347 3054 restat.

282 3069 325 3099 Et
346 3074 513 3108 propterea
541 3067 718 3098 distinctiva
745 3073 872 3107 oportet
899 3073 930 3097 et
957 3066 1148 3107 distinguere
1178 3073 1209 3098 et
1231 3067 1348 3098 consti-

282 3119 371 3143 tuere
390 3121 560 3152 personas,
592 3118 705 3152 utpote
732 3121 799 3141 non
821 3110 1079 3150 praeexistentes3
1111 3117 1148 3142 ut
1169 3110 1203 3140 in
1226 3118 1347 3142 antece-

285 3156 378 3186 dente
400 3161 602 3195 assumptum
624 3162 681 3187 est.
696 3173 716 3178 —
731 3155 837 3186 Minor
860 3160 977 3191 autem,
993 3155 1100 3195 quoad
1123 3154 1260 3195 primam
1278 3165 1347 3195 par-

283 3206 359 3236 tem,
383 3199 550 3239 probatur:
574 3199 650 3240 quia
664 3199 764 3239 origo,
788 3198 896 3234 active,
913 3198 1143 3239 praesupponit
1160 3198 1349 3238 personamj

284 3243 407 3284 passive
430 3249 550 3279 autem,
575 3249 621 3274 est
642 3243 693 3273 via
715 3243 748 3273 in
772 3253 852 3273 eam.
884 3242 1002 3279 Quoad
1025 3243 1197 3273 secundam
1220 3249 1347 3274 autem:

285 3287 362 3328 quia
383 3286 550 3317 relationes
573 3293 648 3318 sunt
668 3287 756 3327 ipsae
779 3295 933 3327 personae
955 3286 1173 3323 subsistentes,
1198 3296 1236 3317 eo
1259 3287 1348 3328 quod

285 3341 351 3362 non
375 3329 522 3361 differunt
542 3330 587 3361 ibi
608 3331 800 3362 abstractum
823 3338 853 3362 et
876 3337 1070 3361 concretum.

342 3374 395 3406 XI.
417 3373 507 3405 Circa
525 3374 606 3404 hanc
625 3374 789 3411 rationem,
807 3374 943 3405 dubium
958 3380 1004 3405 est
1019 3374 1058 3404 de
1073 3373 1132 3404 hac
1147 3374 1259 3405 ultima
1275 3384 1348 3416 pro-

283 3419 431 3454 batione,
462 3418 570 3459 quoad
593 3418 670 3449 duo.
692 3418 819 3455 Primo,
851 3418 929 3459 quid
957 3418 1015 3448 sibi
1038 3418 1137 3448 velint
1162 3418 1216 3448 illa
1237 3419 1346 3449 verba:

286 3463 459 3493 relationes
481 3462 676 3492 constituunt
692 3472 852 3502 personas
871 3463 1060 3503 inquantum
1076 3467 1152 3493 sunt
1167 3463 1255 3502 ipsae
1271 3472 1348 3503 per-

285 3516 393 3538 sonae.
418 3506 575 3542 Secundo,
591 3515 689 3546 quam
711 3506 777 3536 vim
795 3506 940 3543 habeant,
956 3516 1030 3537 cum
1046 3506 1099 3536 illa
1114 3506 1260 3537 adiuncta
1276 3517 1348 3547 pro-

285 3550 461 3591 positione:
482 3550 677 3580 abstractum
694 3554 725 3580 et
739 3555 920 3581 concretum
937 3550 980 3580 ibi
995 3560 1058 3581 non
1075 3550 1240 3591 differunt.
1256 3568 1276 3573 —
1292 3551 1348 3581 Est

283 3601 394 3625 autem
416 3594 495 3625 ratio
520 3593 704 3629 dubitandi,
729 3593 901 3634 quoniam,
926 3594 952 3624 si
975 3601 1022 3625 est
1043 3604 1175 3631 verum,
1208 3594 1297 3625 omni
1321 3594 1348 3625 ei

2381 261 2459 307 415

1397 337 1486 376 quod
1510 343 1556 367 est
1577 337 1645 377 ipsa
1668 347 1812 377 persona,
1838 338 1984 369 convenit
2007 338 2196 369 constituere
2221 348 2399 379 personam,
2425 346 2461 371 ut

1397 387 1482 420 patet
1497 391 1534 411 ex
1548 381 1688 411 illatione
1707 381 1946 422 reduplicativa:
1971 390 2001 413 et
2021 382 2064 413 sic
2080 383 2180 423 origo,
2204 383 2395 423 inquantum
2415 390 2462 414 est

1396 424 1465 464 ipsa
1477 435 1622 464 persona,
1636 426 1798 457 constituit
1814 435 1898 462 eam,
1916 433 1946 456 et
1961 426 2104 458 similiter
2116 427 2257 463 essentia,
2272 434 2328 458 etc.
2342 445 2362 450 —
2374 427 2461 457 Nihil

1397 468 1491 498 etiam
1514 469 1638 500 videtur
1660 469 1745 500 dictu
1769 470 1858 511 quod
1885 471 1944 501 hoc
1972 472 2134 501 constituit
2162 471 2243 502 illud
2271 472 2458 512 inquantum

1397 518 1443 543 est
1466 514 1580 553 ipsum,
1597 513 1657 543 nisi
1680 514 1769 554 quod
1791 514 1877 544 idem
1901 514 2070 546 constituat
2093 523 2142 545 se:
2167 515 2257 555 quod
2276 525 2341 546 non
2357 522 2403 547 est
2419 515 2461 545 ad

1397 557 1609 597 propositum.
1627 575 1647 579 -
1662 558 1756 588 Extra
1778 558 1982 598 propositum
2005 569 2136 599 quoque
2160 559 2327 590 subiuncta
2349 559 2459 590 viden-

1396 608 1448 631 tur
1465 601 1559 631 verba
1572 601 1625 631 illa
1641 601 1679 631 de
1695 602 1849 633 abstracto
1874 609 1905 633 et
1927 610 2085 633 concreto.
2098 621 2119 625 -
2130 603 2178 633 De
2193 603 2329 634 efficacia
2351 610 2459 634 autem

1396 645 1484 675 nulla
1507 645 1688 685 apparentia
1711 652 1766 682 est,
1787 647 1860 676 dato
1880 647 1969 687 quod
1985 646 2047 677 sint
2061 656 2151 677 vera:
2175 647 2330 688 quoniam
2346 654 2377 678 et
2392 657 2459 678 esse

1397 699 1556 729 personaS,
1581 696 1611 719 et
1634 690 1825 721 abstractum
1847 700 1914 721 non
1937 690 2058 721 differre
2073 702 2090 721 a
2106 698 2263 728 concreto,
2282 691 2460 722 verificatur

1397 733 1435 763 de
1459 733 1643 772 originibus.

1451 778 1518 808 XII.
1544 778 1594 808 Ad
1617 777 1693 808 haec
1717 777 1838 813 dicitur,
1863 778 1951 819 quod
1975 789 2030 819 per
2054 788 2121 809 esse
2137 789 2297 819 personas
2319 790 2386 810 non
2409 779 2458 809 in-

1395 821 1506 861 telligit
1522 824 1643 852 Auctor
1657 822 1882 852 tantummodo
1898 822 2110 859 identitatem;
2135 823 2190 853 sed
2205 823 2401 854 identitatem
2417 833 2458 854 ex

1396 866 1522 896 ratione
1544 867 1644 906 ipsius
1660 867 1870 906 proprietatis
1891 876 1947 897 seu
1967 868 2141 897 relationis.
2167 867 2202 897 In
2225 867 2286 898 hoc
2303 868 2397 904 enim,
2422 873 2459 898 ut

1396 919 1491 949 supra
1514 910 1635 941 dictum
1655 917 1701 940 est
1715 910 1741 946 *,
1767 910 1867 940 differt
1882 911 1920 940 ab
1945 911 2073 950 origine,
2091 911 2180 951 quod
2202 911 2270 951 ipsa
2286 922 2323 942 ex
2339 922 2396 942 sua
2410 921 2458 941 ra·
2484 919 2494 929 ·

1395 953 1481 983 tione
1504 953 1601 984 inest:
1626 954 1698 984 loco
1728 954 1818 984 cuius
1841 954 1874 984 in
1898 954 2009 984 divinis
2038 962 2085 985 est
2107 955 2192 985 idem
2215 955 2259 985 illi
2288 956 2378 986 cuius
2401 962 2457 985 est.

1395 997 1494 1037 Origo
1518 1005 1635 1034 autem,
1659 998 1835 1028 secundum
1858 999 2020 1039 propriam
2043 999 2208 1035 rationem,
2226 1009 2291 1029 non
2307 1000 2403 1030 inest:
2429 1006 2459 1030 et

1395 1049 1623 1082 consequenter
1639 1051 1704 1071 non
1720 1042 1928 1073 identificatur
1944 1043 1971 1073 ei
1988 1043 2038 1073 cui
2053 1043 2241 1075 attribuitur.
2254 1061 2274 1066 ·-
2289 1045 2337 1084 Ly
2351 1050 2459 1074 autem

1396 1086 1583 1126 inquantum
1600 1096 1666 1116 non
1683 1093 1806 1116 tenetur
1829 1087 2062 1127 reduplicative‚
2083 1087 2138 1117 sed
2152 1088 2371 1128 specificative.
2396 1088 2458 1118 De-

1394 1129 1542 1160 terminat
1564 1130 1649 1160 enim
1673 1130 1889 1161 conditionem
1912 1131 2088 1161 secundum
2103 1142 2201 1172 quam
2218 1132 2365 1162 convenit
2379 1132 2458 1162 rela-

1395 1173 1474 1203 tioni
1493 1174 1693 1210 constituere,
1718 1181 1749 1204 et
1771 1184 1836 1204 non
1861 1175 1989 1214 origini;
2015 1175 2096 1206 sicut
2119 1185 2192 1206 cum
2211 1176 2340 1212 dicitur,
2364 1177 2458 1206 homo

1395 1222 1442 1247 est
1465 1219 1589 1258 crispus
1611 1219 1800 1258 inquantum
1820 1219 2000 1258 capillatus.
2025 1219 2183 1250 Convenit
2206 1220 2291 1250 enim
2314 1220 2458 1250 relationi

1395 1262 1571 1292 secundum
1594 1262 1684 1311 quod
1707 1272 1774 1292 esse
1797 1262 1927 1312 aliquod
1953 1263 2107 1302 significat
2128 1263 2161 1294 in
2185 1264 2289 1294 divina
2312 1274 2457 1304 persona,

1395 1305 1585 1335 constituere
1609 1305 1721 1345 ipsam.
1747 1306 1787 1336 Et
1810 1306 1884 1346 quia
1907 1317 1972 1336 non
1996 1307 2158 1338 constituit
2180 1307 2282 1347 ipsam
2309 1315 2345 1338 ut
2368 1319 2456 1348 pars,

1395 1359 1452 1379 nec
1476 1349 1640 1388 distinguit
1666 1356 1702 1380 ut
1724 1350 1949 1386 adventitium;
1979 1350 2051 1381 ideo
2076 1351 2151 1381 dixit
2180 1352 2269 1392 quod
2297 1353 2459 1383 constituit

1394 1393 1497 1433 ipsam
1525 1394 1714 1433 inquantum
1740 1399 1786 1424 est
1808 1395 1886 1434 ipsa.
1912 1394 2019 1434 Itaque
2048 1405 2157 1425 sensus
2181 1402 2228 1426 est
2254 1396 2359 1436 quod,
2384 1397 2459 1437 quia

1394 1437 1504 1468 relatio
1528 1444 1584 1487 est,
1601 1447 1638 1467 ex
1653 1437 1780 1478 propria
1803 1438 1933 1474 ratione,
1951 1449 2015 1469 non
2032 1449 2113 1478 pars,
2138 1449 2195 1469 nec
2218 1440 2386 1470 adveniens
2405 1441 2459 1471 ali-

1395 1481 1482 1522 quid,
1499 1481 1580 1511 sed
1572 1491 1641 1521 1psa
1657 1491 1800 1521 persona,
1817 1482 1889 1512 ideo
1914 1489 1943 1513 et
1967 1483 2129 1514 constituit
2144 1490 2175 1514 et
2190 1483 2365 1524 distinguit;
2386 1485 2458 1515 sub-

1395 1525 1599 1565 intelligendo
1617 1535 1741 1565 semper
1756 1536 1936 1556 sermonem
1953 1527 1991 1557 de
2007 1527 2141 1567 propriis
2161 1529 2459 1567 personarum.-Et

1395 1570 1434 1600 ad
1458 1569 1726 1600 manifestandum
1750 1571 1837 1611 quod
1862 1570 1970 1601 relatio
1999 1571 2038 1601 sit
2065 1571 2133 1611 ipsa
2155 1582 2309 1611 persona,
2339 1579 2369 1603 et
2392 1583 2459 1603 non

1395 1624 1466 1654 pars
1493 1614 1543 1644 vel
1567 1613 1684 1654 aliquid
1700 1613 1726 1649 *,
1751 1614 1925 1644 adductum
1949 1621 1994 1645 est
2017 1615 2105 1656 quod
2128 1615 2170 1645 ibi
2199 1617 2390 1647 abstractum
2413 1623 2460 1648 est

1395 1659 1480 1688 idem
1503 1658 1592 1699 quod
1624 1665 1825 1688 concretum:
1857 1659 1919 1689 hoc
1943 1659 2028 1689 enim
2057 1669 2123 1689 non
2147 1665 2193 1690 est
2215 1670 2326 1690 verum
2355 1660 2387 1691 in
2410 1661 2459 1691 his

1395 1713 1477 1743 quae
1493 1712 1526 1732 se
1542 1702 1658 1732 habent
1677 1709 1712 1733 ut
1727 1709 1833 1733 totum
1850 1709 1880 1733 et
1895 1712 1976 1742 pars.
1987 1721 2006 1725 —
2017 1703 2109 1734 Unde
2132 1710 2217 1743 patet
2239 1705 2403 1744 responsio
2421 1705 2460 1735 ad

1396 1747 1519 1777 obiecta
1547 1746 1673 1776 omnia:
1704 1746 1804 1778 latens
1833 1747 1919 1777 enim
1950 1747 2101 1778 sententia
2131 1748 2255 1778 occasio
2284 1748 2345 1779 fuit
2374 1748 2459 1780 obie-

1395 1791 1548 1822 ctionum.

1453 1835 1540 1865 Haec
1563 1841 1670 1865 autem
1700 1834 1854 1874 intelligas
1878 1835 1916 1864 de
1941 1834 2003 1871 his,
2028 1835 2219 1876 inquantum
2249 1835 2323 1866 huic
2346 1836 2459 1867 rationi

1395 1879 1584 1909 deserviunt.
1601 1879 1663 1909 Sed
1678 1879 1846 1919 quomodo
1863 1879 2006 1909 absolute
2021 1890 2093 1909 vera
2109 1880 2157 1916 sit,
2174 1880 2258 1919 apud
2274 1882 2457 1918 Auctorem,

1395 1923 1472 1953 haec
1495 1923 1690 1963 propositio,
1715 1923 1831 1953 relatio
1854 1924 2016 1953 constituit
2039 1925 2227 1964 inquantum
2253 1929 2299 1954 est
2314 1934 2458 1964 persona

1394 1977 1476 2009 ⁸ipsa,
1500 1967 1533 1997 in
1557 1966 1688 1997 articulo
1712 1967 1886 2007 sequenti*
1905 1966 2034 1998 dicetur.

1451 2011 1534 2042 XIII.
1548 2010 1639 2041 Circa
1655 2011 1736 2041 dicta
1752 2011 1784 2041 in
1796 2011 1844 2041 his
1856 2011 2031 2042 rationibus
2042 2010 2060 2029 θ’

1396 2063 1442 2086 est
1465 2056 1498 2086 in
1520 2055 1624 2095 prima
1646 2055 1775 2091 ratione,
1800 2055 1890 2096 quod
1913 2055 2017 2085 omnis
2042 2055 2199 2086 distinctio
2224 2063 2350 2096 oportet
2371 2058 2460 2098 quod

1397 2100 1436 2130 sit
1451 2109 1507 2140 per
1522 2099 1653 2140 aliquod
1675 2099 1894 2135 intrinsecum,
1920 2098 2057 2132 formam
2080 2099 2196 2130 scilicet
2215 2100 2264 2130 vel
2284 2101 2458 2132 materiam.

1397 2144 1470 2174 Hoc
1493 2143 1578 2173 enim
1602 2150 1728 2183 oportet
1758 2143 1871 2173 habere
1894 2153 1952 2184 pro
1977 2143 2184 2174 fundamento
2208 2144 2241 2174 in
2269 2145 2399 2175 materia
2421 2146 2460 2176 de

1397 2187 1553 2228 principio
1577 2187 1844 2223 individuadonis,
1869 2193 1906 2217 ut
1928 2197 1994 2217 non
2017 2193 2154 2227 ponatur
2177 2188 2333 2228 quantitas
2352 2189 2460 2219 intrin-

1397 2242 1506 2263 secum
1530 2231 1746 2261 distinctivum
1770 2231 1904 2261 Socratis
1920 2241 1937 2260 a
1952 2231 2083 2261 Platone
2093 2231 2118 2262 *.
2133 2249 2153 2254 -—

1398 2276 1535 2306 secunda
1551 2275 1681 2311 ratione,
1699 2275 1788 2315 quod
1807 2275 1997 2314 distinguere
2013 2275 2107 2305 etiam
2123 2285 2292 2315 personam
2309 2276 2463 2317 contingit

1399 2319 1621 2351 constituendo
1646 2326 1676 2349 et
1699 2329 1765 2349 non
1789 2318 2021 2349 constituendo.
2052 2319 2093 2350 Et
2115 2319 2178 2350 hoc
2201 2327 2326 2360 oportet
2348 2321 2462 2352 habere

1398 2374 1472 2405 prae
1489 2363 1589 2394 oculis
1608 2363 1641 2393 in
1660 2362 1845 2403 quaestione
1862 2363 1901 2393 de
1917 2363 2116 2393 distinctione
2132 2364 2202 2394 Filii
2218 2375 2236 2394 a
2252 2364 2369 2405 Spiritu
2385 2365 2461 2396 San-

1399 2416 1466 2444 cto;
1491 2414 1528 2438 ut
1549 2407 1581 2437 in
1606 2417 1660 2447 qu.
1684 2417 1775 2437 xxxV1
1789 2406 1806 2426 *
1829 2407 1939 2437 diffuse
1963 2407 2109 2438 diximus.

1456 2452 1540 2482 XIV.
1565 2451 1681 2488 Quoad
1704 2456 1854 2491 quartum
1870 2451 1901 2487 *,
1926 2451 2088 2482 conclusio
2107 2452 2288 2491 responsiva
2309 2458 2370 2483 est:
2394 2453 2461 2494 Hy-

1399 2502 1540 2536 postases
1564 2495 1688 2525 divinae
1707 2495 1821 2525 melius
1844 2494 1957 2525 dicitur
1980 2495 2068 2537 quod
2092 2495 2323 2535 distinguantur
2337 2496 2462 2527 relatio-

1399 2540 1502 2575 nibus,
1527 2549 1625 2579 quam
1649 2549 1705 2579 per
1728 2538 1892 2578 originem.
1910 2555 1929 2561 -
1944 2539 1985 2569 Et
1999 2539 2152 2579 quoniam
2172 2541 2286 2570 melius
2309 2541 2462 2580 supponit

1399 2591 1571 2623 utrumque
1594 2583 1734 2619 bonum,
1764 2583 1950 2613 declarando
1975 2583 2232 2620 conclusionem,
2261 2584 2365 2624 primo
2390 2585 2465 2616 dicit

1400 2628 1488 2669 quod
1503 2635 1677 2667 utrumque
1693 2633 1740 2657 est
1754 2636 1876 2657 verum.
1889 2645 1909 2649 -
1921 2626 2078 2663 Secundo,
2095 2628 2184 2668 quod
2200 2628 2261 2658 hoc
2278 2635 2324 2659 est
2339 2629 2462 2666 melius,

1400 2672 1485 2713 quia,
1506 2670 1682 2701 secundum
1705 2671 1841 2701 modurn
1863 2670 2072 2711 intelligendi,
2097 2671 2184 2711 prius
2208 2678 2239 2702 et
2261 2672 2463 2712 principalius

1401 2716 1637 2755 distinguuntur
1656 2725 1711 2754 per
1734 2715 1911 2746 relationes.
1928 2733 1949 2737 —
1962 2715 2004 2745 Et
2026 2715 2157 2746 demum
2181 2716 2309 2746 deducit
2332 2717 2464 2747 corolla-

1401 2761 1494 2796 rium,
1513 2758 1685 2790 consistens
1705 2758 1739 2788 in
1755 2758 1926 2789 differentia
1948 2759 2028 2789 inter
2050 2759 2148 2790 Patris
2173 2767 2203 2791 et
2226 2760 2384 2791 Genitoris
2407 2771 2464 2791 no-

1401 2812 1492 2835 men:
1517 2803 1592 2844 quia
1615 2803 1705 2833 Pater
1729 2809 1775 2833 est
1796 2813 1862 2833 non
1886 2803 1991 2833 solum
2014 2803 2221 2843 proprietatis,
2242 2805 2297 2834 sed
2311 2815 2465 2844 personae

1402 2858 1530 2884 nomen,
1545 2847 1676 2878 Genitor
1691 2854 1798 2877 autem
1814 2847 2011 2887 proprietatis
2023 2854 2156 2878 tantum.
2170 2848 2211 2879 Et
2222 2855 2308 2888 patet
2323 2848 2463 2889 sequela:

1402 2892 1477 2934 quia
1499 2891 1608 2921 relatio
1633 2891 1804 2927 constituit,
1829 2891 1918 2931 origo
1943 2898 2050 2921 autem
2074 2902 2149 2922 non.

1456 2936 1508 2966 Ad
1536 2935 1780 2965 fundamentum
1812 2941 1918 2965 autem
1948 2935 2073 2965 alterius
2097 2935 2256 2976 opinionis
2275 2935 2306 2972 *,
2331 2931 2463 2972 scilicet{

1402 2981 1495 3020 origo
1510 2984 1557 3009 est
1569 2980 1664 3019 prior
1679 2979 1845 3016 relatione,
1862 2984 1969 3019 utpote
1983 2985 2191 3020 consequente
2207 2981 2319 3019 ipsam,
2335 2989 2464 3020 respon-

1403 3024 1526 3054 debitur
1541 3023 1574 3053 in
1589 3029 1702 3063 quarto
1719 3022 1861 3058 articulo,
1878 3022 1933 3053 ubi
1949 3023 2152 3063 distinguitur
2166 3023 2284 3054 relatio.

1459 3067 1528 3097 XV.
1554 3067 1589 3096 In
1612 3066 1818 3106 responsione
1842 3067 1882 3096 ad
1905 3066 2055 3107 primum,
2080 3067 2204 3097 adverte
2222 3067 2311 3107 quod
2334 3067 2372 3097 de
2395 3077 2464 3108 per-

1402 3111 1487 3141 sonis
1505 3110 1617 3140 divinis
1640 3120 1812 3151 possumus
1835 3110 1926 3151 loqui
1949 3111 2122 3150 dupliciter.
2146 3111 2269 3142 Scilicet
2290 3111 2463 3142 secundum

1382 3155 1384 3157 “
1401 3163 1455 3186 se:
1478 3161 1507 3184 et
1523 3154 1567 3184 sic
1581 3164 1693 3184 verum
1709 3161 1756 3184 est
1770 3154 1858 3195 quod
1878 3154 2113 3194 distinguuntur
2128 3155 2253 3195 seipsis;
2277 3162 2313 3185 ut
2328 3155 2463 3195 Praepo-

1402 3199 1511 3229 sitivus
1535 3205 1566 3228 et
1589 3198 1759 3238 Gregorius
1783 3199 1821 3228 de
1837 3198 1982 3228 Arimino
1998 3198 2016 3218 *
2038 3205 2154 3229 tenent.
2179 3199 2220 3229 Et
2238 3199 2299 3229 hoc
2323 3209 2464 3238 expresse

1404 3242 1547 3273 concedit
1562 3253 1585 3273 s.
1595 3242 1739 3272 Thomas
1754 3242 1787 3272 in
1803 3242 1814 3272 1
1831 3242 1930 3279 Seni„
1945 3242 2013 3273 dist.
2030 3253 2110 3279 xxvx,
2124 3252 2178 3282 qu.
2191 3253 2222 3278 ιι,
2240 3249 2295 3273 art.
2311 3253 2336 3279 1,
2353 3242 2392 3272 ad
2410 3244 2464 3274 5.-

1403 3287 1435 3318 Si
1454 3293 1561 3317 autem
1585 3286 1821 3317 considerentur
1843 3291 1879 3317 ut
1902 3292 1995 3316 notae
2018 3292 2048 3316 et
2069 3287 2271 3327 significatae
2294 3287 2393 3324 nobis,
2410 3286 2463 3323 sic,

1404 3341 1478 3361 cum
1494 3340 1559 3360 non
1582 3330 1815 3370 distinguantur
1837 3340 1855 3360 a
1879 3330 2083 3360 relationibus
2113 3330 2172 3360 nisi
2196 3330 2228 3360 in
2252 3331 2351 3360 modo
2369 3330 2464 3370 signi-

1402 3374 1532 3410 ficandi,
1559 3373 1794 3404 constituuntur
1816 3381 1846 3405 et
1870 3374 2105 3413 distinguuntur
2132 3374 2354 3411 relationibus;
2385 3374 2466 3406 sicut

1404 3420 1489 3449 Deus
1507 3417 1708 3448 constituitur
1723 3424 1754 3448 et
1772 3417 1973 3457 distinguitur
1988 3418 2104 3448 deitate
2123 3428 2141 3447 a
2159 3418 2297 3458 reliquis.

1460 3462 1543 3492 XVI.
1568 3461 1603 3491 In
1619 3462 1825 3501 responsione
1844 3462 1883 3491 ad
1899 3461 2036 3497 tertium,
2053 3461 2178 3492 adverte
2201 3462 2290 3502 quod
2307 3462 2464 3493 distinctio

1403 3506 1529 3536 relativa
1551 3505 1682 3545 ponitur
1700 3505 1801 3546 prima
1817 3506 1897 3536 inter
1912 3505 2125 3536 distinctiones
2144 3505 2251 3536 reales.
2275 3506 2363 3536 Tum
2380 3506 2464 3547 quia,

1403 3550 1578 3580 secundum
1601 3549 1779 3585 veritatem,
1804 3549 1871 3589 ipsa
1895 3549 1962 3579 sola
1991 3556 2037 3579 est
2059 3549 2241 3589 simpliciter
2271 3556 2302 3580 et
2331 3550 2464 3580 omnino

1403 3593 1589 3624 necessaria:
1610 3593 1745 3633 reliquas
1762 3593 1847 3623 enim
1862 3603 1928 3623 non
1944 3593 2086 3633 implicat
2102 3593 2382 3625 contradictionem
2398 3604 2464 3624 non

2165 2232 2347 2262 Secundum
2367 2240 2412 2264 est
2428 2233 2459 2263 in
2487 2240 2496 2249 ·

2509 919 2580 942 Νιιιιι.
2593 926 2643 942 vm.

2484 1618 2495 1628 '⁴
2514 1618 2606 1646 aliquid
2625 1618 2698 1640 adve-

2484 1644 2574 1666 niens?

2483 1974 2495 1985 ¹*
2509 1974 2642 1997 Commeat.
2657 1981 2680 1997 n.

2063 2035 2070 2047 ,
2087 2011 2212 2042 adverte
2225 2012 2300 2043 duo.
2315 2013 2460 2043 Primum
2470 2017 2472 2019 ’
2484 2006 2524 2038 3¹¹·

2510 2027 2545 2049 Cf.
2561 2033 2626 2050 num.
2639 2035 2664 2050 ι.

2511 2238 2548 2260 Cf.
2568 2245 2607 2271 qu.
2626 2245 2696 2266 xxtx,

2487 2269 2528 2287 art.
2538 2272 2554 2293 1,
2564 2266 2697 2288 Lommem.

2487 2298 2551 2314 num.
2565 2299 2598 2314 rx.

2488 2415 2563 2437 '.Art
2577 2421 2602 2442 2,
2625 2416 2699 2438 Com-

2488 2445 2560 2463 ment.
2574 2432 2637 2464 mim.
2645 2449 2686 2470 ιιι,

2487 2467 2549 2490 ⁴Ci.
2564 2475 2628 2491 num.
2643 2476 2660 2491 1.

2491 2946 2500 2955 ·
2516 2944 2553 2967 ef.
2566 2950 2631 2966 num.
2645 2950 2678 2966 ιι.

2488 3208 2499 3220 ⁸
2514 3208 2524 3229 Ι
2541 3208 2619 3235 Sent.‚
2642 3207 2702 3230 dist.

2489 3240 2554 3260 xxw,
2569 3241 2639 3261 xxvu,
2658 3238 2702 3256 art.

2490 3267 2510 3288 2,
2526 3262 2601 3283 concl.
2616 3267 2637 3283 2.
