2768 4178
172 920 203 940 vr,
218 919 242 936 n.

178 941 230 963 1881.
239 920 274 962 xi.

83 915 164 964 'serit

83 1336 148 1359 ⁸Cf.
157 1336 224 1358 etiam
238 1335 296 1357 Avi-

85 1369 136 1385 cen.
139 1362 294 1390 wMetaphys,

83 1394 150 1412 tract.
164 1389 185 1416 1,
205 1395 256 1420 cap.
271 1395 295 1410 tx

86 1416 122 1444 (al.
128 1420 194 1438 tract.
200 1416 218 1443 1,
224 1416 264 1437 lib.
266 1415 295 1442 11,

85 1449 136 1470 cap.
150 1449 173 1464 tv
173 1442 191 1471 ).

87 1656 97 1665 ·
112 1654 138 1676 S.
146 1654 254 1676 Th.lect.
265 1660 297 1676 tv.

85 1693 97 1697 -
104 1681 157 1703 Did.
164 1681 236 1709 lib.V‚
245 1687 295 1709 cap.

84 1713 114 1735 iv,
129 1713 152 1729 n.
163 1714 180 1729 1.
206 1717 213 1723 ·

85 1818 97 1829 ⁸
111 1818 162 1840 Art.
177 1817 282 1846 praeced.

181 1925 198 1942 α

318 295 393 332 208

1017 295 1284 342 QUAESTIO
1314 296 1418 343 XVI,
1448 295 1743 333 ARTICULUS
1774 296 1805 331 11

1091 446 1409 489 ARTICULUS
1440 445 1738 489 SECUNDUS

671 540 828 572 UTRUM
850 540 1035 571 VERITAS
1058 539 1124 571 SIT
1148 539 1191 570 IN
1215 539 1492 595 INTELLchrU
1517 539 1817 571 COMPONENTE
1842 539 1899 571 ET
1923 539 2160 571 DIVIDENTE

583 618 592 643 Ι
613 618 696 649 Sent„
711 619 769 644 dist.
781 626 831 650 xix,
845 627 888 652 qu.
903 626 927 648 v,
942 623 988 643 art.
1007 626 1028 648 1.
1043 618 1075 643 ad

1095 626 1109 650 7
1119 626 1127 650 ;
1147 618 1156 642 I
1178 618 1253 642 Cont.
1271 618 1358 648 Gent„
1378 624 1434 650 cap.
1443 624 1497 647 ux;
1517 618 1559 645 De
1583 618 1671 648 Verit„
1686 626 1732 651 qu.
1746 625 1763 648 1,
1778 623 1824 644 311.
1841 617 1863 649 3,
1878 626 1910 652 9;
1929 618 1938 643 1
1958 618 2112 647 Periherm„
2128 617 2187 643 lect.
2199 624 2228 643 m
2235 624 2242 648 ;

1064 653 1098 678 VI
1115 653 1279 686 Metaphys„
1294 654 1353 678 lect.
1366 660 1405 683 1v;
1424 653 1456 677 111
1475 653 1507 678 de
1524 653 1630 683 Anima,
1651 654 1710 679 lect.
1722 661 1756 679 xi.

348 760 384 811 1,.
437 762 494 792 ss«
533 757 555 782 D
571 756 761 782 SECUNDUM
775 756 828 781 518
843 755 1082 781 paocamrua.
1101 742 1261 780 Videtur
1279 742 1386 792 quod

348 763 512 858 ᾒῗὲρ(
532 798 670 835 veritas
690 810 768 834 non
797 797 842 834 sit
869 796 1022 833 solum
1014 808 1053 833 1n
1071 796 1260 833 intellectu
1281 807 1385 832 com-

475 842 700 900 ’30038318
729 858 765 887 81
785 849 987 887 dividente.
1017 849 1117 886 Dicit
1136 849 1238 886 enim
1258 848 1385 885 Philo-

465 913 467 919 ’
513 905 689 953 sophus,
718 903 758 940 in
786 904 836 939 ΙΙΙ
865 903 911 940 de
936 902 1077 939 Anima
1096 901 1128 949 ²¹⁸,
1157 901 1264 951 quod
1291 901 1386 939 sicut

322 968 455 993 sensus
482 957 724 1006 propriorum
753 955 987 993 sensibilium
1016 967 1168 1004 semper
1186 954 1268 992 veri
1287 961 1384 1001 sunt,

321 1009 371 1046 ita
399 1017 436 1046 et
462 1009 670 1047 intellectus
699 1009 777 1046 eius
807 1009 908 1057 quod
924 1009 1015 1057 quid
1035 1009 1098 1045 est.
1130 1007 1207 1045 Sed
1227 1019 1386 1066 compo-

322 1062 405 1099 sitio
427 1069 462 1099 et
486 1062 620 1100 divisio
650 1074 728 1099 non
757 1069 812 1098 est
830 1073 956 1109 neque
984 1061 1023 1098 in
1051 1073 1177 1108 sensu,
1203 1072 1328 1120 neque
1347 1060 1386 1097 in

321 1115 509 1152 intellectu
529 1122 781 1164 cognoscente
801 1115 902 1163 quod
925 1114 1016 1163 quid
1041 1120 1103 1151 est.
1125 1115 1228 1162 Ergo
1246 1113 1386 1151 veritas

322 1180 400 1205 non
438 1169 563 1205 solum
593 1175 648 1206 est
679 1168 719 1205 in
747 1167 1024 1217 compositione
1054 1174 1090 1204 et
1117 1166 1303 1205 divisione
1331 1166 1386 1203 in-

322 1221 501 1258 tellectus.

376 1285 412 1310 2.
442 1275 674 1322 PRAETEREA,
705 1275 810 1318 Isaac
844 1272 952 1320 dicit,
980 1273 1019 1309 in
1046 1272 1142 1309 libro
1171 1273 1217 1310 de
1243 1273 1387 1320 Defini—

322 1327 482 1364 tionibus
495 1327 526 1375 *,
547 1327 653 1376 quod
671 1327 811 1365 veritas
831 1333 887 1363 est
905 1325 1132 1374 adaequatio
1152 1326 1206 1362 rei
1226 1333 1262 1362 et
1281 1326 1386 1363 intel-

321 1381 450 1417 lectus.
477 1380 554 1418 Sed
582 1380 677 1418 sicut
703 1380 911 1417 intellectus
941 1379 1230 1428 complexorum
1262 1386 1388 1428 potest

323 1433 527 1483 adaequari
547 1434 672 1482 rebus,
693 1432 743 1470 ita
762 1432 970 1470 intellectus
990 1431 1333 1482 incomplexorum,
1351 1439 1387 1469 et

323 1487 437 1524 etiam
457 1489 589 1524 sens'us
608 1485 773 1524 sentiens
792 1497 875 1523 rem
888 1492 930 1523 ut
949 1493 1015 1523 est.
1037 1486 1139 1533 Ergo
1154 1485 1293 1522 veritas
1308 1497 1388 1523 non

324 1547 379 1577 est
397 1540 523 1577 solum
542 1539 582 1577 in
602 1538 880 1588 compositione
900 1546 937 1576 et
956 1538 1140 1576 divisione
1164 1538 1386 1576 intellectus.

377 1594 451 1630 SED
479 1604 624 1630 CONTRA
652 1604 718 1629 EST
745 1592 851 1641 quod
871 1591 959 1630 dicit
985 1591 1253 1640 Philosophus,
1273 1591 1312 1629 in
1334 1592 1386 1630 VI

321 1646 537 1695 Metaphys.
554 1646 585 1694 ²¹⁸,
606 1645 712 1695 quod
732 1645 829 1682 circa
852 1644 1036 1694 simplicia
1056 1652 1093 1682 et
1111 1645 1212 1693 quod
1228 1645 1319 1694 quid
1335 1651 1390 1683 est

322 1712 402 1736 non
431 1707 487 1736 est
512 1699 663 1746 veritas,
692 1710 763 1735 nec
782 1698 821 1735 in
840 1698 1030 1735 intellectu
1057 1709 1182 1747 neque
1201 1697 1240 1735 in
1259 1698 1385 1736 rebus.

282 855 390 930 2³4

377 1753 602 1789 Responnzo
622 1763 810 1789 DtCENDUM
835 1751 941 1800 quod
959 1763 1108 1798 verum,
1129 1751 1225 1788 sicut
1244 1751 1386 1789 dictum

324 1812 380 1842 est
393 1804 424 1853 ³¹²,
450 1805 663 1842 secundum
684 1803 742 1841 sui
761 1804 925 1854 primam
945 1803 1131 1840 rationem
1152 1811 1207 1841 est
1225 1804 1264 1841 in
1282 1804 1387 1841 intel-

322 1858 432 1895 lectu.
464 1858 564 1894 Cum
593 1865 721 1894 autem
750 1857 875 1894 omnis
903 1869 963 1893 res
991 1856 1037 1894 sit
1063 1868 1157 1894 vera
1176 1857 1387 1894 secundum

323 1911 427 1959 quod
446 1911 562 1947 habet
575 1916 593 1932 ⁸
611 1910 807 1960 propriam
827 1910 992 1946 formam
1012 1916 1170 1946 naturae
1196 1922 1299 1958 suae,
1324 1922 1388 1947 ne-

324 1976 430 2000 88558
459 1971 515 2000 851
542 1963 647 2012 quod
668 1963 887 2010 intellectus,
908 1962 1136 2011 inquantum
1165 1970 1220 2000 est
1248 1975 1387 2011 cogno-

323 2029 445 2064 scens,
475 2017 521 2054 sit
547 2029 662 2053 verus
695 2016 921 2065 inquantum
953 2015 1069 2052 habet
1105 2015 1389 2054 similitudinem

323 2069 375 2106 rei
405 2070 590 2117 cognitae,
620 2081 719 2117 quae
748 2076 804 2106 est
830 2069 955 2106 forma
983 2068 1063 2105 eius
1087 2068 1313 2116 inquantum
1333 2076 1389 2106 est

324 2134 569 2170 cognoscens.
607 2123 656 2159 Et
682 2129 838 2172 propter
873 2122 949 2159 1108
982 2134 1051 2170 per
1083 2121 1388 2159 conformitatem

322 2175 529 2212 intellectus
558 2182 594 2212 et
621 2175 674 2212 rei
701 2175 840 2213 veritas
874 2174 1062 2212 definitur.
1101 2175 1212 2212 Unde
1241 2175 1389 2212 confor-

377 2297 404 2330 α)
419 2297 536 2322 omnis...
549 2296 636 2322 habet.
647 2310 666 2316 -
679 2303 770 2322 omnes
786 2303 827 2321 res
846 2297 900 2322 sint
913 2303 992 2322 verae
1005 2297 1148 2322 secundum
1163 2297 1234 2329 quod
1247 2296 1344 2322 habent
1357 2297 1388 2322 B.

376 2331 401 2365 β)
422 2333 510 2358 istam.
528 2346 547 2351 -
565 2332 626 2357 Om.
645 2333 756 2357 codices.

375 2368 402 2401 γ)
421 2368 470 2393 sui.
487 2381 507 2387 ·-
524 2375 600 2393 suam
618 2367 740 2392 ABCDE.

376 2402 400 2436 δ)
420 2410 485 2428 rem.
502 2417 521 2422 -
538 2403 682 2428 secundum
701 2402 773 2436 quod
791 2402 927 2435 cognoscit
945 2402 1015 2427 addit
1032 2402 1062 2427 B.

1440 742 1611 781 mitatem
1639 744 1750 782 istam
1769 743 1786 773 β
1816 756 2058 792 cognoscere,
2080 752 2136 782 est
2155 756 2387 792 cognoscere
2409 745 2508 782 veri-

1438 803 1568 833 tatem.
1599 798 1709 834 Hanc
1728 805 1858 834 autem
1877 798 1980 835 nullo
2001 798 2121 834 modo
2141 810 2274 835 sensus
2295 798 2506 846 cognoscit:

1438 848 1524 885 11881
1562 849 1664 886 8111111
1691 849 1798 887 visus
1834 851 1974 887 habeat
2010 850 2293 888 similitudinem
2325 850 2505 898 visibilis,

1439 913 1518 938 non
1553 909 1682 939 tamen
1720 903 1914 951 cognoscit
1951 903 2281 952 comparationem
2318 916 2417 952 quae
2451 912 2507 942 est

1438 954 1534 991 inter
1560 966 1643 991 rem
1672 955 1794 992 visam
1824 962 1860 992 et
1886 955 1926 992 id
1949 957 2055 1005 quod
2086 956 2168 1005 ipse
2188 957 2439 1006 apprehendit
2458 957 2506 994 de

1440 1019 1496 1043 83.
1528 1007 1741 1044 Intellectus
1764 1014 1893 1045 autern
1923 1009 2230 1046 conformitatem
2251 1009 2307 1047 sui
2322 1014 2336 1037 ⁷
2356 1010 2405 1048 ad
2425 1021 2507 1047 rem

1439 1059 1709 1108 intelligibilem
1739 1072 1969 1108 cognoscere
1997 1069 2144 1110 potest:
2173 1062 2241 1100 sed
2269 1070 2399 1100 tamen
2426 1075 2507 1100 non

1440 1113 1692 1162 apprehendit
1729 1125 1815 1150 eam
1840 1111 2067 1152 ‘secundum
2096 1115 2200 1164 quod
2238 1115 2431 1164 cognoscit
2458 1116 2507 1153 de

1441 1166 1567 1215 aliquo
1596 1167 1698 1215 quod
1723 1166 1814 1215 quid
1839 1172 1913 1211 est;
1941 1168 2009 1205 sed
2037 1168 2193 1215 quando
2222 1168 2362 1206 iudicat
2389 1181 2472 1206 rern
2492 1166 2507 1190 δ

1440 1219 1490 1257 113
1518 1232 1559 1256 58
1585 1220 1728 1257 habere
1766 1219 1862 1257 sicut
1894 1227 1950 1257 est
1985 1220 2110 1258 forma
2147 1233 2264 1270 quam
2298 1221 2345 1258 de
2374 1233 2415 1258 re
2443 1233 2508 1271 ap-

1439 1273 1652 1321 prehendit,
1681 1280 1771 1310 tunc
1798 1272 1924 1322 primo
1958 1273 2152 1322 cognoscit
2181 1281 2216 1310 et
2244 1272 2333 1313 dicit
2357 1285 2507 1312 verum.

1441 1327 1490 1363 Et
1508 1326 1584 1363 hoc
1611 1325 1698 1363 facit
1726 1326 1999 1375 componendo
2030 1334 2066 1363 et
2093 1326 2325 1364 dividendo:
2353 1339 2444 1374 nam
2469 1326 2510 1365 in

1441 1378 1548 1416 omni
1574 1378 1836 1428 propositione
1864 1379 2032 1428 aliquam
2058 1380 2224 1417 formam
2257 1379 2509 1428 significatam

1439 1444 1509 1481 per
1535 1431 1808 1482 praedicatum,
1828 1432 1891 1470 vel
1911 1432 2075 1482 applicat
2103 1433 2214 1470 alicui
2242 1433 2296 1470 rei
2321 1432 2510 1482 significa-

1440 1493 1500 1522 tae
1528 1498 1598 1534 per
1624 1485 1850 1533 subiectum,
1880 1486 1943 1523 vel
1974 1494 2150 1524 removet
2177 1486 2226 1523 ab
2256 1498 2313 1524 ea.
2343 1486 2392 1524 Et
2418 1485 2508 1524 ideo
2536 1492 2546 1525 '2

1441 1539 1539 1576 bene
1568 1538 1758 1576 invenitur
1785 1538 1890 1587 quod
1905 1550 2050 1576 sensus
2080 1547 2135 1576 est
2161 1551 2276 1577 verus
2305 1540 2354 1577 de
2382 1538 2510 1589 aliqua

1442 1604 1494 1639 re,
1514 1592 1576 1629 vel
1594 1591 1804 1629 intellectus
1829 1593 2098 1640 cognoscendo
2118 1593 2220 1641 quod
2236 1592 2327 1641 quid
2342 1597 2410 1630 est:
2439 1591 2509 1630 sed
2542 1599 2547 1634 2

1441 1657 1520 1682 non
1539 1644 1646 1693 quod
1671 1652 1876 1693 cognoscat
1893 1652 1958 1682 aut
1977 1644 2076 1682 dicat
2093 1657 2242 1683 verum.
2271 1646 2321 1683 Et
2339 1644 2509 1683 similiter

1443 1706 1497 1735 est
1526 1697 1573 1735 de
1601 1698 1763 1735 vocibus
1792 1698 2000 1747 complexis
2033 1706 2096 1735 aut
2115 1698 2363 1748 incomplexis
2381 1704 2403 1736 ¹.
2432 1699 2509 1736 Ve-

1442 1751 1530 1788 ritas
1559 1751 1716 1800 quidem
1753 1750 1862 1799 igitur
1888 1758 2014 1800 potest
2042 1763 2124 1788 esse
2152 1751 2191 1788 in
2219 1764 2349 1799 sensu,
2377 1752 2440 1789 vel
2467 1751 2508 1788 in

1441 1804 1631 1842 intellectu
1656 1811 1908 1852 cognoscente
1936 1804 2037 1852 quod
2063 1804 2153 1853 quid
2178 1810 2251 1851 est,
2280 1812 2321 1842 ut
2347 1804 2387 1842 in
2415 1816 2507 1854 qua-

1443 1857 1533 1895 dam
1554 1869 1593 1894 re
1612 1869 1720 1894 vera:
1751 1869 1830 1893 non
1858 1863 1987 1894 autern
2012 1865 2054 1894 ut
2082 1857 2276 1918 cognitum
2300 1857 2340 1894 in
2367 1869 2509 1906 cogno-

1443 1917 1571 1947 scente
1588 1939 1597 1957 ,
1637 1909 1742 1958 quod
1780 1909 1961 1958 importat
1995 1921 2141 1947 nornen
2176 1910 2284 1955 veri;
2325 1909 2513 1963 perfectio

1444 1962 1545 1999 831111
1561 1962 1574 1989 t
1593 1962 1801 1999 intellectus
1822 1970 1890 2000 est-
1885 1974 2033 2014 v-erum
2052 1970 2094 1999 ut
2114 1962 2317 2011 cognitum.
2339 1963 2389 2000 Et
2407 1952 2513 2011 ideo,
2548 1965 2557 2006 ’ἱ

1441 2015 1595 2065 proprie
1623 2015 1835 2064 loquendo,
1863 2015 2002 2053 veritas
2031 2023 2087 2053 est
2113 2015 2153 2053 in
2180 2015 2371 2053 intellectu
2406 2027 2510 2053 com·
2552 2007 2561 2052 ἰ

1442 2076 1609 2118 ponente
1630 2075 1665 2106 et
1685 2068 1894 2106 dividente:
1924 2080 2003 2105 non
2027 2076 2157 2106 autem
2176 2068 2216 2106 in
2234 2080 2360 2118 sensu,
2381 2080 2507 2118 neque

1442 2122 1481 2159 in
1509 2121 1699 2159 intellectu
1727 2129 1981 2170 cognoscente
2010 2122 2112 2170 quod
2137 2122 2228 2171 quid
2253 2127 2316 2160 est.

1496 2175 1546 2212 Et
1572 2186 1641 2224 per
1668 2175 1743 2211 hoc
1770 2181 1875 2223 patet
1902 2174 2039 2212 solutio
2068 2174 2118 2212 ad
2147 2174 2295 2212 obiecta
2313 2180 2339 2212 '¹.

1496 2297 1517 2329 t)
1537 2300 1585 2321 aut
1610 2296 1794 2328 incomplexis.
1811 2310 1831 2315 -
1848 2299 1875 2321 et
1898 2296 2074 2328 incomplexis
2093 2297 2174 2326 BFG,
2197 2303 2252 2321 om.
2271 2298 2356 2323 ceteri.
2376 2298 2433 2324 Hoc
2451 2298 2509 2324 loco

1441 2332 1531 2364 plures
1550 2332 1608 2357 edd.
1627 2332 1729 2364 legunt:
1751 2331 1787 2356 Et
1804 2331 1928 2356 similiter
1946 2335 1985 2357 est
2005 2331 2038 2357 de
2056 2332 2162 2358 vocibus
2182 2332 2365 2364 incomplexis.

1495 2366 1520 2399 ζ)
1540 2367 1619 2392 enim.
1637 2380 1656 2385 -
1673 2370 1762 2392 autem
1780 2366 1924 2391 ABCDEF.

1496 2403 1522 2435 η)
1542 2402 1650 2427 obsecra.
1668 2416 1687 2421 —
1705 2404 1866 2435 argumenta
1885 2402 1954 2427 addit
1972 2403 2002 2428 B.

1009 2489 1339 2523 Commentario,
1362 2490 1610 2523 cardinalis
1633 2489 1831 2523 Caietani

386 2590 493 2611 trimus
518 2579 628 2615 clarus,
654 2577 740 2618 apud
763 2577 929 2609 retinentes
952 2578 1041 2619 quod
1060 2577 1235 2609 intellectus
1254 2588 1388 2619 compo-

328 2592 465 2655 Tnens
489 2630 519 2654 et
542 2623 683 2654 dividens
705 2632 771 2654 non
797 2621 949 2663 significat
968 2622 1174 2654 substantiam
1200 2629 1255 2653 aut
1278 2629 1390 2663 poten-

326 2669 404 2700 tiam
420 2669 575 2709 aliquam;
600 2667 655 2698 sed
670 2665 889 2707 operationem
911 2666 1087 2697 intellectus
1101 2673 1247 2697 vocatam
1264 2676 1389 2708 compo-

328 2714 400 2744 sitio
424 2718 454 2743 et
476 2712 587 2743 divisio
610 2711 643 2741 in
668 2711 707 2741 111
731 2711 771 2742 de
793 2711 910 2742 Anima
925 2709 954 2741 ’ἦ

382 2757 419 2788 ΙΙ.
444 2757 480 2787 In
504 2765 635 2796 corpore
660 2761 705 2786 est
727 2755 821 2786 unica
846 2754 1018 2791 conclusio,
1043 2754 1226 2795 responsiva
1248 2754 1391 2796 quaesito

329 2800 527 2831 affirmative:
551 2799 682 2836 Veritas,
700 2799 826 2840 proprie
842 2799 1014 2840 loquendo,
1037 2805 1083 2830 est
1098 2805 1222 2829 tantum
1245 2799 1278 2829 in
1300 2798 1392 2830 intel-

328 2845 411 2876 lectu
431 2850 642 2885 componente
659 2850 689 2874 et
705 2843 872 2875 dividente.
888 2861 908 2866 -
922 2844 1009 2874 Haec
1026 2843 1188 2874 conclusio
1205 2842 1299 2874 habet
1314 2843 1392 2874 duas

329 2895 530 2930 exponentes,
547 2887 676 2918 scilicet:
701 2888 822 2938 veritas,
847 2887 973 2928 proprie
988 2887 1161 2928 loquendo,
1178 2893 1224 2918 est
1246 2886 1279 2917 in
1301 2886 1392 2918 intel-

329 2933 411 2965 lectu
428 2938 640 2974 componente
657 2938 687 2962 et
706 2923 878 2969 dividente;
905 2938 943 2968 et,
961 2931 1072 2982 quod
1064 2941 1097 2961 13
1114 2931 1203 2962 nullo
1219 2931 1291 2962 alio.
1315 2931 1391 2962 Pro-

329 2978 506 3018 banturque
529 2976 640 3007 ambae
663 2975 758 3006 simul
780 2976 814 3006 in
836 2976 946 3012 littera,
970 2976 1022 3006 sic.
1048 2975 1162 3006 Omnis
1185 2985 1233 3006 res
1257 2981 1303 3006 est
1320 2985 1393 3006 vera

330 3021 507 3052 secundum
539 3020 628 3061 quod
657 3019 750 3051 habet
781 3020 942 3060 propriam
972 3019 1110 3050 formam
1138 3029 1213 3050 suae
1243 3026 1391 3050 naturae:

331 3075 404 3106 ergo
428 3065 615 3101 intellectus,
635 3070 671 3094 ut
687 3074 889 3104 cognoscens,
914 3070 960 3094 est
981 3073 1083 3100 veruS,
1108 3064 1284 3094 secundum
1303 3063 1392 3105 quod

330 3109 518 3140 assimilatur
540 3108 584 3139 rei
601 3108 758 3148 cognitae:
783 3118 856 3148 ergo
880 3108 991 3138 veritas
1015 3114 1061 3138 est
1077 3107 1281 3139 conformitas
1303 3107 1394 3138 intel-

330 3153 429 3184 lectus
453 3159 484 3184 et
513 3153 576 3183 rei:
607 3162 681 3192 ergo
711 3161 900 3192 cognoscere
931 3152 1094 3191 veritatem
1126 3158 1172 3183 est
1203 3160 1392 3192 cognoscere

331 3197 586 3228 conformitatem
610 3196 798 3236 cognitionis
822 3196 861 3226 ad
886 3196 1062 3236 cognitum:
1088 3205 1162 3236 ergo
1186 3205 1244 3226 nec
1267 3205 1391 3232 sensus,

332 3251 389 3272 1188
412 3241 587 3272 13181188135
609 3240 694 3281 quod
716 3240 793 3280 quid
815 3246 877 3278 est,
905 3241 959 3270 sed
981 3240 1156 3271 intellectus
1186 3239 1327 3270 iudicans
1350 3238 1394 3274 ita

333 3295 398 3315 esse
422 3285 502 3316 sicut
525 3284 779 3325 apprehenditur,
803 3284 966 3324 cognoscit
988 3284 1092 3324 primo
1117 3290 1147 3315 et
1169 3283 1244 3314 dicit
1265 3291 1392 3314 verum:

333 3339 406 3369 ergo
430 3328 604 3359 intellectus
628 3338 825 3368 componens
850 3335 880 3359 et
903 3328 1043 3358 dividens
1079 3327 1241 3368 cognoscit
1263 3335 1392 3358 verum:

333 3383 406 3412 ergo
430 3373 463 3402 in
487 3383 525 3403 eo
540 3378 664 3403 tantum
688 3379 734 3403 est
749 3382 860 3403 verum
884 3372 1059 3403 secundum
1075 3371 1241 3412 proprium
1259 3370 1394 3401 modum

333 3416 462 3447 nomine
486 3417 554 3447 veri
576 3416 801 3456 importatum:
827 3426 901 3456 ergo
925 3416 957 3446 in
981 3426 1019 3446 eo
1043 3422 1167 3447 tantum
1198 3422 1244 3447 est
1265 3424 1393 3450 verum,

332 3460 458 3500 proprie
481 3460 653 3500 loquendo.

386 3503 491 3534 Prima
521 3503 745 3544 consequentia
773 3504 941 3544 probatur:
968 3503 1042 3544 quia
1067 3503 1240 3534 similitudo
1268 3502 1311 3533 rei
1341 3511 1394 3532 co-

334 3547 437 3587 gnitae
467 3554 513 3578 est
539 3548 666 3588 propria
693 3547 796 3578 forma
826 3547 1001 3578 intellectus
1026 3554 1060 3578 ut
1084 3557 1286 3587 cognoscens.
1304 3563 1324 3568 -
1340 3545 1394 3576 Se-

335 3591 438 3622 cunda
464 3601 537 3621 vero
562 3591 725 3622 manifeste
753 3598 837 3622 tenet
861 3601 897 3622 ex
925 3601 983 3622 suo
1013 3591 1213 3621 antecedente
1241 3590 1394 3630 probato,

335 3635 481 3666 adiuncta
504 3634 557 3665 illa
576 3635 792 3675 propositione
812 3635 844 3665 in
868 3635 1022 3675 principio
1047 3635 1187 3675 corporis
1203 3633 1322 3665 articuli
1341 3643 1397 3674 po-

1443 2578 1510 2615 sita,
1527 2577 1653 2615 scilicet,
1671 2588 1780 2610 verum
1804 2578 1979 2609 secundum
1995 2580 2047 2610 sui
2063 2580 2205 2619 primam
2225 2580 2382 2610 rationem
2407 2585 2454 2612 est
2475 2580 2510 2612 in

1444 2622 1615 2654 intellectu.
1642 2621 1674 2654 Si
1698 2622 1783 2652 enim
1807 2622 1850 2653 sic
1875 2629 1929 2659 est,
1956 2630 1986 2654 et
2008 2623 2119 2654 veritas
2142 2623 2317 2655 intellectus
2341 2623 2511 2656 attenditur

1444 2666 1621 2698 secundum
1643 2666 1882 2697 similitudinem
1907 2667 1947 2697 ad
1966 2677 2042 2704 rem,
2063 2677 2260 2709 consequens
2277 2674 2323 2699 est
2345 2668 2434 2710 quod
2456 2677 2509 2699 ve-

1444 2710 1516 2742 ritas
1540 2720 1596 2751 per
1625 2710 1880 2741 conformitatem
1903 2711 2078 2742 intellectus
2102 2718 2132 2743 et
2155 2711 2199 2742 rei
2223 2711 2400 2743 definienda
2423 2711 2471 2744 sit.
2488 2730 2509 2735 -

1444 2754 1551 2786 Tertia
1574 2761 1680 2785 autem
1704 2761 1740 2785 ut
1764 2760 1839 2785 nota
1866 2755 2062 2796 relinquitur.
2087 2755 2128 2786 Et
2152 2765 2224 2786 vere
2247 2763 2324 2787 nota
2347 2762 2407 2787 est:
2428 2765 2509 2798 quo·

1444 2798 1548 2835 niam,
1578 2798 1604 2829 si
1626 2798 1738 2829 veritas
1769 2799 1958 2839 cognitionis
1987 2799 2129 2830 consistit
2156 2799 2189 2830 in
2221 2799 2424 2831 similitudine
2453 2809 2510 2831 seu

1445 2842 1666 2874 conformitate
1681 2842 1856 2873 intellectus
1880 2850 1911 2874 et
1933 2843 1987 2880 rei,
2011 2850 2138 2884 oportet
2162 2850 2198 2875 ut
2221 2853 2411 2884 cognoscere
2425 2843 2508 2875 veri·

1445 2893 1542 2918 tatem
1558 2886 1597 2917 sit
1611 2896 1800 2927 cognoscere
1815 2886 2070 2918 conformitatem
2093 2888 2183 2924 hanc,
2201 2887 2317 2918 scilicet
2330 2887 2507 2918 intellectus

1446 2937 1476 2962 et
1499 2930 1559 2967 rei;
1584 2937 1615 2961 et
1637 2940 1654 2961 e
1676 2940 1845 2967 converSO‚
1871 2941 2060 2972 cognoscere
2088 2931 2169 2962 hanc
2193 2930 2448 2962 conformitatem
2470 2930 2511 2962 sit

1446 2984 1635 3015 cognoscere
1650 2974 1821 3005 veritatem.
1836 2992 1854 2998 —
1867 2975 1987 3012 Quarta
2002 2985 2087 3012 vero,
2099 2975 2206 3017 quoad
2221 2981 2323 3016 partes
2339 2974 2508 3015 negativas,

1445 3019 1618 3050 declaratur
1633 3018 1666 3049 in
1680 3018 1750 3049 visu
1767 3025 1798 3049 et
1811 3018 1970 3050 intellectu
1986 3019 2131 3060 simplici.
2157 3019 2274 3056 Quoad
2288 3018 2509 3050 affirmativam

1445 3073 1530 3099 vero,
1549 3072 1606 3093 nec
1628 3062 1815 3102 probatione
1839 3073 1896 3094 nec
1913 3063 2164 3095 manifestatione
2181 3069 2258 3103 eget.
2276 3081 2296 3085 —
2312 3062 2432 3100 Quinta
2452 3072 2510 3094 au-

1446 3113 1511 3137 tem
1530 3107 1695 3147 probatur:
1720 3106 1794 3147 quia
1817 3106 1849 3137 in
1874 3107 1963 3138 omni
1981 3106 2199 3148 propositione
2216 3107 2355 3148 aliquam
2372 3107 2510 3138 formam

1446 3149 1652 3191 significatam
1675 3160 1731 3191 per
1754 3150 1981 3191 praedicatum,
2008 3151 2144 3192 applicat
2166 3151 2210 3181 rei
2241 3150 2431 3191 significatae
2454 3159 2511 3192 per

1447 3194 1633 3230 subiectum,
1653 3194 1704 3224 vel
1719 3201 1861 3226 removet
1884 3196 1922 3226 ab
1946 3205 1991 3227 ea.
2004 3212 2023 3218 -
2040 3194 2131 3226 Sexta
2145 3205 2220 3225 vero
2245 3195 2410 3236 probatur:
2435 3194 2510 3236 quia

1447 3247 1558 3268 verum
1582 3244 1628 3268 est
1650 3237 1800 3278 perfectio
1823 3238 1998 3270 intellectus
2021 3245 2056 3269 ut
2080 3238 2252 3278 cognitum.
2278 3239 2319 3270 Et
2333 3237 2511 3270 manifesta-

1447 3288 1499 3312 tur
1519 3292 1555 3312 ex
1572 3281 1752 3318 differentia,
1779 3292 1815 3313 ex
1839 3282 2022 3323 supradictis
2046 3290 2268 3323 consequente,
2290 3283 2370 3314 inter
2393 3291 2510 3323 cogno-

1448 3332 1587 3356 scentem
1610 3335 1678 3356 esse
1701 3336 1823 3364 verum,
1849 3333 1879 3357 et
1902 3332 2145 3366 cognoscentem
2171 3336 2364 3368 cognoscere
2387 3335 2508 3357 verum.

1449 3370 1530 3400 Illud
1546 3369 1631 3400 enim
1650 3376 1696 3400 est
1719 3377 1963 3410 cognoscentem
1979 3379 2045 3400 esse
2068 3380 2179 3400 verum
2200 3378 2236 3402 ut
2250 3370 2412 3411 quandam
2427 3377 2509 3400 rem:

1449 3420 1479 3444 et
1502 3413 1574 3444 ideo
1598 3413 1745 3444 convenit
1774 3414 1898 3450 sensui,
1928 3420 1958 3444 et
1985 3413 2156 3444 intellectui
2180 3414 2264 3455 quod
2285 3414 2363 3455 quid
2390 3418 2454 3451 est,
2480 3419 2511 3443 et

1448 3457 1580 3488 vocibus
1602 3457 1817 3497 incomplexis.
1842 3458 1914 3487 Hoc
1938 3464 2043 3487 autem
2068 3465 2113 3488 est
2137 3458 2249 3489 habere
2272 3467 2383 3488 verum
2403 3463 2438 3487 ut
2457 3466 2509 3487 co-

1449 3501 1573 3541 gnitum
1596 3501 1629 3531 in
1653 3507 1873 3541 cognoscente:
1900 3507 1930 3531 et
1952 3501 2023 3531 ideo
2048 3501 2079 3531 in
2103 3502 2262 3534 intellectu
2287 3507 2508 3541 componente,

1449 3545 1644 3585 vocibusque
1668 3544 1840 3584 complexis
1859 3550 1894 3574 ut
1918 3544 2022 3584 signis,
2039 3553 2095 3576 etc.
2113 3563 2132 3568 —
2149 3546 2267 3577 Ultima
2285 3545 2416 3576 demum
2435 3553 2510 3575 con-

1450 3588 1611 3629 sequentia
1635 3598 1690 3628 per
1713 3598 1744 3618 se
1768 3594 1844 3618 nota
1867 3594 1921 3624 est,
1947 3596 1982 3619 ut
2006 3596 2098 3629 patet.

1505 3632 1555 3663 111.
1575 3632 1626 3662 Ad
1650 3631 1838 3662 evidentiam
1862 3632 1987 3668 horum,
2006 3633 2129 3664 adverte
2153 3633 2242 3674 quod
2264 3632 2377 3673 planus
2401 3639 2512 3662 sensus
