2768 4178
182 1453 211 1486 πὶ

205 1442 237 1487 as»

237 1426 254 1486 »1⁴¹

46 1469 64 1486 Β

73 1469 89 1492 Ὀ

103 1396 132 1486 5⁶..

108 1399 168 1526 23²3.

980 241 1248 288 QUAESTIO
1278 243 1379 290 XIV,
1410 243 1706 281 ARTICULUS
1736 246 1787 282 XI

345 321 560 357 Antecedens,
586 331 660 351 cum
690 320 793 362 prima
824 320 1067 361 consequentia,
1092 320 1279 361 relinquitur
1303 331 1361 361 pro

292 364 438 396 evidenti.
463 365 608 396 Secunda
627 375 702 396 vero
721 365 888 406 probatur:
913 364 989 405 quia
1004 372 1078 396 sunt
1094 365 1252 406 quaedam
1267 365 1361 402 bona,

291 408 409 450 quibus
433 416 538 450 potest
561 409 699 440 accidere
721 415 757 440 ut
772 419 827 449 per
850 408 933 439 mala
957 416 1210 450 corrumpantur,
1228 416 1263 440 ut
1277 416 1363 450 patet

292 460 358 484 tam
381 454 420 484 de
443 454 530 484 bono
555 453 698 490 naturali,
723 463 822 494 quam
845 452 967 483 morali.

347 498 398 528 ΙΙΙ.
416 498 533 536 Quoad
548 498 735 535 secundum,
760 497 877 527 modus
894 497 1106 537 cognoscendi
1124 505 1170 528 est
1186 508 1242 538 per
1258 498 1360 528 aliud:

291 541 335 573 ita
357 543 447 583 quod
469 542 547 574 haec
571 541 750 578 conclusio,
774 542 865 572 Deus
888 543 1052 582 cognoscit
1075 542 1162 572 mala
1181 552 1244 582 per
1266 543 1359 580 bona,

290 587 452 627 probatur,
470 587 654 623 declaratur,
671 593 702 617 et
717 584 932 617 confirmatur.
946 603 966 608 —
978 586 1134 617 Probatur
1149 587 1264 626 primo.
1285 587 1361 618 Esse

2410 248 2480 285 183

1418 322 1493 352 mali
1517 322 1659 354 consistit
1673 323 1706 353 in
1722 324 1897 363 privatione
1921 327 2013 356 boni:
2039 337 2113 366 ergo
2134 327 2386 368 cognoscibilitas
2407 327 2482 357 mali

1418 366 1559 397 consistit
1574 367 1607 397 in
1624 368 1790 408 negatione
1805 369 1894 399 boni:
1919 370 2012 410 igitur
2028 371 2115 402 Deus
2130 378 2259 412 propter
2278 372 2340 402 hoc
2364 381 2482 411 cogno-

1418 410 1474 441 scit
1498 411 1590 448 mala,
1616 411 1691 452 quia
1715 413 1798 443 bona
1822 413 1887 444 scit.
1910 415 2106 446 Antecedens
2129 423 2224 455 patet.
2245 415 2483 456 Consequentia

1416 465 1491 485 vero
1515 456 1687 496 probatur:
1720 457 1795 497 quia
1818 459 2074 499 unumquodque
2103 470 2142 490 eo
2166 459 2265 490 modo
2294 470 2360 501 quo
2389 459 2483 490 habet

1417 509 1503 535 esse,
1528 500 1621 531 habet
1645 501 1804 541 cognosci.
1829 519 1848 523 —
1872 502 2054 533 Declaratur
2077 504 2189 534 deinde
2213 503 2376 544 exemplo:
2402 504 2483 534 sicut

1416 545 1561 574 tenebrae
1584 551 1760 576 noscuntur
1782 555 1839 586 per
1861 546 1980 578 lumen.
1998 565 2017 569 -
2034 547 2249 579 Confirmatur
2272 549 2404 579 demum
2427 558 2482 578 au-

1417 588 1558 619 ctoritate
1582 589 1746 631 Dionysii,
1771 597 1807 621 ut
1830 597 1916 630 patet
1938 591 1971 621 in
1994 591 2104 622 littera.

1048 751 1367 793 ARTICULUS
1397 752 1731 795 UNDECIMUS

350 871 365 874 ,
956 846 1112 877 UTRUM
1136 846 1248 877 DEus
1272 845 1539 878 COGNOSCAT
1563 847 1824 878 SINGULARIA

433 932 442 957 1
461 933 544 961 Sem„
565 933 623 958 dist.
642 940 724 964 xxxvi,
744 940 788 965 qu.
807 941 828 963 1,
847 938 894 957 art.
913 940 934 963 ¹3
954 933 982 962 ΙΙ,
1003 933 1061 958 dist.
1079 941 1116 962 111,
1137 941 1182 966 qu.
1200 941 1228 964 11,
1248 938 1294 958 art.
1315 933 1341 963 3;
1362 933 1371 957 1
1393 934 1469 958 Cont.
1491 935 1577 963 Gent„
1598 941 1653 966 cap.
1673 941 1696 963 L,
1715 941 1785 965 anl,
1805 941 1866 964 ικνς
1887 934 1939 965 Qu.
1955 934 2028 967 Disp.
2048 935 2081 960 de
2099 935 2205 965 Anima,
2225 941 2272 961 art.
2294 943 2340 966 20;

725 968 767 993 De
790 968 880 998 Verit„
900 976 945 1001 qu.
964 976 991 999 11,
1011 974 1057 994 art.
1078 968 1106 999 5;
1129 969 1272 1001 Compend.
1289 968 1385 998 Theoi„
1406 977 1462 1001 cap.
1481 976 1572 1000 cxxxn,
1592 976 1699 999 cumn
1719 969 1728 994 l
1748 969 1903 1000 Periherm„
1923 970 1981 995 lect.
2000 978 2050 996 κιν.

320 1074 388 1115 ,³3⁵
412 1076 482 1119 a«
503 1070 526 1095 D
541 1069 752 1095 UNDECIMUM
768 1070 821 1095 src
833 1057 1240 1095 pnoern1run.videtur
1254 1057 1360 1106 quod

426 1113 610 1170 ζ,1)θῡ8
648 1123 727 1148 non
762 1119 968 1159 cognoscat
1005 1111 1221 1160 singularia.
1252 1112 1360 1147 Intel-

309 1152 475 1210 'Jij
504 1165 622 1202 lectus
660 1165 761 1201 enim
801 1164 951 1202 divinus
989 1164 1274 1201 immaterialior
1307 1171 1362 1200 est

349 1191 447 1249 <W
464 1208 494 1250 K:
510 1230 623 1255 uam
647 1218 855 1255 intellectus
883 1218 1088 1255 humanus.
1120 1217 1197 1254 Sed
1218 1217 1360 1254 intelle-

290 1280 372 1310 ctus
391 1278 408 1294 α
433 1273 639 1318 humanus,
669 1278 826 1324 propter
853 1283 963 1308 suam
989 1270 1359 1316 immaterialitatem,

290 1339 369 1364 non
397 1325 591 1374 cognoscit
619 1324 835 1372 singularia,
866 1323 952 1370 sed,
982 1324 1078 1360 sicut
1106 1323 1240 1361 dicitur
1268 1323 1306 1360 in
1328 1324 1359 1360 11

226 1394 262 1427 ·;
289 1380 336 1417 de
353 1379 495 1417 Anima
509 1377 574 1424 *Ρ,
605 1378 702 1414 ratio
731 1382 786 1414 est
812 1377 1095 1422 universalium,
1121 1389 1251 1414 sensus
1270 1388 1360 1413 vero

255 1453 262 1485 3
288 1432 554 1485 singularium.
585 1431 687 1478 Ergo
708 1431 814 1467 Deus
834 1443 913 1467 non
933 1430 1128 1479 cognoscit
1146 1429 1359 1479 singularia.

344 1497 380 1524 2.
410 1486 644 1530 PRAETEREA,
674 1483 759 1521 illae
783 1484 887 1521 solae
907 1484 1065 1521 virtutes
1084 1484 1123 1521 in
1143 1484 1254 1522 nobis
1274 1491 1361 1521 sunt

289 1538 536 1588 singularium
566 1537 860 1585 cognoscitivae,
882 1550 981 1586 quae
1011 1538 1196 1586 recipiunt
1214 1537 1360 1586 species

289 1605 369 1631 non
387 1593 594 1630 abstractas
623 1603 646 1628 a
675 1591 933 1628 materialibus
958 1591 1251 1629 conditionibus.
1283 1591 1361 1628 Sed

289 1658 349 1684 res
377 1645 416 1684 in
444 1646 530 1683 Deo
559 1652 647 1682 sunt
670 1644 837 1681 maxime
857 1645 1067 1682 abstractae
1087 1646 1136 1682 ab
1156 1644 1261 1682 omni
1281 1657 1361 1681 ma—

287 1699 496 1738 terialitate.
527 1698 630 1746 Ergo
659 1699 765 1735 Deus
794 1711 873 1735 non
903 1698 1098 1746 cognoscit
1126 1698 1338 1748 singularia.

344 1754 379 1792 3.
408 1753 645 1799 PRAETEREA,
676 1751 802 1789 omnis
832 1752 994 1800 cognitio
1024 1761 1080 1790 est
1106 1765 1176 1801 per
1195 1752 1360 1802 aliquam

286 1806 589 1849 similitudinem.
611 1805 688 1842 Sed
709 1805 912 1843 similitudo
928 1805 1185 1854 singularium,
1201 1806 1362 1855 inquan—

287 1868 370 1898 tum
408 1867 497 1897 sunt
533 1858 756 1909 singularia,
786 1871 865 1896 non
892 1859 1045 1896 videtur
1073 1871 1155 1896 esse
1184 1859 1223 1896 in
1252 1860 1359 1896 Deo:

288 1914 379 1964 quia
410 1912 640 1962 principium
669 1912 932 1960 singularitatis
960 1920 1017 1949 est
1045 1912 1215 1959 materia,
1246 1925 1358 1961 quae,

290 1979 379 2005 cum
409 1966 456 2004 sit
485 1978 552 2003 ens
581 1965 619 2003 in
647 1965 815 2015 potentia
843 1973 1003 2014 tantum,
1025 1965 1186 2004 omnino
1212 1974 1267 2003 est
1287 1966 1361 2003 dis-

289 2020 420 2058 similis
447 2020 546 2066 Deo,
568 2018 633 2069 qui
663 2026 718 2056 est
737 2027 843 2056 actus
862 2032 992 2069 purus.
1023 2020 1115 2057 Non
1145 2031 1234 2068 ergo
1254 2020 1361 2058 Deus

287 2081 414 2124 potest
442 2085 674 2121 cognoscere
703 2072 917 2121 singularia.

343 2128 418 2165 SED
455 2138 603 2164 CONTRA
639 2138 706 2163 EST
734 2126 838 2174 quod
873 2126 1008 2163 dicitur
1042 2127 1225 2163 Proverb.
1245 2127 1359 2164 xvl*:

288 2193 419 2219 omnes
446 2180 532 2218 viae
558 2180 754 2217 hominum
777 2185 911 2228 patent
936 2179 1054 2216 oculis
1081 2180 1171 2217 eius.

343 2235 570 2272 REsponm-:o
598 2244 783 2270 Diei-:noum
812 2232 919 2281 quod
947 2234 1053 2270 Deus
1074 2233 1268 2281 cognoscit
1287 2233 1362 2270 sin-

288 2287 443 2336 gularia.
475 2287 624 2324 Omnes
653 2285 756 2323 enirn
776 2286 1029 2335 perfectiones
1049 2286 1086 2323 in
1108 2286 1287 2324 creaturis
1307 2286 1361 2323 in-

287 2348 448 2388 ventae,
477 2340 516 2378 in
545 2341 630 2377 Deo
659 2340 916 2388 praeexistunt
944 2340 1158 2377 secundum
1188 2340 1361 2377 altiorem

163 2427 169 2439 ,
221 2426 227 2433 .
255 2427 262 2433 .
289 2394 465 2439 modurn,
494 2401 537 2430 ut
565 2405 611 2430 ex
639 2393 747 2430 dictis
765 2393 786 2415 ²¹²
813 2401 927 2442 patet.
959 2394 1204 2442 Cognoscere
1233 2401 1362 2430 autem

43 2721 62 2732 ‘⁸
73 2721 107 2743 Cn
126 2736 132 2743 .
141 2727 165 2747 v,
175 2726 199 2742 n.
209 2726 243 2742 ιο.
252 2732 263 2737 -

12 2796 13 2799 ,
41 2747 77 2786 ⁴⁵⁶
86 2747 169 2796 ssi-11¹.e
170 2750 263 2796 ῗέὲῖῗὰ.

50 2811 62 2818 -
82 2800 138 2823 Did.
159 2800 201 2823 lib.
224 2800 246 2822 n
257 2817 263 2828 ,

44 2833 103 2856 etp.
117 2833 148 2855 iv,
163 2833 187 2849 n.
197 2833 226 2856 ¹5·

148 2864 166 2890 Υ

147 3040 162 3065 ὃ

51 3154 62 3174 .·
75 3153 196 3179 Αήοοιιιιε
210 3153 267 3175 Me-

43 3180 169 3209 zen-‚tra
197 3169 265 3208 57111,

18 3223 20 3225 -
97 3213 146 3234 ,νις
184 3207 190 3229 l
208 3208 264 3234 azel,

45 3233 165 3282 «ωοιὲῗιί.
180 3234 196 3256 ¹¹
215 3248 222 3255 ¹
239 3234 264 3261 ι’

290 2447 493 2496 singularia
507 2446 670 2496 pertinet
685 2447 733 2484 ad
749 2447 1024 2496 perfectionem
1045 2455 1228 2484 nostram.
1249 2447 1362 2484 Unde

288 2513 447 2539 necesse
465 2508 520 2538 est
535 2500 639 2550 quod
660 2501 766 2537 Deus
786 2500 990 2549 singularia
1010 2508 1226 2549 cognoscat.
1258 2501 1362 2538 Nam

292 2562 328 2592 et
346 2554 604 2603 Philosophus
623 2566 694 2602 pro
723 2553 1007 2591 inconvenienti
1026 2555 1152 2601 habet,
1174 2555 1279 2603 quod
1300 2554 1364 2591 ali-

291 2608 383 2658 quid
413 2614 664 2655 cognoscatur
683 2619 705 2643 a
724 2607 851 2654 nobis,
869 2607 974 2655 quod
1003 2619 1083 2645 non
1111 2616 1364 2656 cognoscatur

292 2675 314 2699 a
333 2662 432 2699 Deo.
463 2661 575 2698 Unde
605 2667 737 2697 contra
766 2661 1046 2710 Empedoclem
1073 2661 1205 2710 arguit,
1226 2662 1264 2698 in
1285 2663 1297 2698 I
1319 2662 1365 2698 de

290 2715 432 2752 Anima
456 2713 476 2735 '¹‘
506 2721 542 2750 et
569 2713 607 2750 in
637 2714 685 2750 111
715 2714 932 2762 Metaphys.
953 2714 1009 2761 *ἦ
1039 2715 1145 2763 quod
1174 2715 1362 2752 accideret

291 2770 420 2805 Deum
438 2779 521 2804 esse
541 2766 892 2815 insipientissimum
907 2773 933 2814 Ὺ,
956 2768 985 2805 5ἰ
1005 2768 1236 2806 discordiam
1256 2769 1362 2816 igno-

292 2829 402 2859 raret.
443 2821 520 2858 Sed
553 2820 805 2869 perfectiones
838 2833 937 2869 quae
966 2822 1004 2858 in
1032 2822 1270 2859 inferioribus
1310 2822 1361 2859 di-

290 2875 494 2921 viduntur,
533 2874 570 2911 in
599 2875 684 2911 Deo
719 2873 938 2922 simpliciter
975 2882 1012 2912 et
1048 2875 1152 2912 unite
1188 2875 1360 2913 existunt.

292 2928 416 2975 Unde,
437 2927 523 2965 licet
541 2940 612 2964 nos
632 2940 701 2976 per
720 2927 835 2964 aliam
854 2929 1063 2977 potentiam
1085 2941 1362 2977 cognoscamus

291 2981 521 3019 universalia
537 2989 573 3018 et
591 2980 866 3028 immaterialia,
883 2989 920 3018 et
937 2994 1007 3031 per
1027 2982 1139 3019 aliam
1161 2982 1362 3030 singularia

294 3032 359 3071 6ῒδ
377 3034 602 3080 materialia;
628 3035 733 3071 Deus
761 3042 891 3071 tamen
919 3047 988 3084 per
1006 3048 1119 3072 suum
1148 3035 1360 3084 simplicem

293 3088 524 3125 intellectum
552 3095 713 3137 utraque
744 3088 949 3136 cognoscit.

348 3141 426 3178 Sed
445 3140 604 3190 qualiter
622 3142 697 3178 hoc
717 3154 801 3178 esse
819 3141 950 3190 possit,
981 3142 1137 3191 quidam
1157 3142 1177 3164 ’Β
1206 3142 1362 3179 manife-

294 3202 391 3231 stare
416 3194 601 3242 volentes,
632 3195 806 3232 dixerunt
825 3195 930 3244 quod
949 3195 1055 3232 Deus
1076 3195 1270 3244 cognoscit
1290 3196 1363 3232 sin-

294 3247 437 3296 gularia
463 3259 534 3295 per
561 3260 694 3285 causas
722 3248 974 3285 universales:
1004 3261 1095 3285 narn
1125 3249 1215 3286 nihil
1245 3257 1300 3285 est
1323 3249 1362 3286 in

294 3301 421 3350 aliquo
451 3300 717 3349 singularium,
749 3302 855 3351 quod
892 3313 971 3339 non
1007 3314 1051 3338 ex
1089 3302 1214 3351 aliqua
1249 3315 1363 3339 causa

295 3354 437 3391 oriatur
463 3353 679 3391 universali.
709 3356 759 3392 Et
777 3362 926 3404 ponunt
946 3356 1186 3404 exemplum:
1218 3355 1312 3392 sicut
1331 3355 1362 3392 si

349 3478 376 3510 α)
397 3477 452 3502 Sed
467 3477 622 3501 intellectus.
639 3490 660 3497 -
679 3477 828 3504 Intellectus
847 3480 927 3504 etiam
942 3481 972 3509 A,
989 3480 1139 3504 Intellectus
1157 3483 1246 3504 autem
1267 3480 1364 3504 BCDE.
1391 3478 1392 3486 ¹

350 3512 375 3546 β)
387 3513 420 3538 de
429 3513 556 3537 Anima.—
565 3512 742 3545 Physicorum
754 3513 818 3538 Fa.-
826 3515 877 3539 Pro
887 3515 1074 3548 singularium,
1081 3515 1290 3547 particularium
1302 3515 1364 3539 Pab.

348 3549 374 3582 γ)
395 3547 648 3580 insipientissimum.
666 3562 685 3566 -
703 3548 958 3582 imperfectissimum
973 3551 1100 3581 ABCDE;
1121 3551 1160 3575 vel
1180 3550 1363 3583 insipientissi-

294 3592 367 3609 mum
388 3591 478 3616 margo
497 3584 527 3608 B.

350 3618 374 3652 δ)
394 3622 428 3644 ct.
446 3632 465 3639 -
484 3619 545 3644 Om.
559 3618 634 3643 ACE.
653 3632 672 3639 -
691 3618 742 3642 Pro
762 3622 881 3651 utraque,
898 3624 1039 3653 utrumque
1059 3621 1169 3646 codices.

1415 1057 1550 1105 aliquis
1579 1059 1788 1106 astrologus
1818 1067 2065 1106 cognosceret
2093 1071 2229 1097 omnes
2252 1068 2380 1098 motus
2398 1061 2481 1098 uni-

1414 1111 1581 1147 versales
1597 1111 1700 1158 caeli,
1717 1119 1847 1161 posset
1861 1112 2150 1160 praenuntiare¹
2170 1125 2304 1150 omnes
2325 1114 2483 1163 eclipses

1415 1163 1569 1201 futuras.
1591 1172 1614 1192 -“
1637 1165 1714 1201 Sed
1741 1165 1839 1202 istud
1868 1177 1947 1202 non
1976 1166 2124 1203 sufficit.
2156 1167 2255 1213 Quia
2284 1167 2481 1216 singularia

1416 1228 1461 1253 ex
1477 1217 1598 1254 causis
1617 1217 1894 1255 universalibus
1914 1219 2120 1256 sortiuntur
2134 1221 2320 1268 quasdam
2340 1221 2482 1258 formas

1417 1277 1452 1306 et
1465 1270 1634 1317 virtutes,
1652 1283 1762 1319 quae,
1779 1279 2133 1321 quantumcumque
2149 1274 2196 1310 ad
2211 1273 2374 1311 invicem
2393 1285 2482 1311 con-

1415 1322 1637 1370 iungantur,
1668 1336 1746 1361 non
1770 1324 2055 1362 individuantur
2088 1326 2159 1363 nisi
2186 1339 2256 1375 per
2283 1328 2481 1365 materiam

1415 1376 1702 1414 individualem.
1747 1377 1859 1414 Unde
1898 1378 1963 1427 qui
2001 1388 2246 1427 cognosceret
2285 1382 2481 1418 Socratem

1415 1441 1484 1479 per
1511 1431 1586 1467 hoc
1614 1430 1720 1479 quod
1751 1438 1806 1467 est
1833 1431 1942 1468 albus
1962 1430 1990 1478 ζ,
2020 1433 2082 1468 vel
2103 1433 2350 1482 Sophronisci
2369 1435 2481 1482 filius,

1415 1484 1477 1520 vel
1506 1483 1691 1533 quidquid
1720 1484 1822 1521 aliud
1850 1484 1903 1521 sic
1937 1485 2099 1533 dicatur,
2130 1499 2208 1524 non
2238 1497 2483 1535 cognosceret

1415 1536 1542 1585 ipsum
1571 1537 1798 1585 inquantum
1818 1546 1874 1575 est
1897 1538 1958 1575 hic
1977 1539 2109 1576 homo.
2139 1540 2250 1578 Unde
2271 1542 2482 1579 secundum

1416 1590 1577 1627 modum
1605 1591 1864 1640 praedictum,
1894 1592 2000 1628 Deus
2029 1605 2107 1629 non
2136 1602 2382 1642 cognosceret
2410 1595 2482 1632 sin—

1416 1644 1559 1692 gularia
1586 1645 1624 1681 in
1653 1657 1722 1681 sua
1750 1645 2014 1693 singularitate.

1469 1697 1542 1734 Alii
1561 1710 1656 1735 vero
1685 1698 1859 1735 dixerunt
1877 1705 1892 1729 η
1922 1699 2028 1747 quod
2056 1700 2162 1736 Deus
2188 1701 2381 1749 cognoscit
2409 1701 2481 1739 sin-

1416 1751 1575 1800 gularia,
1605 1751 1832 1801 applicando
1863 1764 1995 1789 causas
2033 1752 2266 1791 universales
2295 1754 2344 1791 ad
2371 1755 2481 1804 parti-

1416 1806 1562 1842 culares
1583 1806 1752 1843 effectus.
1773 1826 1797 1833 -
1818 1805 1896 1842 Sed
1919 1806 1994 1843 hoc
2022 1806 2113 1843 nihil
2143 1815 2209 1844 est.
2239 1807 2340 1854 Quia
2359 1809 2482 1845 nullus

1414 1866 1540 1908 potest
1577 1859 1766 1908 applicare
1801 1858 1942 1908 aliquid
1979 1859 2028 1895 ad
2065 1861 2247 1909 alterum,
2285 1861 2355 1897 nisi
2393 1861 2481 1899 illud

1415 1920 1731 1961 praecognoscat:
1761 1912 1864 1949 unde
1893 1911 1991 1950 dicta
2024 1913 2224 1962 applicatio
2253 1926 2332 1951 non
2359 1922 2483 1964 potest

1416 1978 1499 2002 esse
1529 1965 1622 2002 ratio
1653 1965 1909 2014 cognoscendi
1927 1965 2176 2014 particularia,
2207 1967 2275 2004 sed
2304 1967 2482 2016 cognitio-

1416 2031 1506 2056 nem
1535 2019 1781 2067 singularium
1809 2019 2094 2068 praesupponit.

1469 2073 1518 2109 Et
1545 2072 1632 2110 ideo
1661 2072 1765 2109 aliter
1789 2072 1994 2109 dicendum
2026 2081 2091 2120 est,
2121 2073 2239 2121 quod,
2269 2086 2357 2111 cum
2376 2075 2482 2111 Deus

1416 2126 1462 2162 sit
1491 2138 1605 2162 causa
1633 2138 1761 2163 rerum
1789 2138 1858 2174 per
1886 2138 1995 2162 suam
2023 2126 2241 2173 scientiam,
2269 2135 2312 2164 ut
2340 2127 2481 2165 dictum

1417 2187 1473 2215 est
1496 2179 1526 2225 ²¹⁴,
1557 2179 1743 2215 intantum
1773 2191 1813 2215 56
1843 2179 2010 2216 extendit
2037 2179 2191 2216 scientia
2210 2180 2293 2228 Dei,
2323 2180 2482 2230 inquan-

1415 2240 1498 2269 tum
1519 2244 1558 2269 se
1581 2232 1746 2269 extendit
1765 2232 1846 2268 eius
1874 2232 2081 2269 causalitas.
2112 2233 2236 2281 Unde,
2258 2246 2346 2271 cum
2364 2234 2482 2272 virtus

1417 2286 1540 2323 activa
1568 2285 1640 2322 Dei
1669 2298 1710 2322 se
1739 2285 1915 2322 extendat
1943 2298 2020 2323 non
2050 2287 2174 2323 solum
2203 2287 2252 2324 ad
2280 2288 2434 2335 formas,
2461 2301 2483 2325 a

1417 2340 1554 2388 quibus
1574 2339 1755 2388 accipitur
1775 2339 1868 2376 ratio
1888 2339 2122 2387 universalis,
2141 2340 2208 2377 sed
2228 2340 2340 2378 etiam
2361 2353 2481 2390 usque

1418 2394 1466 2430 ad
1496 2393 1712 2439 materiam,
1742 2400 1784 2429 ut
1817 2392 1913 2429 infra
1931 2392 1951 2414 ’Β
1979 2394 2213 2439 ostendetur;
2243 2406 2397 2431 necesse
2427 2401 2483 2431 est

1418 2446 1525 2495 quod
1553 2446 1708 2483 scientia
1735 2445 1807 2482 Dei
1836 2458 1957 2494 usque
1986 2446 2035 2483 ad
2064 2446 2264 2495 singularia
2292 2460 2332 2484 se
2357 2456 2483 2484 exten-

1418 2501 1493 2546 dat,
1515 2511 1613 2549 quae
1631 2512 1701 2548 per
1721 2499 1920 2536 materiam
1941 2499 2234 2538 individuantur.
2259 2501 2357 2538 Cum
2379 2501 2480 2538 enim

1419 2554 1510 2590 sciat
1538 2553 1609 2590 alia
1637 2566 1659 2589 a
1687 2565 1726 2590 se
1754 2565 1824 2601 per
1857 2553 2059 2590 essentiam
2096 2567 2226 2601 suam,
2256 2555 2481 2604 inquantum

1419 2615 1475 2644 est
1503 2606 1708 2643 similitudo
1747 2619 1875 2643 rerum
1913 2607 2017 2643 velut
2052 2607 2279 2656 principium
2313 2609 2481 2646 activum

1419 2672 1570 2706 earum,
1604 2672 1759 2696 necesse
1790 2667 1846 2696 est
1883 2660 1988 2708 quod
2024 2661 2185 2698 essentia
2213 2674 2281 2698 sua
2310 2661 2355 2698 sit
2381 2662 2481 2711 prin-

1419 2713 1560 2763 cipium
1598 2713 1790 2750 sufficiens
1828 2714 2083 2761 cognoscendi
2117 2715 2247 2751 omnia
2280 2728 2377 2764 quae
2415 2728 2483 2764 per

1416 2768 1542 2816 ipsum
1571 2767 1680 2813 fiunt,
1701 2779 1780 2803 non
1809 2767 1932 2803 solum
1960 2767 1998 2803 in
2026 2767 2242 2815 universali,
2273 2769 2339 2805 sed
2369 2769 2480 2806 etiam

1417 2821 1455 2857 in
1476 2820 1664 2868 singulari.
1696 2821 1745 2856 Et
1765 2827 1862 2856 esset
1886 2820 2007 2857 simile
2028 2821 2075 2857 de
2096 2821 2249 2858 scientia
2269 2822 2430 2869 artificis,
2452 2823 2481 2859 si

1418 2881 1515 2911 esset
1533 2873 1760 2922 productiva
1783 2873 1896 2910 totius
1916 2873 1980 2920 rei,
2004 2881 2039 2910 et
2058 2887 2136 2911 non
2156 2875 2302 2912 formae
2321 2883 2479 2912 tantum.

1470 2929 1528 2964 AD
1558 2939 1693 2963 PRIMUM
1722 2938 1820 2963 ERGO
1849 2938 2033 2964 DlCENDUM
2062 2928 2167 2976 quod
2186 2928 2393 2965 intellectus
2412 2942 2480 2966 no-

1418 2988 1493 3017 ster
1520 2979 1687 3028 speciem
1725 2979 1994 3028 intelligibilem
2033 2981 2213 3018 abstrahit
2241 2994 2262 3017 a
2289 2981 2480 3031 principiis

1417 3033 1758 3071 individuantibus:
1787 3034 1891 3070 unde
1921 3034 2065 3082 species
2100 3034 2335 3082 intelligibilis
2363 3036 2481 3072 nostri

1417 3088 1625 3124 intellectus
1662 3099 1740 3123 non
1768 3094 1893 3135 potest
1926 3099 2007 3124 esse
2046 3087 2250 3124 similitudo
2278 3088 2480 3137 principio-

1418 3153 1503 3178 rum
1542 3139 1843 3177 individualium.
1883 3141 1932 3177 Et
1957 3148 2114 3189 propter
2150 3142 2244 3188 hoc,
2275 3141 2481 3178 intellectus

2510 2190 2518 2197 '
2534 2188 2583 2209 Art.
2600 2187 2622 2209 8.

2510 2399 2517 2407 ”
2527 2400 2575 2427 Qu.
2584 2404 2692 2427 ungari.
2699 2406 2719 2421 2.

1418 3202 1546 3231 noster
1574 3193 1773 3241 singularia
1802 3206 1880 3230 non
1909 3194 2112 3242 cognoscit.
2149 3194 2225 3231 Sed
2254 3194 2397 3243 species
2426 3194 2480 3231 in·
2512 3242 2515 3243 ⁷

1418 3247 1613 3295 telligibilis
1634 3246 1750 3283 divini
1779 3247 1996 3294 intellectus,
2018 3260 2116 3295 quae
2143 3255 2197 3284 est
2215 3247 2287 3284 Dei
2307 3248 2480 3294 essentia,

1419 3314 1497 3338 non
1527 3308 1581 3337 est
1609 3300 1866 3337 immaterialis
1894 3313 1962 3349 per
1990 3300 2295 3347 abstractionem,
2326 3301 2392 3338 sed
2412 3313 2482 3350 per

1420 3354 1600 3403 seipsam,
1629 3352 1857 3402 principium
1887 3353 2046 3390 existens
2076 3353 2250 3390 omnium
2279 3354 2481 3403 principio-

1473 3483 1494 3510 ε)
1510 3479 1712 3510 praenuntiare.
1730 3491 1750 3496 -
1768 3478 1908 3503 enuntiare
1927 3478 1955 3505 C,
1971 3477 2150 3509 pronuntiare
2169 3477 2267 3502 PADE.

1471 3514 1495 3545 ζ)
1516 3515 1598 3538 albus.
1617 3527 1635 3532 —
1653 3514 1740 3538 album
1760 3514 1813 3538 AB.
1831 3527 1849 3532 -
1868 3514 1940 3537 Prius
1961 3513 2001 3537 vel
2019 3520 2071 3537 orn.
2086 3513 2232 3538 ACDEFG.

1471 3552 1497 3581 η)
1517 3550 1656 3574 dixerunt.
1674 3562 1693 3567 —
1711 3549 1803 3573 dicunt
1821 3548 1943 3573 ABCDE.
1960 3562 1978 3567 -
1998 3548 2061 3572 Post
2083 3548 2234 3581 singularia
2252 3549 2273 3573 B
2292 3549 2362 3573 addit
2386 3549 2412 3573 in
2431 3556 2481 3573 sua

1417 3585 1615 3618 singularitate.
1628 3598 1647 3603 -
1662 3584 1711 3608 Pro
1730 3591 1832 3613 causas,
1847 3583 1964 3609 rationes
1983 3584 2093 3614 codices,
2107 3591 2148 3609 res
2168 3584 2208 3608 ed.
2222 3591 2248 3608 a.
2262 3597 2282 3602 -
2294 3584 2344 3609 Pro
2359 3584 2482 3616 particu-

1418 3622 1495 3649 lares,
1511 3620 1660 3653 singulares
1679 3619 1800 3644 ABCDE.
