2768 4178
74 832 83 841 '¹
100 829 136 851 Cf.
151 835 214 851 num.
225 835 248 852 v.

76 875 85 884 ·
99 873 135 895 Cf.
151 879 215 895 num.
227 879 260 894 vi.

80 2642 89 2650 ·
105 2640 136 2662 Ca
157 2646 195 2661 .v.
211 2651 221 2656 -
236 2639 290 2661 Did.

79 2667 120 2688 lib.
165 2683 170 2693 ,
186 2672 236 2693 cap.
245 2672 277 2688 vi.

79 2812 90 2823 ¹*
105 2812 140 2833 Cf.
159 2818 222 2834 num.
238 2818 262 2834 u.

80 2900 90 2911 ⁴
104 2899 150 2926 Qu.
162 2906 202 2927 xn,
218 2904 259 2922 art.
270 2907 290 2927 2,

81 2926 290 2949 Comment.n.xv1.

77 3292 85 3301 ³
102 3291 137 3313 Cf.
153 3298 216 3314 num.
232 3299 247 3314 1.

76 3512 88 3523 ⁴
104 3512 140 3535 Cf.
155 3512 211 3534 ibid.

309 301 383 327 222

311 380 367 410 est
394 380 529 419 rectus,
550 372 765 410 secundum
794 373 897 421 quod
918 373 1128 410 intellectus
1156 380 1212 410 est
1239 372 1376 421 princi-

310 426 478 475 piorum:
501 426 598 463 circa
613 438 710 474 quae
731 438 810 463 non
826 426 1022 475 decipitur,
1040 438 1085 463 ex
1105 426 1242 463 eadem
1264 438 1378 462 causa

312 492 386 528 qua
405 492 485 516 non
505 478 691 528 decipitur
717 479 816 517 circa
836 480 938 529 quod
955 479 1045 528 quid
1061 485 1123 516 est.
1154 479 1258 516 Nam
1277 478 1378 527 prin-

984 291 1251 340 QUAESTIO
1281 291 1406 338 xvii,

1435 290 1732 328 ARTICULUS
1762 291 1811 327 111

1435 371 1530 420 cipia
1558 384 1628 421 per
1655 385 1695 409 se
1716 379 1808 408 nota
1837 379 1924 408 sunt
1942 371 2003 407 illa
2029 382 2126 419 quae
2152 370 2288 417 statim,
2310 369 2502 407 intellectis

1433 425 1615 473 terminis,
1637 432 1930 473 cognoscuntur,
1958 436 2003 460 ex
2032 436 2079 460 eo
2110 424 2214 473 quod
2241 422 2503 472 praedicatum

1432 478 1587 527 ponitur
1615 477 1654 515 in
1683 477 1904 516 definitione
1932 476 2101 515 subiecti.

996 592 1328 625 Commentario·
1350 591 1600 625 Cardinalis
1622 591 1822 624 Caietam

374 701 482 721 rruws
506 690 618 721 clarus.
642 708 662 713 —
689 691 724 721 In
748 700 881 731 corpore
900 690 973 721 tria:
998 689 1119 729 primo,
1144 689 1177 719 in
1201 699 1267 729 quo
1290 689 1381 719 intel-

315 702 457 765 Tlectu
475 741 520 766 est
537 741 592 765 aut
607 745 674 765 non
690 741 737 766 est
760 734 895 771 falsitas;
921 734 1071 770 secundo,
1093 733 1152 763 ibi:
1178 733 1254 764 Hac
1274 738 1380 763 tamen

313 778 508 819 differentia,
524 779 692 820 quomodo
708 779 741 809 in
755 779 811 809 illo
834 778 994 809 intellectu
1012 777 1045 807 in
1061 787 1127 818 quo
1144 784 1199 813 est,
1224 776 1383 807 invenitur

314 823 433 854 falsitas
443 823 472 860 *;
489 823 590 860 tertio,
603 823 660 854 ibi:
682 820 767 860 Quia
778 832 853 853 vero
860 822 1009 863 falsitas,
1023 821 1191 862 quomodo
1208 827 1239 851 et
1251 820 1381 861 quando

315 877 352 898 ex
375 867 431 897 illo
456 867 614 898 derivatur
631 867 754 898 falsitas
777 867 810 896 in
833 867 993 897 intellectu
1017 866 1050 895 in
1074 875 1140 905 quo
1165 875 1231 895 non
1256 871 1302 895 est
1317 864 1344 895 *.

373 912 411 942 II.
437 912 555 949 Quoad
572 913 737 951 primum,
764 917 810 941 est
840 911 917 941 haec
946 909 1126 940 conclusio:
1160 909 1290 939 Falsitas
1315 918 1381 938 non

316 962 363 986 est
385 956 418 986 in
441 956 602 986 intellectu
630 955 714 996 quod
736 955 812 995 quid
836 960 900 992 est,
929 954 984 984 sed
1008 960 1222 993 componente
1250 959 1281 983 et
1304 952 1381 982 divi-

316 1000 420 1030 dente.
445 1000 532 1029 Haec
563 999 727 1030 conclusio
751 999 904 1039 probatur
927 998 1067 1028 ratione:
1102 1004 1132 1028 et
1162 996 1382 1027 manifestatur

317 1044 413 1074 simul
435 1043 469 1073 in
493 1053 525 1073 se
554 1050 584 1074 et
615 1043 647 1073 in
671 1053 728 1073 sua
752 1043 954 1082 probatione,
980 1052 1016 1072 ex
1039 1041 1272 1082 proportionali
1297 1041 1382 1072 simi-

315 1087 449 1118 litudine
473 1087 649 1118 intellectus
673 1094 703 1117 et
727 1097 846 1118 sensus.
862 1105 882 1109 -
898 1085 991 1116 Ratio
1016 1086 1112 1125 igitur
1135 1092 1181 1116 est
1203 1085 1290 1116 haec.
1320 1085 1382 1116 Res

316 1131 466 1162 naturalis
493 1141 559 1161 non
576 1130 680 1161 deficit
703 1131 741 1161 ab
765 1140 831 1161 esse
855 1130 945 1170 quod
966 1130 1023 1160 sibi
1041 1130 1189 1160 convenit
1206 1130 1382 1160 secundum

316 1185 408 1206 suam
432 1175 581 1211 formam,
606 1175 661 1205 sed
685 1173 815 1205 deficere
839 1180 944 1214 potest
961 1175 999 1204 ab
1014 1173 1227 1204 accidentibus
1242 1173 1292 1204 vel
1308 1184 1383 1204 con-

316 1219 535 1260 sequentibus:
561 1229 636 1259 ergo
660 1219 758 1249 virtus
783 1217 996 1258 cognoscitiva
1020 1228 1086 1248 non
1111 1217 1215 1249 deficit
1234 1228 1251 1248 a
1275 1217 1383 1258 cogni-

316 1264 403 1294 tione
426 1263 510 1294 illius
534 1263 624 1294 cuius
648 1263 854 1294 similitudine
877 1262 1077 1299 informatur,
1102 1262 1157 1292 sed
1173 1262 1383 1293 accidentium

317 1307 384 1338 eius
408 1307 459 1338 vel
487 1308 768 1348 consequentium:
799 1317 873 1347 ergo
897 1306 1074 1338 intellectus
1099 1306 1179 1337 circa
1201 1306 1285 1347 quod
1307 1306 1385 1347 quid

318 1357 365 1382 est
386 1362 454 1382 non
482 1351 655 1392 decipitur,
684 1352 739 1382 sed
766 1351 799 1381 in
823 1351 1050 1391 componendo
1074 1351 1125 1381 vel
1157 1350 1339 1382 dividendo.
1364 1368 1384 1373 -

316 1396 515 1427 Antecedens
538 1396 691 1436 probatur
720 1395 880 1426 inductive
910 1395 943 1425 in
972 1395 1113 1425 homine.
1149 1394 1386 1435 Consequentia

316 1450 392 1471 vero
412 1441 574 1480 probatur.
599 1440 687 1471 Sicut
709 1450 757 1470 res
773 1450 806 1470 se
825 1439 920 1470 habet
942 1439 982 1470 ad
1005 1449 1072 1470 esse
1095 1449 1152 1479 per
1174 1439 1321 1475 formam,
1341 1439 1384 1470 ita

317 1485 416 1515 virtus
439 1484 653 1525 cognoscin-va
667 1484 706 1514 ad
723 1493 913 1524 cognoscere
937 1493 993 1524 per
1017 1483 1256 1514 similitudinem
1274 1484 1317 1514 rei
1333 1494 1384 1514 co-

317 1529 440 1569 gnitae:
466 1538 550 1568 ergo,
568 1528 594 1559 si
610 1538 658 1558 res
681 1538 747 1558 non
772 1525 877 1568 potest
893 1527 1034 1564 deficere,
1059 1534 1116 1558 etc.
1142 1527 1286 1558 Secunda
1309 1538 1384 1558 vero

319 1572 554 1613 consequentia,
572 1573 680 1613 quoad
701 1572 838 1612 primam
854 1579 986 1612 partem,
1004 1572 1171 1612 probatur:
1197 1571 1270 1612 quia
1294 1572 1384 1603 intel-

318 1617 418 1648 lectus
433 1617 624 1648 informatur
639 1616 845 1647 similitudine
861 1616 1054 1657 quidditatis.
1079 1615 1196 1653 Quoad
1212 1616 1384 1646 secundam

317 1670 412 1692 vero:
437 1661 522 1702 quia,
547 1661 783 1701 componendo,
810 1660 989 1691 attribuitur
1012 1659 1181 1701 quidditati
1199 1660 1319 1701 aliquid
1334 1661 1385 1691 vel

319 1715 387 1736 non
410 1715 618 1746 consequens,
642 1705 692 1735 vel
716 1704 914 1745 oppositum.

375 1749 557 1780 Similitudo
574 1756 682 1780 autem
700 1748 949 1789 proportionalis
973 1755 1034 1779 est:
1060 1748 1147 1779 Sicut
1170 1758 1281 1779 sensus
1299 1748 1385 1779 visus

320 1803 352 1824 se
381 1793 475 1824 habet
505 1794 544 1824 ad
571 1793 717 1824 sensibile
744 1793 930 1833 proprium,
961 1792 1004 1823 ita
1033 1792 1209 1823 intellectus
1238 1793 1277 1823 ad
1301 1793 1386 1834 quod

319 1838 397 1878 quid
410 1843 475 1868 est:
498 1844 529 1868 et
544 1837 625 1868 sicut
640 1837 692 1867 ille
708 1837 896 1867 informatur
913 1836 1028 1867 directe
1044 1836 1249 1867 similitudine
1266 1837 1385 1878 proprii

320 1882 487 1918 sensibilis,
511 1882 555 1912 ita
578 1881 628 1912 hic
652 1881 857 1912 similitudine
881 1880 1073 1921 quidditatis.
1099 1881 1140 1911 Et
1163 1888 1329 1921 propterea
1352 1881 1385 1911 in

319 1933 443 1962 neutro,
468 1933 503 1956 ut
527 1925 584 1962 sic,
610 1932 656 1956 est
679 1925 807 1956 falsitas.
831 1925 920 1956 Sicut
942 1934 1073 1965 quoque
1096 1925 1149 1955 ille
1173 1935 1205 1955 se
1228 1926 1323 1956 habet
1345 1925 1385 1955 ad

318 1970 476 2000 sensibilia
499 1969 684 2000 communia
699 1976 729 2000 et
745 1979 801 2010 per
815 1969 969 2005 accidens,
986 1969 1029 1999 ita
1044 1969 1096 1999 hic
1119 1969 1158 1999 ad
1177 1969 1385 2000 iudicandum

319 2014 357 2044 de
388 2014 654 2055 consequentibus
685 2014 735 2044 vel
765 2013 978 2044 accidentibus
1010 2013 1194 2053 quidditati:
1229 2015 1317 2054 quod
1350 2013 1386 2044 fit

318 2058 545 2099 componendo
561 2058 611 2089 vel
627 2058 807 2088 dividendo.
832 2057 873 2088 Et
892 2063 1058 2098 propterea
1072 2057 1105 2087 in
1120 2063 1257 2099 utroque
1280 2065 1386 2099 potest

318 2112 384 2133 esse
409 2102 536 2133 falsitas.

374 2147 425 2177 111.
451 2146 543 2177 Circa
565 2146 762 2182 antecedens,
788 2146 913 2176 adverte
929 2145 1018 2186 quod
1038 2152 1144 2185 potest
1158 2146 1239 2176 bene
1255 2153 1286 2177 et
1302 2147 1384 2177 male

317 2190 522 2230 interpretari.
554 2191 637 2221 Male
667 2190 798 2230 quidem
813 2213 820 2226 ,
854 2190 879 2220 si
907 2189 1100 2229 intelligatur
1128 2191 1216 2231 quod
1245 2200 1312 2221 esse
1339 2191 1383 2221 rei

318 2234 468 2265 naturalis
496 2245 563 2265 non
596 2241 701 2274 potest
731 2233 880 2264 deficere:
911 2234 973 2264 hoc
1001 2233 1088 2264 enim
1115 2244 1182 2264 non
1205 2241 1252 2265 est
1274 2244 1385 2265 verum

318 2278 378 2308 nisi
401 2279 433 2308 in
449 2279 543 2309 rebus
566 2277 868 2318 incorruptibilibus.
893 2278 978 2308 Bene
1003 2285 1119 2314 autem,
1145 2278 1170 2308 si
1193 2278 1386 2318 intelligatur

318 2322 407 2364 quod
424 2332 490 2353 esse
506 2322 550 2353 rei
566 2322 715 2352 naturalis
740 2332 805 2352 non
822 2328 928 2362 potest
952 2321 1092 2358 deficere,
1118 2321 1186 2362 ipsa
1202 2332 1234 2352 re
1251 2322 1384 2353 naturali

319 2366 418 2396 salva:
451 2373 481 2397 et
505 2367 548 2397 sic
571 2366 705 2397 intendit
734 2366 845 2397 littera.
877 2365 969 2396 Unde
993 2375 1059 2395 non
1084 2365 1158 2396 dicit
1186 2366 1274 2406 quod
1298 2367 1386 2397 nulla

318 2421 366 2441 res
391 2409 541 2442 naturalis
569 2417 675 2451 potest
702 2409 851 2446 deficere;
884 2410 938 2440 sed
963 2409 1039 2439 dicit
1067 2410 1155 2450 quod
1183 2420 1249 2440 non
1279 2417 1385 2451 potest

319 2454 450 2485 deficere
472 2455 513 2486 ab
536 2465 603 2486 esse
626 2454 709 2495 quod
735 2455 794 2485 sibi
822 2454 970 2494 competit
996 2454 1172 2484 secundum
1200 2464 1293 2485 suam
1308 2455 1384 2495 for-

316 2509 403 2530 mam
414 2509 429 2537 ;
452 2505 605 2539 tanquam
629 2499 654 2529 si
678 2498 793 2529 diceret
812 2498 900 2539 quod
925 2497 1012 2528 nulla
1034 2507 1082 2527 res
1106 2497 1225 2528 habens
1244 2499 1385 2539 aliquam

319 2542 474 2580 formam,
505 2544 583 2574 dum
606 2543 700 2573 habet
722 2542 825 2578 illam,
855 2547 960 2582 potest
983 2540 1115 2572 deficere
1138 2543 1176 2572 ab
1201 2552 1267 2573 esse
1295 2544 1384 2584 quod

319 2587 466 2618 convenit
490 2587 666 2618 secundum
694 2586 790 2617 illam.
820 2586 861 2616 Et
885 2591 931 2616 est
954 2585 1131 2626 propositio
1155 2596 1211 2627 per
1234 2597 1266 2617 se
1291 2594 1382 2618 nota:

318 2631 393 2672 quia
417 2641 483 2662 esse
508 2639 554 2662 est
577 2631 615 2661 de
640 2630 759 2661 ratione
779 2629 909 2666 formae,
931 2636 967 2660 ut
990 2636 1076 2670 patet
1091 2630 1148 2660 VII
1164 2631 1349 2672 Metaphys.
1366 2631 1384 2650 *

376 2676 427 2706 IV.
454 2675 545 2706 Circa
561 2674 783 2716 probationem
799 2674 1053 2714 consequentiae,
1071 2674 1159 2704 illam
1174 2675 1291 2706 scilicet
1309 2686 1383 2716 pro-

318 2719 540 2760 portionalem,
565 2721 647 2750 sicut
670 2729 722 2749 res
743 2719 837 2749 habet
861 2728 928 2749 esse
945 2728 1009 2758 per
1026 2720 1196 2758 propriam
1211 2719 1381 2760 formam,

319 2765 363 2794 ita
388 2765 490 2795 virtus
519 2764 735 2804 cognoscitiva
763 2772 957 2803 cognoscere
982 2772 1045 2803 per
1070 2763 1310 2795 similitudinem
1335 2766 1384 2795 rei

318 2808 467 2848 cognitae
481 2807 509 2844 ⁴¹⁵,
534 2809 659 2838 adverte
683 2807 772 2848 quod
796 2816 986 2847 cognoscere
1002 2813 1047 2837 est
1062 2806 1169 2847 ipsum
1187 2818 1253 2838 esse
1270 2808 1383 2848 speciei

319 2851 548 2892 cognoscibilis,
566 2852 696 2892 quando
721 2857 767 2881 est
789 2861 861 2881 vere
884 2857 955 2881 actu
972 2851 1005 2880 in
1020 2861 1133 2891 genere
1157 2852 1396 2892 cognoscibili,

318 2896 398 2926 sicut
421 2896 558 2926 diximus
574 2895 601 2932 ὓ,
627 2895 715 2936 quod
732 2894 904 2934 intelligere
924 2902 970 2925 est
984 2895 1091 2934 ipsum
1108 2905 1174 2926 esse
1199 2896 1313 2936 speciei
1336 2897 1382 2927 in-

319 2940 488 2980 telligibilis
511 2946 582 2970 actu
606 2939 638 2969 in
655 2949 768 2980 genere
791 2938 987 2978 intelligibili,
1013 2946 1043 2970 et
1066 2949 1131 2969 non
1151 2940 1258 2970 medio
1282 2941 1382 2971 modo

318 2984 484 3015 existentis.
509 2984 554 3015 Ita
577 2984 667 3024 quod
690 2984 751 3014 hoc
775 2990 821 3013 est
845 2993 1017 3014 commune
1041 2984 1130 3014 omni
1150 2985 1382 3023 cognoscitivae

315 3028 432 3064 virtuti,
458 3028 521 3058 sive
545 3027 684 3058 sensitivi
708 3027 772 3057 sive
795 3027 974 3058 intellectivi
998 3027 1126 3064 ordinis,
1149 3027 1275 3066 scilicet,
1293 3030 1382 3070 quod

318 3082 506 3112 cognoscere
531 3079 577 3103 est
601 3082 667 3102 esse
691 3070 806 3112 speciei
830 3081 892 3112 qua
917 3071 1089 3111 cognoscit,
1114 3073 1271 3103 sumendo
1293 3073 1381 3103 illam

317 3117 464 3156 speciem,
490 3115 647 3157 quidquid
670 3115 722 3146 illa
747 3115 794 3150 sit,
812 3115 844 3145 in
869 3122 939 3146 actu
964 3115 996 3145 in
1019 3125 1133 3155 genere
1158 3117 1380 3156 cognoscibili;

317 3161 473 3201 quidquid
489 3160 528 3191 sit
548 3160 586 3190 de
603 3170 669 3190 esse
686 3159 753 3190 eius
769 3159 802 3188 in
819 3165 889 3189 actu
913 3159 945 3189 in
969 3169 1082 3199 genere
1107 3160 1238 3191 entium.
1263 3161 1305 3192 Et
1319 3161 1382 3192 hoc

317 3211 362 3235 est
385 3205 475 3235 valde
502 3205 681 3235 notandum
708 3213 767 3244 pro
791 3203 903 3234 notitia
926 3204 1020 3243 partis
1049 3204 1214 3236 sensitivae
1237 3211 1268 3236 et
1290 3205 1381 3236 intel-

316 3248 424 3280 lectus.

371 3293 410 3323 V.
428 3293 544 3330 Quoad
566 3292 739 3323 secundum
757 3289 782 3327 *,
809 3298 855 3322 est
878 3291 954 3322 haec
974 3291 1154 3323 conclusio:
1179 3292 1310 3323 Falsitas
1334 3299 1381 3323 est

316 3336 348 3366 in
372 3336 529 3367 intellectu
554 3342 767 3376 componente
791 3335 976 3375 dupliciter,
1006 3336 1123 3367 scilicet
1152 3336 1325 3367 formaliter
1349 3343 1379 3367 et

317 3380 479 3411 obiective.
501 3398 521 3403 -
541 3380 711 3416 Probatur,
737 3386 767 3410 et
794 3379 1020 3410 manifestatur.
1052 3380 1208 3411 Probatur
1231 3380 1377 3422 quidem:

315 3424 390 3464 quia
413 3424 524 3454 veritas
548 3431 594 3455 est
617 3424 649 3454 in
673 3424 787 3454 eodem
810 3423 969 3454 intellectu
995 3423 1114 3454 eisdem
1137 3424 1252 3455 modis.
1276 3423 1378 3455 Mani-

316 3467 444 3498 festatur
466 3478 540 3498 vero
561 3479 597 3498 ex
621 3468 792 3498 differentia
811 3468 851 3498 ad
870 3478 1009 3503 sensum,
1027 3475 1062 3498 ut
1081 3475 1175 3508 patet.

372 3512 424 3542 Vl.
449 3512 565 3548 Quoad
589 3513 715 3543 tertium
731 3511 756 3548 *,
782 3512 912 3552 ponitur
935 3512 1098 3542 conclusio
1122 3522 1196 3549 una,
1221 3521 1294 3543 cum
1317 3521 1376 3542 suo

315 3555 492 3586 corollario.
528 3555 701 3586 Conclusio
726 3563 787 3586 est:
818 3556 948 3586 Falsitas
973 3562 1019 3586 est
1050 3556 1082 3586 in
1111 3556 1270 3587 intellectu
1294 3555 1378 3596 quod

313 3599 390 3639 quid
405 3605 462 3637 est,
478 3609 533 3639 per
549 3599 700 3630 accidens.
715 3617 733 3622 -
750 3600 913 3636 Probatur,
932 3607 962 3630 et
978 3599 1205 3631 manifestatur.
1222 3600 1378 3631 Probatur

312 3643 443 3684 quidem
459 3643 512 3674 sic.
533 3643 661 3674 Falsitas
677 3653 733 3684 per
749 3653 780 3674 se
798 3650 843 3674 est
859 3644 891 3674 in
909 3644 1142 3684 compositione
1158 3644 1376 3675 intellectuum

1437 696 1580 720 tantum:
1602 700 1676 730 ergo
1699 689 1732 719 in
1757 689 1918 720 intellectu
1941 689 2026 730 quod
2041 689 2118 730 qu'id
2134 693 2190 726 est,
2215 688 2310 719 habet
2331 687 2442 718 locum
2457 697 2506 718 ra-

1438 733 1524 764 tione
1544 733 1786 774 compositionis
1806 733 1974 764 admixtae:
2002 743 2076 774 ergo
2090 733 2256 764 ,invenitur
2278 732 2311 762 in
2328 741 2367 762 eo
2385 741 2441 772 per
2456 741 2506 762 ac-

1438 777 1554 808 cidens.
1578 795 1599 800 -
1622 777 1745 808 Omnes
1776 777 2020 818 consequentiae
2048 784 2123 808 sunt
2153 783 2257 809 notae.
2290 776 2396 807 Prima
2419 775 2506 806 enim

1438 821 1590 852 fundatur
1613 831 1709 861 super
1723 822 1795 858 hoc,
1813 822 1902 862 quod
1926 832 1963 852 ex
1985 822 2091 862 primo
2114 822 2167 852 tali
2184 829 2286 853 cetera
2302 827 2429 861 oportet
2445 820 2506 851 dici

1438 865 1529 901 talia,
1554 865 1746 906 inquantum
1769 865 1957 906 participant
1978 865 2076 902 illud,
2101 872 2137 896 ut
2160 872 2246 906 patet
2270 866 2471 896 IPosterior.
2489 864 2507 883 *

1438 909 1584 939 Secunda
1607 919 1702 948 super
1724 909 1802 945 hoc,
1832 910 1922 950 quod
1945 920 2011 940 non
2035 917 2082 941 est
2103 910 2144 940 'de
2167 910 2289 941 ratione
2319 909 2405 950 quod
2429 909 2506 950 quid

1438 958 1496 990 est,
1521 962 1588 983 esse
1612 952 1848 992 compositum:
1873 954 1962 994 quod
1985 953 2080 984 etiam
2103 961 2198 994 patet.

1494 995 1712 1027 Manifestatur
1734 1003 1843 1027 autem
1858 997 2032 1033 conclusio,
2050 997 2274 1038 distinguendo
2291 998 2373 1029 duos
2389 998 2506 1028 modos

1438 1040 1555 1082 quibus
1580 1040 1773 1081 compositio
1803 1040 1994 1071 admiscetur
2024 1041 2196 1072 intellectui
2219 1041 2300 1073 circa
2322 1042 2407 1083 quod
2429 1042 2506 1083 quid

1439 1090 1494 1116 est.
1519 1084 1644 1115 Primus
1668 1084 1811 1115 consistit
1833 1085 1865 1114 in
1890 1084 2116 1115 coniunctione
2139 1084 2331 1116 definitionis
2355 1096 2429 1117 cum
2452 1086 2505 1117 de-

1438 1129 1545 1160 finito:
1577 1129 1734 1160 secundus
1762 1129 1795 1159 in
1820 1128 2044 1160 coniunctione
2067 1129 2207 1169 partium
2230 1129 2442 1167 definitionis,
2470 1137 2506 1161 ut

1439 1180 1526 1214 patet
1547 1173 1581 1203 in
1601 1173 1712 1204 littera.
1737 1173 1779 1204 Et
1797 1172 1946 1204 differunt
1967 1173 2000 1203 in
2024 1173 2087 1204 hoc
2109 1172 2143 1203 hi
2165 1173 2277 1210 modi,
2308 1175 2398 1214 quod
2420 1184 2507 1205 error

1439 1218 1473 1248 in
1496 1218 1637 1248 secundo
1662 1217 1825 1248 constituit
1847 1217 1933 1258 quod
1955 1217 2032 1258 quid
2055 1222 2101 1248 est
2123 1217 2156 1248 in
2176 1227 2209 1248 se
2224 1217 2357 1248 falsum:
2383 1218 2506 1258 primus

1440 1269 1548 1293 autem
1572 1261 1688 1292 falsum
1711 1261 1795 1292 huic.

1499 1305 1714 1337 Corollarium
1738 1312 1793 1342 est,
1818 1306 1907 1346 quod
1926 1305 1958 1336 in
1979 1306 2202 1345 cognoscendo
2223 1305 2413 1347 quidditates
2431 1305 2507 1337 sim-

1440 1350 1555 1391 plices,
1584 1349 1761 1381 intellectus
1785 1360 1852 1380 non
1875 1357 1981 1391 potest
2003 1359 2070 1380 esse
2093 1349 2208 1387 falsus;
2237 1349 2293 1381 sed
2315 1357 2372 1382 aut
2392 1359 2505 1387 vemt,

1440 1401 1495 1425 aut
1517 1394 1635 1425 nullus.

1498 1439 1567 1470 V11.
1593 1438 1684 1469 Circa
1698 1438 1840 1478 primum
1855 1438 1993 1468 modum
2008 1438 2159 1474 falsitatis,
2171 1444 2202 1469 et
2212 1438 2275 1469 hoc
2291 1437 2508 1482 corollarium,

1441 1482 1578 1514 occurrit
1607 1482 1751 1513 dubium.
1783 1483 1872 1513 Tum
1901 1482 1976 1523 quia
2005 1482 2188 1513 coniunctio
2216 1481 2408 1514 definitionis
2431 1492 2508 1517 cum

1441 1526 1571 1558 definito
1605 1533 1651 1557 est
1680 1533 1764 1557 extra
1794 1526 1990 1557 intellectum
2019 1527 2104 1568 quod
2133 1526 2210 1567 quid
2239 1532 2295 1558 est.
2327 1526 2518 1559 Intellectus

1441 1571 1527 1602 enim
1549 1571 1635 1611 quod
1652 1571 1730 1612 quid
1748 1576 1794 1601 est
1816 1570 1935 1607 lineae,
1960 1581 2026 1601 non
2050 1570 2134 1607 dicit,
2159 1571 2245 1601 linea
2269 1576 2316 1602 est
2339 1570 2507 1612 longitudo

1442 1617 1534 1646 cuius
1557 1620 1702 1645 extrema
1725 1620 1801 1645 sunt
1823 1615 1887 1646 duo
1904 1620 2028 1655 puncta
2037 1625 2052 1654 ;
2077 1615 2132 1645 sed
2155 1614 2231 1646 dicit
2253 1621 2387 1651 tantum,
2404 1615 2507 1656 longi-

1441 1660 1633 1690 tudocuius
1656 1664 1801 1690 extrema
1824 1659 1986 1690 sunt'duo
2004 1665 2138 1700 puncta.
2162 1659 2250 1690 Haec
2274 1659 2360 1689 enim
2383 1665 2430 1690 est
2453 1659 2507 1690 de-

1440 1703 1553 1740 finitio,
1579 1713 1678 1744 quam
1701 1704 1803 1734 solam
1827 1710 1949 1734 constat
1964 1704 2004 1734 ad
2020 1703 2158 1743 primam
2181 1703 2400 1744 operationem
2415 1703 2507 1735 intel-

1440 1749 1540 1779 lectus
1555 1754 1711 1788 spectare:
1736 1748 1816 1778 illud
1832 1754 1939 1778 autem
1955 1754 2071 1784 totum,
2089 1748 2174 1778 linea
2190 1753 2237 1778 est
2251 1747 2420 1789 longitudo
2436 1754 2507 1790 etc„

1441 1793 1479 1822 ab
1495 1792 1656 1822 intellectu
1673 1798 1886 1832 componente
1906 1791 2038 1828 dicitur;
2062 1791 2142 1822 sicut
2167 1791 2262 1822 etiam
2285 1791 2398 1822 dicitur
2420 1792 2507 1823 linea

1441 1842 1488 1867 cst
1511 1846 1622 1873 curva,
1643 1836 1693 1866 vel
1716 1841 1814 1866 recta.
1839 1835 1907 1867 Cur
1929 1845 2004 1876 ergo
2021 1835 2121 1876 magis
2141 1835 2257 1866 falsitas
2272 1835 2358 1866 illius
2374 1835 2507 1867 coniun-

1441 1880 1553 1911 ctionis
1577 1890 1675 1920 quam
1698 1879 1804 1916 huius,
1828 1879 1950 1919 primae
1973 1879 2150 1920 imponitur
2173 1877 2371 1920 operationi?
2385 1897 2404 1902 -
2418 1880 2508 1911 Tum

1441 1924 1516 1965 quia
1538 1924 1596 1954 iste
1620 1924 1737 1954 modus
1761 1923 1902 1954 falsitatis
1923 1924 1967 1955 ita
1990 1924 2084 1954 habet
2105 1923 2217 1954 locum
2239 1923 2273 1954 in
2295 1923 2508 1964 simplicibus,

1441 1969 1522 1999 sicut
1540 1968 1573 1998 in
1590 1967 1792 2008 compositis:
1817 1974 1923 2008 potest
1946 1968 2032 1999 enim
2055 1967 2309 2008 simplicissimus
2333 1974 2508 2009 conceptu!

1440 2012 1529 2053 iungi
1553 2012 1604 2043 cui
1627 2022 1693 2043 non
1717 2012 1865 2043 convenit
1888 2012 2105 2053 quidditative.
2129 2012 2171 2043 Et
2193 2012 2237 2043 sic
2260 2011 2294 2042 in
2309 2011 2508 2053 simplicibus

1440 2063 1546 2098 potest
1561 2056 1656 2087 etiam
1672 2066 1738 2087 esse
1762 2066 1849 2087 error
1871 2066 1927 2098 per
1950 2056 2110 2087 accidens:
2137 2056 2227 2088 cuius
2251 2055 2439 2097 oppositum
2457 2056 2509 2097 Ιίῐ·Δ

1439 2108 1504 2132 tera
1528 2107 1621 2131 sonat
1638 2100 1671 2131 in
1691 2100 1869 2132 corollario.

1498 2145 1581 2176 VIII.
1606 2145 1657 2175 Ad
1680 2145 1870 2175 evidentiam
1900 2144 2036 2181 horum,
2062 2144 2140 2175 scito
2169 2144 2273 2185 quod,
2298 2144 2379 2176 sicut
2401 2154 2450 2176 res
2473 2153 2508 2175 se

1439 2189 1534 2220 habet
1549 2189 1589 2219 ad
1605 2199 1681 2225 esse,
1701 2188 1744 2219 ita
1768 2189 1808 2218 ad
1831 2189 1997 2228 cognosci:
2023 2196 2054 2219 et
2073 2195 2250 2229 propterea,
2268 2196 2427 2229 quantum
2445 2188 2506 2220 dif-

1438 2233 1497 2264 fert
1524 2232 1708 2263 coniunctio
1739 2232 1931 2263 definitionis
1964 2243 2039 2263 cum
2070 2232 2201 2264 definito
2233 2243 2251 2263 a
2280 2233 2507 2270 coniunctione

1439 2287 1513 2308 cum
1542 2276 1650 2307 ceteris
1663 2299 1670 2312 ‚
1704 2283 1829 2307 tantum
1856 2276 1985 2307 interest
2014 2283 2050 2307 ut
2078 2276 2219 2317 exigatur
2249 2277 2389 2317 cognitio
2420 2276 2506 2308 iuius

1439 2320 1672 2351 coniunctionis
1696 2320 1735 2350 ad
1758 2320 1843 2361 quod
1861 2320 1938 2361 quid
1953 2326 2009 2358 est,
2036 2327 2066 2352 et
2089 2330 2156 2351 non
2180 2320 2414 2352 coniuncn'onis
2430 2330 2505 2352 cum

1438 2364 1516 2395 aliis.
1543 2364 1737 2395 Coniunctio
1762 2364 1847 2394 enim
1871 2363 2063 2395 definitionis
2087 2374 2161 2395 cum
2185 2363 2326 2401 definito,
2351 2365 2405 2396 dat
2427 2363 2504 2395 defi-

1438 2408 1550 2440 nitioni
1570 2409 1660 2450 quod
1683 2408 1722 2439 sit
1745 2409 1830 2449 quod
1851 2408 1929 2449 quid
1951 2414 2018 2439 est:
2042 2409 2130 2439 nulla
2153 2408 2239 2439 enim
2255 2408 2335 2439 ratio
2352 2415 2399 2439 est
2414 2408 2506 2449 quid-

1439 2453 1527 2489 ditas,
1547 2453 1608 2484 nisi
1631 2453 1823 2493 inquantum
1848 2459 1894 2483 est
1916 2452 2049 2483 alicuius
2073 2453 2153 2484 entis
2177 2452 2347 2494 quidditas.
2370 2453 2412 2484 Et
2430 2462 2504 2493 pro-.

1437 2504 1544 2537 pterea
1567 2507 1757 2537 cognoscere
1785 2497 1870 2537 quod
1897 2497 1974 2537 quid
2004 2502 2050 2528 est
2077 2507 2144 2527 non
2168 2497 2336 2537 contingit,
2366 2497 2427 2528 nisi
2451 2507 2505 2528 co-

1437 2548 1607 2582 gnoscatur
1635 2541 1819 2572 coniunctio
1849 2540 2039 2572 definitionis
2073 2551 2147 2572 cum
2180 2540 2319 2572 definito.
2354 2541 2387 2572 Si
2417 2541 2504 2572 enim

1438 2592 1681 2626 cognosceretur
1704 2584 1845 2615 definitio
1869 2585 2040 2616 nesciendo
2058 2585 2148 2616 cuius
2164 2585 2208 2615 rei
2225 2585 2274 2622 sit,
2291 2595 2357 2615 non
2374 2584 2504 2616 sciretur

1437 2629 1596 2671 quidditas
1620 2629 1740 2670 aliqua,
1772 2630 1826 2660 sed
1850 2629 1927 2670 quid
1951 2628 2104 2669 significat
2127 2638 2262 2660 nomen:
2293 2629 2336 2660 sic
2361 2628 2447 2660 enim
2470 2638 2503 2660 se

1436 2674 1564 2704 haberet
1586 2673 1772 2703 huiusmodi
1796 2673 2015 2704 definitionem
2039 2673 2288 2714 apprehendens,
2306 2673 2387 2704 sicut
2402 2673 2504 2704 modo

1437 2728 1469 2749 se
1488 2718 1582 2749 habet
1605 2717 1746 2748 formans
1771 2724 1963 2758 conceptum
1986 2718 2104 2749 montis
2128 2717 2224 2754 aurei,
2248 2718 2299 2748 vel
2322 2717 2504 2749 cuiuscum-

1436 2772 1499 2804 que
1516 2762 1641 2792 alterius
1666 2761 1807 2802 figmenti
1823 2772 1859 2792 ex
1875 2772 1941 2792 non
1965 2762 2226 2803 impossibilibus.
2243 2763 2317 2792 Non
2334 2762 2378 2792 sic
2395 2768 2503 2793 autem

1437 2817 1469 2837 se
1492 2806 1586 2837 habet
1609 2806 1648 2836 ad
1672 2806 1756 2846 quod
1779 2806 1856 2846 quid
1875 2811 1922 2836 est
1941 2806 2124 2837 coniunctio
2149 2816 2223 2837 cum
2246 2805 2447 2847 passionibus
2472 2812 2503 2838 et

1436 2851 1522 2881 aliis:
1547 2849 1701 2891 quoniam
1726 2851 1844 2891 absque
1868 2850 1928 2880 illis
1950 2850 2133 2891 quidditatis
2148 2850 2229 2881 ratio
2245 2850 2391 2880 salvatur.
2417 2849 2502 2888 Quia

1436 2905 1511 2934 ergo
1534 2895 1620 2935 quod
1642 2894 1720 2935 quid
1742 2899 1788 2925 est
1811 2894 2014 2925 essentialiter
2038 2894 2132 2935 exigit
2154 2894 2186 2925 in
2210 2894 2344 2924 essendo
2361 2893 2393 2924 id
2410 2893 2501 2924 cuius

1436 2946 1497 2975 est,
1523 2938 1668 2979 quamvis
1691 2948 1757 2968 non
1781 2938 1843 2968 hoc
1866 2939 1916 2968 vel
1940 2938 2037 2976 illud,
2062 2944 2188 2979 oportet
2212 2945 2247 2968 ut
2270 2937 2365 2968 etiam
2388 2937 2422 2968 in
2445 2947 2501 2968 co-

1435 2983 1544 3023 gnosci
1567 2983 1647 3013 illud
1671 2982 1780 3022 exigat.
1805 2984 1851 3013 Ac
1867 2993 1924 3022 per
1938 2982 2010 3019 hoc,
2027 2982 2081 3013 illa
2097 2981 2279 3013 coniunctio
2303 2982 2343 3011 ad
2363 2981 2500 3022 primam

1435 3034 1554 3068 spectat
1577 3027 1796 3067 operationem
1818 3026 2003 3063 intellectus,
2021 3026 2102 3057 sicut
2118 3033 2148 3057 et
2164 3025 2346 3057 coniunctio
2360 3026 2501 3067 partium

1435 3070 1643 3107 definitionis;
1667 3070 1813 3111 quamvis
1836 3071 1912 3102 haec
1937 3071 2049 3102 ultima
2072 3070 2180 3111 magis.

1490 3115 1531 3146 Et
1546 3114 1701 3156 quoniam
1721 3114 1903 3145 coniunctio
1928 3114 2119 3146 definitionis
2143 3124 2217 3144 cum
2241 3113 2382 3151 definito,
2399 3114 2425 3145 si
2448 3123 2498 3145 se-

1435 3159 1577 3190 cundum
1601 3169 1633 3189 se
1656 3158 1830 3195 iudicetur,
1861 3158 2023 3199 consurgit
2053 3168 2090 3189 ex
2120 3158 2354 3198 compositione
2379 3157 2499 3189 definiti

1434 3201 1514 3245 (nisi
1542 3202 1627 3233 enim
1656 3209 1736 3233 esset
1763 3203 1998 3243 compositum,
2027 3203 2136 3233 locum
2160 3202 2191 3232 in
2218 3212 2256 3232 eo
2281 3212 2347 3233 non
2370 3202 2501 3234 haberet

1433 3246 1599 3278 abstractio
1623 3246 1814 3277 definitionis
1831 3248 1869 3277 ab
1887 3257 1935 3284 eo,
1953 3253 2110 3288 quantum
2134 3253 2180 3277 est
2196 3256 2232 3277 ex
2249 3255 2296 3282 se;
2321 3256 2396 3277 cum
2418 3245 2501 3277 nihss

1433 3291 1590 3322 abstrahat
1619 3291 1796 3321 secundum
1819 3301 1851 3321 se
1876 3292 1914 3322 ab
1938 3290 2071 3321 omnino
2101 3288 2240 3332 seipso);
2266 3297 2446 3331 propterea,
2471 3289 2497 3320 si

1433 3335 1538 3376 aliqua
1566 3335 1724 3376 quidditas
1752 3335 1911 3366 invenitur
1940 3335 1983 3365 ita
2013 3334 2162 3374 simplex,
2193 3341 2228 3365 ut
2251 3334 2369 3365 scilicet
2391 3334 2431 3365 sit
2452 3333 2496 3364 rei

1433 3379 1583 3419 simplicis
1613 3379 1788 3420 quidditas,
1815 3379 1894 3410 circa
1917 3378 2004 3409 illam
2028 3378 2135 3408 nullus
2160 3388 2196 3409 ex
2219 3385 2307 3419 parte
2331 3388 2388 3409 sua
2411 3387 2497 3408 error

1432 3432 1498 3453 esse
1519 3430 1632 3463 potest,
1653 3423 1733 3454 sicut
1756 3423 1843 3453 nulla
1867 3429 1913 3453 est
1936 3422 2139 3462 compositio.
2156 3440 2176 3445 -
2191 3423 2232 3454 Et
2254 3432 2311 3462 per
2333 3422 2395 3453 hoc
2410 3428 2496 3462 patet

1431 3467 1596 3507 responsio
1621 3467 1660 3497 ad
1684 3467 1815 3497 obiecta.

1490 3511 1541 3541 IX.
1568 3511 1602 3540 ln
1622 3510 1828 3551 responsione
1845 3510 1884 3540 ad
1900 3509 2050 3549 primum,
2067 3510 2193 3541 adverte
2209 3510 2298 3551 quod
2313 3510 2385 3540 ideo
2401 3508 2496 3550 quid-

1433 3554 1512 3585 ditas
1529 3554 1642 3584 dicitur
1657 3553 1824 3594 proprium
1844 3553 2003 3584 obiectum
2023 3554 2208 3590 intellectus,
2225 3554 2299 3595 quia
2318 3553 2494 3584 intellectus

1431 3598 1463 3628 in
1488 3598 1652 3628 communi
1677 3608 1709 3628 se
1733 3598 1826 3628 habet
1849 3598 1888 3627 ad
1912 3598 2139 3638 quidditatem,
2165 3598 2246 3629 sicut
2267 3597 2353 3628 visus
2376 3597 2416 3627 ad
2440 3607 2493 3627 co-

1430 3642 1548 3678 lorem;
1568 3642 1611 3673 ita
1630 3642 1719 3682 quod
1743 3652 1797 3682 per
1821 3652 1853 3672 se
1877 3642 1981 3682 primo
2002 3642 2164 3683 cognoscit
2187 3642 2272 3683 quod
2291 3641 2368 3682 quid
2389 3646 2445 3678 est,
2464 3647 2494 3671 et

2535 869 2544 878 ·
2566 868 2628 891 Vide
2647 874 2699 897 cap.
2714 875 2748 897 n,

2534 901 2598 924 n.15.
