2768 4178
38 933 49 944 ·
63 931 122 961 cap.
131 938 157 960 n,
169 937 192 954 n.
202 937 224 954 2.

983 226 1250 273 QUAESTIO
1280 227 1388 274 XIII,
1417 227 1714 264 ARTICULUS
1746 229 1776 264 II

279 308 492 340 subsistentis:
519 317 593 338 cum
610 307 649 338 sit
664 317 783 338 nomen
804 306 1047 341 substantivum,
1073 312 1109 336 ut
1132 305 1255 342 albedo,
1278 306 1351 336 sub·

280 352 406 384 stantivi
436 358 544 382 autem
574 352 743 394 proprium
766 358 813 382 est
836 361 891 392 per
924 350 1060 381 modum
1094 349 1286 380 substantiae
1310 350 1352 380 si-

280 396 438 439 gnificare.

334 442 385 472 Ad
409 441 470 472 hoc
493 441 627 472 breviter
642 440 763 476 dicitur,
781 439 872 480 quod
887 438 996 469 incidit
1014 438 1066 469 hic
1085 438 1248 479 sophisma
1264 438 1351 469 Con-

281 486 451 527 sequentis,
474 496 493 516 a
508 485 608 516 modo
628 484 820 516 substantiae
835 483 874 513 ad
893 483 979 514 hunc
993 483 1122 513 modum
1147 482 1352 514 determinate

281 530 479 561 affirmando.
509 528 749 561 Substantivum
779 527 911 569 quidem
943 526 1097 568 significat
1129 537 1186 567 per
1215 528 1352 558 modum

282 574 483 611 substantiae,
499 574 580 605 idest
588 583 653 614 per
666 582 702 604 se
716 573 843 610 stantis,
868 571 948 602 idest
971 572 1133 603 solitarie:
1157 578 1188 602 et
1206 581 1272 602 non
1296 582 1353 613 per

281 619 419 650 modum
442 617 649 650 subsistentis.

335 664 376 694 Et
399 663 424 694 si
447 663 581 694 instetur
604 661 694 703 quod
718 661 813 692 etiam
836 661 960 692 simitas
983 659 1137 700 significat
1161 662 1350 692 curvitatem

282 709 314 739 in
338 717 433 745 naso,
459 713 490 737 et
513 711 743 747 consequenter
765 715 831 735 non
855 704 1010 745 significat
1038 704 1175 735 formam
1205 705 1351 741 solitarie,

281 752 335 783 sed
355 761 429 782 cum
453 750 611 782 subiecto:
636 750 846 791 respondetur
868 749 958 790 quod
980 749 1032 780 hic
1056 759 1122 781 non
1146 757 1192 780 est
1207 750 1351 791 quaestio

281 796 320 827 de
343 795 582 836 significatione
605 801 635 826 et
654 794 922 835 consequentibus
940 794 979 824 ad
1000 794 1113 834 ipsam,
1132 795 1187 825 sed
1203 795 1248 825 de·
1259 795 1352 825 modo

279 839 497 882 significandi.
522 840 727 870 Abstractum
747 846 854 870 autem
878 846 909 870 et
933 846 1116 870 concretum
1139 839 1172 869 in
1197 838 1351 880 significa-

281 884 367 916 tione
391 883 601 916 conveniunt:
627 883 703 925 quia
726 890 900 925 utrumque
923 894 1038 924 puram
1068 883 1205 914 formam
1234 883 1351 924 signifi-

281 935 338 966 cat,
355 935 391 960 ut
405 927 439 959 in
454 928 729 960 Pmedicamentis
743 927 761 946 θ’
786 929 824 959 de
848 928 921 959 albo
942 928 1063 965 dicitur,
1083 935 1113 959 et
1129 938 1165 959 ex
1185 935 1296 959 natura
1312 928 1351 959 si-

279 972 444 1015 gnificatae
473 973 595 1004 formae
628 979 756 1014 oportet
786 980 959 1014 utrumque
993 972 1142 1013 copulare
1173 973 1352 1004 subiectum

279 1018 402 1049 formae
417 1017 618 1059 significatae.
637 1017 698 1049 Sed
716 1028 752 1048 ex
769 1017 868 1048 modo
886 1016 1081 1057 significandi
1098 1017 1270 1048 differentia
1291 1024 1350 1048 est:

2403 243 2470 278 141

1405 305 1481 346 quia
1513 313 1698 337 concretum
1730 307 1880 347 importat
1917 309 2095 340 subiectum
2126 316 2156 340 et
2190 310 2406 350 compositum
2438 321 2475 342 ex

1406 350 1506 380 modo
1535 350 1746 391 significandi,
1774 358 1809 382 ut
1832 352 1974 392 primum
2004 353 2215 394 significatum
2239 352 2290 397 (in
2321 355 2410 386 cuius
2435 356 2476 386 si-

1405 405 1507 434 gnum
1530 394 1664 426 dicimus
1688 395 1777 437 quod
1800 395 1919 426 simum
1936 404 1982 427 est
1998 408 2096 429 nasus
2110 408 2239 436 curvus,
2257 398 2344 439 prius
2361 409 2475 430 nasum

1406 449 1505 480 quam
1521 439 1706 470 curvitatem
1725 439 1962 483 exprimentes);
1987 443 2178 473 abstractum
2195 453 2271 474 vero
2296 443 2474 475 subiectum

1407 493 1443 514 ex
1467 484 1566 514 modo
1590 483 1785 525 significandi
1809 491 1864 516 aut
1887 495 1953 515 non
1976 485 2127 526 importat
2143 485 2212 529 (sed
2236 497 2272 518 ex
2295 495 2407 519 natura
2430 489 2474 519 rei

1407 526 1628 571 significatae),
1652 535 1716 565 aut,
1742 529 1768 559 si
1790 529 1958 569 importat,
1983 540 2048 560 non
2079 531 2229 571 importat
2251 532 2472 572 principaliter,

1407 573 1462 602 sed
1486 572 1616 610 ultim0;
1641 574 1727 604 unde
1743 583 1759 604 e
1776 583 1928 604 converso
1945 574 2079 605 dicimus
2098 576 2187 616 quod
2203 576 2322 607 simitas
2339 583 2385 608 est
2400 587 2474 608 cur-

1407 618 1490 648 vitas
1513 619 1595 648 nasi.

1451 661 1611 701 Significat
1626 661 1721 702 igitur
1736 662 1928 693 abstractum
1940 672 1996 702 per
2008 662 2143 693 modum
2158 664 2347 695 substantiae
2364 666 2472 706 quoad

1406 706 1484 742 hoc,
1509 706 1584 747 quia
1607 705 1762 746 significat
1783 706 1863 737 illud
1880 716 1944 747 per
1967 717 2018 744 se,
2043 707 2123 738 idest
2146 717 2211 738 non
2236 718 2310 739 curn
2333 709 2412 746 alio,
2438 720 2475 741 ex

1406 750 1506 781 modo
1523 750 1736 791 significandi:
1761 758 1792 781 et
1810 751 1872 782 hoc
1892 757 1947 782 aut
1965 751 2156 791 simpliciter,
2175 759 2229 783 aut
2251 753 2474 794 principaliter.

1406 794 1603 826 Concretum
1633 802 1755 831 autern,
1781 805 1818 826 ex
1841 795 1941 826 modo
1965 795 2175 835 significandi,
2200 797 2411 837 principaliter
2434 799 2473 829 si-

1405 839 1532 879 gnificat
1550 839 1637 870 aliud
1653 850 1727 871 cum
1742 850 1775 870 re
1791 840 1896 880 primo
1916 839 2098 880 significata.
2117 858 2135 864 -
2153 841 2245 871 Unde
2262 841 2382 872 dictum
2400 843 2474 873 Avi-

1406 894 1533 920 cennae,
1553 884 1781 924 reprehensum
1797 885 1836 915 ab
1852 886 2001 921 Averroe,
2019 885 2047 916 V
2062 886 2259 926 Metaphys„
2277 896 2394 918 comm.
2410 896 2472 924 xxv,

1406 928 1431 958 si
1448 928 1569 959 ratione
1580 928 1670 959 modi
1684 928 1879 969 significandi
1896 929 2088 969 intelligitur,
2100 940 2212 960 verum
2228 929 2296 961 fuit.
2314 931 2379 961 Nec
2395 931 2473 962 ratio

1406 972 1554 1003 Averrois
1578 973 1741 1004 concludit
1764 973 1965 1014 oppositum:
1987 974 2142 1014 quoniam
2162 984 2228 1005 non
2251 981 2336 1006 tenet
2363 975 2422 1006 nisi
2438 976 2471 1006 in

1407 1017 1580 1048 formaliter
1603 1017 1783 1058 significatis
1807 1028 1844 1048 ex
1867 1017 1897 1048 vi
1921 1017 2168 1058 significationis.

1054 1162 1372 1204 ARTICULUS
1402 1162 1700 1204 SECUNDUS

675 1257 832 1288 UTRUM
854 1255 1052 1294 ALIQUOD
1076 1255 1233 1287 NOMEN
1257 1254 1454 1286 DrcATUR
1476 1256 1534 1286 DE
1558 1256 1647 1287 Deo
1672 1257 2073 1288 SUBSTANTIALITER

806 1336 815 1360 1
835 1336 918 1365 Sent.‚
939 1336 997 1361 dist.
1015 1343 1042 1365 11.
1062 1340 1109 1360 art.
1130 1342 1160 1366 2;
1180 1335 1190 1360 1
1212 1335 1288 1360 Cont.
1311 1336 1397 1365 Gent„
1418 1343 1474 1368 cap.
1492 1343 1562 1367 mu
1584 1336 1625 1361 De
1644 1336 1711 1366 Por„
1731 1344 1776 1370 qu.
1789 1345 1837 1368 vn,
1857 1342 1903 1362 art.
1925 1336 1948 1362 5.

371 1445 437 1461 lh.

420 1454 470 1490 Ἢ
494 1439 518 1464 D
532 1437 723 1463 SECUNDUM
738 1437 791 1461 SIC
807 1436 1047 1462 pnoeamrua.
1067 1424 1227 1462 Videtur
1246 1424 1352 1473 quod

312 1463 400 1533 <432
414 1469 467 1539 ’ἑῇ
495 1479 642 1516 nullum
661 1490 806 1516 nomen
827 1477 972 1515 dicatur
1001 1477 1048 1515 de
1068 1479 1153 1514 Deo
1179 1478 1351 1515 substan-

242 1558 252 1571 ,
302 1568 309 1576 ,
342 1535 345 1538 ”
386 1531 422 1575 ἑ,
441 1524 465 1574 ’ᾗ
480 1530 640 1570 tialiter.
662 1531 763 1569 Dicit
777 1531 879 1568 enim
893 1532 1158 1568 Damascenus
1171 1530 1207 1568 *ε
1233 1531 1350 1580 Opor-

342 1580 408 1612 -7'1‘
418 1598 429 1613 1*
454 1579 546 1623 tet
560 1585 754 1636 singulum
773 1597 905 1622 eorum
934 1597 1032 1634 quae
1050 1586 1096 1622 de
1115 1586 1198 1622 Deo
1222 1585 1350 1622 dicun-

279 1645 353 1686 tur,
369 1650 445 1676 non
464 1640 556 1687 quid
567 1645 621 1676 est
637 1639 844 1676 secundum
857 1639 1104 1676 substantiam
1118 1638 1349 1688 significare,

277 1692 346 1730 sed
361 1692 453 1742 quid
469 1705 544 1730 non
573 1698 629 1730 est
645 1692 849 1738 ostendere,
870 1697 938 1729 aut
955 1692 1209 1729 habitudinem
1230 1704 1348 1741 quan-

278 1746 387 1793 dam,
415 1752 483 1784 aut
507 1746 652 1795 aliquid
677 1757 810 1782 eorum
838 1757 936 1794 quae
963 1751 1214 1795 assequuntur
1242 1751 1349 1783 natu-

276 1811 365 1838 ram
391 1799 453 1837 vel
480 1799 748 1850 operationem.

334 1865 369 1892 2.
399 1854 633 1900 PRAETEREA‚
661 1852 749 1890 dicit
775 1851 986 1900 Dionysius
1000 1858 1030 1899 “,
1060 1864 1070 1888 1
1091 1865 1173 1901 cap.
1194 1852 1240 1889 de
1259 1853 1346 1890 Div.

276 1906 438 1946 Nom.*:
469 1906 627 1944 Omnem
645 1911 862 1943 sanctorum
883 1905 1145 1955 theologorum
1160 1906 1346 1954 hymnum

278 1961 455 2006 invenies,
477 1960 529 1996 ad
546 1960 663 1996 bonos
678 1959 892 1995 thearchiae
903 1970 1115 2007 processus,
1132 1959 1348 2008 manifesta-

277 2015 350 2052 tive
377 2019 414 2050 et
439 2012 628 2050 laudative
645 2012 721 2050 Dei
738 2012 1011 2049 nominationes
1038 2012 1282 2050 dividentem:
1312 2020 1348 2050 et

279 2074 335 2105 est
353 2078 500 2114 sensus,
520 2066 626 2115 quod
644 2065 803 2102 nomina
823 2077 921 2114 quae
942 2065 980 2102 in
1001 2065 1172 2102 divinam
1192 2066 1346 2103 laudem

278 2121 397 2159 sancti
427 2119 603 2157 doctores
639 2125 856 2164 assumunt,
896 2118 1109 2156 secundum
1143 2131 1346 2167 processus

277 2174 395 2224 ipsius
414 2172 486 2210 Dei
506 2171 798 2220 distinguuntur.
831 2171 909 2208 Sed
930 2171 1036 2219 quod
1056 2171 1241 2220 significat
1259 2178 1347 2221 pro-

278 2238 428 2265 cessum
467 2225 621 2262 alicuius
650 2224 724 2271 rei,
760 2224 851 2261 nihil
888 2224 1073 2272 significat
1102 2225 1151 2262 ad
1181 2225 1262 2262 eius
1291 2238 1347 2263 es-

278 2280 438 2318 sentiam
471 2278 676 2328 pertinens.
713 2277 1004 2326 Ergo-nomina
1033 2278 1132 2315 dicta
1162 2279 1208 2316 de
1238 2279 1344 2327 Deo,

277 2346 357 2373 non
385 2332 562 2371 dicuntur
590 2331 637 2370 de
667 2331 750 2381 ipso
779 2331 1081 2368 substantialiter.

333 2387 368 2424 3.
389 2387 624 2432 PRAETEREA,
640 2384 852 2422 secundum
871 2385 947 2422 hoc
966 2384 1186 2422 nominatur
1205 2385 1346 2434 aliquid

272 2453 300 2479 a
326 2439 451 2487 nobis,
481 2438 695 2476 secundum
714 2438 821 2488 quod
839 2438 1064 2487 intelligitur.
1095 2439 1174 2476 Sed
1193 2451 1271 2476 non
1291 2439 1345 2476 in-

271 2493 452 2542 telligitur
488 2493 594 2529 Deus
627 2504 650 2528 a
683 2491 795 2529 nobis
832 2491 871 2528 in
907 2492 979 2529 hac
1015 2492 1094 2529 vita
1132 2492 1344 2529 secundum

277 2559 388 2585 suam
417 2544 680 2582 substantiam.
710 2545 812 2593 Ergo
833 2557 905 2582 nec
928 2545 1083 2595 aliquod
1103 2557 1246 2583 nomen
1276 2546 1346 2583 im-

275 2599 446 2651 positum
467 2611 489 2636 a
508 2598 631 2645 nobis,
653 2597 788 2635 dicitur
817 2598 865 2636 de
885 2599 969 2636 Deo
999 2599 1213 2637 secundum
1233 2612 1344 2637 suam

278 2651 540 2691 substantiam.
588 2688 592 2692 ,

332 2706 407 2743 SED
437 2716 583 2742 CONTRA
611 2716 677 2741 EST
705 2705 811 2753 quod
839 2705 925 2743 dicit
953 2705 1198 2753 Augustinus,
1228 2706 1278 2742 VI
1301 2706 1347 2743 de

282 2759 319 2797 T
314 2760 385 2796 rin.
402 2758 444 2795 *ε
473 2759 556 2795 Deo
585 2758 656 2794 hoc
683 2763 737 2794 est
763 2770 852 2805 esse,
882 2759 984 2807 quod
1007 2760 1154 2807 fortem
1183 2771 1261 2795 esse
1287 2759 1348 2795 vel

276 2813 481 2862 sapientem
515 2823 613 2857 esse,
643 2816 679 2847 et
710 2811 745 2847 si
775 2812 867 2860 quid
898 2812 944 2849 de
976 2812 1040 2849 illa
1076 2812 1311 2860 simplicitate
1329 2810 1347 2840 β

276 2865 440 2912 dixeris,
483 2876 556 2913 quo
595 2864 673 2901 eius
709 2864 914 2902 substantia
949 2865 1198 2915 significatur.
1242 2866 1344 2913 Ergo

277 2918 408 2957 omnia
441 2917 599 2955 nomina
623 2922 637 2943 ⁷
665 2917 887 2956 huiusmodi
923 2917 1138 2966 significant
1175 2917 1344 2956 divinam

275 2971 538 3009 substantiam.

331 3026 557 3061 Respommo
586 3035 770 3061 DICENDUM
799 3023 904 3073 quod
928 3025 975 3062 de
998 3024 1218 3061 nominibus
1246 3036 1344 3072 quae

278 3078 326 3115 de
355 3078 441 3114 Deo
470 3076 646 3114 dicuntur
673 3077 868 3125 negative,
901 3078 964 3114 vel
993 3087 1092 3126 quae
1121 3076 1345 3114 relationem

278 3129 396 3180 ipsius
424 3129 474 3167 ad
502 3137 714 3167 creaturam
749 3129 981 3179 significant,
1015 3130 1262 3179 manifestum·
1290 3138 1345 3167 est

278 3183 385 3233 quod
413 3183 664 3220 substantiam
698 3183 779 3220 eius
816 3184 920 3221 nullo
953 3184 1074 3222 modo
1112 3184 1344 3232 significant;

278 3236 348 3274 sed
375 3235 632 3273 remotionem
660 3236 817 3274 alicuius
837 3237 886 3274 ab
905 3237 1000 3286 ipso,
1029 3238 1093 3275 vel
1122 3237 1344 3274 relationem

278 3290 358 3327 eius
379 3289 428 3326 ad
447 3288 574 3336 alium,
593 3289 656 3327 vel
679 3290 805 3338 potius
834 3290 991 3328 alicuius
1019 3290 1068 3328 ad
1097 3290 1236 3339 ipsum.
1268 3290 1345 3327 Sed

279 3343 327 3380 de
362 3341 583 3380 nominibus
620 3354 718 3391 quae
757 3344 929 3381 absolute
964 3351 1001 3381 et
1034 3343 1262 3382 affirmative
1297 3343 1344 3380 de

332 3457 358 3490 α)
379 3457 445 3482 dicit
464 3456 622 3490 Dionysius.
639 3469 659 3475 -
677 3457 827 3491 Dionysius
845 3458 912 3484 dicit
930 3459 1042 3484 codices.
1060 3473 1078 3477 -
1096 3459 1123 3484 ln
1143 3464 1214 3483 textu
1232 3459 1274 3484 cit.
1293 3467 1341 3492 pro

281 3492 400 3521 Omnem,
418 3492 542 3517 Omnium
562 3491 713 3516 PBDFGsA
731 3497 758 3517 et
771 3493 831 3518 edd.
842 3493 899 3525 ab3
917 3499 943 3518 et
956 3502 1004 3526 pro
1018 3494 1106 3524 bonos,
1127 3494 1216 3519 beatos
1234 3494 1342 3519 PBEab.

331 3526 356 3561 β)
375 3527 553 3559 simplicitate.
571 3539 590 3546 —-
607 3526 722 3558 simplici
739 3528 935 3560 multiplicitate
953 3530 994 3554 vel
1013 3530 1154 3562 multiplici
1171 3529 1340 3562 simplicitate

278 3563 309 3588 D.
327 3577 346 3582 -
364 3563 415 3588 Pro
433 3570 493 3595 quo,
514 3569 566 3594 qua
585 3562 694 3587 PFGab.

330 3598 357 3632 γ)
378 3598 496 3624 nomina.
513 3612 532 3617 -
550 3598 612 3623 Om.
632 3597 734 3623 codices
754 3602 780 3622 et
797 3598 838 3623 ed.
856 3605 883 3623 a.

1405 1426 1491 1462 Deo
1512 1424 1699 1472 dicuntur,
1721 1425 1815 1462 sicut
1834 1427 1963 1471 honus,
1984 1426 2143 1474 sapiens,
2173 1431 2209 1463 et
2237 1426 2470 1476 huiusmodi,

1406 1477 1662 1527 multipliciter
1690 1478 1804 1528 aliqui
1832 1486 1919 1515 sunt
1947 1479 2102 1528 opinati.

1460 1531 1631 1579 Quidam
1661 1531 1761 1568 enim
1792 1531 1966 1569 dixerunt
1990 1532 2095 1581 quod
2124 1532 2220 1569 haec
2249 1533 2375 1570 omnia
2403 1546 2471 1571 no-

1404 1584 1525 1631 mina,
1554 1585 1639 1622 licet
1673 1585 1900 1623 affirmative
1930 1585 1978 1623 de
2006 1587 2091 1623 Deo
2122 1586 2313 1633 dicantur,
2343 1594 2471 1624 tamen

1405 1638 1526 1687 magis
1563 1638 1718 1676 inventa
1756 1647 1842 1676 sunt
1876 1639 1926 1676 ad
1960 1639 2100 1688 aliquid
2135 1640 2415 1677 removendum
2449 1653 2471 1678 a

1404 1693 1502 1739 Deo,
1528 1704 1646 1740 quam
1676 1691 1724 1729 ad
1753 1691 1895 1742 aliquid
1918 1693 2142 1742 ponendum
2170 1693 2208 1730 in
2234 1693 2330 1742 ipso.
2360 1693 2470 1731 Unde

1404 1745 1535 1783 dicunt
1563 1745 1679 1795 quod,
1706 1758 1794 1782 eum
1815 1745 1976 1783 dicimus
2004 1747 2133 1784 Deum
2159 1758 2241 1783 esse
2267 1747 2468 1793 viventem,

1404 1798 1663 1847 significamus
1693 1799 1797 1848 quod
1817 1800 1922 1836 Deus
1951 1812 2030 1837 non
2048 1800 2124 1837 hoc
2143 1799 2262 1837 modo
2290 1808 2355 1847 est,
2377 1800 2469 1838 sicut

1404 1864 1462 1889 res
1491 1852 1742 1890 inanimatae:
1773 1860 1809 1889 et
1837 1853 2006 1890 similiter
2038 1853 2304 1902 accipiendum
2344 1861 2399 1890 est
2430 1854 2469 1891 in

1402 1905 1493 1942 aliis.
1524 1906 1573 1942 Et
1591 1906 1667 1943 hoc
1685 1905 1812 1955 posuit
1827 1903 1841 1927 δ
1870 1906 1995 1943 Rabbi
2015 1907 2172 1955 Moyses
2186 1906 2217 1943 ²¹⁶.
2238 1928 2261 1934 -
2282 1906 2355 1944 Alii
2373 1919 2467 1944 vero

1402 1958 1531 1996 dicunt
1558 1959 1665 2007 quod
1685 1960 1780 1996 haec
1799 1959 1958 1996 nomina
1985 1959 2162 2008 imposita
2182 1968 2269 1997 sunt
2289 1960 2339 1997 ad
2358 1960 2467 2009 signi-

1401 2011 1597 2049 ficandum
1626 2012 1888 2050 habitudinem
1923 2013 2002 2050 eius
2022 2013 2070 2050 ad
2096 2021 2220 2050 creata
2239 2019 2267 2050 ¹:
2296 2021 2348 2061 ut,
2379 2026 2466 2050 cum

1401 2065 1561 2102 dicimus
1583 2067 1688 2102 Deus
1707 2072 1762 2102 est
1778 2061 1908 2113 bonus,
1930 2066 1976 2103 sit
1995 2079 2139 2114 sensus,
2159 2068 2264 2104 Deus
2282 2073 2336 2104 est
2352 2079 2467 2104 causa

1401 2119 1574 2155 bonitatis
1603 2119 1639 2155 in
1670 2120 1792 2156 rebus.
1821 2121 1871 2156 Et
1899 2120 2035 2156 eadem
2066 2120 2159 2157 ratio
2190 2128 2244 2157 est
2271 2120 2310 2157 in
2338 2120 2430 2158 aliis.

1456 2172 1533 2208 Sed
1561 2179 1768 2220 utrumque
1796 2172 1955 2209 istorum
1982 2173 2133 2210 videtur
2169 2186 2250 2210 esse
2287 2174 2467 2211 inconve-

1401 2225 1529 2272 niens,
1559 2232 1716 2274 propter
1743 2225 1822 2262 tria.
1852 2226 1983 2262 Primo
2013 2226 2189 2275 quidem,
2219 2226 2308 2275 quia
2336 2240 2467 2264 secun-

1402 2278 1495 2315 dum
1525 2285 1699 2315 neutram
1728 2279 1864 2315 harum
1884 2279 2118 2328 positionum
2137 2288 2267 2329 posset
2287 2280 2466 2328 assignari

1402 2331 1496 2368 ratio
1526 2343 1643 2380 quare
1672 2331 1862 2380 quaedam
1891 2331 2049 2369 nomina
2078 2333 2197 2381 magis
2223 2333 2270 2371 de
2298 2334 2383 2370 Deo
2414 2333 2466 2371 di-

1401 2392 1575 2422 cerentur
1608 2397 1726 2433 quam
1755 2385 1837 2422 alia.
1875 2385 1936 2422 Sic
1966 2385 2069 2423 enim
2098 2394 2153 2423 est
2182 2399 2295 2423 causa
2330 2399 2466 2436 corpo-

2497 1948 2505 1956 ¹
2524 1946 2550 1968 In
2565 1946 2623 1968 libro
2640 1945 2692 1967 Do-

2495 1975 2547 1994 ctor
2567 1971 2694 1999 Perplexa-

2495 2005 2560 2027 rum,
2585 2002 2643 2028 part.
2666 1998 2691 2027 1,

2495 2032 2546 2054 cap.
2557 2033 2621 2048 ινιιι.

2597 2063 2607 2079 ε

1400 2451 1498 2484 rum,
1519 2438 1614 2476 sicut
1634 2446 1690 2475 est
1709 2451 1823 2475 causa
1841 2439 2053 2476 bonorum:
2073 2439 2188 2486 unde,
2204 2439 2235 2476 si
2254 2439 2345 2477 nihil
2365 2440 2466 2478 aliud
2499 2441 2505 2444 “

1400 2492 1641 2540 significatur,
1659 2504 1747 2528 curn
1769 2491 1902 2528 dicitur
1928 2493 2032 2529 Deus
2050 2498 2105 2529 est
2122 2493 2251 2538 bonus,
2272 2493 2343 2530 nisi
2361 2494 2465 2530 Deus

1399 2551 1454 2582 est
1479 2557 1594 2582 causa
1632 2546 1838 2591 bonorum,
1871 2545 2010 2594 poterit
2046 2545 2213 2582 similiter
2250 2546 2322 2583 dici
2359 2546 2465 2595 quod

1400 2600 1504 2635 Deus
1532 2604 1587 2635 est
1603 2610 1750 2647 corpus,
1772 2598 1860 2646 quia
1890 2605 1945 2635 est
1974 2611 2088 2635 causa
2108 2611 2325 2648 corporum.
2357 2601 2461 2647 Item,

1399 2663 1468 2701 per
1495 2652 1571 2688 hoc
1590 2651 1696 2700 quod
1716 2651 1848 2688 dicitur
1867 2651 1881 2677 ζ
1909 2651 2015 2700 quod
2039 2659 2094 2688 est
2114 2665 2263 2701 corpus,
2285 2665 2462 2690 remove-

1400 2713 1460 2742 tur
1487 2705 1593 2753 quod
1627 2717 1706 2741 non
1735 2704 1781 2741 sit
1809 2716 1876 2742 ens
1904 2705 1943 2741 in
1970 2705 2140 2754 potentia
2173 2713 2341 2753 tantum,
2372 2706 2465 2743 sicut

1401 2757 1559 2795 materia
1586 2757 1722 2806 prima.
1743 2779 1767 2785 -
1789 2758 1980 2805 Secundo,
2002 2758 2092 2807 quia
2119 2766 2340 2807 sequeretur
2358 2759 2463 2807 quod

1401 2811 1532 2848 omnia
1551 2810 1711 2848 nomina
1739 2811 1838 2847 dicta
1867 2811 1914 2848 de
1933 2812 2032 2859 Deo,
2051 2824 2121 2860 per
2148 2812 2335 2861 posterius
2366 2812 2464 2850 dice-

1401 2871 1529 2901 rentur
1549 2863 1596 2901 de
1625 2863 1728 2912 ipso:
1758 2863 1854 2901 sicut
1881 2876 2016 2902 sanum
2036 2877 2106 2913 per
2123 2865 2310 2914 posterius
2331 2865 2464 2902 dicitur

1401 2917 1449 2955 de
1469 2916 1670 2964 medicina,
1693 2929 1738 2953 eo
1759 2917 1863 2966 quod
1883 2917 2067 2965 significat
2090 2918 2165 2955 hoc
2193 2925 2339 2955 tantum
2360 2918 2463 2967 quod

1400 2971 1446 3008 sit
1474 2983 1588 3007 causa
1616 2970 1782 3007 sanitatis
1810 2971 1849 3007 in
1877 2971 2040 3018 animali,
2061 2971 2165 3019 quod
2192 2983 2261 3020 per
2286 2971 2390 3020 prius
2410 2971 2463 3008 di-

1401 3024 1495 3061 citur
1523 3035 1670 3060 sanum.
1691 3044 1715 3050 -
1737 3024 1880 3070 Tertio,
1901 3023 1990 3072 quia
2017 3024 2092 3061 hoc
2121 3031 2176 3060 est
2195 3031 2325 3061 contra
2344 3024 2463 3060 inten-

1400 3078 1543 3115 tionem
1563 3077 1800 3124 loquentium
1821 3077 1867 3114 de
1888 3077 1984 3114 Deo.
2010 3077 2123 3114 Aliud
2145 3077 2246 3113 enim
2266 3077 2464 3114 intendunt

1401 3131 1538 3178 dicere,
1560 3142 1648 3166 cum
1678 3129 1807 3166 dicunt
1829 3131 1958 3167 Deum
1977 3130 2184 3176 viventem,
2215 3142 2329 3178 quam
2357 3129 2462 3178 quod

1401 3184 1445 3221 sit
1466 3195 1580 3220 causa
1598 3182 1700 3219 vitae
1718 3190 1882 3230 nostrae,
1903 3184 1964 3221 vel
1985 3183 2090 3233 quod
2119 3182 2265 3220 differat
2283 3195 2306 3219 a
2326 3195 2461 3231 corpo-

1400 3237 1503 3274 ribus
1531 3235 1755 3273 inanimatis.

1453 3291 1502 3327 Et
1529 3289 1616 3326 ideo
1645 3287 1751 3325 aliter
1779 3288 1983 3326 dicendum
2013 3297 2079 3336 est,
2109 3289 2214 3337 quod
2242 3289 2461 3326 huiusmodi

1400 3343 1557 3393 quidem
1571 3347 1585 3364 ’⁹
1607 3342 1763 3379 nomina
1782 3342 1992 3390 significant
2011 3341 2257 3379 substantiam
2278 3342 2458 3389 divinam,

1450 3457 1474 3490 ὂ)
1490 3457 1590 3489 posuit.
1608 3471 1626 3475 —
1639 3457 1719 3488 ponit
1737 3456 1859 3481 ABCDE.

1450 3493 1472 3525 ε)
1492 3495 1590 3518 creata.
1608 3506 1627 3510 -
1644 3495 1797 3516 creaturam
1815 3492 1844 3516 B.

1449 3528 1474 3560 ζ)
1494 3528 1565 3560 quod
1583 3527 1691 3552 dicitur.
1708 3540 1728 3546 -
1746 3527 1807 3552 Om.
1826 3526 1927 3552 codices
1947 3531 1972 3550 et
1990 3526 2040 3550 ab.

1450 3564 1477 3595 η)
1497 3562 1648 3588 huiusmodi
1666 3562 1781 3594 quidem.
1798 3576 1817 3582 ·-
1835 3563 1964 3594 quaedam
1984 3561 2135 3586 huiusmodi
2153 3561 2188 3594 B,
2208 3562 2360 3588 huiusmodi
2377 3569 2458 3595 quae-

1399 3600 1461 3624 dam
1481 3599 1531 3623 Ga.

2587 3358 2602 3381 ’l
