2768 4178
999 254 1268 301 QUAESTIO
1297 256 1367 303 XI,
1397 256 1695 293 ARTICULUS
1726 258 1756 293 II

281 333 413 375 pliciter,
430 334 486 364 sed
502 334 684 366 communis
700 334 796 366 etiam
811 333 964 374 negativis
978 333 1188 373 generalibus.
1213 334 1306 364 Unde
1321 333 1356 364 fit

282 378 426 410 reductio
442 379 481 409 ad
497 389 624 410 summe
638 378 848 414 immutabile,
865 378 905 408 ad
924 387 1050 408 summe
1066 377 1283 414 immateriale,
1296 385 1353 409 etc.

39 424 101 474 inf}a
120 423 254 478 ',¹'c=‘p¹.³¹12{

41 484 65 500 n.
76 484 84 500 ι
98 483 152 506 sqq.

40 505 127 558 {1385
132 503 255 560 0¹.·,‚T„¹?2¹.‘}:

283 440 303 445 —
319 422 476 460 Quamvis
495 424 591 454 etiam
609 430 718 464 posset
737 431 876 462 congrue
893 421 955 452 dici
978 422 1078 462 quod,
1096 429 1132 453 ut
1155 422 1269 453 dicitur
1284 421 1355 453 IV*

283 474 314 498 et
329 467 387 498 vn
403 468 588 509 Metaphys.
602 467 630 504 ¹⁸³,
654 467 828 507 analogum
850 466 996 497 absolute
1018 466 1242 507 investigatum
1258 476 1355 508 quae-

282 511 362 543 ritur
384 522 444 552 pro
466 511 592 552 primo:
617 521 652 542 ac
667 521 724 553 per
739 511 811 547 hoc,
832 510 938 550 primo
954 520 1068 547 unum,
1084 511 1174 551 quod
1188 517 1235 542 est
1250 521 1355 542 unum

281 556 498 593 substantiale,
514 563 563 587 est
577 555 728 597 perfectio
745 554 939 595 simpliciter,
953 561 983 586 et
998 555 1159 586 reducitur
1174 556 1215 585 ad
1228 565 1354 586 summe

282 611 398 632 unum.
422 600 486 632 Sed
500 610 536 631 ex
550 600 614 631 hoc
633 599 713 630 nihil
736 599 870 630 habetur
888 605 999 630 contra
1013 599 1173 630 intentum
1188 606 1353 631 nostrum:

282 645 359 687 quia
381 644 502 676 ratione
524 644 718 675 substantiae
733 653 832 685 quam
852 643 1005 684 implicat,
1023 643 1176 684 perfectio
1189 644 1249 675 ista
1262 645 1354 676 inest.

335 689 389 721 Vl.
414 689 450 720 ln
465 688 675 729 responsione
698 688 737 719 ad
760 688 913 728 primum,
938 688 1064 719 adverte
1088 689 1178 729 quod
1202 689 1355 721 Scotistae

282 733 438 764 invehunt
472 738 583 764 contra
614 732 772 763 rationem
804 732 954 763 Averrois
968 756 975 769 ,
1009 732 1042 763 in
1075 733 1118 764 IV
1149 734 1354 775 Metaphys.,

282 787 402 808 comm.
417 787 461 814 111,
486 784 597 808 contra
612 777 820 813 Avicennam,
838 787 903 818 qua
926 777 977 808 hic
992 787 1070 808 usus
1088 784 1134 808 est
1157 788 1180 809 s.
1198 778 1354 810 Thomas.

281 821 384 853 Aiunt
405 821 492 852 enim
506 821 524 841 *
546 821 636 862 quod
660 827 707 852 est
730 821 895 862 sophisma
916 822 1063 863 Figurae
1083 822 1252 860 Dictionis,
1277 833 1357 864 quo-

282 866 369 897 niam
393 872 537 897 mutatur
559 876 622 907 quo
645 866 678 896 iu
701 866 802 907 quod:
826 866 859 897 id
883 876 1024 907 namque
1048 877 1115 908 quo
1139 877 1187 898 res
1211 874 1258 898 est
1280 878 1354 904 una,

283 917 330 942 est
352 920 456 942 unum
480 917 516 942 ut
538 920 616 952 quo,
634 921 700 941 non
717 917 753 942 ut
767 911 868 952 quod.
892 911 933 942 Et
947 911 1020 942 ideo
1037 921 1103 942 non
1120 911 1263 952 sequitur
1281 923 1354 953 pro-

283 965 390 987 cessus
412 954 647 992 in.infinitum;
672 954 753 986 sicut
776 965 834 986 nec
857 955 896 986 ab
921 956 994 986 albo
1020 962 1051 986 et
1073 956 1227 988 albedine.

336 999 400 1031 Sed
414 999 492 1031 haec
511 999 715 1040 reprehensio
731 1000 823 1030 valde
846 1000 933 1031 rudis
953 1007 1009 1031 est.
1034 1001 1122 1031 Tum
1138 1000 1214 1042 quia
1233 1008 1356 1032 constat

281 1044 316 1075 in
331 1043 626 1075 transcendentibus
649 1051 836 1075 concretum
850 1054 922 1075 vere
941 1044 1114 1085 praedicari
1138 1045 1177 1075 de
1200 1045 1355 1076 abstracto

282 1087 410 1132 (entitas
426 1089 513 1120 enim
528 1095 576 1120 est
594 1099 660 1125 ens,
677 1095 709 1120 et
724 1089 828 1120 unitas
845 1087 939 1132 una):
966 1095 996 1120 et
1011 1094 1068 1129 pei·
1085 1089 1148 1120 hoc
1162 1099 1229 1120 non
1251 1096 1355 1120 muta-

282 1140 335 1165 tur
352 1143 415 1174 quo
438 1133 471 1164 in
494 1133 580 1175 quod
586 1144 601 1172 ;
625 1133 681 1164 sed
697 1133 796 1165 utitur
810 1133 891 1164 ratio
915 1133 986 1174 ipso
1002 1143 1065 1174 quo
1089 1140 1227 1174 utroque
1244 1134 1354 1170 modo,

277 1177 400 1213 ,scilicet
422 1184 459 1209 ut
480 1188 547 1219 quo
564 1185 596 1209 et
610 1178 710 1219 quod.
734 1178 776 1209 Et
793 1177 867 1209 ideo
887 1178 1009 1218 optime
1029 1177 1207 1208 concludit:
1233 1188 1291 1209 nec
1310 1185 1356 1209 est

282 1221 386 1253 simile
410 1222 449 1254 de
472 1223 546 1257 albo
562 1230 594 1254 et
616 1222 770 1259 albedine,
790 1222 867 1263 quia
882 1232 950 1253 non
965 1229 1012 1253 est
1027 1222 1109 1253 alba.
1125 1239 1145 1244 —
1161 1222 1249 1252 Tum
1268 1223 1354 1263 quia,

280 1266 309 1297 'si
331 1270 436 1298 unuin
460 1267 547 1298 addit
570 1274 716 1298 naturam
740 1266 836 1297 aliam
859 1276 955 1306 supra
978 1276 1051 1303 ens,
1075 1273 1154 1307 puta
1177 1276 1273 1307 supra
1295 1266 1355 1297 ho-

282 1310 405 1342 minem
428 1318 483 1342 aut
505 1311 644 1348 leonem,
661 1321 726 1352 qua
745 1310 868 1342 ratione
891 1310 969 1342 haec
993 1317 1040 1342 est
1057 1321 1140 1347 vera,
1158 1316 1278 1342 natura
1301 1311 1355 1342 ho-

280 1356 379 1387 minis
401 1361 449 1387 est
471 1366 550 1394 una,
573 1355 687 1387 eadem
710 1355 768 1386 erit
789 1364 874 1391 vera,
898 1360 1018 1386 natura
1042 1356 1176 1386 unitatis
1199 1360 1247 1386 est
1269 1364 1355 1386 una:

280 1400 389 1431 omnis
413 1400 500 1431 enim
528 1407 643 1431 natura
672 1409 737 1431 una
761 1405 816 1431 est.
850 1399 916 1430 Nec
940 1407 1067 1431 excusat
1091 1399 1155 1431 hoc
1182 1399 1356 1431 adiacentia

280 1451 426 1481 naturae,
450 1444 569 1476 scilicet
591 1444 667 1486 quia
689 1451 803 1475 natura
826 1443 955 1475 unitatis
978 1454 1106 1485 semper
1127 1444 1209 1475 inest
1232 1444 1300 1481 alii,
1325 1452 1356 1475 et

280 1495 449 1530 propterea
472 1496 519 1520 est
541 1497 623 1530 quo:
647 1498 821 1520 commune
849 1498 988 1530 namque
1020 1495 1067 1520 est
1091 1489 1183 1519 omni
1214 1495 1354 1526 naturae,

38 826 50 838 ³
64 825 125 848 Vide
139 825 238 849 Scotum
250 842 258 854 ,

38 852 86 876 loe.
96 852 136 875 eit.

2406 271 2477 307 109

1410 334 1475 364 sive
1494 334 1676 365 subsistenti
1699 335 1765 365 sive
1788 335 1975 372 inexistenti,
1992 346 2058 367 esse
2081 347 2188 373 unam,
2213 343 2249 368 ut
2271 343 2358 377 patet
2375 336 2408 367 in
2427 347 2479 368 ac-

1411 378 1598 410 cidentibus.
1622 379 1708 419 Ergo
1733 386 1793 410 stat
1815 380 1894 410 ratio
1919 380 1951 410 in
1975 391 2035 411 suo
2059 382 2183 412 robore.

1463 423 1511 453 De
1527 433 1594 454 uno
1611 430 1719 454 autem
1742 424 1831 464 quod
1851 431 1898 455 est
1920 424 2112 465 principium
2131 425 2266 461 numeri,
2287 424 2381 466 quale
2397 425 2478 456 acci-

1410 467 1487 498 dens
1500 467 1548 505 sit,
1560 467 1731 508 praesentis
1746 478 1812 498 non
1825 475 1871 499 est
1882 469 2013 508 negotii;
2032 470 2086 500 sed
2098 469 2155 500 erit
2166 469 2310 510 quaestio
2324 469 2477 509 specialis.

1464 512 1532 543 V11.
1551 512 1586 542 ln
1609 512 1816 552 responsione
1835 513 1875 543 ad
1894 514 2080 550 secundum,
2101 521 2177 544 nota
2196 513 2374 554 diligenter:
2397 523 2478 554 quo-

1410 555 1497 586 niam
1519 556 1582 587 hoc
1604 563 1831 597 argumentum
1858 556 2010 588 fluctuare
2034 557 2107 589 facit
2130 558 2287 594 eruditos,
2312 557 2388 599 quia
2411 567 2478 588 non

1409 607 1574 641 penetrant
1591 601 1673 632 hanc
1691 601 1945 642 responsionem.
1969 601 2054 632 Scito
2071 602 2160 643 quod
2176 602 2341 643 responsio
2357 601 2478 632 litterae

1410 651 1470 676 stat
1489 645 1522 676 in
1545 645 1606 676 illis
1621 645 1738 682 verbis,
1764 655 1820 676 ens
1835 646 1991 677 dividitur
2002 656 2066 686 per
2086 657 2185 683 unum
2206 652 2236 677 et
2254 647 2367 684 multa,
2384 647 2479 687 quasi

1403 699 1468 730 per
1491 700 1590 720 unum
1614 690 1811 730 simpliciter,
1828 695 1859 720 et
1877 690 1978 721 multa
1994 690 2168 721 secundum
2187 691 2281 731 quid:
2305 698 2335 722 et
2357 691 2390 731 ly
2405 691 2479 721 sim-

1404 734 1536 774 pliciter
1551 741 1582 765 et
1595 734 1771 765 secundum
1795 734 1872 775 quid
1895 744 1961 765 non
1986 735 2196 766 determinant
2213 735 2246 776 ly
2262 745 2361 765 unum
2377 741 2432 765 aut
2444 734 2478 776 ly

1411 778 1529 816 multa,
1555 779 1611 809 sed
1634 778 1845 810 determinant
1867 778 1900 819 ly
1922 779 2085 810 dividitur.
2110 779 2151 810 Et
2174 786 2220 810 est
2243 789 2363 815 sensus,
2388 779 2478 820 quod

1410 833 1465 853 ens
1489 823 1641 854 dividitur
1663 822 1848 863 simpliciter
1862 833 1919 863 per
1942 833 2055 859 unum,
2074 830 2105 854 et
2120 824 2296 854 secundum
2321 823 2398 864 quid
2422 833 2479 863 per

1410 867 1526 898 multa:
1550 867 1641 904 idest,
1659 877 1764 898 unum
1787 867 1967 898 continetur
1990 867 2174 908 simpliciter
2196 868 2254 898 sub
2279 874 2359 903 ente,
2377 867 2478 898 multa

1409 919 1518 943 autem
1547 912 1726 943 secundum
1748 911 1836 953 quid.
1868 912 1961 943 Unde
1985 919 2016 943 et
2045 912 2151 943 statim
2179 912 2240 943 hoc
2270 912 2422 952 probatur
2444 911 2478 941 in

1409 957 1524 987 littera:
1543 967 1618 987 nam
1634 962 1665 987 et
1679 957 1760 997 ipsa,
1776 956 1890 997 inquit,
1908 956 2009 987 multa
2025 966 2087 987 non
2103 957 2308 987 continentur
2321 956 2380 987 sub
2395 961 2476 993 ente,

1411 1002 1472 1032 nisi
1495 1006 1530 1032 ut
1548 1001 1747 1042 participant
1770 1011 1843 1031 uno.
1868 1001 1910 1032 Et
1930 1000 2085 1041 quoniam
2109 1007 2233 1031 constat
2255 1001 2343 1042 quod
2367 1007 2479 1031 natura

1409 1045 1480 1076 talis
1503 1044 1666 1075 divisionis
1692 1052 1754 1082 est,
1786 1045 1875 1086 quod
1898 1045 2081 1079 membrum
2111 1044 2295 1085 simpliciter
2325 1051 2480 1085 aequatur

1410 1089 1512 1120 diviso
1543 1089 1687 1120 absolute
1716 1096 1846 1130 sumpto
1871 1087 1922 1131 (et
1947 1089 2081 1126 merito,
2111 1089 2267 1130 quoniam
2295 1089 2479 1120 membrum

1410 1134 1588 1164 secundum
1611 1134 1690 1174 quid
1712 1144 1780 1164 non
1806 1134 1888 1174 sapit
1915 1134 2053 1165 divisum
2083 1133 2143 1164 nisi
2166 1134 2344 1164 secundum
2367 1131 2477 1175 quid);

1409 1178 1483 1209 ideo
1500 1185 1560 1209 stat
1582 1178 1749 1218 responsio
1764 1179 1897 1218 optime,
1913 1186 1944 1209 et
1962 1179 2052 1219 quod
2074 1188 2178 1209 unum
2195 1178 2388 1209 convertitur
2403 1187 2479 1208 cum

1409 1229 1490 1259 ente,
1509 1229 1540 1253 et
1562 1229 1670 1253 tamen
1694 1229 1740 1254 est
1763 1223 1927 1253 divisionis
1946 1223 2138 1253 membrum.
2164 1223 2358 1263 Exemplum
2382 1221 2478 1252 huius

1409 1274 1465 1303 est,
1483 1266 1509 1296 si
1526 1266 1729 1307 distinguitur
1751 1266 1853 1297 horno
1874 1267 1908 1297 in
1930 1266 2098 1297 hominem
2116 1267 2149 1297 in
2165 1273 2237 1297 actu
2264 1273 2295 1297 et
2313 1266 2479 1297 hominem

1408 1311 1442 1341 in
1465 1310 1621 1351 potentia:
1646 1318 1677 1342 et
1700 1310 1843 1342 similiter
1866 1311 1982 1341 domus
2005 1311 2039 1341 in
2063 1311 2199 1342 domum
2217 1311 2251 1341 in
2272 1317 2344 1341 actu
2368 1317 2400 1341 et
2421 1320 2478 1351 po-

1409 1355 1516 1391 tentia,
1534 1362 1592 1386 etc.
1605 1373 1625 1378 —
1640 1355 1775 1396 Reliqua
1790 1355 1823 1386 in
1838 1355 1897 1386 hac
1912 1355 2120 1395 responsione
2139 1355 2243 1396 posita
2258 1362 2332 1386 sunt
2354 1355 2395 1385 ad
2410 1364 2479 1394 per-

1410 1399 1582 1431 fectionem
1598 1399 1769 1436 doctrinae,
1787 1406 1819 1431 et
1832 1400 1871 1430 ad
1896 1399 2152 1440 explanationem
2171 1399 2300 1431 intenti:
2326 1398 2480 1440 quoniam

1409 1451 1440 1475 et
1463 1454 1576 1480 unum,
1597 1451 1663 1474 tam
1679 1444 1864 1484 simpliciter
1887 1454 1986 1485 quam
2005 1443 2182 1475 secundum
2207 1444 2294 1484 quid,
2315 1451 2345 1475 et
2368 1442 2478 1480 multa,

1410 1496 1476 1519 tam
1500 1488 1684 1530 simpliciter
1707 1499 1806 1530 quam
1829 1489 2007 1519 secundum
2031 1487 2118 1530 quid,
2147 1498 2213 1519 uno
2238 1488 2434 1529 participant.

1059 1651 1380 1693 ARTICULUS
1411 1651 1710 1693 SECUNDUS

936 1744 1094 1775 UTRUM
1119 1744 1245 1775 UNUM
1269 1744 1327 1774 ET
1350 1744 1506 1775 MULTA
1530 1743 1828 1774 OPPONANTUR

628 1824 637 1848 1
658 1823 740 1852 Sem„
762 1824 820 1848 dist.
840 1831 906 1854 xxm,
926 1831 971 1856 qu.
989 1831 1007 1854 r,
1027 1827 1074 1848 art.
1096 1822 1118 1853 3,
1138 1823 1170 1848 ad
1188 1830 1218 1854 45
1240 1823 1281 1848 De
1300 1822 1367 1852 Por„
1388 1830 1434 1855 qu.
1454 1829 1491 1853 m,
1511 1827 1558 1847 art.
1577 1821 1616 1853 16,
1635 1823 1667 1847 ad
1688 1822 1715 1853 3;
1735 1830 1780 1855 qu.
1799 1830 1832 1853 1x,
1852 1828 1899 1847 art.
1913 1830 1937 1855 7,
1957 1822 1988 1846 ad
2012 1830 2042 1853 14
2061 1829 2120 1854 sqq.

1172 1859 1196 1882 X
1214 1858 1377 1891 Metaphys.,
1398 1859 1456 1883 lect.
1475 1865 1508 1887 iv,
1528 1865 1581 1882 vm.

494 1959 516 1984 n
533 1958 724 1984 SECUNDUM
739 1958 792 1983 sm
808 1957 1048 1984 Paocmirua.
1069 1945 1231 1983 Videtur
1244 1945 1352 1996 quod

493 2012 616 2037 unum
647 2007 684 2037 et
712 2000 831 2037 multa
859 2012 939 2037 non
968 2007 1227 2050 opponantur.
1256 1999 1352 2037 Nul-

302 2083 321 2104 ς,
436 2061 443 2066 ”
478 2052 575 2091 lum
618 2053 721 2091 enim
761 2053 983 2103 oppositum
1019 2053 1262 2102 praedicatur
1304 2053 1352 2090 de

341 2126 347 2131 ·
373 2104 435 2135 “⁴⁸2
451 2099 566 2145 Ksuo
596 2107 788 2156 opposito.
815 2107 892 2144 Sed
917 2106 1044 2143 omnis
1073 2106 1277 2144 multitudo
1298 2113 1354 2143 est

279 2160 576 2210 quodammodo
604 2172 748 2207 unum,
778 2168 820 2197 ut
847 2172 894 2196 ex
920 2159 1124 2209 praedictis
1148 2166 1166 2180 ‘³‘
1190 2159 1210 2181 *
1237 2166 1352 2209 patet.

279 2215 383 2263 Ergo
410 2226 534 2252 unum
563 2225 643 2251 non
671 2213 879 2263 opponitur
906 2212 1149 2250 multitudini.

335 2279 370 2305 2.
396 2268 639 2315 PRAETEREA,
669 2268 817 2305 nullum
855 2266 1078 2316 oppositum
1117 2266 1355 2304 constituitur

280 2333 327 2360 ex
354 2333 425 2358 suo
455 2321 646 2370 opposito.
675 2320 754 2367 Sed
780 2332 904 2358 unum
928 2319 1121 2357 constituit
1148 2319 1355 2357 multitudi-

280 2386 384 2412 nem.
406 2375 509 2423 Ergo
539 2387 619 2412 non
646 2374 856 2424 opponitur
883 2373 1127 2411 multitudini.

335 2429 372 2466 3.
403 2429 647 2476 Palmam,
675 2439 799 2465 unum
827 2427 894 2465 uni
927 2434 983 2464 est
1010 2426 1244 2476 oppositum.
1277 2425 1355 2463 Sed

281 2481 404 2525 multo
442 2482 652 2532 opponitur
679 2493 859 2531 paucum.
890 2481 994 2529 Ergo
1029 2493 1109 2518 non
1147 2479 1356 2529 opponitur

283 2546 318 2572 ei
344 2547 482 2572 unum.

137 2170 155 2188 C

15 2198 68 2247 «ι,
132 2195 250 2226 md·-

333 2600 373 2635 4
403 2589 639 2636 PRAETEREA,
659 2587 690 2624 si
718 2599 842 2625 unum
870 2587 1078 2637 opponitur
1105 2585 1355 2634 multitudini,

283 2641 492 2691 opponitur
511 2641 544 2678 ei
573 2641 669 2678 sicut
687 2641 898 2679 indivisum
924 2640 1066 2679 diviso:
1097 2647 1134 2677 et
1152 2640 1206 2677 sic
1233 2652 1356 2688 oppo-

283 2702 396 2732 netur
422 2694 458 2731 ei
484 2701 526 2731 ut
553 2694 717 2743 privatio
746 2694 903 2732 habitui.
931 2695 1018 2731 Hoc
1046 2701 1177 2731 autem
1204 2693 1358 2730 videtur

139 2743 158 2778 β
282 2747 580 2785 inconveniens:
610 2747 701 2798 quia
732 2755 954 2798 sequeretur
980 2746 998 2776 Ρ
1026 2747 1133 2796 quod
1160 2759 1283 2783 unum
1312 2746 1359 2783 sit

282 2801 472 2852 posterius
492 2801 746 2848 multitudine,
773 2809 810 2838 et
828 2801 1032 2839 definiatur
1049 2813 1120 2850 per
1140 2813 1245 2846 eam;
1268 2812 1357 2837 cum

283 2863 415 2894 tamen
442 2854 646 2892 multitudo
677 2854 882 2892 definiatur
903 2867 973 2904 per
999 2866 1135 2892 unum.
1157 2853 1268 2891 Unde
1290 2853 1358 2890 erit

285 2908 447 2946 circulus
483 2908 523 2946 in
561 2907 800 2946 definitione:
830 2909 936 2957 quod
973 2915 1030 2945 est
1066 2906 1356 2944 inconveniens.

285 2962 379 2999 Non
408 2974 498 3010 ergo
525 2974 648 3000 unum
679 2969 715 2999 et
742 2962 863 2999 multa
890 2969 978 2999 sunt
1005 2961 1194 3010 opposita.

341 3016 416 3052 San
446 3027 604 3064 CONTRA,
626 3027 794 3065 quorum
822 3015 989 3052 rationes
1021 3022 1110 3052 sunt
1144 3013 1356 3063 oppositae,

287 3067 370 3117 ipsa
397 3076 485 3106 sunt
512 3069 701 3119 opposita.
732 3068 811 3106 Sed
838 3068 934 3106 ratio
971 3068 1086 3106 unius
1123 3067 1292 3104 consistit
1319 3067 1358 3104 in

285 3121 597 3160 indivisibilitate:
627 3122 722 3160 ratio
741 3134 836 3159 vero
858 3121 1108 3159 multitudinis
1129 3121 1358 3159 divisionem

141 3181 160 3206 Υ
289 3174 466 3213 continet.
497 3177 600 3225 Ergo
628 3189 751 3214 unum
781 3183 818 3212 et
845 3175 966 3212 multa
994 3183 1082 3212 sunt
1108 3174 1285 3224 opposita
1303 3179 1329 3210 Ὺ.

343 3229 570 3267 RESPONDEO
615 3241 800 3267 mOENDUM
842 3228 950 3278 quod
989 3240 1112 3266 unum
1153 3227 1360 3277 opponitur

143 3282 160 3307 ὅ
289 3281 418 3319 multis
434 3279 458 3328 ⁸,
489 3283 557 3320 sed
586 3282 858 3321 diversimode.
884 3283 990 3319 Nam
1017 3293 1140 3319 unum
1170 3281 1276 3330 quod
1305 3287 1361 3317 est

288 3335 519 3385 principium
538 3336 700 3385 numeri,
716 3335 925 3386 opponitur
939 3334 1172 3373 multitudini
1191 3346 1289 3383 quae
1306 3341 1362 3371 est

343 3450 372 3482 α)
388 3449 547 3482 praedictis.
561 3463 580 3468 -
598 3449 677 3476 dictis
694 3451 795 3476 ABCD.

344 3484 370 3518 β)
389 3488 552 3517 sequeretur.
566 3498 585 3505 -
602 3485 724 3517 sequitur
741 3486 787 3511 FG
806 3491 832 3511 et
851 3487 892 3511 ed.
910 3486 958 3515 ab,
977 3488 1102 3518 sequetur
1121 3486 1207 3510 ceteri.

89 3520 112 3543 ὑ
342 3521 370 3555 γ)
391 3521 446 3546 Sed
464 3523 560 3545 contra
610 3520 685 3554 Ergo
699 3529 781 3547 unum
800 3525 827 3547 et
845 3522 930 3547 multa
948 3525 1010 3547 sunt
1029 3521 1160 3554 opposita.
1178 3535 1197 3540 —
1215 3521 1277 3545 Om.
1290 3520 1359 3545 ΑΒΕ

31 3563 34 3570 ³
290 3556 343 3589 pC;
363 3556 420 3581 Sed
437 3564 490 3580 om.
506 3555 565 3586 FG;
583 3563 631 3588 pro
651 3555 717 3588 ipsa,
732 3559 759 3581 et
771 3557 830 3589 ipsa
847 3557 876 3587 F,
892 3565 945 3582 om.
961 3557 997 3588 G3
1017 3564 1064 3590 pro
1084 3556 1303 3586 indivisibilitate‚
1320 3556 1360 3580 in-

289 3591 421 3618 divisione
438 3591 553 3616 BFGsC.

343 3626 370 3660 δ)
389 3627 488 3652 multis.
506 3640 525 3646 -
544 3626 715 3652 multitudine
733 3627 788 3652 BD.

1405 1957 1601 1992 numerus,
1621 1953 1664 1982 ut
1682 1957 1865 1982 mensura
1884 1953 2122 1982 mensurato:
2147 1957 2269 1982 unum
2292 1945 2392 1982 enim
2413 1946 2480 1983 ha-

1406 2000 1471 2036 bet
1498 1998 1684 2036 rationem
1713 1998 1862 2047 primae
1891 2011 2116 2046 mensurae,
2148 2006 2184 2035 et
2210 2011 2394 2035 numerus
2424 2006 2480 2036 est

1407 2052 1610 2089 multitudo
1640 2057 1861 2089 mensurata
1888 2064 1959 2101 per
1986 2064 2124 2100 unum,
2158 2059 2201 2089 ut
2231 2059 2335 2101 patet
2370 2064 2416 2088 ex
2445 2053 2480 2089 X

1406 2106 1624 2154 Metaphys.
1645 2105 1665 2127 ²⁸
1685 2105 1815 2142 Unum
1852 2117 1947 2142 vero
1986 2106 2093 2153 quod
2122 2105 2358 2143 convertitur
2391 2117 2479 2142 cum

1408 2167 1506 2206 ente,
1528 2158 1736 2208 opponitur
1764 2158 1995 2196 multitudini
2022 2171 2092 2207 per
2109 2160 2272 2196 modum
2300 2158 2480 2207 privatio-

1409 2212 1479 2260 nis,
1501 2219 1542 2249 ut
1569 2211 1775 2249 indivisum
1805 2211 1941 2249 diviso.

1462 2267 1522 2302 AD
1550 2277 1688 2303 PRIMUM
1717 2277 1815 2302 ERGO
1844 2277 2029 2303 mesanum
2064 2264 2168 2314 quod
2189 2264 2292 2302 nulla
2315 2264 2478 2313 privatio

1408 2319 1504 2356 tollit
1540 2318 1703 2356 totaliter
1731 2331 1834 2365 esse,
1865 2318 1956 2367 quia
1982 2317 2146 2367 privatio
2175 2325 2231 2355 est
2262 2317 2413 2366 negatio
2441 2317 2480 2354 in

1409 2372 1600 2420 subiecto,
1631 2372 1846 2409 secundum
1876 2372 2154 2421 Philosophum
2182 2371 2213 2408 *.
2245 2371 2322 2408 Sed
2350 2379 2480 2408 tamen

1410 2426 1537 2463 omnis
1556 2426 1719 2475 privatio
1739 2425 1833 2462 tollit
1853 2425 2009 2474 aliquod
2029 2437 2122 2462 esse.
2140 2426 2189 2461 Et
2207 2424 2296 2461 ideo
2317 2424 2355 2461 in
2380 2431 2478 2473 ente,

1410 2479 1557 2517 ratione
1587 2491 1677 2516 suae
1708 2478 2001 2525 communitatis,
2023 2477 2155 2515 accidit
2184 2477 2291 2526 quod
2314 2477 2478 2526 privatio

1411 2533 1507 2570 entis
1535 2532 1714 2570 fundatur
1742 2532 1781 2569 in
1809 2539 1910 2569 ente:
1942 2530 2048 2580 quod
2067 2543 2146 2568 non
2174 2530 2310 2568 accidit
2336 2531 2376 2568 in
2402 2531 2479 2580 pri-

1411 2586 1631 2624 vationibus
1657 2591 1668 2606 ⁸
1696 2586 1905 2622 formarum
1943 2583 2182 2633 specialium,
2209 2591 2252 2621 ut
2282 2583 2389 2621 visus
2417 2584 2480 2622 vel

1411 2639 1608 2686 albedinis,
1628 2640 1691 2686 vel
1710 2638 1867 2675 alicuius
1888 2637 2108 2675 huiusmodi
2123 2637 2147 2674 ς.
2174 2638 2223 2674 Et
2242 2637 2338 2674 sicut
2357 2644 2412 2674 est
2432 2637 2479 2675 de

1412 2700 1509 2740 ente,
1530 2693 1581 2729 ita
1609 2699 1665 2729 est
1693 2691 1741 2728 de
1768 2704 1847 2728 uno
1878 2698 1915 2728 et
1941 2691 2059 2738 bono,
2081 2703 2178 2740 quae
2209 2698 2481 2728 convertuntur

1412 2758 1501 2783 cum
1531 2753 1633 2782 ente:
1663 2757 1753 2782 nam
1773 2744 1936 2794 privatio
1965 2744 2057 2781 boni
2077 2744 2257 2781 fundatur
2284 2744 2323 2781 in
2351 2744 2479 2792 aliquo

1412 2801 1534 2847 bono,
1565 2806 1601 2835 et
1634 2798 1802 2835 similiter
1838 2797 2002 2835 remotio
2039 2797 2192 2835 unitatis
2229 2797 2409 2835 fundatur
2441 2797 2480 2834 in

1412 2853 1539 2902 aliquo
1568 2864 1659 2889 uno.
1685 2852 1735 2888 Et
1761 2851 1898 2889 exinde
1927 2850 2107 2899 contingit
2134 2851 2240 2899 quod
2277 2851 2478 2888 multitudo

1412 2914 1469 2943 est
1496 2905 1695 2954 quoddam
1713 2917 1849 2952 unum,
1880 2912 1917 2941 et
1944 2905 2090 2942 malum
2117 2912 2173 2941 est
2192 2904 2391 2953 quoddam
2411 2904 2479 2940 bo-

1413 2972 1506 2997 num
1526 2958 1562 3006 ³¹⁸,
1594 2966 1630 2995 et
1658 2970 1737 2995 non
1757 2970 1824 2995 ens
1845 2965 1899 2995 est
1919 2957 2116 3007 quoddam
2138 2969 2216 2994 ens.
2238 2957 2330 2993 Non
2349 2965 2478 2994 tamen

1413 3012 1633 3062 oppositum
1651 3011 1893 3060 praedicatur
1921 3011 1968 3048 de
1989 3011 2183 3060 opposito:
2209 3010 2297 3059 quia
2317 3010 2477 3046 alterum

1412 3068 1552 3104 horum
1567 3071 1580 3088 η
1596 3072 1651 3102 est
1666 3064 1896 3114 simpliciter,
1914 3073 1950 3101 et
1964 3065 2124 3101 alterum
2139 3063 2353 3101 secundum
2373 3063 2476 3112 quid.

1414 3119 1531 3167 Quod
1561 3118 1662 3155 enim
1683 3117 1896 3155 seeundum
1916 3118 2009 3166 quid
2038 3125 2094 3154 est
2117 3129 2196 3164 ens,
2217 3124 2259 3153 ut
2285 3116 2324 3152 in
2343 3123 2478 3165 poten-

1413 3173 1475 3220 tia,
1506 3179 1562 3209 est
1590 3184 1668 3208 non
1689 3183 1756 3208 ens
1784 3171 2014 3220 simpliciter,
2035 3170 2132 3207 idest
2151 3177 2253 3206 actu:
2281 3170 2344 3206 vel
2373 3170 2479 3218 quod

1415 3234 1471 3263 est
1499 3238 1565 3262 ens
1594 3224 1811 3273 simpliciter
1829 3220 1867 3261 in
1895 3236 2033 3272 genere
2053 3223 2294 3270 substantiae,
2317 3230 2373 3260 est
2400 3235 2479 3260 non

1415 3292 1482 3317 ens
1524 3278 1736 3315 secundum
1765 3277 1877 3327 quid,
1908 3285 2091 3327 quantum
2121 3276 2170 3313 ad
2207 3275 2361 3324 aliquod
2395 3288 2478 3313 esse

1415 3331 1658 3370 accidentale.
1690 3330 1869 3367 Similiter
1898 3343 1987 3378 ergo
2016 3330 2121 3378 quod
2157 3337 2212 3366 est
2242 3329 2392 3366 bonum
2421 3341 2477 3366 se-

1469 3452 1490 3480 ε)
1507 3447 1713 3479 privationibus.
1730 3460 1749 3467 -
1761 3446 1917 3478 privatione
1929 3445 2050 3470 ABCDE.
2066 3458 2080 3463 -
2097 3445 2147 3469 Pro
2165 3444 2329 3476 specialium,
2349 3445 2477 3476 spiritua-

1414 3484 1478 3508 lium
1498 3483 1601 3507 PCGsB
1621 3487 1646 3507 et
1665 3482 1723 3507 edd.
1741 3482 1792 3511 ab,
1810 3480 1924 3514 spilium
1943 3481 1998 3505 AD.

1467 3518 1492 3551 ζ)
1512 3517 1672 3543 huiusmodi.
1689 3531 1708 3536 -
1726 3518 1798 3550 quod
1811 3517 1932 3549 privatio
1949 3515 2102 3541 huiusmodi
2117 3515 2273 3549 formarum
2291 3515 2430 3549 fundatur
2447 3516 2475 3540 in

1415 3554 1479 3586 ipsis
1490 3553 1599 3587 formis,
1618 3553 1688 3578 sicut
1700 3553 1822 3585 privatio
1842 3552 1912 3577 uisus
1930 3552 1956 3576 in
1977 3551 2033 3576 visu
2053 3558 2105 3576 non
2118 3550 2256 3584 fundatur
2276 3551 2344 3575 addit
2363 3551 2391 3582 B,
2411 3551 2479 3575 tollit

1415 3590 1528 3615 secunda
1547 3596 1648 3618 manus,
1668 3588 1715 3613 sed
1733 3587 1807 3613 tertia
1825 3586 1943 3612 restituit.

1468 3626 1494 3656 η)
1514 3625 1618 3649 horum.
1636 3637 1655 3643 -
1673 3623 1735 3648 Om.
1754 3623 1855 3648 codices
1874 3628 1899 3647 et
1918 3622 1959 3646 ed.
1977 3629 2003 3646 α.

2507 2115 2517 2125 '
2532 2114 2595 2136 Lect.
2609 2120 2624 2135 11

2507 2141 2559 2163 nid.
2568 2141 2609 2162 lib.
2619 2130 2659 2167 ix,
2670 2146 2691 2162 c.
2702 2147 2719 2168 ι,

2507 2174 2531 2215 3:
2542 2173 2595 2216 78..9,
2610 2173 2644 2195 13,
2660 2173 2719 2195 C.V1‚

2647 2120 2694 2135 vm.
2707 2125 2718 2130 ·

2508 2379 2516 2388 ·
2526 2378 2585 2400 Cate
2604 2384 2640 2400 or.
2648 2384 2720 2406 esni,

2507 2411 2559 2433 n.9;
2604 2405 2720 2433 Metaph„

2507 2437 2528 2453 c.
2539 2437 2564 2458 ιι,
2579 2437 2602 2453 n.
2613 2432 2636 2454 8.

2507 2913 2515 2921 ·
2530 2911 2558 2933 D.
2574 2917 2619 2939 ²9¹-
