2768 4178
0 983 8 1203 ‹2-.-vm--2>*f-.
0 875 3 895 v.

0 1401 3 1406 *
0 1271 10 1367 sva—2<

46 476 58 487 ⁸
72 474 130 502 cap.
139 479 204 496 xvm.

48 1277 62 1290 ³
75 1276 106 1301 D.
119 1283 171 1307 ⁴77.
187 1283 240 1306 1²¹5·

0 2887 2 2889 ¹
51 2895 63 2906 ⁸
77 2895 114 2918 Cf-
126 2901 236 2919 numan.

0 2931 3 2945 i

0 2955 6 2972 :⁷
53 2945 63 2955 ·
78 2943 114 2968 Cf.
127 2950 194 2968 num.
205 2951 238 2967 iv.

0 2982 4 3023 Ξ

0 3025 14 3178 ι,

0 3166 9 3367 ἑ

974 232 1242 279 QUAEsrlo
1272 233 1373 280 xiv,
1403 232 1700 270 ARTICULUS
1730 235 1799 270 X11

286 322 426 351 torum.
459 314 536 351 Sed
566 320 698 350 contra
722 312 909 350 rationem
934 311 1070 348 infiniti
1091 319 1157 358 est,
1188 312 1294 360 quod
1314 311 1360 348 sit

287 375 565 404 mensuratum.
578 368 681 415 Ergo
697 365 844 403 infinita
859 377 939 402 non
953 371 1115 414 possunt
1129 364 1248 401 sciria
1258 366 1356 402 Deo.

343 421 417 457 SED
447 432 594 457 CONTRA
622 431 688 456 Es‘r
716 418 822 468 quod
848 417 937 455 dicit
955 417 1203 465 Augustinus,
1223 419 1294 455 XII
1315 418 1361 455 de

293 474 372 511 Civ.
390 474 464 511 Dei
480 473 520 510 *ε
556 472 737 515 Quamvis
757 471 989 520 infinitorum
1010 483 1258 517 numerorum
1279 471 1360 508 nul-

289 527 345 563 lus
372 527 419 563 sit
447 538 645 572 numerus,
675 537 750 561 non
779 521 862 561 est³
893 530 1017 560 tamen
1048 524 1361 572 incomprehensi-

289 579 371 617 bilis
399 580 448 626 ei,
478 580 584 616 cuius
611 577 786 615 scientiae
814 589 889 622 non
918 582 972 614 est
999 589 1190 614 numerus.

343 633 570 669 RESPONDEO
590 643 775 668 DICENDUM
795 630 912 679 quod,
934 642 1022 667 cum
1043 631 1150 667 Deus
1170 631 1262 668 sciat
1282 643 1361 667 non

290 686 415 724 solum
445 698 491 722 ea
518 696 618 734 quae
637 691 725 721 sunt
744 691 842 731 actu,
864 684 932 721 sed
953 683 1067 720 etiam
1089 696 1134 720 ea
1153 697 1252 733 quae
1273 693 1360 722 sunt

289 739 328 776 in
354 737 524 788 potentia
552 738 613 775 vel
651 749 720 774 sua
748 737 811 774 vel
840 744 1056 784 creaturae,
1086 745 1127 774 ut
1164 745 1360 775 ostensum

290 798 346 828 est
363 791 405 837 *3
435 792 531 828 haec
559 797 687 828 autem
717 796 863 827 constat
896 802 979 827 esse
1008 790 1175 837 infinita;
1204 804 1360 828 necesse

290 851 346 882 est
382 844 508 881 dicere
546 843 654 892 quod
688 845 795 880 Deus
833 843 925 881 sciat
961 844 1109 881 infinita
1133 844 1164 881 ²⁸.
1195 845 1244 882 Et
1276 845 1362 882 licet

288 897 444 936 scientia
471 896 650 945 visionis,
681 909 780 946 quae
819 904 875 934 est
901 905 1050 934 tantum
1088 910 1224 935 eorum
1261 911 1361 947 quae

289 958 377 989 sunt
402 951 465 988 vel
495 958 604 987 erunt
630 951 693 987 vel
722 951 890 998 fuerunt,
924 963 1003 988 non
1032 950 1078 987 sit
1109 951 1359 999 infinitorum,

288 1012 331 1042 ut
359 1003 516 1053 quidam
546 1004 692 1051 dicunt,
723 1016 812 1040 cum
841 1016 919 1041 non
948 1016 1141 1053 ponamus
1168 1005 1359 1042 mundum

290 1058 339 1096 ab
368 1064 523 1095 aeterno
554 1057 689 1105 fuisse,
718 1069 790 1094 nec
818 1057 1105 1106 generationem
1144 1066 1180 1095 et
1208 1066 1358 1095 motum

289 1110 329 1148 in
357 1118 557 1148 aeternum
585 1123 779 1159 mansura,
806 1118 849 1148 ut
876 1110 1075 1148 individua
1102 1110 1141 1147 in
1168 1111 1360 1148 infinitum

290 1163 604 1214 multiplicentur:
624 1172 764 1212 tamen,
781 1163 813 1200 si
832 1163 1045 1212 diligentius
1062 1163 1323 1201 consideretur
1336 1170 1359 1211 ‘,

290 1229 459 1261 necesses
477 1225 532 1255 est
549 1217 688 1254 ³dicere
716 1217 823 1265 quod
851 1218 958 1254 Deus
986 1216 1100 1254 etiam
1130 1217 1286 1254 scientia
1304 1218 1360 1255 vi-

290 1267 408 1309 sionis
437 1270 529 1308 sciat
553 1270 700 1308 infinita
717 1270 748 1308 ³¹⁸.
780 1270 883 1317 Quia
901 1271 1008 1307 Deus
1027 1269 1097 1306 scit
1125 1270 1239 1307 etiam
1261 1270 1361 1318 cogi-

290 1324 452 1362 tationes
482 1331 519 1360 et
542 1323 763 1361 affectiones
784 1322 970 1370 cordium,
992 1335 1090 1372 quae
1110 1322 1149 1360 in
1169 1323 1360 1361 infinitum

290 1376 653 1427 multiplicabuntur,
675 1375 854 1414 creaturis
874 1375 1121 1413 rationalibus
1133 1389 1361 1425 permanen-

290 1430 391 1469 tibus
418 1430 565 1479 absque
593 1430 684 1467 fine.

343 1483 432 1521 Hoc
459 1490 589 1520 autem
617 1482 705 1520 ideo
736 1490 808 1530 est,
842 1482 931 1532 quia
964 1482 1128 1531 cognitio
1164 1483 1363 1520 cuiuslibet

290 1535 556 1585 cognoscentis
584 1548 624 1573 se
653 1535 821 1573 extendit
847 1536 1062 1573 secundum
1090 1536 1253 1574 modum
1288 1538 1362 1574 for—

290 1601 378 1628 mae
393 1601 491 1638 quae
512 1597 568 1626 est
581 1589 811 1638 principium
831 1589 1067 1638 cognitionis.
1086 1590 1242 1639 Species
1257 1590 1361 1627 enirn

291 1642 489 1690 sensibilis,
519 1655 620 1691 quae
649 1650 706 1680 est
725 1643 765 1680 in
784 1655 911 1690 sensu,
932 1650 988 1680 est
1006 1642 1214 1680 similitudo
1235 1644 1362 1680 solum

290 1696 404 1735 unius
423 1695 627 1734 individui:
655 1695 762 1734 unde
789 1708 859 1745 per
877 1708 964 1733 eam
985 1697 1110 1733 solum
1130 1709 1252 1734 unum
1273 1697 1287 1723 ς
1306 1697 1362 1734 in-

291 1749 495 1788 dividuum
524 1749 704 1798 cognosci
731 1756 868 1798 potest.
899 1749 1054 1799 Species
1083 1757 1211 1787 autem
1230 1750 1363 1787 intelli-

291 1802 412 1852 gibilis
430 1803 642 1840 intellectus
661 1802 780 1840 nostri
799 1810 855 1840 est
873 1802 1080 1840 similitudo
1102 1803 1154 1840 rei
1175 1811 1362 1852 quantum

291 1856 341 1895 ad
361 1863 536 1894 naturam
556 1856 708 1905 speciei,
729 1868 827 1905 quae
847 1864 903 1893 est
921 1856 1190 1905 participabilis
1209 1869 1232 1893 a
1250 1857 1363 1905 parti-

292 1909 482 1948 cularibus
501 1909 673 1946 infinitis:
693 1909 796 1946 unde
816 1909 1024 1946 intellectus
1043 1917 1173 1946 noster
1190 1922 1260 1959 per
1279 1923 1363 1959 spe-

293 1962 392 2000 ciem
411 1962 684 2011 intelligibilem
699 1962 876 2010 hominis,
894 1962 1089 2011 cognoscit
1103 1963 1363 2011 quodammo-

292 2016 343 2054 do
363 2015 540 2054 h‘omines
558 2015 727 2053 infinitos
741 2022 766 2053 ¹⁷.
789 2015 867 2053 Sed
885 2023 1015 2053 tamen
1034 2028 1114 2053 non
1133 2016 1361 2064 inquantum

293 2069 574 2118 distinguuntur
606 2070 654 2106 ab
687 2069 870 2117 invicem,
905 2069 974 2106 sed
1010 2070 1223 2107 secundum
1257 2070 1363 2119 quod

293 2122 581 2160 communicant
599 2122 638 2159 in
655 2130 791 2159 natura
811 2122 966 2171 speciei;
987 2130 1143 2171 propter
1162 2123 1237 2159 hoc
1257 2123 1363 2172 quod

291 2175 438 2225 species
464 2175 701 2224 intelligibilis
719 2175 929 2212 intellectus
949 2175 1068 2212 nostri
1087 2188 1166 2213 non
1183 2183 1239 2212 est
1259 2175 1363 2213 simi-

290 2228 411 2266 litudo
435 2228 640 2266 hominum
661 2236 848 2277 quantum
872 2229 922 2266 ad
940 2228 1126 2278 principia
1148 2228 1364 2267 individua-

289 2281 352 2330 lia,
378 2281 446 2319 sed
474 2282 599 2319 solum
629 2290 815 2331 quantum
835 2282 884 2319 ad
903 2281 1088 2331 principia
1116 2282 1267 2331 speciei.
1294 2283 1363 2319 Es-

291 2335 411 2373 sentia
429 2342 558 2373 autem
580 2335 720 2383 divina,
746 2348 816 2385 per
841 2347 959 2384 quam
981 2335 1189 2372 intellectus
1210 2335 1362 2372 divinus

291 2388 476 2438 intelligit,
507 2396 563 2426 est
590 2388 797 2426 similitudo
826 2388 1019 2426 sufficiens
1053 2389 1228 2426 omnium
1262 2401 1362 2438 quae

2412 238 2480 274 185

1417 311 1514 360 cipia
1541 312 1774 359 communia,
1797 314 1864 350 sed
1886 315 1998 352 etiam
2024 324 2209 364 quantum
2230 317 2277 354 ad
2298 318 2482 367 principia

1415 364 1571 414 propria
1589 365 1887 414 uniuscuiusque
1902 367 1933 414 ³⁵,
1954 376 1995 405 ut
2018 377 2214 407 ostensum
2236 378 2291 407 est
2304 370 2354 407 *ἢῆ
2372 372 2482 409 Unde

1418 417 1586 466 sequitur
1610 419 1716 466 quod
1741 418 1895 456 scientia
1910 421 1982 457 Dei
2002 434 2041 458 se
2063 419 2237 460 exten'dat
2256 424 2305 461 ad
2325 423 2480 471 infinita,

1418 470 1531 507 etiam
1552 471 1765 509 secundum
1786 473 1890 521 quod
1911 481 1997 510 sunt
2017 475 2063 511 ab
2084 475 2250 512 invicem
2271 477 2452 514 distincta.

1470 525 1528 560 AD
1558 536 1694 562 PRIMUM
1723 536 1822 562 ERGO
1852 538 2036 564 mcENDuM
2066 529 2171 576 quod
2191 530 2327 577 infiniti
2353 531 2448 567 ratio
2470 528 2483 550 0

1417 578 1594 627 congruit
1611 578 1825 626 quantitati,
1856 580 2069 617 secundum
2098 581 2377 631 Philosophum
2407 583 2444 620 in
2467 585 2480 619 I

1415 630 1564 678 Physic.
1589 631 1609 652 '¹‘
1637 632 1696 668 De
1727 631 1870 668 ratione
1900 640 2028 669 autem
2058 635 2272 681 quantitatis
2302 645 2356 673 est
2385 636 2481 674 ordo

1415 683 1592 733 partium.
1632 685 1876 732 Cognoscere
1914 697 2004 733 ergo
2041 686 2230 724 infinitum
2268 690 2481 727 secundum

1416 737 1578 774 modurn
1604 737 1751 785 infiniti,
1782 745 1837 775 est
1866 751 2098 787 cognoscere
2116 748 2264 789 partem
2292 750 2380 791 post
2397 755 2482 792 par-

1416 798 1507 827 tem.
1543 791 1592 827 Et
1619 791 1672 828 sic
1705 791 1808 828 nullo
1847 792 1966 829 modo
2006 793 2187 841 contingit
2214 796 2392 842 cognosci
2429 796 2482 833 in-

1416 844 1587 880 finitum:
1627 843 1715 893 quia
1752 852 2062 895 quantacumque
2096 847 2283 895 quantitas
2319 849 2483 897 partium

1417 896 1637 946 accipiatur,
1667 909 1820 947 semper
1853 906 2051 935 remanet‘
2080 899 2221 948 aliquid
2255 908 2358 938 extra
2387 902 2483 938 acci-

1415 949 1597 998 pientem.
1628 952 1734 988 Deus
1754 958 1883 988 autem
1904 964 1983 988 non
2008 952 2061 989 sic
2081 954 2275 1001 cognoscit
2293 954 2483 992 infinitum

1415 1004 1478 1040 vel
1506 1003 1663 1051 infinita,
1694 1004 1802 1053 quasi
1828 1005 2091 1043 enumerando
2119 1014 2268 1055 partem
2293 1016 2381 1057 post
2398 1020 2483 1057 par-

1416 1063 1514 1100 tem3
1546 1069 1634 1093 curn
1664 1065 1869 1105 cognoscat
1905 1059 2035 1096 omnia
2064 1059 2197 1107 simul,
2227 1073 2307 1098 non
2335 1074 2484 1098 succes-

1417 1109 1496 1146 sive
1512 1116 1535 1156 ³‘,
1566 1118 1608 1147 ut
1627 1123 1742 1159 supra
1760 1110 1780 1132 ’¹‘
1809 1111 1950 1148 dictum
1970 1121 2036 1150 est.
2067 1113 2178 1150 Unde
2198 1114 2290 1151 nihil
2307 1114 2485 1163 prohibet

1415 1162 1543 1211 ipsum
1572 1175 1803 1211 cognoscere
1831 1164 1988 1202 infinita.

1471 1217 1529 1252 An
1559 1228 1749 1254 SECUNDUM
1778 1229 1962 1254 DICENDUM
1982 1220 2087 1267 quod
2106 1219 2276 1256 transitio
2304 1213 2485 1269 importat

1417 1268 1612 1318 quandam
1646 1270 1930 1307 successionem
1958 1271 1997 1308 in
2024 1272 2214 1320 partibus:
2245 1280 2282 1309 et
2308 1273 2396 1311 inde
2431 1282 2485 1311 est

1418 1321 1523 1370 quod
1556 1322 1747 1359 infinitum
1767 1323 1915 1360 transiri
1934 1336 2014 1361 non
2033 1332 2169 1373 potest,
2190 1338 2315 1374 neque
2335 1339 2357 1363 a
2377 1327 2484 1364 finito

1417 1387 1542 1424 neque
1571 1376 1619 1412 ab
1648 1375 1807 1413 infinito.
1839 1377 1916 1414 Sed
1946 1378 1994 1414 ad
2022 1378 2207 1415 rationem
2234 1381 2485 1428 comprehen-

1418 1428 1534 1466 sionis
1572 1429 1710 1466 sufficit
1744 1430 1992 1479 adaequatio:
2023 1431 2112 1480 quia
2139 1431 2178 1468 id
2211 1433 2486 1481 comprehendi

1419 1482 1574 1530 dicitur,
1604 1482 1711 1519 cuius
1740 1482 1831 1520 nihil
1860 1490 1915 1520 est
1945 1491 2047 1521 extra
2081 1486 2484 1533 comprehendentem.

1418 1535 1530 1573 Unde
1550 1548 1629 1572 non
1649 1543 1705 1572 est
1724 1543 1855 1574 contra
1876 1537 2063 1575 rationem
2087 1537 2234 1585 infiniti,
2255 1540 2362 1586 quod
2381 1552 2486 1576 com—

1418 1589 1677 1638 prehendatur
1695 1589 1743 1626 ab
1762 1589 1921 1627 infinito.
1943 1591 1993 1627 Et
2012 1591 2076 1638 sic,
2099 1591 2204 1639 quod
2223 1591 2262 1628 in
2277 1605 2318 1629 se
2334 1600 2389 1629 est
2403 1593 2486 1630 infi-

1419 1642 1554 1689 nitum,
1583 1650 1709 1691 potest
1738 1642 1809 1680 dici
1832 1644 1980 1680 finitum
2001 1644 2178 1681 s'cientiae
2199 1645 2284 1692 Dei,
2304 1653 2487 1694 tanquam

1420 1697 1762 1745 comprehensum:
1778 1709 1857 1734 non
1871 1704 2001 1734 tamen
2016 1705 2198 1747 tanquam
2213 1699 2485 1747 pertransibile.

1472 1751 1530 1786 AD
1566 1761 1726 1787 TERTIUM
1763 1762 1948 1788 mel-:noum
1986 1752 2090 1799 quod
2129 1752 2285 1789 scientia
2320 1752 2393 1789 Dei
2432 1760 2486 1789 est

1419 1815 1600 1840 mensura
1629 1815 1779 1851 rerum,
1809 1816 1888 1840 non
1916 1804 2184 1853 quantitativa‚
2215 1818 2290 1854 qua
2328 1805 2484 1854 quidem

1418 1868 1598 1893 mensura
1628 1864 1756 1893 carent
1784 1856 1950 1902 infinita;
1981 1858 2048 1895 sed
2068 1858 2156 1907 quia
2175 1857 2186 1879 λ
2206 1866 2402 1896 mensurat
2430 1872 2485 1896 es-

1419 1909 1579 1946 sentiam
1619 1917 1655 1946 et
1690 1909 1890 1947 veritatem
1927 1910 1993 1947 rei.
2032 1911 2348 1960 Unumquodque
2383 1912 2484 1949 enim

1418 1962 1606 1999 intantum
1634 1963 1750 1999 habet
1779 1963 1826 2000 de
1845 1963 2002 2000 veritate
2023 1976 2113 2001 suae
2137 1973 2306 2012 naturae,
2327 1965 2485 2014 inquan-

1418 2023 1500 2053 tum
1528 2015 1695 2052 imitatur
1723 2016 1795 2052 Dei
1815 2016 2030 2063 scientiam;
2061 2017 2157 2054 sicut
2171 2018 2411 2055 artificiatum
2432 2019 2486 2056 in—

1419 2077 1606 2117 quantum
1627 2065 1836 2107 concordat
1854 2069 1933 2107 arti.
1964 2071 2064 2107 Dato
2084 2078 2214 2108 autem
2233 2072 2340 2120 quod
2360 2080 2486 2109 essent

1419 2122 1543 2171 aliqua
1580 2122 1726 2159 infinita
1760 2120 1847 2159 actu
1883 2123 2096 2161 secundum
2134 2137 2359 2171 numerum,
2396 2133 2487 2173 puta

1418 2175 1553 2212 infiniti
1573 2175 1769 2221 homines3
1793 2177 1856 2213 vel
1876 2177 2085 2214 secundum
2105 2178 2351 2226 quantitatem
2371 2178 2487 2215 conti-

1419 2241 1548 2275 nuam,
1569 2236 1611 2265 ut
1630 2228 1661 2265 si
1680 2236 1779 2265 esset
1807 2241 1872 2265 aer
1891 2229 2071 2277 infinitus,
2099 2238 2142 2267 ut
2161 2231 2318 2279 quidam
2347 2231 2487 2280 antiqui

1420 2281 1610 2319 dixerunt:
1640 2289 1770 2318 tamen
1799 2282 2043 2319 manifestum
2082 2291 2138 2320 est
2171 2284 2277 2332 quod
2305 2285 2489 2322 haberent

1420 2347 1503 2371 esse
1533 2334 1828 2372 determinatum
1863 2344 1898 2372 et
1918 2336 2089 2383 finitum,
2121 2337 2210 2385 quia
2240 2350 2322 2374 esse
2352 2350 2487 2375 eorum

1420 2396 1519 2425 esset
1548 2388 1750 2425 limitatum
1776 2388 1825 2425 ad
1853 2389 1998 2437 aliquas
2027 2390 2294 2427 determinatas
2322 2399 2486 2428 naturas.

291 2449 379 2480 sunt
392 2442 454 2479 vel
470 2454 553 2479 esse
567 2449 742 2491 possunt,
754 2454 834 2479 non
849 2443 976 2479 solum
991 2450 1178 2491 quantum
1195 2443 1243 2479 ad
1258 2442 1362 2491 prin-
1389 2433 1393 2485 l
1419 2442 1530 2479 Unde
1547 2441 1818 2479 mensurabilia
1829 2450 1953 2478 essent
1968 2443 2179 2480 secundum
2196 2443 2389 2480 scientiam
2402 2444 2485 2481 Dei.

344 2556 369 2589 δ)
389 2564 442 2582 non
462 2560 502 2582 est
521 2559 619 2581 tamen.
637 2570 657 2576 -
675 2563 727 2581 non
748 2559 836 2581 tamen
855 2557 884 2581 Ρ.

344 2592 366 2624 ε)
386 2592 579 2617 consideretur.
598 2605 616 2610 —
634 2591 838 2616 considerentur
863 2592 893 2617 P.
912 2605 930 2610 -
949 2592 1012 2617 Post
1037 2593 1144 2625 infinita
1163 2593 1183 2617 B
1203 2592 1272 2617 addit
1295 2593 1364 2617 sicut

284 2626 377 2659 finita,
391 2632 417 2652 et
435 2632 497 2660 post
514 2627 699 2660 cogitationes,
716 2627 862 2652 hominum.

344 2661 370 2695 ζ)
391 2670 482 2687 unum.
500 2675 519 2682 —-
537 2662 598 2687 Om.
618 2662 682 2687 Pab.

345 2698 372 2730 η)
392 2698 519 2730 infinitos.
537 2711 556 2716 -
574 2698 654 2723 etiam
675 2698 792 2731 infinitos
811 2698 872 2728 Pab,
893 2701 919 2722 et
937 2698 1054 2732 infinitos
1073 2699 1120 2732 pF.

1472 2555 1496 2588 θ)
1517 2556 1616 2588 infiniti
1634 2556 1714 2581 ratio.
1732 2569 1751 2574 -
1769 2556 1902 2588 infinitum
1922 2556 2047 2581 ACDEG.

1470 2592 1488 2624 ι)
1508 2594 1636 2617 remanet.
1654 2605 1673 2610 -
1692 2595 1782 2616 manet
1800 2591 1853 2616 BD.
1872 2604 1889 2609 -
1910 2591 1959 2616 Pro
1978 2592 2163 2623 accipientem,
2189 2592 2226 2616 ad
2245 2592 2430 2624 accipiendum
2451 2593 2486 2623 C,

1417 2635 1471 2652 om.
1491 2628 1522 2651 Α.
1541 2640 1560 2645 -
1578 2627 1711 2659 infinitum
1732 2627 1773 2651 vel
1790 2634 1844 2651 om.
1863 2627 1893 2651 B.
1911 2640 1930 2645 —
1948 2626 2019 2651 Idem
2038 2635 2085 2659 pro
2101 2630 2172 2658 post,
2193 2631 2227 2652 et.

1471 2662 1497 2694 κ)
1517 2669 1569 2687 ηοη
1589 2662 1741 2687 successive.
1760 2676 1779 2680 —
1798 2661 1854 2686 sine
1872 2662 2034 2687 successione
2053 2662 2162 2687 codices.

1470 2697 1498 2730 λ)
1518 2698 1590 2730 quia.
1608 2711 1626 2717 —-
1644 2705 1698 2730 qua
1717 2698 1745 2722 P.

974 2777 1305 2811 Commentaria.
1329 2777 1578 2810 Cardinalis
1601 2777 1802 2809 Caietam

354 2857 461 2879 rwws
477 2848 587 2879 clarus.
601 2866 621 2870 -
635 2848 670 2878 In
687 2858 819 2888 corpore
835 2849 908 2879 tria:
929 2849 1046 2890 primo,
1071 2849 1243 2890 respondet
1266 2859 1362 2889 quae-

295 2860 414 2924 Tsito
431 2892 592 2929 absolute;
614 2892 766 2928 secund0,
784 2892 957 2932 specialiter
972 2894 1010 2924 de
1035 2893 1163 2924 scientia
1187 2893 1317 2924 visionis
1330 2892 1361 2929 *;

293 2937 395 2974 tertio,
416 2937 553 2977 assignat
579 2947 708 2967 causam
727 2936 893 2978 utriusque
912 2937 1127 2968 conclusionis
1143 2936 1171 2968 ‘¹‘.

352 2981 390 3012 11.
414 2981 530 3018 Quoad
548 2982 706 3021 primum,
733 2981 895 3012 conclusio
910 2982 1095 3022 responsiva
1109 2982 1149 3012 de
1164 2981 1294 3012 scientia
1310 2981 1362 3011 ab-

294 3025 408 3062 solute,
429 3031 490 3056 est:
514 3026 602 3056 Deus
625 3025 682 3056 scit
705 3024 837 3056 infinita.
853 3043 874 3048 -
889 3026 1053 3057 Probatur.
1077 3026 1164 3056 Deus
1180 3026 1238 3057 scit
1255 3025 1363 3056 omnia

294 3069 328 3099 in
351 3075 442 3105 actu,
466 3075 497 3100 et
520 3069 629 3100 omnia
659 3079 742 3110 quae
773 3076 847 3100 sunt
869 3069 902 3100 in
925 3070 1067 3110 potentia
1090 3077 1156 3100 tam
1179 3080 1237 3101 sua
1265 3080 1364 3111 quam

295 3119 469 3144 creaturae:
495 3123 570 3154 ergo
587 3114 644 3144 scit
659 3113 792 3144 infinita.
815 3114 904 3145 Patet
920 3114 1063 3156 sequela:
1089 3114 1198 3145 omnia
1209 3114 1272 3145 ista
1289 3125 1363 3145 con-

296 3163 356 3187 stat
379 3164 446 3187 ess‘e
469 3156 602 3188 infinita.

354 3201 406 3231 111.
432 3201 549 3238 Quoad
571 3202 766 3240 secundum,
790 3212 830 3232 an
854 3202 981 3233 scientia
1005 3202 1136 3233 visionis
1161 3203 1200 3234 sit
1223 3202 1363 3233 infinito-

295 3255 377 3281 rum,
403 3245 468 3275 duo
493 3245 577 3276 dicit.
602 3246 720 3283 Primo,
737 3246 870 3277 refertur
892 3246 1003 3286 opinio
1027 3247 1181 3287 negativa,
1202 3257 1276 3278 cum
1296 3247 1363 3278 eius

296 3289 428 3319 motivo.
446 3288 614 3320 Generatio
638 3301 696 3322 nec
716 3297 762 3321 est
785 3297 909 3321 aeterna
925 3301 943 3320 a
958 3297 1045 3331 parte
1069 3297 1150 3327 ante,
1167 3301 1226 3322 nec
1242 3301 1260 3322 a
1275 3298 1363 3331 parte

296 3340 384 3374 post:
410 3343 485 3373 ergo
508 3343 590 3374 quae
613 3341 700 3371 sunt,
725 3342 817 3366 erunt
841 3341 871 3365 et
894 3334 1038 3372 fuerunt,
1063 3341 1138 3366 sunt
1160 3334 1263 3366 finita:
1289 3345 1363 3375 ergo

297 3377 425 3409 scientia
439 3376 570 3407 visionis
586 3387 652 3408 non
675 3385 722 3410 est
744 3378 953 3410 infinitorum.
971 3397 991 3401 —
1007 3379 1165 3415 Secundo,
1183 3379 1365 3410 confutatur

297 3422 472 3457 motivum;
504 3427 535 3451 et
557 3422 710 3461 probatur
733 3423 896 3454 conclusio
920 3422 1114 3454 affirmativa.
1146 3423 1364 3464 Cogitationes

297 3473 328 3497 et
351 3465 530 3496 affectiones
554 3472 712 3497 creaturae
734 3467 894 3498 rationalis
918 3467 1214 3508 multiplicabuntur
1237 3475 1364 3499 aeterno

298 3520 316 3541 a
331 3517 418 3551 parte
438 3516 527 3550 post:
553 3519 627 3549 ergo
652 3510 781 3542 scientia
803 3511 934 3542 visionis
955 3519 1001 3543 est
1023 3512 1231 3543 infinitorum.
1257 3513 1299 3543 Et
1322 3512 1364 3542 sic

298 3554 408 3594 opinio
433 3554 535 3594 prima
558 3563 625 3583 non
648 3554 791 3585 lustravit
810 3564 941 3586 omnem
959 3557 1206 3596 generationem,
1224 3557 1278 3587 sed
1295 3567 1365 3587 eam

298 3605 423 3629 tantum
441 3608 523 3639 quae
543 3608 579 3628 ex
599 3597 674 3628 caeli
694 3604 786 3628 motu
806 3599 937 3638 pendet:
959 3607 988 3631 et
1007 3600 1079 3631 ideo
1100 3600 1221 3631 erravit.

442 3661 551 3685 Summa
571 3660 672 3684 Tnaor..
692 3660 723 3684 D.
738 3660 852 3685 Tnosmn
871 3660 903 3694 Τ,
922 3661 931 3684 I

1475 2848 1527 2879 IV.
1552 2848 1669 2885 Quoad
1690 2849 1831 2886 tertium,
1857 2848 2032 2889 assignatur
2055 2855 2184 2889 propter
2200 2849 2277 2889 quid
2295 2849 2382 2879 Deus
2398 2849 2486 2879 novit

1419 2891 1540 2923 infinita
1565 2892 1723 2928 absolute,
1750 2899 1780 2923 et
1803 2892 1931 2923 scientia
1953 2893 2098 2929 visionis,
2125 2893 2178 2923 sic.
2204 2893 2354 2933 Cognitio
2378 2903 2410 2923 se
2435 2903 2484 2923 ex-

1419 2936 1519 2967 tendit
1539 2937 1716 2967 secundum
1740 2936 1962 2967 extensionem·
1980 2937 2100 2967 formae
2125 2947 2206 2979 quae
2231 2944 2277 2967 est
2296 2937 2486 2976 cognitionis

1418 2980 1630 3021 principium:
1656 2990 1731 3020 ergo
1755 2981 1896 3020 cognitio
1920 2981 1979 3011 Dei
2003 2988 2048 3021 est
2071 2982 2247 3012 secundum
2271 2980 2486 3011 extensionem

1419 3025 1570 3055 essentiae
1587 3034 1677 3055 suae:
1698 3034 1773 3064 ergo
1790 3025 1928 3056 extendit
1944 3035 1976 3055 se
1993 3026 2033 3056 ad
2049 3025 2179 3061 infinita,
2197 3025 2291 3055 etiam
2308 3025 2486 3055 secundum

1419 3070 1507 3110 quod
1524 3076 1598 3100 sunt
1613 3069 1651 3099 ab
1668 3069 1805 3099 invicem
1829 3069 1984 3100 distincta.
2009 3070 2049 3100 Et
2066 3070 2109 3100 sic
2129 3069 2223 3099 simul
2243 3069 2394 3109 probatur
2410 3070 2485 3109 quia

1419 3120 1449 3144 et
1466 3118 1602 3154 propter
1625 3113 1702 3154 quid
1724 3113 1869 3154 quaesiti.
2302 3115 2314 3125 ⁸

1476 3158 1674 3188 Antecedens
1698 3157 1851 3197 probatur
1874 3157 2044 3193 inducfive,
2068 3157 2249 3188 inchoando
2270 3167 2286 3186 a
2303 3156 2484 3196 cognitione

1419 3209 1450 3232 et
1473 3201 1575 3242 specie
1605 3201 1763 3238 sensibili,
1798 3209 1829 3232 et
1859 3202 2062 3242 procedendo
2094 3211 2149 3241 per
2180 3200 2426 3231 intellectionem
2455 3207 2485 3230 et

1419 3246 1556 3286 speciem
1575 3245 1804 3285 intelligibilem
1821 3253 1971 3277 nostram.
1990 3246 2025 3276 In
2042 3255 2146 3282 sensu,
2167 3244 2284 3285 species
2301 3254 2333 3274 se
2350 3244 2487 3274 extendit

1419 3285 1584 3320 ad'unum
1613 3299 1748 3320 numero
1780 3296 1924 3321 tantum:
1957 3296 1987 3321 et
2017 3290 2060 3320 sic
2084 3289 2229 3319 sensatio.
2262 3288 2296 3318 In
2325 3288 2484 3318 intellectu

1420 3341 1538 3370 nostro,
1565 3334 1682 3374 species
1707 3334 1747 3364 ad
1770 3343 1874 3365 unum
1898 3334 2078 3370 formaliter,
2103 3333 2136 3363 in
2161 3343 2226 3374 quo
2248 3331 2485 3363 communicant

1419 3378 1539 3409 infinita
1555 3378 1587 3408 in
1601 3378 1756 3418 potentia:
1774 3385 1804 3409 et
1820 3378 1962 3409 similiter
1977 3377 2147 3408 intellectio
2164 3384 2271 3407 nostra
2288 3387 2320 3406 se
2335 3375 2485 3407 extendit.

1419 3441 1439 3445 —
1453 3422 1558 3452 Prima
1573 3422 1799 3463 consequentia
1814 3423 1981 3463 probatur:
2007 3422 2082 3462 quia
2098 3421 2230 3451 essentia
2247 3421 2305 3451 Dei
2322 3427 2368 3451 est
2383 3420 2486 3450 forma

1419 3477 1474 3508 per
1490 3477 1587 3507 quarn
1603 3466 1780 3497 intellectus
1798 3466 1923 3497 divinus
1938 3466 2090 3505 intelligit.
2109 3483 2126 3488 -
2142 3465 2287 3496 Secunda
2302 3473 2390 3494 vero:
2411 3463 2487 3504 quia

1420 3511 1552 3543 essentia
1576 3510 1634 3540 Dei
1659 3511 1795 3542 extendit
1818 3521 1850 3541 se
1874 3511 1906 3540 in
1930 3510 2192 3550 repraesentando
2217 3509 2256 3539 ad
2273 3508 2381 3539 omnia
2405 3517 2485 3548 quae

1420 3562 1493 3585 sunt
1509 3562 1539 3585 et
1555 3565 1620 3584 esse
1638 3562 1781 3595 possunt,
1798 3565 1863 3585 non
1879 3554 1985 3584 solum
1999 3554 2107 3594 quoad
2123 3553 2276 3594 principia
2291 3552 2483 3587 communia,

1420 3599 1474 3629 sed
1490 3598 1618 3639 propria
1635 3599 1798 3639 cuiusque,
1815 3606 1850 3629 ut
1865 3598 1929 3628 iarn
1947 3598 2066 3628 dictum
2083 3604 2138 3628 est.

2306 3666 2337 3688 24

2510 371 2520 381 .

2512 398 2519 406 ·
2524 398 2531 406 ⁴
2536 370 2689 425 DArss⁷²pSraea

2611 527 2623 551 θ

2510 638 2519 647 '
2535 637 2568 658 Ca
2588 643 2633 663 .11‚
2649 643 2672 658 n.
2689 643 2722 658 10.

2510 675 2521 679 -
2531 663 2556 685 S.
2567 643 2612 685 ih.
2623 664 2676 685 lect.
2687 669 2722 684 111.

2513 1143 2519 1150 ·
2535 1143 2587 1163 Art.
2604 1148 2625 1170 7.
