2768 4178
95 523 178 571 §.⁰1²5ss
193 522 306 571 &333⁹

94 578 104 587 ·
119 576 148 598 D·
162 582 218 604 499-

189 896 205 921 01

334 284 407 332 296

335 369 394 400 cta
420 368 516 408 sunt,
533 364 638 409 facta
659 374 732 399 non
751 363 903 411 fuerint
919 378 951 410 s,
982 375 1056 400 non
1076 363 1174 399 videt
1192 364 1263 399 hoc
1280 375 1320 399 se
1343 363 1395 399 di-

337 428 440 453 cere:
463 431 481 449 «
500 416 543 452 Si
558 417 663 453 Deus
682 416 915 464 omnipotens
943 422 1005 462 est,
1023 417 1151 464 faciat
1178 421 1219 452 ut
1235 427 1279 452 ea
1299 427 1396 464 quae

333 481 424 507 vera
452 474 548 514 sunt,
569 480 612 505 eo
633 469 711 517 ipso
732 469 833 517 quod
849 480 941 506 vera
960 474 1056 514 sunt,
1066 468 1175 517 falsa
1203 469 1276 505 sint
1293 484 1327 506 ».
1348 469 1397 504 Et

334 522 590 570 Philosophus
621 521 719 568 dicit,
740 522 779 558 in
805 522 857 559 VI
881 522 1000 558 Ethic.
1021 521 1052 568 ³¹⁵,
1083 521 1187 569 quod
1215 522 1286 558 hoc
1316 521 1395 557 solo

328 575 506 624 privatur
523 576 639 621 Deus,
661 574 828 624 ingenita
844 576 984 623 facere
1008 586 1105 623 quae
1130 579 1217 611 sunt
1233 575 1345 622 facta
1363 573 1394 611 ⁵¹⁵.

386 630 445 665 An
473 640 610 665 PRlMUM
635 640 733 665 ERGO
753 640 937 665 DICENDUM
957 627 1072 676 quod,
1094 628 1179 664 licet
1196 627 1397 676 praeterita

332 694 411 718 non
438 681 554 718 fuisse
582 681 629 718 sit
656 681 892 730 impossibile
910 693 979 730 per
1006 680 1195 725 accidens,
1221 679 1251 716 si
1276 680 1396 716 consi-

333 735 484 772 deretur
511 734 549 772 id
582 734 686 784 quod
715 743 772 772 est
804 734 1068 783 praeteritum,
1098 733 1195 770 idest
1221 738 1236 759 Ὺ
1265 745 1396 769 cursus

333 787 520 833 Socratis3
546 795 687 835 tamen,
707 787 737 825 si
766 787 1025 825 consideretur
1052 786 1296 835 praeteritum
1325 786 1395 822 sub

333 841 477 878 ratione
505 841 705 890 praeteriti,
726 841 852 890 ipsum
880 853 958 878 non
995 839 1109 876 fuisse
1138 846 1194 875 est
1221 838 1395 887 impossi-

333 894 407 932 bile
435 907 514 931 non
542 895 667 933 solum
696 907 764 943 per
792 906 832 930 se
853 892 878 941 δ,
903 894 971 931 sed
999 893 1184 938 absolute,
1211 891 1396 929 contradi-

334 948 500 984 ctionem
528 947 736 996 implicans.
766 948 815 984 Et
843 947 895 984 sic
924 954 980 983 est
1008 945 1128 993 magis
1163 944 1395 993 impossibile

333 1013 450 1050 quam
469 1008 664 1037 mortuum
681 1012 886 1048 resurgere,
904 1000 1008 1048 quod
1028 1011 1107 1036 non
1126 998 1292 1047 implicat
1307 1010 1396 1034 con-

332 1053 612 1091 tradictionem:
639 1053 744 1101 quod
764 1053 897 1090 dicitur
924 1052 1159 1101 impossibile
1183 1050 1397 1088 secundum

333 1106 499 1155 aliquam
519 1106 740 1155 potentiam,
762 1106 900 1143 scilicet
919 1106 1142 1142 naturalem.
1164 1105 1275 1142 Talia
1295 1104 1396 1141 enim

332 1159 581 1209 impossibilia
610 1159 761 1197 divinae
789 1159 980 1208 potentiae
1010 1158 1234 1195 subduntur.

1024 284 1291 331 QUAESTIO
1321 284 1440 331 XXV,
1470 283 1767 320 ARTICULUS
1796 284 1831 320 V

1504 365 1562 399 AD
1582 375 1772 400 SECUNDUM
1792 375 1976 400 DICENDUM
1996 362 2102 410 quod
2132 362 2227 399 sicut
2254 363 2371 410 Deus,
2398 375 2517 412 quan-

1450 423 1531 452 tum
1553 424 1608 453 est
1632 415 1680 452 ad
1698 416 1972 464 perfectionem
1994 415 2143 453 divinae
2162 415 2365 464 potentiae,
2387 416 2517 454 omnia

1450 476 1594 517 potest,
1622 469 1689 506 sed
1722 469 1914 517 quaedam
1943 481 2022 506 non
2050 468 2246 505 subiacent
2274 468 2354 505 eius
2381 476 2516 517 poten-

1451 522 1535 569 tiae,
1566 522 1654 571 quia
1683 521 1864 559 deficiunt
1892 534 1914 559 a
1943 521 2086 559 ratione
2115 521 2374 570 possibilium;
2403 521 2464 568 ita,
2486 521 2517 558 si

1452 575 1664 612 attendatur
1692 575 1975 612 immutabilitas
2005 574 2156 612 divinae
2184 574 2388 623 potentiae,
2409 574 2516 623 quid—

1452 627 1543 676 quid
1567 629 1672 664 Deus
1700 628 1834 677 potuit,
1854 636 1994 677 potest;
2025 628 2150 677 aliqua
2173 634 2301 664 tamen
2329 626 2420 663 olim
2449 627 2514 663 ha-

1451 681 1614 717 buerunt
1642 681 1828 718 rationem
1856 681 2105 730 possibilium,
2131 681 2223 718 dum
2245 687 2350 716 erant
2374 680 2516 727 fienda,

1452 746 1550 781 quae
1588 733 1664 770 iam
1694 734 1876 771 deficiunt
1904 747 1926 771 a
1954 734 2098 771 ratione
2129 733 2392 783 possibilium,
2423 732 2515 770 dum

1451 794 1539 823 sunt
1566 786 1675 823 facta.
1697 787 1745 823 Et
1765 787 1818 823 sic
1837 787 1971 824 dicitur
1990 788 2097 824 Deus
2118 800 2163 824 ea
2183 799 2261 824 non
2280 798 2406 835 posse,
2428 785 2516 834 quia

1452 851 1497 875 ea
1525 851 1605 875 non
1632 847 1793 887 possunt
1819 840 1913 877 fieri.

1505 893 1563 927 AD
1591 902 1751 929 TERTIUM
1779 904 1963 930 DICENDUM
1991 893 2096 940 quod
2122 904 2278 930 ornnem
2308 891 2515 941 corruptio-

1451 956 1541 981 nem
1560 944 1697 981 mentis
1714 951 1750 981 et
1769 945 1939 993 corporis
1954 946 2060 982 Deus
2080 946 2226 983 auferre
2245 953 2371 994 potest
2390 958 2412 982 a
2431 957 2517 982 mu-

1450 997 1539 1034 liere
1570 1004 1747 1046 corrupta
1765 997 1802 1034 *t
1830 998 1905 1035 hoc
1933 1005 2062 1034 tamen
2082 998 2130 1035 ab
2151 1011 2197 1036 ea
2225 998 2417 1036 removeri
2436 1011 2515 1035 non

1450 1050 1597 1099 poterit,
1620 1050 1724 1099 quod
1750 1056 1931 1100 'corrupta
1950 1063 2029 1087 non
2058 1051 2169 1088 fuerit
2185 1050 2218 1088 ⁹¹⁶.
2249 1051 2354 1088 Sicut
2377 1051 2491 1089 etiam
2506 1057 2516 1072 ³

1451 1104 1499 1141 ab
1519 1103 1648 1152 aliquo
1667 1111 1868 1152 peccatore
1897 1104 2044 1140 auferre
2065 1116 2145 1141 non
2167 1111 2293 1153 potest
2311 1105 2418 1152 quod
2437 1117 2516 1142 non

1451 1157 1677 1206 peccaverit,
1699 1164 1735 1193 et
1763 1157 1868 1205 quod
1898 1157 2091 1194 caritatem
2120 1169 2199 1194 non
2231 1155 2409 1194 amiserit.

385 1273 412 1306 γ)
433 1273 509 1298 idest.
526 1286 545 1292 -
562 1272 661 1298 scilicet
679 1272 790 1297 codices.

386 1307 411 1340 ὃ)
427 1316 478 1340 per
502 1315 537 1333 se.
553 1322 574 1327 -
588 1316 638 1340 per
656 1308 779 1334 accidens
802 1308 830 1332 F.
850 1321 870 1327 -
888 1307 939 1332 Pro
961 1307 1094 1336 absolute,
1110 1314 1163 1339 per
1184 1307 1334 1333 absolutam
1356 1308 1394 1339 G,

332 1345 480 1370 absolutam
499 1345 541 1369 ed.
559 1351 603 1385 a.⁸

1502 1272 1524 1305 ε)
1544 1271 1620 1297 Sicut
1638 1272 1727 1297 etiam.
1740 1285 1759 1291 ·-
1773 1272 1850 1297 Sicut
1871 1279 1918 1296 nec
1936 1271 2047 1302 codices,
2066 1271 2113 1296 sed
2132 1271 2152 1295 Β
2170 1279 2224 1296 om.
2238 1278 2295 1296 ‘non
2316 1275 2375 1296 ante
2387 1274 2486 1303 potest.
2500 1284 2520 1290 --

1449 1308 1498 1332 Pro
1517 1308 1551 1332 ab
1569 1308 1659 1340 aliquo
1674 1310 1823 1339 peccatore,
1843 1308 1876 1332 ab
1895 1307 1949 1332 alio
1963 1310 2093 1339 peccante
2112 1307 2214 1332 codices
2233 1312 2259 1332 et
2276 1306 2318 1332 ed.
2336 1314 2362 1337 a,
2377 1306 2410 1331 ab
2428 1306 2518 1340 aliquo

1444 1346 1574 1375 peccante
1592 1343 1632 1368 ed.
1647 1344 1671 1368 b.

1011 1421 1341 1454 Commentaria
1365 1421 1614 1454 Cardinalis
1637 1422 1837 1455 Caietani

364 1514 384 1535 N
407 1504 518 1540 titulo,
543 1503 667 1534 adverte
696 1502 785 1543 quod
805 1503 1021 1543 praeteritum
1051 1501 1187 1532 sumitur
1210 1501 1395 1542 dupliciter,

337 1516 480 1579 Iscilicet
503 1547 685 1583 formaliter,
706 1553 736 1578 et
752 1546 1001 1582 denominative;
1025 1546 1106 1577 idest
1122 1556 1187 1586 pro
1211 1547 1279 1586 ipsa
1292 1545 1396 1586 'prae-

333 1594 490 1630 teritione,
516 1598 546 1622 et
562 1601 627 1632 pro
650 1600 686 1621 re
709 1601 792 1632 quae
803 1591 986 1631 praeteriit.
1007 1590 1042 1620 In
1057 1590 1234 1631 proposito,
1252 1590 1396 1631 quamvis

334 1644 471 1678 utroque
493 1636 593 1666 modo
617 1635 701 1666 sumi
717 1635 826 1676 possit,
844 1635 958 1666 directe
974 1641 1090 1671 tamen,
1111 1641 1141 1665 et
1159 1644 1215 1675 per
1231 1645 1263 1665 se
1280 1634 1395 1675 primo,

333 1681 469 1714 sumitur
491 1690 550 1721 pro
566 1690 598 1710 re
612 1690 694 1720 quae
717 1679 884 1721 praeteriit.
909 1679 955 1709 Ita
973 1678 1062 1720 quod
1078 1688 1187 1709 sensus
1203 1678 1398 1720 quaestionis

334 1732 396 1757 est:
421 1726 471 1755 An
487 1725 574 1755 Deus
597 1724 697 1764 possit
716 1723 889 1764 exspoliare
903 1733 971 1753 rem
993 1733 1076 1763 quae
1095 1723 1261 1763 praeteriit,
1277 1733 1296 1753 a
1310 1733 1397 1764 prae-

333 1770 494 1805 teritione;
518 1768 580 1799 hoc
597 1767 682 1799 enim
705 1775 751 1799 est
772 1767 871 1798 facere
891 1778 962 1798 eam
981 1777 1047 1797 non
1066 1767 1172 1798 fuisse.
1197 1767 1284 1798 Sicut
1301 1777 1398 1808 quae-

333 1813 442 1850 rimus,
467 1823 508 1843 an
530 1813 617 1843 Deus
636 1812 736 1853 possit
759 1811 931 1852 exspoliare
947 1812 1153 1842 substantiam
1172 1822 1190 1842 a
1208 1811 1396 1852 quantitate;

333 1865 365 1889 et
388 1858 487 1889 facere
511 1857 590 1894 hoc,
620 1863 700 1887 esset
722 1856 824 1887 facere
847 1855 1055 1887 substantiam
1085 1866 1167 1896 quae
1191 1863 1237 1886 est
1259 1863 1396 1896 quanta,

333 1912 400 1933 non
423 1908 587 1943 quantam.

391 1946 429 1978 11.
453 1946 488 1976 In
512 1942 645 1985 corpore
668 1944 761 1975 unica
784 1951 830 1975 est
854 1944 1027 1980 conclusio,
1047 1944 1231 1983 responsiva
1253 1944 1397 1984 quaesito

333 1990 492 2030 negative:
522 1989 690 2020 Praeterita
713 1998 779 2019 non
803 1988 916 2025 fuisse,
941 1998 1007 2019 non
1031 1988 1171 2019 subiacet
1194 1988 1317 2018 divinae
1341 1998 1398 2028 po-

333 2034 458 2066 tentiae.
474 2052 494 2057 —
509 2034 664 2064 Probatur
687 2033 808 2073 primo,
833 2032 963 2064 ratione.
993 2033 1059 2063 Sub
1084 2032 1316 2073 omnipotentia
1338 2031 1398 2063 Dei

333 2089 400 2109 non
417 2078 498 2109 cadit
513 2077 678 2118 implicans
702 2077 999 2108 contradictionem:
1025 2076 1189 2117 praeterita
1205 2087 1271 2107 non
1291 2076 1396 2112 fuisse,

332 2123 472 2163 implicat
484 2121 780 2153 contradictionem:
797 2131 881 2161 ergo.
896 2121 1051 2152 Probatur
1061 2121 1175 2152 minor.
1186 2121 1296 2151 Dicere
1309 2121 1398 2162 quod

333 2167 475 2198 Socrates
498 2166 611 2197 sederit
626 2172 657 2196 et
672 2175 737 2195 non
754 2165 876 2202 sederit,
897 2165 1046 2206 implicat,
1064 2165 1144 2196 sicut
1163 2165 1252 2206 quod
1268 2166 1355 2196 sedet
1368 2172 1399 2195 et

333 2221 400 2242 non
419 2211 519 2242 sedet:
545 2211 600 2240 sed
614 2210 676 2241 hoc
696 2216 742 2240 est
758 2209 859 2240 dicere
878 2210 1081 2250 praeteritum
1100 2219 1165 2239 non
1181 2209 1291 2240 fuisse:
1311 2219 1396 2249 ergo.

334 2273 352 2278 -
369 2255 490 2286 Deinde
514 2253 718 2285 confirmatur
740 2253 924 2285 auctoritate
947 2253 1118 2294 Augustini
1138 2261 1168 2284 et
1186 2253 1374 2284 Aristotelis.

340 2298 346 2303 ’
392 2299 444 2330 111.
469 2299 604 2329 Adverte
627 2298 691 2334 hic,
718 2297 806 2338 quod
829 2297 1033 2337 praeteritum
1056 2296 1248 2337 significatur
1270 2297 1302 2327 in
1326 2303 1397 2328 actu

333 2343 456 2384 signato
480 2353 535 2383 per
558 2342 590 2383 ly
608 2342 842 2382 praeteritum;
866 2348 896 2372 et
919 2341 952 2372 in
977 2348 1047 2372 actu
1064 2341 1208 2377 exercito,
1226 2351 1282 2381 per
1304 2341 1398 2371 verba

333 2387 491 2429 praeteriti
508 2386 670 2427 temporis,
686 2393 720 2417 ut
727 2385 810 2427 fuit,
827 2387 983 2422 cucurrit,
994 2386 1085 2423 sedit,
1100 2392 1157 2416 etc.
1178 2385 1219 2416 Et
1233 2391 1400 2426 propterea

1452 1501 1486 1532 in
1509 1502 1610 1533 littera
1632 1512 1688 1542 per
1716 1509 1823 1533 actum
1853 1502 2025 1533 exercitum
2053 1501 2227 1533 declaratur
2257 1508 2344 1533 actus
2368 1501 2518 1542 signatus.

1453 1546 1494 1577 Et
1516 1546 1542 1576 si
1561 1546 1725 1587 diligenter
1750 1553 1912 1587 perspecta
1936 1546 2029 1577 fuerit
2051 1546 2128 1576 haec
2151 1546 2241 1582 ratio,
2266 1552 2387 1577 cessant
2410 1545 2520 1576 omnia

1453 1597 1639 1631 argumenta
1661 1601 1698 1621 ex
1721 1590 1875 1631 Gregorio
1899 1590 1991 1621 allata
2006 1590 2093 1631 apud
2109 1590 2315 1630 Capreolum,
2330 1600 2394 1620 an
2410 1589 2518 1621 distin-

1453 1634 1557 1665 ctione
1580 1634 1677 1665 Primi
1693 1635 1720 1666 *.
1744 1635 1791 1665 Ex
1814 1635 1873 1665 hac
1897 1635 1982 1665 enim
2005 1635 2105 1675 liquet
2127 1634 2207 1665 ratio
2230 1644 2328 1675 quare
2346 1634 2434 1665 Deus
2453 1643 2519 1664 non

1453 1685 1558 1719 potest
1574 1679 1746 1719 exspoliare
1762 1679 1867 1710 Adam
1882 1689 1901 1709 a
1915 1679 2144 1719 praeteritione.
2169 1678 2241 1709 Hoc
2264 1678 2350 1709 enim
2373 1684 2454 1709 esset
2469 1688 2519 1709 ex-

1453 1723 1589 1764 spoliare
1611 1723 1719 1764 ipsum
1735 1734 1752 1753 a
1759 1723 1882 1765 fuisse:
1907 1730 1938 1754 et
1957 1733 2032 1754 curn
2047 1723 2182 1754 alterum
2201 1722 2519 1755 contradictoriorum

1454 1774 1599 1808 oporteat
1615 1768 1654 1798 de
1669 1777 1877 1808 quocumque
1900 1777 2025 1807 semper
2046 1766 2208 1803 verificari,
2232 1767 2258 1797 si
2281 1767 2386 1797 Adam
2409 1777 2519 1808 exspo-

1453 1811 1580 1842 liaretur
1603 1822 1689 1842 nunc
1711 1822 1729 1842 a
1753 1811 1859 1847 fuisse,
1883 1811 2094 1842 verificaretur
2109 1811 2148 1841 de
2163 1811 2234 1851 ipso
2258 1820 2325 1841 non
2347 1810 2454 1842 fuisse.
2477 1810 2519 1842 Et

1454 1855 1498 1886 sic
1521 1855 1649 1892 fuisset,
1674 1862 1705 1886 et
1728 1865 1794 1886 non
1818 1855 1943 1886 fuisset:
1975 1855 2085 1886 fuisset
2112 1854 2260 1896 quidem,
2294 1854 2369 1896 quie
2392 1864 2428 1886 ex
2451 1865 2518 1896 quo

1454 1899 1552 1943 semel
1566 1900 1696 1930 vestitus
1715 1906 1762 1930 est
1784 1899 1890 1935 fuisse,
1905 1909 1977 1930 vere
1992 1899 2069 1935 fuit;
2094 1909 2159 1929 non
2178 1898 2288 1930 fuisset
2310 1905 2428 1935 autem,
2444 1898 2520 1940 quin

1454 1943 1645 1984 exspoliatus
1661 1950 1742 1975 esset
1757 1944 1828 1984 ipso
1845 1943 1951 1974 fuisse.
1968 1943 2009 1974 Et
2023 1943 2066 1974 sic
2081 1944 2148 1974 duo
2161 1942 2402 1974 contradictoria
2416 1949 2520 1974 essent

1453 1988 1550 2019 simul
1572 1997 1659 2019 vera:
1685 1988 1775 2028 quod
1798 1998 1864 2019 non
1888 1994 1934 2018 est
1957 1987 2162 2028 intelligibile.

1510 2032 1562 2063 IV.
1580 2033 1627 2063 Ex
1642 2032 1704 2063 hoc
1721 2032 1817 2063 etiam
1833 2039 1919 2073 patet
1935 2032 2024 2073 quod
2040 2032 2118 2062 nihil
2134 2031 2232 2063 officit
2247 2031 2414 2072 proposito
2430 2030 2520 2072 quod

1454 2076 1550 2107 fuisse
1573 2076 1718 2108 acciderit
1733 2076 1830 2113 Adae,
1855 2076 1936 2107 sicut
1951 2083 1982 2107 et
1998 2086 2063 2106 esse
2080 2083 2110 2107 et
2126 2076 2203 2107 fore.
2229 2076 2303 2106 Non
2319 2075 2405 2106 enim
2419 2074 2520 2115 magis

1454 2121 1674 2152 contradicunt
1703 2121 1866 2151 Socrates<
1883 2126 1929 2151 est
1955 2121 2048 2151 homo
2073 2127 2102 2151 et
2126 2131 2189 2151 non
2219 2125 2266 2151 est
2287 2121 2395 2157 homo,
2421 2129 2519 2160 quam

1453 2165 1604 2196 Socrates
1626 2166 1729 2196 currit
1745 2172 1775 2196 et
1791 2175 1854 2195 non
1871 2166 1985 2202 currit,
2012 2171 2042 2195 et
2065 2175 2163 2206 quarn
2186 2169 2295 2196 curret
2311 2170 2341 2195 et
2357 2173 2420 2194 non
2445 2173 2519 2194 cur-

1454 2214 1520 2247 ret,
1546 2216 1576 2240 et
1598 2219 1696 2250 quam
1719 2210 1863 2240 cucurrit
1887 2216 1916 2239 et
1941 2219 2003 2239 non
2033 2210 2194 2240 cucurrit:
2217 2209 2296 2239 nihil
2319 2208 2404 2238 enim
2427 2207 2521 2238 refert

1454 2253 1494 2283 ad
1517 2253 1798 2284 contradictionem
1826 2253 1955 2283 materia
1983 2253 2155 2283 necessaria
2178 2253 2228 2283 vel
2259 2252 2454 2292 contingens.
2478 2251 2520 2282 Et

1455 2303 1620 2337 propterea
1642 2297 1675 2327 in
1698 2297 1904 2337 responsione
1928 2297 1968 2327 ad
1992 2297 2142 2337 primurn,
2168 2304 2340 2337 utrumque
2363 2296 2518 2336 tangitur;

1454 2340 1570 2371 scilicet
1593 2341 1841 2377 accidentalitas,
1869 2347 1900 2371 et
1922 2341 2159 2380 impossibilitas
2183 2341 2327 2371 absoluta
2356 2339 2519 2371 concomi-

1453 2391 1522 2416 tans
1545 2385 1794 2425 implicationem
1818 2385 2084 2416 contradictionis.

1120 2529 1438 2572 ARTICULUS
1468 2508 1735 2582 QUINTUS*

898 2614 1056 2645 UTRUM
1080 2614 1191 2645 DEUS
1214 2613 1362 2645 POSSIT
1385 2613 1555 2644 FACERE
1578 2613 1696 2652 QUAE
1721 2613 1812 2645 NON
1837 2613 1968 2645 FAClT

670 2694 679 2718 l
700 2694 786 2724 Sent„
803 2694 862 2719 dist.
876 2701 946 2725 xun,
960 2701 1005 2726 qu.
1018 2700 1050 2724 ¹13
1070 2693 1090 2718 11
1113 2693 1190 2718 Cont.
1207 2694 1293 2722 Gent„
1307 2701 1364 2726 cap.
1377 2700 1446 2723 xxm,
1459 2700 1526 2724 xxvr,
1538 2700 1618 2724 αντη
1638 2693 1677 2725 111,
1693 2701 1748 2726 cap.
1761 2701 1852 2726 xcvm;
1873 2694 1914 2719 De
1932 2694 1999 2722 Por„
2014 2701 2090 2727 quq,
2103 2699 2149 2719 art.
2165 2693 2189 2720 5.

452 2795 521 2854 ἐξ(
543 2785 566 2810 ι)
596 2785 757 2816 QmNTuM
776 2785 829 2810 sm
849 2785 1086 2810 Paocemrua.
1107 2771 1267 2810 Videtur
1289 2772 1395 2821 quod

381 2876 385 2883 .
472 2827 650 2887 ngeus
686 2839 764 2863 non
800 2826 919 2875 possit
956 2826 1080 2863 facere
1113 2825 1185 2863 nisi
1222 2838 1267 2863 ea
1295 2838 1393 2875 quae

389 2894 470 2958 ἐν,
486 2884 513 2920 ’ἦ
544 2879 641 2916 facit.
662 2880 767 2916 Deus
788 2879 890 2916 enim
914 2891 993 2916 non
1012 2886 1136 2928 potest
1155 2879 1277 2916 facere
1297 2888 1395 2928 quae

432 2934 439 2943 v

439 2926 486 2964 Ψ)
502 2924 622 2970 non
660 2932 861 2982 praescivit
890 2940 925 2969 et
952 2932 1235 2981 praeordinavit
1271 2944 1311 2970 se
1344 2933 1396 2969 fa-

333 2992 493 3022 cturum.
516 2986 594 3023 Sed
621 2998 700 3023 non
727 2986 929 3035 praescivit
961 2997 1085 3034 neque
1113 2985 1397 3035 praeordinavit

332 3050 372 3075 se
402 3038 600 3087 facturum,
621 3038 691 3076 nisi
722 3051 766 3076 ea
786 3051 882 3088 quae
902 3038 998 3076 facit.
1034 3039 1136 3087 Ergo
1165 3051 1244 3076 non
1271 3046 1397 3088 potest

323 3091 454 3143 ‘facere
484 3091 554 3129 nisi
581 3104 627 3129 ea
659 3104 758 3140 quae
786 3092 883 3129 facit.

388 3155 422 3181 2.
443 3146 675 3192 ΡκΑΕτΕκΕΑ,
692 3146 798 3182 Deus
818 3157 895 3182 non
915 3151 1040 3194 potest
1058 3145 1182 3182 facere
1201 3144 1272 3182 nisi
1291 3145 1396 3194 quod

334 3198 466 3246 debet,
494 3205 530 3235 et
556 3197 662 3248 quod
696 3197 837 3235 iustum
867 3205 921 3235 est
948 3197 1043 3235 fieri.
1074 3198 1151 3235 Sed
1179 3199 1284 3235 Deus
1317 3210 1396 3235 non

333 3250 446 3288 debet
473 3251 596 3288 facere
633 3263 731 3300 quae
761 3263 839 3288 non
868 3251 973 3288 facit:
1003 3263 1074 3287 nec
1103 3251 1245 3288 iustum
1274 3257 1330 3288 est
1356 3258 1398 3288 ut

332 3303 443 3340 faciat
471 3315 568 3353 quae
597 3316 675 3341 non
704 3303 801 3341 facit.
823 3304 925 3352 Ergo
953 3305 1059 3341 Deus
1087 3317 1166 3341 non
1192 3311 1317 3354 potest
1344 3304 1395 3341 fa-

335 3369 418 3393 cere
448 3357 518 3393 nisi
546 3369 643 3406 quae
672 3357 769 3394 facit.
962 3378 978 3390 a

389 3410 423 3447 3.
443 3410 676 3458 PRAETEREA,
691 3411 797 3447 Deus
816 3422 895 3447 non
914 3417 1040 3459 potest
1058 3410 1181 3447 facere
1201 3409 1272 3447 nisi
1291 3409 1396 3460 quod

334 3462 480 3499 bonum
509 3470 576 3511 est,
598 3470 635 3500 et
653 3462 885 3500 conveniens
914 3463 1028 3500 rebus
1047 3463 1163 3500 factis.
1186 3463 1263 3500 Sed
1283 3463 1396 3500 rebus

333 3514 438 3552 factis
457 3527 480 3552 a
498 3515 582 3552 Deo
603 3528 681 3553 non
701 3523 755 3553 est
774 3516 922 3553 bonum
950 3528 1022 3553 nec
1041 3515 1272 3554 conveniens
1292 3515 1397 3554 aliter

388 3626 415 3659 α)
435 3634 479 3652 ex.
496 3641 515 3646 -
533 3631 559 3653 et
577 3635 614 3653 ex
633 3628 732 3658 CDFG.
747 3632 773 3654 et
792 3630 850 3654 edd.
862 3630 914 3655 ab.

1450 2785 1533 2810 esse
1553 2785 1670 2823 quam
1699 2773 1782 2811 sint.
1804 2774 1905 2822 Ergo
1926 2775 2031 2811 Deus
2059 2787 2139 2812 non
2158 2781 2283 2824 potest
2302 2775 2424 2812 facere
2447 2775 2518 2814 nisi

1450 2838 1548 2874 quae
1577 2826 1674 2863 facit.

1505 2880 1579 2916 SED
1600 2891 1745 2916 CONTRA
1764 2891 1830 2916 EST
1862 2880 1967 2928 quod
1997 2880 2127 2918 dicitur
2155 2881 2261 2918 Matt.
2281 2892 2370 2918 xxvi
2393 2880 2431 2918 *z
2455 2881 2516 2919 An

1450 2944 1524 2970 non
1553 2944 1708 2981 possum
1743 2945 1885 2982 rogare
1911 2934 2063 2970 Patrem
2096 2945 2242 2980 meum,
2271 2939 2306 2970 et
2332 2934 2520 2972 exhibebit

1450 2986 1544 3022 mihi
1569 2986 1680 3023 modo
1698 2985 1786 3034 plus
1805 2997 1919 3034 quam
1947 2986 2141 3024 duodecim
2169 2986 2335 3036 legiones
2361 2987 2515 3037 angelo-

1450 3038 1569 3076 rum?
1596 3039 1734 3087 Neque
1764 3046 1892 3076 autem
1925 3039 2005 3089 ipse
2040 3040 2216 3088 rogabat,
2245 3052 2372 3089 neque
2405 3041 2518 3079 Pater

1451 3091 1653 3129 exhibebat
1685 3091 1735 3129 ad
1763 3092 2054 3141 repugnandum
2090 3092 2249 3130 ludaeis.
2279 3094 2382 3142 Ergo
2410 3094 2516 3132 Deus

1449 3152 1575 3194 potest
1602 3145 1726 3182 facere
1755 3146 1858 3194 quod
1887 3158 1967 3183 non
1996 3145 2093 3183 facit.

1504 3199 1728 3235 Responneo
1756 3210 1940 3236 mcENDUM
1973 3198 2079 3248 quod
2116 3198 2213 3235 circa
2248 3199 2323 3236 hoc
2357 3199 2516 3248 quidam

1451 3250 1647 3300 dupliciter
1684 3259 1916 3289 erraverunt.
1955 3251 2124 3299 Quidam
2163 3251 2265 3289 enim
2306 3259 2516 3301 posuerunt

1450 3305 1578 3341 Deum
1598 3316 1709 3352 agere
1729 3305 1836 3353 quasi
1856 3316 1902 3342 ex
1921 3304 2141 3342 necessitate
2163 3313 2336 3352 naturae;
2361 3313 2402 3343 ut
2420 3305 2516 3343 sicut

1450 3369 1496 3393 ex
1524 3357 1672 3394 actione
1706 3369 1834 3395 rerum
1870 3357 2097 3395 naturalium
2134 3370 2213 3395 non
2249 3366 2410 3407 possunt
2443 3357 2514 3396 alia

1449 3411 1651 3458 provenire
1685 3410 1755 3447 nisi
1783 3422 1881 3460 quae
1911 3410 2106 3458 eveniunt,
2135 3419 2267 3461 utpote
2297 3423 2342 3448 ex
2370 3410 2512 3449 semine

1449 3462 1615 3500 hominis
1643 3464 1775 3511 homo,
1797 3475 1842 3500 ex
1870 3469 1887 3484 α
1915 3463 2060 3500 semine
2089 3464 2213 3502 olivae
2241 3464 2359 3510 oliva;
2388 3463 2439 3502 ita
2468 3475 2513 3500 ex

1450 3516 1668 3564 operatione
1698 3515 1827 3553 divina
1847 3528 1926 3553 non
1952 3516 2099 3565 possint
2122 3517 2216 3555 aliae
2246 3530 2316 3566 res,
2335 3517 2398 3555 vel
2419 3516 2512 3553 alius

2543 1005 2553 1016 ⁸
2569 1004 2598 1026 D·
2612 1010 2667 1033 499·

2543 1058 2554 1069 ³
2569 1058 2598 1080 D.
2613 1057 2670 1086 1169.

2545 1643 2559 1697 3
2593 1644 2644 1664 ntra
2653 1641 2761 1664 conclus.

2543 2893 2556 2904 ⁸
2569 2892 2637 2916 Vere.
2651 2899 2686 2922 53.
