<?xml version="1.0" encoding="UTF-8"?>
<!DOCTYPE html PUBLIC "-//W3C//DTD XHTML 1.0 Transitional//EN"
    "http://www.w3.org/TR/xhtml1/DTD/xhtml1-transitional.dtd">
<html xmlns="http://www.w3.org/1999/xhtml" xml:lang="en" lang="en">
 <head>
  <title>
</title>
<meta http-equiv="Content-Type" content="text/html;charset=utf-8" />
  <meta name='ocr-system' content='tesseract 3.04.00' />
  <meta name='ocr-capabilities' content='ocr_page ocr_carea ocr_par ocr_line ocrx_word'/>
</head>
<body>
  <div class='ocr_page' id='page_1' title='image "./operaomniaiussui04thom_0331.png"; bbox 0 0 2768 4178; ppageno 0'>
   <div class='ocr_carea' id='block_1_1' title="bbox 14 351 229 408">
    <p class='ocr_par' dir='ltr' id='par_1_1' title="bbox 14 351 229 408">
     <span class='ocr_line' id='line_1_1' title="bbox 14 351 229 408; baseline -0.005 -35"><span class='ocrx_word' id='word_1_1' title='bbox 14 385 36 408; x_wconf 73' lang='lat'>3</span> <span class='ocrx_word' id='word_1_2' title='bbox 17 351 84 380; x_wconf 82' lang='lat' dir='ltr'>&#39;Qu-</span> <span class='ocrx_word' id='word_1_3' title='bbox 95 356 175 377; x_wconf 83' lang='lat' dir='ltr'>xxvln,</span> <span class='ocrx_word' id='word_1_4' title='bbox 186 353 229 372; x_wconf 80' lang='lat' dir='ltr'>art.</span> 
     </span>
    </p>
   </div>
   <div class='ocr_carea' id='block_1_2' title="bbox 18 915 232 944">
    <p class='ocr_par' dir='ltr' id='par_1_2' title="bbox 18 915 232 944">
     <span class='ocr_line' id='line_1_2' title="bbox 18 915 232 944; baseline -0.005 -6"><span class='ocrx_word' id='word_1_5' title='bbox 18 915 31 927; x_wconf 67' lang='lat'>³</span> <span class='ocrx_word' id='word_1_6' title='bbox 43 915 155 944; x_wconf 65' lang='lat' dir='ltr'>Quat-11,</span> <span class='ocrx_word' id='word_1_7' title='bbox 163 918 232 944; x_wconf 79' lang='lat' dir='ltr'>m.3.</span> 
     </span>
    </p>
   </div>
   <div class='ocr_carea' id='block_1_3' title="bbox 25 2017 166 2046">
    <p class='ocr_par' dir='ltr' id='par_1_3' title="bbox 25 2017 166 2046">
     <span class='ocr_line' id='line_1_3' title="bbox 25 2017 166 2046; baseline 0 -6"><span class='ocrx_word' id='word_1_8' title='bbox 25 2019 36 2029; x_wconf 78' lang='lat'>&#39;¹</span> <span class='ocrx_word' id='word_1_9' title='bbox 50 2017 118 2040; x_wconf 68' lang='lat' dir='ltr'>Ver..</span> <span class='ocrx_word' id='word_1_10' title='bbox 133 2023 166 2046; x_wconf 85' lang='grc'>19.</span> 
     </span>
    </p>
   </div>
   <div class='ocr_carea' id='block_1_4' title="bbox 0 2768 221 2797">
    <p class='ocr_par' dir='ltr' id='par_1_4' title="bbox 0 2768 221 2797">
     <span class='ocr_line' id='line_1_4' title="bbox 0 2768 221 2797; baseline -0.014 -4"><span class='ocrx_word' id='word_1_11' title='bbox 0 2776 3 2787; x_wconf 89' lang='grc'><em>·</em></span> <span class='ocrx_word' id='word_1_12' title='bbox 29 2769 43 2781; x_wconf 79' lang='lat'>¹·</span> <span class='ocrx_word' id='word_1_13' title='bbox 54 2769 82 2792; x_wconf 78' lang='lat' dir='ltr'>In</span> <span class='ocrx_word' id='word_1_14' title='bbox 96 2768 221 2797; x_wconf 71' lang='lat' dir='ltr'>symbolo.</span> 
     </span>
    </p>
   </div>
   <div class='ocr_carea' id='block_1_5' title="bbox 0 2785 29 3610">
    <p class='ocr_par' dir='ltr' id='par_1_5' title="bbox 0 2785 29 3610">
     <span class='ocr_line' id='line_1_5' title="bbox 0 2785 29 3610; baseline 0 0"><span class='ocrx_word' id='word_1_15' title='bbox 0 2785 29 3610; x_wconf 95' lang='lat' dir='ltr'> </span> 
     </span>
    </p>
   </div>
   <div class='ocr_carea' id='block_1_6' title="bbox 917 265 1784 313">
    <p class='ocr_par' dir='ltr' id='par_1_6' title="bbox 917 265 1784 313">
     <span class='ocr_line' id='line_1_6' title="bbox 917 265 1784 313; baseline -0.002 -10"><span class='ocrx_word' id='word_1_16' title='bbox 917 267 1185 313; x_wconf 88' lang='lat' dir='ltr'>QUAESTIO</span> <span class='ocrx_word' id='word_1_17' title='bbox 1215 266 1376 312; x_wconf 83' lang='lat' dir='ltr'>XXVII,</span> <span class='ocrx_word' id='word_1_18' title='bbox 1406 265 1703 302; x_wconf 91' lang='lat' dir='ltr'>ARTICULUS</span> <span class='ocrx_word' id='word_1_19' title='bbox 1734 266 1784 302; x_wconf 94' lang='lat' dir='ltr'>lV</span> 
     </span>
    </p>
   </div>
   <div class='ocr_carea' id='block_1_7' title="bbox 255 344 1327 958">
    <p class='ocr_par' dir='ltr' id='par_1_7' title="bbox 255 344 1327 958">
     <span class='ocr_line' id='line_1_7' title="bbox 255 344 1325 387; baseline -0.005 -8"><span class='ocrx_word' id='word_1_20' title='bbox 255 346 420 379; x_wconf 84' lang='lat' dir='ltr'>inferius*</span> <span class='ocrx_word' id='word_1_21' title='bbox 438 346 571 387; x_wconf 87' lang='lat' dir='ltr'>patebit,</span> <span class='ocrx_word' id='word_1_22' title='bbox 601 346 688 377; x_wconf 88' lang='lat' dir='ltr'>solae</span> <span class='ocrx_word' id='word_1_23' title='bbox 715 345 880 376; x_wconf 85' lang='lat' dir='ltr'><strong>relationes</strong></span> <span class='ocrx_word' id='word_1_24' title='bbox 906 345 1036 385; x_wconf 89' lang='lat' dir='ltr'>originis</span> <span class='ocrx_word' id='word_1_25' title='bbox 1066 345 1187 375; x_wconf 84' lang='lat' dir='ltr'>realiter</span> <span class='ocrx_word' id='word_1_26' title='bbox 1217 344 1325 374; x_wconf 91' lang='lat' dir='ltr'>distin-</span> 
     </span>
     <span class='ocr_line' id='line_1_8' title="bbox 257 389 1326 432; baseline -0.004 -10"><span class='ocrx_word' id='word_1_27' title='bbox 257 398 360 432; x_wconf 88' lang='lat' dir='ltr'>guunt</span> <span class='ocrx_word' id='word_1_28' title='bbox 382 391 415 421; x_wconf 92' lang='lat' dir='ltr'>in</span> <span class='ocrx_word' id='word_1_29' title='bbox 432 391 554 422; x_wconf 87' lang='lat' dir='ltr'>divinis.</span> <span class='ocrx_word' id='word_1_30' title='bbox 572 409 592 413; x_wconf 87' lang='lat'>—</span> <span class='ocrx_word' id='word_1_31' title='bbox 605 391 652 421; x_wconf 95' lang='lat' dir='ltr'>De</span> <span class='ocrx_word' id='word_1_32' title='bbox 668 390 793 420; x_wconf 88' lang='lat' dir='ltr'>formali</span> <span class='ocrx_word' id='word_1_33' title='bbox 810 397 916 420; x_wconf 83' lang='lat' dir='ltr'>autem</span> <span class='ocrx_word' id='word_1_34' title='bbox 934 389 1144 425; x_wconf 86' lang='lat' dir='ltr'>distinctione,</span> <span class='ocrx_word' id='word_1_35' title='bbox 1161 389 1224 419; x_wconf 89' lang='lat' dir='ltr'>iam</span> <span class='ocrx_word' id='word_1_36' title='bbox 1241 396 1326 428; x_wconf 89' lang='lat' dir='ltr'>patet</span> 
     </span>
     <span class='ocr_line' id='line_1_9' title="bbox 257 433 1326 477; baseline -0.004 -11"><span class='ocrx_word' id='word_1_37' title='bbox 257 435 423 477; x_wconf 87' lang='lat' dir='ltr'>responsio</span> <span class='ocrx_word' id='word_1_38' title='bbox 441 445 477 466; x_wconf 90' lang='lat' dir='ltr'>ex</span> <span class='ocrx_word' id='word_1_39' title='bbox 494 445 626 476; x_wconf 90' lang='lat' dir='ltr'>corpore</span> <span class='ocrx_word' id='word_1_40' title='bbox 647 434 778 470; x_wconf 83' lang='lat' dir='ltr'><strong>articuli,</strong></span> <span class='ocrx_word' id='word_1_41' title='bbox 796 440 826 464; x_wconf 93' lang='lat' dir='ltr'>et</span> <span class='ocrx_word' id='word_1_42' title='bbox 842 443 879 464; x_wconf 85' lang='lat' dir='ltr'>ex</span> <span class='ocrx_word' id='word_1_43' title='bbox 894 433 1027 464; x_wconf 85' lang='lat' dir='ltr'>articulo</span> <span class='ocrx_word' id='word_1_44' title='bbox 1052 433 1211 474; x_wconf 87' lang='lat' dir='ltr'>sequenti:</span> <span class='ocrx_word' id='word_1_45' title='bbox 1237 433 1326 473; x_wconf 92' lang='lat' dir='ltr'>quod</span> 
     </span>
     <span class='ocr_line' id='line_1_10' title="bbox 258 477 1325 519; baseline -0.005 -8"><span class='ocrx_word' id='word_1_46' title='bbox 258 480 375 511; x_wconf 86' lang='lat' dir='ltr'>scilicet</span> <span class='ocrx_word' id='word_1_47' title='bbox 394 479 632 519; x_wconf 91' lang='lat' dir='ltr'>distinguuntur</span> <span class='ocrx_word' id='word_1_48' title='bbox 656 489 720 509; x_wconf 89' lang='lat' dir='ltr'>una</span> <span class='ocrx_word' id='word_1_49' title='bbox 734 488 790 519; x_wconf 90' lang='lat' dir='ltr'>per</span> <span class='ocrx_word' id='word_1_50' title='bbox 805 477 1011 513; x_wconf 89' lang='lat' dir='ltr'>intellectum,</span> <span class='ocrx_word' id='word_1_51' title='bbox 1027 477 1087 507; x_wconf 90' lang='lat' dir='ltr'>alia</span> <span class='ocrx_word' id='word_1_52' title='bbox 1111 487 1167 517; x_wconf 90' lang='lat' dir='ltr'>per</span> <span class='ocrx_word' id='word_1_53' title='bbox 1180 477 1325 507; x_wconf 89' lang='lat' dir='ltr'>volunta-</span> 
     </span>
     <span class='ocr_line' id='line_1_11' title="bbox 258 520 1326 562; baseline -0.005 -7"><span class='ocrx_word' id='word_1_54' title='bbox 258 531 333 555; x_wconf 88' lang='lat' dir='ltr'>tem.</span> <span class='ocrx_word' id='word_1_55' title='bbox 358 524 451 555; x_wconf 90' lang='lat' dir='ltr'>Unde</span> <span class='ocrx_word' id='word_1_56' title='bbox 474 524 532 554; x_wconf 90' lang='lat' dir='ltr'>iste</span> <span class='ocrx_word' id='word_1_57' title='bbox 555 524 635 554; x_wconf 90' lang='lat' dir='ltr'>ordo</span> <span class='ocrx_word' id='word_1_58' title='bbox 660 533 726 553; x_wconf 93' lang='lat' dir='ltr'>non</span> <span class='ocrx_word' id='word_1_59' title='bbox 750 522 836 552; x_wconf 82' lang='lat' dir='ltr'>addit</span> <span class='ocrx_word' id='word_1_60' title='bbox 866 531 961 562; x_wconf 91' lang='lat' dir='ltr'>super</span> <span class='ocrx_word' id='word_1_61' title='bbox 983 521 1067 561; x_wconf 88' lang='lat' dir='ltr'>ipsas</span> <span class='ocrx_word' id='word_1_62' title='bbox 1091 521 1228 561; x_wconf 88' lang='lat' dir='ltr'>origines</span> <span class='ocrx_word' id='word_1_63' title='bbox 1251 520 1326 551; x_wconf 90' lang='lat' dir='ltr'>alias</span> 
     </span>
     <span class='ocr_line' id='line_1_12' title="bbox 259 565 1326 605; baseline -0.005 -6"><span class='ocrx_word' id='word_1_64' title='bbox 259 568 436 604; x_wconf 85' lang='lat' dir='ltr'>relationes,</span> <span class='ocrx_word' id='word_1_65' title='bbox 455 574 490 598; x_wconf 93' lang='lat' dir='ltr'>ut</span> <span class='ocrx_word' id='word_1_66' title='bbox 509 567 647 598; x_wconf 89' lang='lat' dir='ltr'>secunda</span> <span class='ocrx_word' id='word_1_67' title='bbox 670 566 807 597; x_wconf 89' lang='lat' dir='ltr'>obiectio</span> <span class='ocrx_word' id='word_1_68' title='bbox 823 566 899 596; x_wconf 90' lang='lat' dir='ltr'>vult.</span> <span class='ocrx_word' id='word_1_69' title='bbox 916 583 936 587; x_wconf 98' lang='lat'><em>-</em></span> <span class='ocrx_word' id='word_1_70' title='bbox 948 566 1014 595; x_wconf 92' lang='lat' dir='ltr'>Nec</span> <span class='ocrx_word' id='word_1_71' title='bbox 1038 572 1084 595; x_wconf 90' lang='lat' dir='ltr'>est</span> <span class='ocrx_word' id='word_1_72' title='bbox 1102 575 1214 595; x_wconf 91' lang='lat' dir='ltr'>verum</span> <span class='ocrx_word' id='word_1_73' title='bbox 1238 565 1326 605; x_wconf 92' lang='lat' dir='ltr'>quod</span> 
     </span>
     <span class='ocr_line' id='line_1_13' title="bbox 259 609 1327 648; baseline -0.005 -5"><span class='ocrx_word' id='word_1_74' title='bbox 259 613 320 643; x_wconf 90' lang='lat' dir='ltr'>alia</span> <span class='ocrx_word' id='word_1_75' title='bbox 343 619 427 648; x_wconf 89' lang='lat' dir='ltr'>sunt,</span> <span class='ocrx_word' id='word_1_76' title='bbox 452 612 628 642; x_wconf 90' lang='lat' dir='ltr'>secundum</span> <span class='ocrx_word' id='word_1_77' title='bbox 654 621 730 646; x_wconf 89' lang='lat' dir='ltr'>rem,</span> <span class='ocrx_word' id='word_1_78' title='bbox 758 617 895 640; x_wconf 83' lang='lat' dir='ltr'>extrema</span> <span class='ocrx_word' id='word_1_79' title='bbox 919 609 1110 640; x_wconf 81' lang='lat' dir='ltr'>relationum</span> <span class='ocrx_word' id='word_1_80' title='bbox 1140 609 1269 648; x_wconf 87' lang='lat' dir='ltr'>originis</span> <span class='ocrx_word' id='word_1_81' title='bbox 1297 615 1327 638; x_wconf 93' lang='lat' dir='ltr'>et</span> 
     </span>
     <span class='ocr_line' id='line_1_14' title="bbox 260 652 1327 695; baseline -0.005 -8"><span class='ocrx_word' id='word_1_82' title='bbox 260 656 389 687; x_wconf 89' lang='lat' dir='ltr'>ordinis.</span> <span class='ocrx_word' id='word_1_83' title='bbox 409 655 572 693; x_wconf 86' lang='lat' dir='ltr'>Quoniam</span> <span class='ocrx_word' id='word_1_84' title='bbox 585 655 778 695; x_wconf 90' lang='lat' dir='ltr'>productum</span> <span class='ocrx_word' id='word_1_85' title='bbox 793 660 824 684; x_wconf 91' lang='lat' dir='ltr'>et</span> <span class='ocrx_word' id='word_1_86' title='bbox 835 654 902 684; x_wconf 91' lang='lat' dir='ltr'>eius</span> <span class='ocrx_word' id='word_1_87' title='bbox 917 653 1040 694; x_wconf 84' lang='lat' dir='ltr'>passiva</span> <span class='ocrx_word' id='word_1_88' title='bbox 1060 653 1149 692; x_wconf 91' lang='lat' dir='ltr'>origo</span> <span class='ocrx_word' id='word_1_89' title='bbox 1165 653 1198 682; x_wconf 93' lang='lat' dir='ltr'>in</span> <span class='ocrx_word' id='word_1_90' title='bbox 1214 652 1327 682; x_wconf 89' lang='lat' dir='ltr'>divinis</span> 
     </span>
     <span class='ocr_line' id='line_1_15' title="bbox 260 697 1326 738; baseline -0.005 -7"><span class='ocrx_word' id='word_1_91' title='bbox 260 708 335 731; x_wconf 83' lang='lat' dir='ltr'>sunt</span> <span class='ocrx_word' id='word_1_92' title='bbox 350 707 480 731; x_wconf 85' lang='lat' dir='ltr'>unamet</span> <span class='ocrx_word' id='word_1_93' title='bbox 495 699 619 730; x_wconf 88' lang='lat' dir='ltr'>relatio:</span> <span class='ocrx_word' id='word_1_94' title='bbox 644 699 822 738; x_wconf 88' lang='lat' dir='ltr'>eodemque</span> <span class='ocrx_word' id='word_1_95' title='bbox 839 698 948 728; x_wconf 89' lang='lat' dir='ltr'>ordine</span> <span class='ocrx_word' id='word_1_96' title='bbox 965 707 1031 737; x_wconf 90' lang='lat' dir='ltr'>quo</span> <span class='ocrx_word' id='word_1_97' title='bbox 1048 698 1252 737; x_wconf 88' lang='lat' dir='ltr'>productum,</span> <span class='ocrx_word' id='word_1_98' title='bbox 1271 697 1326 727; x_wconf 91' lang='lat' dir='ltr'>sci-</span> 
     </span>
     <span class='ocr_line' id='line_1_16' title="bbox 258 739 1326 784; baseline -0.004 -9"><span class='ocrx_word' id='word_1_99' title='bbox 258 745 332 775; x_wconf 92' lang='lat' dir='ltr'>licet</span> <span class='ocrx_word' id='word_1_100' title='bbox 354 739 660 784; x_wconf 47' lang='lat' dir='ltr'>Spiritus’Sanctus,</span> <span class='ocrx_word' id='word_1_101' title='bbox 686 749 732 773; x_wconf 94' lang='lat' dir='ltr'>est</span> <span class='ocrx_word' id='word_1_102' title='bbox 755 752 773 772; x_wconf 91' lang='lat' dir='ltr'>a</span> <span class='ocrx_word' id='word_1_103' title='bbox 797 742 964 782; x_wconf 91' lang='lat' dir='ltr'>producto,</span> <span class='ocrx_word' id='word_1_104' title='bbox 989 741 1104 772; x_wconf 91' lang='lat' dir='ltr'>scilicet</span> <span class='ocrx_word' id='word_1_105' title='bbox 1128 741 1226 777; x_wconf 90' lang='lat' dir='ltr'>Filio,</span> <span class='ocrx_word' id='word_1_106' title='bbox 1252 751 1326 781; x_wconf 90' lang='lat' dir='ltr'>pro-</span> 
     </span>
     <span class='ocr_line' id='line_1_17' title="bbox 261 785 1326 827; baseline -0.004 -8"><span class='ocrx_word' id='word_1_107' title='bbox 261 789 360 819; x_wconf 92' lang='lat' dir='ltr'>cessio</span> <span class='ocrx_word' id='word_1_108' title='bbox 376 788 460 818; x_wconf 88' lang='lat' dir='ltr'>illius</span> <span class='ocrx_word' id='word_1_109' title='bbox 475 794 522 818; x_wconf 92' lang='lat' dir='ltr'>est</span> <span class='ocrx_word' id='word_1_110' title='bbox 540 797 558 817; x_wconf 87' lang='lat' dir='ltr'>a</span> <span class='ocrx_word' id='word_1_111' title='bbox 574 786 777 827; x_wconf 88' lang='lat' dir='ltr'>processione</span> <span class='ocrx_word' id='word_1_112' title='bbox 792 786 896 822; x_wconf 88' lang='lat' dir='ltr'>istius;</span> <span class='ocrx_word' id='word_1_113' title='bbox 922 786 1011 826; x_wconf 87' lang='lat' dir='ltr'>quod</span> <span class='ocrx_word' id='word_1_114' title='bbox 1028 793 1073 816; x_wconf 91' lang='lat' dir='ltr'>est</span> <span class='ocrx_word' id='word_1_115' title='bbox 1089 785 1162 816; x_wconf 89' lang='lat' dir='ltr'>oriri</span> <span class='ocrx_word' id='word_1_116' title='bbox 1175 786 1213 815; x_wconf 90' lang='lat' dir='ltr'>ab</span> <span class='ocrx_word' id='word_1_117' title='bbox 1229 785 1292 815; x_wconf 88' lang='lat' dir='ltr'>illa.</span> <span class='ocrx_word' id='word_1_118' title='bbox 1306 803 1326 807; x_wconf 94' lang='lat'>-</span> 
     </span>
     <span class='ocr_line' id='line_1_18' title="bbox 259 829 1326 870; baseline -0.004 -7"><span class='ocrx_word' id='word_1_119' title='bbox 259 832 375 863; x_wconf 85' lang='lat' dir='ltr'>Tacuit</span> <span class='ocrx_word' id='word_1_120' title='bbox 394 838 501 862; x_wconf 87' lang='lat' dir='ltr'>autem</span> <span class='ocrx_word' id='word_1_121' title='bbox 520 833 642 861; x_wconf 90' lang='lat' dir='ltr'>Auctor</span> <span class='ocrx_word' id='word_1_122' title='bbox 660 830 710 861; x_wconf 93' lang='lat' dir='ltr'>hic</span> <span class='ocrx_word' id='word_1_123' title='bbox 729 830 816 866; x_wconf 88' lang='lat' dir='ltr'>haec,</span> <span class='ocrx_word' id='word_1_124' title='bbox 834 829 988 870; x_wconf 88' lang='lat' dir='ltr'>quoniam</span> <span class='ocrx_word' id='word_1_125' title='bbox 1005 840 1094 860; x_wconf 88' lang='lat' dir='ltr'>more</span> <span class='ocrx_word' id='word_1_126' title='bbox 1111 839 1170 860; x_wconf 90' lang='lat' dir='ltr'>suo</span> <span class='ocrx_word' id='word_1_127' title='bbox 1190 840 1207 859; x_wconf 91' lang='lat' dir='ltr'>a</span> <span class='ocrx_word' id='word_1_128' title='bbox 1227 829 1326 869; x_wconf 85' lang='lat' dir='ltr'>magis</span> 
     </span>
     <span class='ocr_line' id='line_1_19' title="bbox 260 874 1326 914; baseline -0.004 -7"><span class='ocrx_word' id='word_1_129' title='bbox 260 875 489 907; x_wconf 84' lang='lat' dir='ltr'>universalibus</span> <span class='ocrx_word' id='word_1_130' title='bbox 514 875 553 905; x_wconf 85' lang='lat' dir='ltr'>ad</span> <span class='ocrx_word' id='word_1_131' title='bbox 577 875 684 905; x_wconf 87' lang='lat' dir='ltr'>minus</span> <span class='ocrx_word' id='word_1_132' title='bbox 707 874 895 905; x_wconf 83' lang='lat' dir='ltr'>universalia</span> <span class='ocrx_word' id='word_1_133' title='bbox 911 884 970 904; x_wconf 92' lang='lat' dir='ltr'>suo</span> <span class='ocrx_word' id='word_1_134' title='bbox 987 874 1060 904; x_wconf 92' lang='lat' dir='ltr'>loco</span> <span class='ocrx_word' id='word_1_135' title='bbox 1076 875 1237 904; x_wconf 85' lang='lat' dir='ltr'>tractanda</span> <span class='ocrx_word' id='word_1_136' title='bbox 1253 884 1326 914; x_wconf 91' lang='lat' dir='ltr'>pro-</span> 
     </span>
     <span class='ocr_line' id='line_1_20' title="bbox 261 917 1325 958; baseline -0.002 -8"><span class='ocrx_word' id='word_1_137' title='bbox 261 920 356 951; x_wconf 87' lang='lat' dir='ltr'>cedit:</span> <span class='ocrx_word' id='word_1_138' title='bbox 381 919 526 950; x_wconf 87' lang='lat' dir='ltr'>ordinem</span> <span class='ocrx_word' id='word_1_139' title='bbox 542 919 602 956; x_wconf 93' lang='lat' dir='ltr'>hic,</span> <span class='ocrx_word' id='word_1_140' title='bbox 623 919 769 950; x_wconf 88' lang='lat' dir='ltr'>ordinem</span> <span class='ocrx_word' id='word_1_141' title='bbox 796 919 908 949; x_wconf 89' lang='lat' dir='ltr'>deinde</span> <span class='ocrx_word' id='word_1_142' title='bbox 923 918 941 938; x_wconf 91' lang='lat'><em>*</em></span> <span class='ocrx_word' id='word_1_143' title='bbox 965 917 1156 958; x_wconf 86' lang='lat' dir='ltr'>specificabit</span> <span class='ocrx_word' id='word_1_144' title='bbox 1186 917 1325 958; x_wconf 79' lang='lat' dir='ltr'>origiuiS.</span> 
     </span>
    </p>
   </div>
   <div class='ocr_carea' id='block_1_8' title="bbox 2372 268 2445 303">
    <p class='ocr_par' dir='ltr' id='par_1_8' title="bbox 2372 268 2445 303">
     <span class='ocr_line' id='line_1_21' title="bbox 2372 268 2445 303; baseline 0 0"><span class='ocrx_word' id='word_1_145' title='bbox 2372 268 2445 303; x_wconf 88' lang='lat'>313</span> 
     </span>
    </p>
   </div>
   <div class='ocr_carea' id='block_1_9' title="bbox 1379 344 2451 949">
    <p class='ocr_par' dir='ltr' id='par_1_9' title="bbox 1379 344 2451 949">
     <span class='ocr_line' id='line_1_22' title="bbox 1439 344 2448 385; baseline 0 -11"><span class='ocrx_word' id='word_1_146' title='bbox 1439 345 1520 375; x_wconf 91' lang='lat' dir='ltr'>XIII.</span> <span class='ocrx_word' id='word_1_147' title='bbox 1550 344 1703 381; x_wconf 83' lang='lat' dir='ltr'>Quintum</span> <span class='ocrx_word' id='word_1_148' title='bbox 1730 351 1784 380; x_wconf 90' lang='lat' dir='ltr'>est,</span> <span class='ocrx_word' id='word_1_149' title='bbox 1806 345 1892 384; x_wconf 91' lang='lat' dir='ltr'>quod</span> <span class='ocrx_word' id='word_1_150' title='bbox 1910 353 2095 385; x_wconf 88' lang='lat' dir='ltr'>argumenta</span> <span class='ocrx_word' id='word_1_151' title='bbox 2115 346 2210 382; x_wconf 80' lang='lat' dir='ltr'>Scoti,</span> <span class='ocrx_word' id='word_1_152' title='bbox 2227 345 2354 381; x_wconf 89' lang='lat' dir='ltr'>ibidem,</span> <span class='ocrx_word' id='word_1_153' title='bbox 2372 355 2448 375; x_wconf 90' lang='lat' dir='ltr'>con-</span> 
     </span>
     <span class='ocr_line' id='line_1_23' title="bbox 1381 389 2449 430; baseline 0 -12"><span class='ocrx_word' id='word_1_154' title='bbox 1381 395 1427 418; x_wconf 87' lang='lat' dir='ltr'>tra</span> <span class='ocrx_word' id='word_1_155' title='bbox 1458 395 1599 418; x_wconf 89' lang='lat' dir='ltr'>tenentes</span> <span class='ocrx_word' id='word_1_156' title='bbox 1633 389 1850 429; x_wconf 88' lang='lat' dir='ltr'>processiones</span> <span class='ocrx_word' id='word_1_157' title='bbox 1883 389 1956 419; x_wconf 86' lang='lat' dir='ltr'>istas</span> <span class='ocrx_word' id='word_1_158' title='bbox 1989 390 2137 429; x_wconf 88' lang='lat' dir='ltr'>distingui</span> <span class='ocrx_word' id='word_1_159' title='bbox 2170 400 2266 430; x_wconf 86' lang='lat' dir='ltr'>penes</span> <span class='ocrx_word' id='word_1_160' title='bbox 2297 389 2449 429; x_wconf 89' lang='lat' dir='ltr'>principia</span> 
     </span>
     <span class='ocr_line' id='line_1_24' title="bbox 1381 432 2448 474; baseline 0 -12"><span class='ocrx_word' id='word_1_161' title='bbox 1381 432 1527 463; x_wconf 89' lang='lat' dir='ltr'>distincta</span> <span class='ocrx_word' id='word_1_162' title='bbox 1558 433 1733 463; x_wconf 89' lang='lat' dir='ltr'>secundum</span> <span class='ocrx_word' id='word_1_163' title='bbox 1762 432 1936 469; x_wconf 89' lang='lat' dir='ltr'>rationem,</span> <span class='ocrx_word' id='word_1_164' title='bbox 1966 442 2041 474; x_wconf 86' lang='lat' dir='ltr'>puta</span> <span class='ocrx_word' id='word_1_165' title='bbox 2065 434 2256 464; x_wconf 89' lang='lat' dir='ltr'>intellectum</span> <span class='ocrx_word' id='word_1_166' title='bbox 2283 440 2312 464; x_wconf 91' lang='lat' dir='ltr'>et</span> <span class='ocrx_word' id='word_1_167' title='bbox 2335 433 2448 463; x_wconf 89' lang='lat' dir='ltr'>volun-</span> 
     </span>
     <span class='ocr_line' id='line_1_25' title="bbox 1381 477 2448 515; baseline 0 -9"><span class='ocrx_word' id='word_1_168' title='bbox 1381 483 1495 513; x_wconf 89' lang='lat' dir='ltr'>tatem,</span> <span class='ocrx_word' id='word_1_169' title='bbox 1521 487 1587 507; x_wconf 89' lang='lat' dir='ltr'>non</span> <span class='ocrx_word' id='word_1_170' title='bbox 1611 484 1685 507; x_wconf 92' lang='lat' dir='ltr'>sunt</span> <span class='ocrx_word' id='word_1_171' title='bbox 1702 483 1811 507; x_wconf 89' lang='lat' dir='ltr'>contra</span> <span class='ocrx_word' id='word_1_172' title='bbox 1834 477 1918 506; x_wconf 86' lang='lat' dir='ltr'>viam</span> <span class='ocrx_word' id='word_1_173' title='bbox 1937 485 2087 509; x_wconf 86' lang='lat' dir='ltr'>nostram</span> <span class='ocrx_word' id='word_1_174' title='bbox 2113 478 2276 515; x_wconf 87' lang='lat' dir='ltr'>Quoniam</span> <span class='ocrx_word' id='word_1_175' title='bbox 2300 487 2365 507; x_wconf 93' lang='lat' dir='ltr'>non</span> <span class='ocrx_word' id='word_1_176' title='bbox 2390 477 2448 506; x_wconf 94' lang='lat' dir='ltr'>mi-</span> 
     </span>
     <span class='ocr_line' id='line_1_26' title="bbox 1381 520 2448 562; baseline 0.001 -12"><span class='ocrx_word' id='word_1_177' title='bbox 1381 520 1471 551; x_wconf 90' lang='lat' dir='ltr'>litant</span> <span class='ocrx_word' id='word_1_178' title='bbox 1502 521 1561 551; x_wconf 89' lang='lat' dir='ltr'>nisi</span> <span class='ocrx_word' id='word_1_179' title='bbox 1592 528 1701 551; x_wconf 91' lang='lat' dir='ltr'>contra</span> <span class='ocrx_word' id='word_1_180' title='bbox 1733 527 1874 551; x_wconf 90' lang='lat' dir='ltr'>tenentes</span> <span class='ocrx_word' id='word_1_181' title='bbox 1904 522 1990 562; x_wconf 93' lang='lat' dir='ltr'>quod</span> <span class='ocrx_word' id='word_1_182' title='bbox 2020 522 2178 553; x_wconf 87' lang='lat' dir='ltr'>distinctio</span> <span class='ocrx_word' id='word_1_183' title='bbox 2206 522 2296 552; x_wconf 90' lang='lat' dir='ltr'>realis</span> <span class='ocrx_word' id='word_1_184' title='bbox 2324 531 2448 561; x_wconf 90' lang='lat' dir='ltr'>proces-</span> 
     </span>
     <span class='ocr_line' id='line_1_27' title="bbox 1380 564 2447 606; baseline 0 -12"><span class='ocrx_word' id='word_1_185' title='bbox 1380 564 1508 595; x_wconf 88' lang='lat' dir='ltr'>sionum</span> <span class='ocrx_word' id='word_1_186' title='bbox 1532 565 1648 606; x_wconf 87' lang='lat' dir='ltr'>pendet</span> <span class='ocrx_word' id='word_1_187' title='bbox 1667 575 1703 595; x_wconf 89' lang='lat' dir='ltr'>ex</span> <span class='ocrx_word' id='word_1_188' title='bbox 1723 565 1923 595; x_wconf 87' lang='lat' dir='ltr'>distinctione</span> <span class='ocrx_word' id='word_1_189' title='bbox 1940 566 2067 596; x_wconf 89' lang='lat' dir='ltr'>rationis</span> <span class='ocrx_word' id='word_1_190' title='bbox 2087 566 2333 606; x_wconf 84' lang='lat' dir='ltr'>principiorum;</span> <span class='ocrx_word' id='word_1_191' title='bbox 2358 566 2447 605; x_wconf 91' lang='lat' dir='ltr'>quod</span> 
     </span>
     <span class='ocr_line' id='line_1_28' title="bbox 1381 609 2448 648; baseline 0 -10"><span class='ocrx_word' id='word_1_192' title='bbox 1381 609 1520 638; x_wconf 90' lang='lat' dir='ltr'>alienum</span> <span class='ocrx_word' id='word_1_193' title='bbox 1545 616 1591 639; x_wconf 88' lang='lat' dir='ltr'>est</span> <span class='ocrx_word' id='word_1_194' title='bbox 1614 619 1632 639; x_wconf 87' lang='lat' dir='ltr'>a</span> <span class='ocrx_word' id='word_1_195' title='bbox 1656 609 1798 640; x_wconf 87' lang='lat' dir='ltr'>doctrina</span> <span class='ocrx_word' id='word_1_196' title='bbox 1823 620 1846 640; x_wconf 89' lang='grc'><strong>5.</strong></span> <span class='ocrx_word' id='word_1_197' title='bbox 1864 609 2021 640; x_wconf 89' lang='lat' dir='ltr'>Thomae.</span> <span class='ocrx_word' id='word_1_198' title='bbox 2051 610 2205 648; x_wconf 87' lang='lat' dir='ltr'>Quamvis</span> <span class='ocrx_word' id='word_1_199' title='bbox 2234 610 2333 646; x_wconf 91' lang='lat' dir='ltr'>enim,</span> <span class='ocrx_word' id='word_1_200' title='bbox 2358 616 2393 639; x_wconf 94' lang='lat' dir='ltr'>ut</span> <span class='ocrx_word' id='word_1_201' title='bbox 2416 609 2448 638; x_wconf 93' lang='lat' dir='ltr'>in</span> 
     </span>
     <span class='ocr_line' id='line_1_29' title="bbox 1379 652 2442 689; baseline 0 -7"><span class='ocrx_word' id='word_1_202' title='bbox 1379 652 1480 683; x_wconf 84' lang='lat' dir='ltr'>littera</span> <span class='ocrx_word' id='word_1_203' title='bbox 1509 653 1636 689; x_wconf 89' lang='lat' dir='ltr'>dicitur,</span> <span class='ocrx_word' id='word_1_204' title='bbox 1662 663 1698 683; x_wconf 82' lang='lat' dir='ltr'>ex</span> <span class='ocrx_word' id='word_1_205' title='bbox 1726 653 1846 684; x_wconf 90' lang='lat' dir='ltr'>ratione</span> <span class='ocrx_word' id='word_1_206' title='bbox 1875 654 2050 684; x_wconf 90' lang='lat' dir='ltr'>intellectus</span> <span class='ocrx_word' id='word_1_207' title='bbox 2081 661 2111 684; x_wconf 91' lang='lat' dir='ltr'>et</span> <span class='ocrx_word' id='word_1_208' title='bbox 2138 654 2308 684; x_wconf 88' lang='lat' dir='ltr'>voluntatis</span> <span class='ocrx_word' id='word_1_209' title='bbox 2337 663 2442 683; x_wconf 88' lang='lat' dir='ltr'>nasca-</span> 
     </span>
     <span class='ocr_line' id='line_1_30' title="bbox 1380 697 2449 733; baseline 0 -7"><span class='ocrx_word' id='word_1_210' title='bbox 1380 704 1431 727; x_wconf 91' lang='lat' dir='ltr'>tur</span> <span class='ocrx_word' id='word_1_211' title='bbox 1454 697 1568 727; x_wconf 89' lang='lat' dir='ltr'>harum</span> <span class='ocrx_word' id='word_1_212' title='bbox 1592 697 1769 733; x_wconf 90' lang='lat' dir='ltr'>distinctio,</span> <span class='ocrx_word' id='word_1_213' title='bbox 1802 708 1867 727; x_wconf 92' lang='lat' dir='ltr'>non</span> <span class='ocrx_word' id='word_1_214' title='bbox 1899 705 2003 728; x_wconf 87' lang='lat' dir='ltr'>tamen</span> <span class='ocrx_word' id='word_1_215' title='bbox 2029 698 2185 728; x_wconf 90' lang='lat' dir='ltr'>distinctio</span> <span class='ocrx_word' id='word_1_216' title='bbox 2211 698 2322 728; x_wconf 88' lang='lat' dir='ltr'>harum</span> <span class='ocrx_word' id='word_1_217' title='bbox 2347 697 2449 728; x_wconf 86' lang='lat' dir='ltr'>oritur</span> 
     </span>
     <span class='ocr_line' id='line_1_31' title="bbox 1381 741 2445 772; baseline 0.001 -2"><span class='ocrx_word' id='word_1_218' title='bbox 1381 751 1418 771; x_wconf 84' lang='lat' dir='ltr'>ex</span> <span class='ocrx_word' id='word_1_219' title='bbox 1446 741 1646 771; x_wconf 89' lang='lat' dir='ltr'>distinctione</span> <span class='ocrx_word' id='word_1_220' title='bbox 1674 742 1814 772; x_wconf 90' lang='lat' dir='ltr'>illorum.</span> <span class='ocrx_word' id='word_1_221' title='bbox 1843 742 1941 772; x_wconf 90' lang='lat' dir='ltr'>Aliud</span> <span class='ocrx_word' id='word_1_222' title='bbox 1971 749 2017 772; x_wconf 90' lang='lat' dir='ltr'>est</span> <span class='ocrx_word' id='word_1_223' title='bbox 2046 742 2130 772; x_wconf 90' lang='lat' dir='ltr'>enirn</span> <span class='ocrx_word' id='word_1_224' title='bbox 2158 742 2259 772; x_wconf 88' lang='lat' dir='ltr'>dicere</span> <span class='ocrx_word' id='word_1_225' title='bbox 2288 752 2329 772; x_wconf 89' lang='lat' dir='ltr'>ex</span> <span class='ocrx_word' id='word_1_226' title='bbox 2356 742 2445 771; x_wconf 86' lang='lat' dir='ltr'>intel-</span> 
     </span>
     <span class='ocr_line' id='line_1_32' title="bbox 1381 786 2446 823; baseline 0 -8"><span class='ocrx_word' id='word_1_227' title='bbox 1381 786 1463 815; x_wconf 88' lang='lat' dir='ltr'>lectu</span> <span class='ocrx_word' id='word_1_228' title='bbox 1488 791 1518 815; x_wconf 89' lang='lat' dir='ltr'>et</span> <span class='ocrx_word' id='word_1_229' title='bbox 1542 786 1721 823; x_wconf 81' lang='lat' dir='ltr'>voluntate,</span> <span class='ocrx_word' id='word_1_230' title='bbox 1747 796 1802 816; x_wconf 89' lang='lat' dir='ltr'>seu</span> <span class='ocrx_word' id='word_1_231' title='bbox 1827 796 1868 816; x_wconf 87' lang='lat' dir='ltr'>ex</span> <span class='ocrx_word' id='word_1_232' title='bbox 1891 786 2068 816; x_wconf 86' lang='lat' dir='ltr'>rationibus</span> <span class='ocrx_word' id='word_1_233' title='bbox 2088 796 2212 822; x_wconf 89' lang='lat' dir='ltr'>eorum,</span> <span class='ocrx_word' id='word_1_234' title='bbox 2239 794 2268 817; x_wconf 90' lang='lat' dir='ltr'>et</span> <span class='ocrx_word' id='word_1_235' title='bbox 2292 786 2375 816; x_wconf 92' lang='lat' dir='ltr'>aliud</span> <span class='ocrx_word' id='word_1_236' title='bbox 2400 792 2446 815; x_wconf 88' lang='lat' dir='ltr'>est</span> 
     </span>
     <span class='ocr_line' id='line_1_33' title="bbox 1382 828 2451 871; baseline -0.001 -11"><span class='ocrx_word' id='word_1_237' title='bbox 1382 829 1484 860; x_wconf 87' lang='lat' dir='ltr'>dicere</span> <span class='ocrx_word' id='word_1_238' title='bbox 1515 839 1556 860; x_wconf 90' lang='lat' dir='ltr'>ex</span> <span class='ocrx_word' id='word_1_239' title='bbox 1585 830 1786 860; x_wconf 80' lang='lat' dir='ltr'>distinctione</span> <span class='ocrx_word' id='word_1_240' title='bbox 1816 829 1977 871; x_wconf 87' lang='lat' dir='ltr'>ipsorum:</span> <span class='ocrx_word' id='word_1_241' title='bbox 2011 831 2152 871; x_wconf 87' lang='lat' dir='ltr'>primum</span> <span class='ocrx_word' id='word_1_242' title='bbox 2183 830 2268 860; x_wconf 91' lang='lat' dir='ltr'>enim</span> <span class='ocrx_word' id='word_1_243' title='bbox 2298 828 2451 869; x_wconf 86' lang='lat' dir='ltr'>significat</span> 
     </span>
     <span class='ocr_line' id='line_1_34' title="bbox 1381 874 2448 913; baseline 0 -9"><span class='ocrx_word' id='word_1_244' title='bbox 1381 874 1488 913; x_wconf 88' lang='lat' dir='ltr'>ipsum</span> <span class='ocrx_word' id='word_1_245' title='bbox 1521 874 1643 910; x_wconf 91' lang='lat' dir='ltr'>Deum,</span> <span class='ocrx_word' id='word_1_246' title='bbox 1674 884 1728 904; x_wconf 93' lang='lat' dir='ltr'>seu</span> <span class='ocrx_word' id='word_1_247' title='bbox 1759 883 1826 904; x_wconf 90' lang='lat' dir='ltr'>rern</span> <span class='ocrx_word' id='word_1_248' title='bbox 1854 875 1989 911; x_wconf 83' lang='lat' dir='ltr'>realem,</span> <span class='ocrx_word' id='word_1_249' title='bbox 2022 875 2196 904; x_wconf 90' lang='lat' dir='ltr'>secundum</span> <span class='ocrx_word' id='word_1_250' title='bbox 2219 883 2294 904; x_wconf 91' lang='lat' dir='ltr'>vero</span> <span class='ocrx_word' id='word_1_251' title='bbox 2324 884 2378 904; x_wconf 91' lang='lat' dir='ltr'>ens</span> <span class='ocrx_word' id='word_1_252' title='bbox 2402 883 2448 903; x_wconf 90' lang='lat' dir='ltr'>ra-</span> 
     </span>
     <span class='ocr_line' id='line_1_35' title="bbox 1381 926 1485 949; baseline 0 0"><span class='ocrx_word' id='word_1_253' title='bbox 1381 926 1485 949; x_wconf 82' lang='lat' dir='ltr'>tlonls.</span> 
     </span>
    </p>
   </div>
   <div class='ocr_carea' id='block_1_10' title="bbox 746 1073 1963 1207">
    <p class='ocr_par' dir='ltr' id='par_1_10' title="bbox 746 1073 1963 1207">
     <span class='ocr_line' id='line_1_36' title="bbox 1044 1073 1667 1124; baseline -0.002 -9"><span class='ocrx_word' id='word_1_254' title='bbox 1044 1073 1361 1116; x_wconf 89' lang='lat' dir='ltr'>ARTICULUS</span> <span class='ocrx_word' id='word_1_255' title='bbox 1393 1073 1667 1124; x_wconf 88' lang='lat' dir='ltr'><strong>QUARTUS</strong></span> 
     </span>
     <span class='ocr_line' id='line_1_37' title="bbox 746 1175 1963 1207; baseline -0.001 0"><span class='ocrx_word' id='word_1_256' title='bbox 746 1176 903 1207; x_wconf 88' lang='lat' dir='ltr'><strong>UTRUM</strong></span> <span class='ocrx_word' id='word_1_257' title='bbox 926 1175 1162 1206; x_wconf 78' lang='lat' dir='ltr'>PROCEssm</span> <span class='ocrx_word' id='word_1_258' title='bbox 1186 1175 1349 1206; x_wconf 78' lang='lat' dir='ltr'>AMORIS</span> <span class='ocrx_word' id='word_1_259' title='bbox 1374 1175 1416 1205; x_wconf 84' lang='lat' dir='ltr'>IN</span> <span class='ocrx_word' id='word_1_260' title='bbox 1441 1175 1598 1205; x_wconf 75' lang='lat' dir='ltr'>D1V1Nis</span> <span class='ocrx_word' id='word_1_261' title='bbox 1622 1175 1687 1206; x_wconf 88' lang='lat' dir='ltr'>S1T</span> <span class='ocrx_word' id='word_1_262' title='bbox 1712 1175 1963 1206; x_wconf 78' lang='lat' dir='ltr'>GENERATIO</span> 
     </span>
    </p>
   </div>
   <div class='ocr_carea' id='block_1_11' title="bbox 467 1252 2237 1322">
    <p class='ocr_par' dir='ltr' id='par_1_11' title="bbox 467 1252 2237 1322">
     <span class='ocr_line' id='line_1_38' title="bbox 467 1252 2237 1288; baseline -0.001 -8"><span class='ocrx_word' id='word_1_263' title='bbox 467 1255 542 1284; x_wconf 84' lang='lat' dir='ltr'>Infra.</span> <span class='ocrx_word' id='word_1_264' title='bbox 562 1263 608 1288; x_wconf 92' lang='lat' dir='ltr'>qu.</span> <span class='ocrx_word' id='word_1_265' title='bbox 626 1263 682 1285; x_wconf 89' lang='lat' dir='ltr'>xxx,</span> <span class='ocrx_word' id='word_1_266' title='bbox 702 1260 749 1279; x_wconf 88' lang='lat' dir='ltr'>art.</span> <span class='ocrx_word' id='word_1_267' title='bbox 766 1262 789 1284; x_wconf 86' lang='lat'>2,</span> <span class='ocrx_word' id='word_1_268' title='bbox 809 1254 841 1278; x_wconf 90' lang='lat' dir='ltr'>ad</span> <span class='ocrx_word' id='word_1_269' title='bbox 862 1261 891 1285; x_wconf 74' lang='lat'>25</span> <span class='ocrx_word' id='word_1_270' title='bbox 910 1253 1028 1283; x_wconf 66' lang='lat' dir='ltr'>ISent„</span> <span class='ocrx_word' id='word_1_271' title='bbox 1049 1253 1107 1278; x_wconf 87' lang='lat' dir='ltr'>dist.</span> <span class='ocrx_word' id='word_1_272' title='bbox 1125 1260 1180 1283; x_wconf 86' lang='lat' dir='ltr'>xm,</span> <span class='ocrx_word' id='word_1_273' title='bbox 1199 1258 1246 1277; x_wconf 82' lang='lat' dir='ltr'>art.</span> <span class='ocrx_word' id='word_1_274' title='bbox 1261 1252 1284 1282; x_wconf 90' lang='lat'>3,</span> <span class='ocrx_word' id='word_1_275' title='bbox 1304 1253 1337 1277; x_wconf 79' lang='lat' dir='ltr'>ad</span> <span class='ocrx_word' id='word_1_276' title='bbox 1358 1252 1381 1284; x_wconf 85' lang='lat'>3,</span> <span class='ocrx_word' id='word_1_277' title='bbox 1399 1260 1430 1284; x_wconf 89' lang='lat'>4;</span> <span class='ocrx_word' id='word_1_278' title='bbox 1450 1253 1490 1281; x_wconf 85' lang='lat'>111,</span> <span class='ocrx_word' id='word_1_279' title='bbox 1511 1253 1568 1277; x_wconf 86' lang='lat' dir='ltr'>dist.</span> <span class='ocrx_word' id='word_1_280' title='bbox 1583 1260 1638 1282; x_wconf 82' lang='lat' dir='ltr'>vm,</span> <span class='ocrx_word' id='word_1_281' title='bbox 1657 1258 1703 1277; x_wconf 91' lang='lat' dir='ltr'>art.</span> <span class='ocrx_word' id='word_1_282' title='bbox 1723 1261 1743 1283; x_wconf 84' lang='lat'>1,</span> <span class='ocrx_word' id='word_1_283' title='bbox 1763 1254 1795 1278; x_wconf 88' lang='lat' dir='ltr'>ad</span> <span class='ocrx_word' id='word_1_284' title='bbox 1814 1253 1844 1284; x_wconf 80' lang='lat'>83</span> <span class='ocrx_word' id='word_1_285' title='bbox 1863 1254 1897 1278; x_wconf 94' lang='lat' dir='ltr'>IV</span> <span class='ocrx_word' id='word_1_286' title='bbox 1919 1255 1995 1278; x_wconf 82' lang='lat' dir='ltr'>Cont.</span> <span class='ocrx_word' id='word_1_287' title='bbox 2013 1255 2098 1284; x_wconf 68' lang='lat' dir='ltr'>Geni„</span> <span class='ocrx_word' id='word_1_288' title='bbox 2114 1262 2169 1287; x_wconf 82' lang='lat' dir='ltr'>cap.</span> <span class='ocrx_word' id='word_1_289' title='bbox 2183 1262 2237 1286; x_wconf 80' lang='lat' dir='ltr'>x1x3</span> 
     </span>
     <span class='ocr_line' id='line_1_39' title="bbox 741 1272 1975 1322; baseline -0.001 -8"><span class='ocrx_word' id='word_1_290' title='bbox 741 1272 789 1314; x_wconf 54' lang='lat' dir='ltr'>De,</span> <span class='ocrx_word' id='word_1_291' title='bbox 802 1289 869 1319; x_wconf 60' lang='lat' dir='ltr'>Pon,</span> <span class='ocrx_word' id='word_1_292' title='bbox 889 1297 934 1322; x_wconf 88' lang='lat' dir='ltr'>qu.</span> <span class='ocrx_word' id='word_1_293' title='bbox 953 1296 980 1319; x_wconf 84' lang='lat' dir='ltr'>n,</span> <span class='ocrx_word' id='word_1_294' title='bbox 1000 1293 1047 1313; x_wconf 87' lang='lat' dir='ltr'>art.</span> <span class='ocrx_word' id='word_1_295' title='bbox 1060 1296 1091 1320; x_wconf 87' lang='lat'>4,</span> <span class='ocrx_word' id='word_1_296' title='bbox 1111 1288 1188 1320; x_wconf 80' lang='lat' dir='ltr'>ad73</span> <span class='ocrx_word' id='word_1_297' title='bbox 1208 1296 1253 1320; x_wconf 91' lang='lat' dir='ltr'>qu.</span> <span class='ocrx_word' id='word_1_298' title='bbox 1271 1296 1301 1319; x_wconf 84' lang='lat' dir='ltr'>x,</span> <span class='ocrx_word' id='word_1_299' title='bbox 1321 1293 1368 1312; x_wconf 81' lang='lat' dir='ltr'>art.</span> <span class='ocrx_word' id='word_1_300' title='bbox 1390 1295 1413 1318; x_wconf 88' lang='lat'>2,</span> <span class='ocrx_word' id='word_1_301' title='bbox 1432 1289 1464 1312; x_wconf 88' lang='lat' dir='ltr'>ad</span> <span class='ocrx_word' id='word_1_302' title='bbox 1485 1295 1532 1318; x_wconf 79' lang='lat'>2²3</span> <span class='ocrx_word' id='word_1_303' title='bbox 1555 1288 1698 1320; x_wconf 81' lang='lat' dir='ltr'>Compend.</span> <span class='ocrx_word' id='word_1_304' title='bbox 1716 1272 1816 1318; x_wconf 66' lang='lat' dir='ltr'>T&#39;heol„</span> <span class='ocrx_word' id='word_1_305' title='bbox 1838 1297 1894 1321; x_wconf 88' lang='lat' dir='ltr'>cap.</span> <span class='ocrx_word' id='word_1_306' title='bbox 1909 1297 1975 1314; x_wconf 61' lang='lat' dir='ltr'>xcvi.</span> 
     </span>
    </p>
   </div>
   <div class='ocr_carea' id='block_1_12' title="bbox 262 1375 1340 3339">
    <p class='ocr_par' dir='ltr' id='par_1_12' title="bbox 302 1375 1332 1533">
     <span class='ocr_line' id='line_1_40' title="bbox 384 1375 1331 1429; baseline -0.004 -13"><span class='ocrx_word' id='word_1_307' title='bbox 384 1418 387 1424; x_wconf 57' lang='grc'>,</span> <span class='ocrx_word' id='word_1_308' title='bbox 417 1407 426 1429; x_wconf 62' lang='lat'>3</span> <span class='ocrx_word' id='word_1_309' title='bbox 478 1390 499 1415; x_wconf 79' lang='lat' dir='ltr'>t&gt;</span> <span class='ocrx_word' id='word_1_310' title='bbox 519 1390 692 1421; x_wconf 83' lang='lat' dir='ltr'><strong>QUARTUM</strong></span> <span class='ocrx_word' id='word_1_311' title='bbox 711 1390 765 1414; x_wconf 80' lang='lat' dir='ltr'>Sic</span> <span class='ocrx_word' id='word_1_312' title='bbox 784 1388 1025 1414; x_wconf 76' lang='lat' dir='ltr'>PROCEDl‘rUR.</span> <span class='ocrx_word' id='word_1_313' title='bbox 1045 1375 1206 1413; x_wconf 88' lang='lat' dir='ltr'>Videtur</span> <span class='ocrx_word' id='word_1_314' title='bbox 1226 1376 1331 1424; x_wconf 89' lang='lat' dir='ltr'>quod</span> 
     </span>
     <span class='ocr_line' id='line_1_41' title="bbox 316 1429 1332 1486; baseline -0.003 -18"><span class='ocrx_word' id='word_1_315' title='bbox 316 1430 339 1486; x_wconf 40' lang='lat' dir='ltr'><em>J</em></span> <span class='ocrx_word' id='word_1_316' title='bbox 403 1430 442 1459; x_wconf 71' lang='lat'>:³</span> <span class='ocrx_word' id='word_1_317' title='bbox 446 1430 670 1480; x_wconf 89' lang='lat' dir='ltr'>processio</span> <span class='ocrx_word' id='word_1_318' title='bbox 697 1430 839 1467; x_wconf 91' lang='lat' dir='ltr'>amoris</span> <span class='ocrx_word' id='word_1_319' title='bbox 868 1430 906 1466; x_wconf 94' lang='lat' dir='ltr'>in</span> <span class='ocrx_word' id='word_1_320' title='bbox 935 1429 1072 1467; x_wconf 83' lang='lat' dir='ltr'>divinis</span> <span class='ocrx_word' id='word_1_321' title='bbox 1101 1429 1147 1466; x_wconf 88' lang='lat' dir='ltr'>sit</span> <span class='ocrx_word' id='word_1_322' title='bbox 1175 1441 1332 1477; x_wconf 88' lang='lat' dir='ltr'>genera-</span> 
     </span>
     <span class='ocr_line' id='line_1_42' title="bbox 302 1482 1332 1543; baseline -0.002 -23"><span class='ocrx_word' id='word_1_323' title='bbox 302 1526 304 1530; x_wconf 35' lang='lat'>·</span> <span class='ocrx_word' id='word_1_324' title='bbox 436 1482 540 1527; x_wconf 88' lang='lat' dir='ltr'>tio.</span> <span class='ocrx_word' id='word_1_325' title='bbox 571 1483 690 1543; x_wconf 83' lang='lat' dir='ltr'>Quod</span> <span class='ocrx_word' id='word_1_326' title='bbox 718 1483 820 1520; x_wconf 90' lang='lat' dir='ltr'>enim</span> <span class='ocrx_word' id='word_1_327' title='bbox 839 1482 1038 1532; x_wconf 86' lang='lat' dir='ltr'>procedit&#39;</span> <span class='ocrx_word' id='word_1_328' title='bbox 1030 1495 1068 1519; x_wconf 89' lang='lat' dir='ltr'>1n</span> <span class='ocrx_word' id='word_1_329' title='bbox 1088 1482 1332 1519; x_wconf 88' lang='lat' dir='ltr'>similitudine</span> 
     </span>
    </p>

    <p class='ocr_par' dir='ltr' id='par_1_13' title="bbox 262 1530 1334 1906">
     <span class='ocr_line' id='line_1_43' title="bbox 435 1530 1332 1584; baseline -0.002 -10.265"><span class='ocrx_word' id='word_1_330' title='bbox 435 1530 634 1574; x_wconf 39' lang='lat' dir='ltr'>&amp;naturae</span> <span class='ocrx_word' id='word_1_331' title='bbox 667 1537 707 1574; x_wconf 91' lang='lat' dir='ltr'>in</span> <span class='ocrx_word' id='word_1_332' title='bbox 733 1536 974 1583; x_wconf 86' lang='lat' dir='ltr'>viventibus,</span> <span class='ocrx_word' id='word_1_333' title='bbox 1005 1536 1140 1573; x_wconf 87' lang='lat' dir='ltr'>dicitur</span> <span class='ocrx_word' id='word_1_334' title='bbox 1176 1548 1332 1584; x_wconf 90' lang='lat' dir='ltr'>genera—</span> 
     </span>
     <span class='ocr_line' id='line_1_44' title="bbox 263 1588 1332 1639; baseline -0.002 -12"><span class='ocrx_word' id='word_1_335' title='bbox 263 1597 346 1627; x_wconf 89' lang='lat' dir='ltr'>tum</span> <span class='ocrx_word' id='word_1_336' title='bbox 375 1597 413 1626; x_wconf 92' lang='lat' dir='ltr'>et</span> <span class='ocrx_word' id='word_1_337' title='bbox 439 1602 612 1627; x_wconf 88' lang='lat' dir='ltr'>nascens.</span> <span class='ocrx_word' id='word_1_338' title='bbox 644 1590 722 1627; x_wconf 91' lang='lat' dir='ltr'>Sed</span> <span class='ocrx_word' id='word_1_339' title='bbox 749 1589 788 1627; x_wconf 93' lang='lat' dir='ltr'>id</span> <span class='ocrx_word' id='word_1_340' title='bbox 816 1590 922 1638; x_wconf 87' lang='lat' dir='ltr'>quod</span> <span class='ocrx_word' id='word_1_341' title='bbox 945 1588 1145 1639; x_wconf 90' lang='lat' dir='ltr'>procedit</span> <span class='ocrx_word' id='word_1_342' title='bbox 1137 1601 1175 1626; x_wconf 88' lang='lat' dir='ltr'>1n</span> <span class='ocrx_word' id='word_1_343' title='bbox 1196 1589 1332 1626; x_wconf 89' lang='lat' dir='ltr'>divinis</span> 
     </span>
     <span class='ocr_line' id='line_1_45' title="bbox 262 1642 1333 1692; baseline -0.001 -12"><span class='ocrx_word' id='word_1_344' title='bbox 262 1654 334 1692; x_wconf 86' lang='lat' dir='ltr'>per</span> <span class='ocrx_word' id='word_1_345' title='bbox 360 1643 523 1681; x_wconf 89' lang='lat' dir='ltr'>modum</span> <span class='ocrx_word' id='word_1_346' title='bbox 552 1643 706 1691; x_wconf 92' lang='lat' dir='ltr'>amoris,</span> <span class='ocrx_word' id='word_1_347' title='bbox 735 1643 909 1692; x_wconf 88' lang='lat' dir='ltr'>procedit</span> <span class='ocrx_word' id='word_1_348' title='bbox 937 1643 976 1680; x_wconf 91' lang='lat' dir='ltr'>in</span> <span class='ocrx_word' id='word_1_349' title='bbox 1003 1642 1247 1680; x_wconf 90' lang='lat' dir='ltr'>similitudine</span> <span class='ocrx_word' id='word_1_350' title='bbox 1268 1655 1333 1679; x_wconf 91' lang='lat' dir='ltr'>na-</span> 
     </span>
     <span class='ocr_line' id='line_1_46' title="bbox 263 1696 1331 1743; baseline -0.001 -10"><span class='ocrx_word' id='word_1_351' title='bbox 263 1702 392 1734; x_wconf 88' lang='lat' dir='ltr'>turae:</span> <span class='ocrx_word' id='word_1_352' title='bbox 422 1697 514 1734; x_wconf 89' lang='lat' dir='ltr'>alias</span> <span class='ocrx_word' id='word_1_353' title='bbox 543 1704 642 1734; x_wconf 89' lang='lat' dir='ltr'>esset</span> <span class='ocrx_word' id='word_1_354' title='bbox 671 1703 893 1734; x_wconf 88' lang='lat' dir='ltr'>extraneum</span> <span class='ocrx_word' id='word_1_355' title='bbox 922 1710 945 1734; x_wconf 92' lang='lat' dir='ltr'>a</span> <span class='ocrx_word' id='word_1_356' title='bbox 972 1704 1107 1733; x_wconf 89' lang='lat' dir='ltr'>natura</span> <span class='ocrx_word' id='word_1_357' title='bbox 1135 1703 1152 1718; x_wconf 72' lang='lat'><em>²</em></span> <span class='ocrx_word' id='word_1_358' title='bbox 1181 1696 1331 1743; x_wconf 87' lang='lat' dir='ltr'>divina,</span> 
     </span>
     <span class='ocr_line' id='line_1_47' title="bbox 265 1748 1334 1799; baseline 0 -13"><span class='ocrx_word' id='word_1_359' title='bbox 265 1757 302 1788; x_wconf 90' lang='lat' dir='ltr'>et</span> <span class='ocrx_word' id='word_1_360' title='bbox 329 1748 382 1787; x_wconf 89' lang='lat' dir='ltr'>sic</span> <span class='ocrx_word' id='word_1_361' title='bbox 411 1757 510 1787; x_wconf 87' lang='lat' dir='ltr'>esset</span> <span class='ocrx_word' id='word_1_362' title='bbox 537 1749 733 1799; x_wconf 92' lang='lat' dir='ltr'>processio</span> <span class='ocrx_word' id='word_1_363' title='bbox 761 1750 811 1787; x_wconf 91' lang='lat' dir='ltr'>acl</span> <span class='ocrx_word' id='word_1_364' title='bbox 840 1757 954 1787; x_wconf 85' lang='lat' dir='ltr'>extra.</span> <span class='ocrx_word' id='word_1_365' title='bbox 984 1751 1087 1797; x_wconf 89' lang='lat' dir='ltr'>Ergo</span> <span class='ocrx_word' id='word_1_366' title='bbox 1117 1750 1223 1799; x_wconf 93' lang='lat' dir='ltr'>quod</span> <span class='ocrx_word' id='word_1_367' title='bbox 1247 1762 1334 1798; x_wconf 91' lang='lat' dir='ltr'>pro-</span> 
     </span>
     <span class='ocr_line' id='line_1_48' title="bbox 265 1802 1334 1851; baseline -0.001 -10"><span class='ocrx_word' id='word_1_368' title='bbox 265 1803 365 1842; x_wconf 90' lang='lat' dir='ltr'>cedit</span> <span class='ocrx_word' id='word_1_369' title='bbox 391 1802 430 1839; x_wconf 92' lang='lat' dir='ltr'>in</span> <span class='ocrx_word' id='word_1_370' title='bbox 459 1802 597 1840; x_wconf 88' lang='lat' dir='ltr'>divinis</span> <span class='ocrx_word' id='word_1_371' title='bbox 624 1815 694 1851; x_wconf 93' lang='lat' dir='ltr'>per</span> <span class='ocrx_word' id='word_1_372' title='bbox 721 1803 885 1840; x_wconf 89' lang='lat' dir='ltr'>modum</span> <span class='ocrx_word' id='word_1_373' title='bbox 914 1803 1068 1851; x_wconf 91' lang='lat' dir='ltr'>amoris,</span> <span class='ocrx_word' id='word_1_374' title='bbox 1093 1803 1267 1851; x_wconf 89' lang='lat' dir='ltr'>procedit</span> <span class='ocrx_word' id='word_1_375' title='bbox 1293 1811 1334 1840; x_wconf 88' lang='lat' dir='ltr'>ut</span> 
     </span>
     <span class='ocr_line' id='line_1_49' title="bbox 265 1863 701 1906; baseline -0.002 -12"><span class='ocrx_word' id='word_1_376' title='bbox 265 1864 435 1906; x_wconf 88' lang='lat' dir='ltr'>gemtum</span> <span class='ocrx_word' id='word_1_377' title='bbox 465 1863 501 1892; x_wconf 88' lang='lat' dir='ltr'>et</span> <span class='ocrx_word' id='word_1_378' title='bbox 529 1868 701 1893; x_wconf 90' lang='lat' dir='ltr'>nascens.</span> 
     </span>
    </p>

    <p class='ocr_par' dir='ltr' id='par_1_14' title="bbox 263 1908 1335 2225">
     <span class='ocr_line' id='line_1_50' title="bbox 320 1908 1334 1955; baseline -0.002 -8"><span class='ocrx_word' id='word_1_379' title='bbox 320 1921 356 1947; x_wconf 88' lang='lat'>2.</span> <span class='ocrx_word' id='word_1_380' title='bbox 386 1910 628 1955; x_wconf 54' lang='lat' dir='ltr'>Pani-ram,</span> <span class='ocrx_word' id='word_1_381' title='bbox 659 1909 755 1946; x_wconf 88' lang='lat' dir='ltr'>sicut</span> <span class='ocrx_word' id='word_1_382' title='bbox 786 1908 992 1946; x_wconf 87' lang='lat' dir='ltr'>similitudo</span> <span class='ocrx_word' id='word_1_383' title='bbox 1023 1916 1079 1945; x_wconf 90' lang='lat' dir='ltr'>est</span> <span class='ocrx_word' id='word_1_384' title='bbox 1107 1910 1154 1947; x_wconf 91' lang='lat' dir='ltr'>de</span> <span class='ocrx_word' id='word_1_385' title='bbox 1188 1909 1334 1946; x_wconf 89' lang='lat' dir='ltr'>ratione</span> 
     </span>
     <span class='ocr_line' id='line_1_51' title="bbox 265 1962 1335 2010; baseline -0.002 -10"><span class='ocrx_word' id='word_1_386' title='bbox 265 1962 385 2010; x_wconf 90' lang='lat' dir='ltr'>verbi,</span> <span class='ocrx_word' id='word_1_387' title='bbox 415 1962 466 1999; x_wconf 89' lang='lat' dir='ltr'>ita</span> <span class='ocrx_word' id='word_1_388' title='bbox 494 1970 550 1999; x_wconf 87' lang='lat' dir='ltr'>est</span> <span class='ocrx_word' id='word_1_389' title='bbox 579 1962 692 1999; x_wconf 90' lang='lat' dir='ltr'>etiam</span> <span class='ocrx_word' id='word_1_390' title='bbox 723 1962 770 1999; x_wconf 87' lang='lat' dir='ltr'>de</span> <span class='ocrx_word' id='word_1_391' title='bbox 791 1962 934 1999; x_wconf 90' lang='lat' dir='ltr'>ratione</span> <span class='ocrx_word' id='word_1_392' title='bbox 961 1962 1119 1999; x_wconf 92' lang='lat' dir='ltr'>amoris:</span> <span class='ocrx_word' id='word_1_393' title='bbox 1148 1962 1251 2000; x_wconf 92' lang='lat' dir='ltr'>unde</span> <span class='ocrx_word' id='word_1_394' title='bbox 1282 1962 1335 1999; x_wconf 91' lang='lat' dir='ltr'>di-</span> 
     </span>
     <span class='ocr_line' id='line_1_52' title="bbox 266 2014 1335 2066; baseline -0.001 -13"><span class='ocrx_word' id='word_1_395' title='bbox 266 2016 361 2054; x_wconf 89' lang='lat' dir='ltr'>citur</span> <span class='ocrx_word' id='word_1_396' title='bbox 378 2015 495 2053; x_wconf 87' lang='lat' dir='ltr'>Eccli.</span> <span class='ocrx_word' id='word_1_397' title='bbox 515 2027 577 2052; x_wconf 83' lang='lat' dir='ltr'>xm</span> <span class='ocrx_word' id='word_1_398' title='bbox 595 2014 626 2062; x_wconf 72' lang='lat'>³¹²,</span> <span class='ocrx_word' id='word_1_399' title='bbox 648 2015 754 2063; x_wconf 90' lang='lat' dir='ltr'>quod</span> <span class='ocrx_word' id='word_1_400' title='bbox 778 2027 890 2052; x_wconf 89' lang='lat' dir='ltr'>omne</span> <span class='ocrx_word' id='word_1_401' title='bbox 909 2015 1054 2052; x_wconf 87' lang='lat' dir='ltr'>animal</span> <span class='ocrx_word' id='word_1_402' title='bbox 1076 2016 1199 2066; x_wconf 81' lang='lat' dir='ltr'>diligit</span> <span class='ocrx_word' id='word_1_403' title='bbox 1214 2015 1335 2052; x_wconf 89' lang='lat' dir='ltr'>simile</span> 
     </span>
     <span class='ocr_line' id='line_1_53' title="bbox 263 2068 1335 2118; baseline -0.001 -12"><span class='ocrx_word' id='word_1_404' title='bbox 263 2069 345 2107; x_wconf 81' lang='lat' dir='ltr'>sibi.</span> <span class='ocrx_word' id='word_1_405' title='bbox 377 2068 416 2105; x_wconf 93' lang='lat' dir='ltr'>Si</span> <span class='ocrx_word' id='word_1_406' title='bbox 444 2068 556 2117; x_wconf 89' lang='lat' dir='ltr'>igitur</span> <span class='ocrx_word' id='word_1_407' title='bbox 583 2068 728 2105; x_wconf 87' lang='lat' dir='ltr'>ratione</span> <span class='ocrx_word' id='word_1_408' title='bbox 766 2068 1019 2106; x_wconf 89' lang='lat' dir='ltr'>similitudinis</span> <span class='ocrx_word' id='word_1_409' title='bbox 1051 2070 1173 2106; x_wconf 91' lang='lat' dir='ltr'>verbo</span> <span class='ocrx_word' id='word_1_410' title='bbox 1201 2081 1335 2118; x_wconf 91' lang='lat' dir='ltr'>proce-</span> 
     </span>
     <span class='ocr_line' id='line_1_54' title="bbox 267 2121 1335 2170; baseline -0.001 -10"><span class='ocrx_word' id='word_1_411' title='bbox 267 2122 370 2160; x_wconf 88' lang='lat' dir='ltr'>denti</span> <span class='ocrx_word' id='word_1_412' title='bbox 408 2121 588 2159; x_wconf 88' lang='lat' dir='ltr'>convenit</span> <span class='ocrx_word' id='word_1_413' title='bbox 624 2121 796 2170; x_wconf 90' lang='lat' dir='ltr'>generari</span> <span class='ocrx_word' id='word_1_414' title='bbox 826 2130 862 2159; x_wconf 92' lang='lat' dir='ltr'>et</span> <span class='ocrx_word' id='word_1_415' title='bbox 889 2122 1013 2170; x_wconf 85' lang='lat' dir='ltr'>nasci,</span> <span class='ocrx_word' id='word_1_416' title='bbox 1043 2122 1193 2159; x_wconf 86' lang='lat' dir='ltr'>videtur</span> <span class='ocrx_word' id='word_1_417' title='bbox 1222 2122 1335 2159; x_wconf 88' lang='lat' dir='ltr'>etiam</span> 
     </span>
     <span class='ocr_line' id='line_1_55' title="bbox 266 2174 1228 2225; baseline -0.002 -11"><span class='ocrx_word' id='word_1_418' title='bbox 266 2176 372 2225; x_wconf 91' lang='lat' dir='ltr'>quod</span> <span class='ocrx_word' id='word_1_419' title='bbox 401 2174 523 2212; x_wconf 89' lang='lat' dir='ltr'>amori</span> <span class='ocrx_word' id='word_1_420' title='bbox 550 2174 773 2224; x_wconf 89' lang='lat' dir='ltr'>procedenti</span> <span class='ocrx_word' id='word_1_421' title='bbox 803 2175 983 2212; x_wconf 84' lang='lat' dir='ltr'>convenit</span> <span class='ocrx_word' id='word_1_422' title='bbox 1010 2175 1180 2223; x_wconf 91' lang='lat' dir='ltr'>generari</span> <span class='ocrx_word' id='word_1_423' title='bbox 1199 2174 1228 2212; x_wconf 65' lang='grc' dir='ltr'>β.</span> 
     </span>
    </p>

    <p class='ocr_par' dir='ltr' id='par_1_15' title="bbox 266 2228 1339 2594">
     <span class='ocr_line' id='line_1_56' title="bbox 322 2228 1336 2277; baseline -0.001 -11"><span class='ocrx_word' id='word_1_424' title='bbox 322 2230 357 2267; x_wconf 90' lang='grc'>3.</span> <span class='ocrx_word' id='word_1_425' title='bbox 390 2229 633 2274; x_wconf 55' lang='lat' dir='ltr'>Famam,</span> <span class='ocrx_word' id='word_1_426' title='bbox 663 2240 743 2264; x_wconf 92' lang='lat' dir='ltr'>non</span> <span class='ocrx_word' id='word_1_427' title='bbox 775 2235 831 2265; x_wconf 91' lang='lat' dir='ltr'>est</span> <span class='ocrx_word' id='word_1_428' title='bbox 864 2228 904 2265; x_wconf 90' lang='lat' dir='ltr'>in</span> <span class='ocrx_word' id='word_1_429' title='bbox 937 2240 1076 2276; x_wconf 88' lang='lat' dir='ltr'>genere</span> <span class='ocrx_word' id='word_1_430' title='bbox 1114 2229 1219 2277; x_wconf 93' lang='lat' dir='ltr'>quod</span> <span class='ocrx_word' id='word_1_431' title='bbox 1257 2240 1336 2265; x_wconf 91' lang='lat' dir='ltr'>non</span> 
     </span>
     <span class='ocr_line' id='line_1_57' title="bbox 268 2280 1338 2329; baseline -0.002 -9"><span class='ocrx_word' id='word_1_432' title='bbox 268 2291 324 2320; x_wconf 92' lang='lat' dir='ltr'>est</span> <span class='ocrx_word' id='word_1_433' title='bbox 341 2287 356 2309; x_wconf 80' lang='lat'>⁷</span> <span class='ocrx_word' id='word_1_434' title='bbox 383 2281 423 2319; x_wconf 90' lang='lat' dir='ltr'>in</span> <span class='ocrx_word' id='word_1_435' title='bbox 452 2281 580 2329; x_wconf 89' lang='lat' dir='ltr'>aliqua</span> <span class='ocrx_word' id='word_1_436' title='bbox 608 2280 687 2317; x_wconf 92' lang='lat' dir='ltr'>eius</span> <span class='ocrx_word' id='word_1_437' title='bbox 715 2281 854 2329; x_wconf 89' lang='lat' dir='ltr'>specie.</span> <span class='ocrx_word' id='word_1_438' title='bbox 885 2281 925 2318; x_wconf 91' lang='lat' dir='ltr'>Si</span> <span class='ocrx_word' id='word_1_439' title='bbox 944 2282 1057 2329; x_wconf 89' lang='lat' dir='ltr'>igitur</span> <span class='ocrx_word' id='word_1_440' title='bbox 1075 2281 1114 2318; x_wconf 92' lang='lat' dir='ltr'>in</span> <span class='ocrx_word' id='word_1_441' title='bbox 1135 2281 1272 2318; x_wconf 89' lang='lat' dir='ltr'>divinis</span> <span class='ocrx_word' id='word_1_442' title='bbox 1292 2281 1338 2318; x_wconf 91' lang='lat' dir='ltr'>sit</span> 
     </span>
     <span class='ocr_line' id='line_1_58' title="bbox 267 2331 1339 2384; baseline -0.001 -12"><span class='ocrx_word' id='word_1_443' title='bbox 267 2335 459 2384; x_wconf 87' lang='lat' dir='ltr'>quaedam</span> <span class='ocrx_word' id='word_1_444' title='bbox 474 2333 668 2383; x_wconf 92' lang='lat' dir='ltr'>processio</span> <span class='ocrx_word' id='word_1_445' title='bbox 689 2334 830 2371; x_wconf 90' lang='lat' dir='ltr'>amoris</span> <span class='ocrx_word' id='word_1_446' title='bbox 847 2331 871 2380; x_wconf 71' lang='lat'>3,</span> <span class='ocrx_word' id='word_1_447' title='bbox 889 2342 1039 2383; x_wconf 89' lang='lat' dir='ltr'>oportet</span> <span class='ocrx_word' id='word_1_448' title='bbox 1054 2336 1172 2383; x_wconf 89' lang='lat' dir='ltr'>quod,</span> <span class='ocrx_word' id='word_1_449' title='bbox 1187 2342 1339 2383; x_wconf 89' lang='lat' dir='ltr'>praeter</span> 
     </span>
     <span class='ocr_line' id='line_1_59' title="bbox 266 2388 1338 2436; baseline -0.003 -8"><span class='ocrx_word' id='word_1_450' title='bbox 266 2389 342 2428; x_wconf 91' lang='lat' dir='ltr'>hoc</span> <span class='ocrx_word' id='word_1_451' title='bbox 369 2399 515 2425; x_wconf 90' lang='lat' dir='ltr'>nomen</span> <span class='ocrx_word' id='word_1_452' title='bbox 553 2399 782 2434; x_wconf 90' lang='lat' dir='ltr'>commune,</span> <span class='ocrx_word' id='word_1_453' title='bbox 810 2388 951 2425; x_wconf 90' lang='lat' dir='ltr'>habeat</span> <span class='ocrx_word' id='word_1_454' title='bbox 979 2388 1135 2436; x_wconf 90' lang='lat' dir='ltr'>aliquod</span> <span class='ocrx_word' id='word_1_455' title='bbox 1154 2393 1165 2408; x_wconf 85' lang='lat'>‘</span> <span class='ocrx_word' id='word_1_456' title='bbox 1193 2400 1338 2425; x_wconf 91' lang='lat' dir='ltr'>nomen</span> 
     </span>
     <span class='ocr_line' id='line_1_60' title="bbox 267 2440 1338 2493; baseline -0.002 -14"><span class='ocrx_word' id='word_1_457' title='bbox 267 2441 444 2493; x_wconf 88' lang='lat' dir='ltr'>speciale.</span> <span class='ocrx_word' id='word_1_458' title='bbox 475 2440 552 2478; x_wconf 89' lang='lat' dir='ltr'>Sed</span> <span class='ocrx_word' id='word_1_459' title='bbox 581 2453 660 2477; x_wconf 91' lang='lat' dir='ltr'>non</span> <span class='ocrx_word' id='word_1_460' title='bbox 689 2448 745 2477; x_wconf 88' lang='lat' dir='ltr'>est</span> <span class='ocrx_word' id='word_1_461' title='bbox 772 2440 875 2478; x_wconf 91' lang='lat' dir='ltr'>aliud</span> <span class='ocrx_word' id='word_1_462' title='bbox 903 2453 1048 2478; x_wconf 92' lang='lat' dir='ltr'>nomen</span> <span class='ocrx_word' id='word_1_463' title='bbox 1073 2441 1164 2478; x_wconf 92' lang='lat' dir='ltr'>dare</span> <span class='ocrx_word' id='word_1_464' title='bbox 1183 2441 1254 2478; x_wconf 93' lang='lat' dir='ltr'>nisi</span> <span class='ocrx_word' id='word_1_465' title='bbox 1272 2453 1338 2490; x_wconf 81' lang='lat' dir='ltr'>ge-</span> 
     </span>
     <span class='ocr_line' id='line_1_61' title="bbox 268 2493 1338 2543; baseline -0.004 -9"><span class='ocrx_word' id='word_1_466' title='bbox 268 2495 426 2534; x_wconf 85' lang='lat' dir='ltr'>neratio.</span> <span class='ocrx_word' id='word_1_467' title='bbox 454 2495 558 2542; x_wconf 90' lang='lat' dir='ltr'>Ergo</span> <span class='ocrx_word' id='word_1_468' title='bbox 586 2493 739 2531; x_wconf 89' lang='lat' dir='ltr'>videtur</span> <span class='ocrx_word' id='word_1_469' title='bbox 766 2494 874 2542; x_wconf 91' lang='lat' dir='ltr'>quod</span> <span class='ocrx_word' id='word_1_470' title='bbox 901 2495 1097 2543; x_wconf 89' lang='lat' dir='ltr'>processio</span> <span class='ocrx_word' id='word_1_471' title='bbox 1130 2495 1271 2531; x_wconf 88' lang='lat' dir='ltr'>amoris</span> <span class='ocrx_word' id='word_1_472' title='bbox 1300 2495 1338 2531; x_wconf 91' lang='lat' dir='ltr'>in</span> 
     </span>
     <span class='ocr_line' id='line_1_62' title="bbox 270 2546 715 2594; baseline -0.004 -8"><span class='ocrx_word' id='word_1_473' title='bbox 270 2548 407 2586; x_wconf 90' lang='lat' dir='ltr'>divinis</span> <span class='ocrx_word' id='word_1_474' title='bbox 435 2547 483 2584; x_wconf 89' lang='lat' dir='ltr'>sit</span> <span class='ocrx_word' id='word_1_475' title='bbox 510 2546 715 2594; x_wconf 89' lang='lat' dir='ltr'>generatio.</span> 
     </span>
    </p>

    <p class='ocr_par' dir='ltr' id='par_1_16' title="bbox 269 2599 1339 2861">
     <span class='ocr_line' id='line_1_63' title="bbox 324 2599 1338 2649; baseline -0.002 -11"><span class='ocrx_word' id='word_1_476' title='bbox 324 2602 399 2638; x_wconf 83' lang='lat' dir='ltr'>SED</span> <span class='ocrx_word' id='word_1_477' title='bbox 419 2612 566 2637; x_wconf 82' lang='lat' dir='ltr'>CONTRA</span> <span class='ocrx_word' id='word_1_478' title='bbox 585 2611 651 2636; x_wconf 84' lang='lat' dir='ltr'>EST</span> <span class='ocrx_word' id='word_1_479' title='bbox 679 2599 767 2647; x_wconf 91' lang='lat' dir='ltr'>quia</span> <span class='ocrx_word' id='word_1_480' title='bbox 782 2599 797 2625; x_wconf 68' lang='grc' dir='ltr'>ζ</span> <span class='ocrx_word' id='word_1_481' title='bbox 816 2600 1030 2637; x_wconf 90' lang='lat' dir='ltr'>secundum</span> <span class='ocrx_word' id='word_1_482' title='bbox 1058 2600 1134 2637; x_wconf 89' lang='lat' dir='ltr'>hoc</span> <span class='ocrx_word' id='word_1_483' title='bbox 1163 2612 1338 2649; x_wconf 87' lang='lat' dir='ltr'>sequere-</span> 
     </span>
     <span class='ocr_line' id='line_1_64' title="bbox 269 2652 1338 2703; baseline -0.001 -12"><span class='ocrx_word' id='word_1_484' title='bbox 269 2661 331 2691; x_wconf 90' lang='lat' dir='ltr'>tur</span> <span class='ocrx_word' id='word_1_485' title='bbox 358 2653 463 2703; x_wconf 91' lang='lat' dir='ltr'>quod</span> <span class='ocrx_word' id='word_1_486' title='bbox 493 2652 651 2701; x_wconf 89' lang='lat' dir='ltr'>Spiritus</span> <span class='ocrx_word' id='word_1_487' title='bbox 681 2653 854 2699; x_wconf 90' lang='lat' dir='ltr'>Sanctus,</span> <span class='ocrx_word' id='word_1_488' title='bbox 882 2652 946 2702; x_wconf 91' lang='lat' dir='ltr'>qui</span> <span class='ocrx_word' id='word_1_489' title='bbox 964 2653 1138 2702; x_wconf 91' lang='lat' dir='ltr'>procedit</span> <span class='ocrx_word' id='word_1_490' title='bbox 1156 2661 1197 2690; x_wconf 93' lang='lat' dir='ltr'>ut</span> <span class='ocrx_word' id='word_1_491' title='bbox 1216 2666 1338 2701; x_wconf 90' lang='lat' dir='ltr'>amor,</span> 
     </span>
     <span class='ocr_line' id='line_1_65' title="bbox 269 2705 1339 2757; baseline -0.001 -13"><span class='ocrx_word' id='word_1_492' title='bbox 269 2706 495 2757; x_wconf 87' lang='lat' dir='ltr'>procederet</span> <span class='ocrx_word' id='word_1_493' title='bbox 514 2713 555 2742; x_wconf 92' lang='lat' dir='ltr'>ut</span> <span class='ocrx_word' id='word_1_494' title='bbox 573 2705 731 2753; x_wconf 84' lang='lat' dir='ltr'>genitus.</span> <span class='ocrx_word' id='word_1_495' title='bbox 754 2705 872 2752; x_wconf 87' lang='lat' dir='ltr'>Quod</span> <span class='ocrx_word' id='word_1_496' title='bbox 888 2713 943 2743; x_wconf 88' lang='lat' dir='ltr'>est</span> <span class='ocrx_word' id='word_1_497' title='bbox 963 2714 1094 2743; x_wconf 90' lang='lat' dir='ltr'>contra</span> <span class='ocrx_word' id='word_1_498' title='bbox 1116 2706 1207 2743; x_wconf 91' lang='lat' dir='ltr'>illud</span> <span class='ocrx_word' id='word_1_499' title='bbox 1222 2707 1339 2744; x_wconf 88' lang='lat' dir='ltr'>Atha-</span> 
     </span>
     <span class='ocr_line' id='line_1_66' title="bbox 270 2759 1338 2808; baseline -0.001 -10"><span class='ocrx_word' id='word_1_500' title='bbox 270 2759 364 2798; x_wconf 89' lang='lat' dir='ltr'>nasii</span> <span class='ocrx_word' id='word_1_501' title='bbox 383 2759 419 2796; x_wconf 75' lang='lat' dir='ltr'>*z</span> <span class='ocrx_word' id='word_1_502' title='bbox 447 2759 607 2808; x_wconf 81' lang='lat' dir='ltr'>Spiritus</span> <span class='ocrx_word' id='word_1_503' title='bbox 635 2759 794 2795; x_wconf 86' lang='lat' dir='ltr'>Sanctus</span> <span class='ocrx_word' id='word_1_504' title='bbox 811 2770 836 2795; x_wconf 87' lang='lat' dir='ltr'>a</span> <span class='ocrx_word' id='word_1_505' title='bbox 854 2760 969 2796; x_wconf 87' lang='lat' dir='ltr'>Patre</span> <span class='ocrx_word' id='word_1_506' title='bbox 986 2765 1023 2796; x_wconf 88' lang='lat' dir='ltr'>et</span> <span class='ocrx_word' id='word_1_507' title='bbox 1042 2759 1152 2805; x_wconf 90' lang='lat' dir='ltr'>Filio,</span> <span class='ocrx_word' id='word_1_508' title='bbox 1178 2772 1252 2796; x_wconf 90' lang='lat' dir='ltr'>non</span> <span class='ocrx_word' id='word_1_509' title='bbox 1270 2761 1338 2808; x_wconf 90' lang='lat' dir='ltr'>sa-</span> 
     </span>
     <span class='ocr_line' id='line_1_67' title="bbox 270 2812 1238 2861; baseline -0.001 -10"><span class='ocrx_word' id='word_1_510' title='bbox 270 2819 350 2851; x_wconf 86' lang='lat' dir='ltr'>ctus</span> <span class='ocrx_word' id='word_1_511' title='bbox 377 2824 446 2850; x_wconf 90' lang='lat' dir='ltr'>nec</span> <span class='ocrx_word' id='word_1_512' title='bbox 473 2818 620 2849; x_wconf 86' lang='lat' dir='ltr'>creatus</span> <span class='ocrx_word' id='word_1_513' title='bbox 648 2823 715 2848; x_wconf 87' lang='lat' dir='ltr'>nec</span> <span class='ocrx_word' id='word_1_514' title='bbox 743 2812 901 2861; x_wconf 84' lang='lat' dir='ltr'>genitus,</span> <span class='ocrx_word' id='word_1_515' title='bbox 930 2813 996 2849; x_wconf 86' lang='lat' dir='ltr'>sed</span> <span class='ocrx_word' id='word_1_516' title='bbox 1019 2813 1238 2861; x_wconf 82' lang='lat' dir='ltr'>procedens.</span> 
     </span>
    </p>

    <p class='ocr_par' dir='ltr' id='par_1_17' title="bbox 271 2865 1340 3339">
     <span class='ocr_line' id='line_1_68' title="bbox 325 2865 1338 2915; baseline -0.001 -12"><span class='ocrx_word' id='word_1_517' title='bbox 325 2867 551 2903; x_wconf 70' lang='lat' dir='ltr'>REspounEo</span> <span class='ocrx_word' id='word_1_518' title='bbox 579 2876 764 2902; x_wconf 81' lang='lat' dir='ltr'>DICENDUM</span> <span class='ocrx_word' id='word_1_519' title='bbox 792 2865 898 2914; x_wconf 87' lang='lat' dir='ltr'>quod</span> <span class='ocrx_word' id='word_1_520' title='bbox 925 2866 1119 2915; x_wconf 89' lang='lat' dir='ltr'>processio</span> <span class='ocrx_word' id='word_1_521' title='bbox 1140 2866 1281 2902; x_wconf 89' lang='lat' dir='ltr'>amoris</span> <span class='ocrx_word' id='word_1_522' title='bbox 1300 2866 1338 2902; x_wconf 92' lang='lat' dir='ltr'>in</span> 
     </span>
     <span class='ocr_line' id='line_1_69' title="bbox 272 2917 1338 2966; baseline -0.003 -8"><span class='ocrx_word' id='word_1_523' title='bbox 272 2920 411 2958; x_wconf 90' lang='lat' dir='ltr'>divinis</span> <span class='ocrx_word' id='word_1_524' title='bbox 439 2932 519 2956; x_wconf 94' lang='lat' dir='ltr'>non</span> <span class='ocrx_word' id='word_1_525' title='bbox 547 2918 662 2955; x_wconf 91' lang='lat' dir='ltr'>debet</span> <span class='ocrx_word' id='word_1_526' title='bbox 689 2917 762 2955; x_wconf 85' lang='lat' dir='ltr'>dici</span> <span class='ocrx_word' id='word_1_527' title='bbox 789 2919 995 2966; x_wconf 88' lang='lat' dir='ltr'>generatio.</span> <span class='ocrx_word' id='word_1_528' title='bbox 1034 2919 1096 2956; x_wconf 91' lang='lat' dir='ltr'>Ad</span> <span class='ocrx_word' id='word_1_529' title='bbox 1125 2919 1231 2955; x_wconf 89' lang='lat' dir='ltr'>cuius</span> <span class='ocrx_word' id='word_1_530' title='bbox 1261 2918 1338 2955; x_wconf 91' lang='lat' dir='ltr'>evi-</span> 
     </span>
     <span class='ocr_line' id='line_1_70' title="bbox 272 2971 1339 3020; baseline -0.003 -9"><span class='ocrx_word' id='word_1_531' title='bbox 272 2973 453 3019; x_wconf 91' lang='lat' dir='ltr'>dentiam,</span> <span class='ocrx_word' id='word_1_532' title='bbox 483 2971 682 3009; x_wconf 82' lang='lat' dir='ltr'>sciendum</span> <span class='ocrx_word' id='word_1_533' title='bbox 698 2979 712 3002; x_wconf 76' lang='grc' dir='ltr'>η</span> <span class='ocrx_word' id='word_1_534' title='bbox 734 2979 789 3008; x_wconf 90' lang='lat' dir='ltr'>est</span> <span class='ocrx_word' id='word_1_535' title='bbox 808 2972 914 3020; x_wconf 91' lang='lat' dir='ltr'>quod</span> <span class='ocrx_word' id='word_1_536' title='bbox 936 2972 1031 3009; x_wconf 91' lang='lat' dir='ltr'>haec</span> <span class='ocrx_word' id='word_1_537' title='bbox 1052 2979 1108 3008; x_wconf 91' lang='lat' dir='ltr'>est</span> <span class='ocrx_word' id='word_1_538' title='bbox 1127 2971 1339 3008; x_wconf 88' lang='lat' dir='ltr'>differentia</span> 
     </span>
     <span class='ocr_line' id='line_1_71' title="bbox 271 3025 1339 3073; baseline -0.003 -9"><span class='ocrx_word' id='word_1_539' title='bbox 271 3026 368 3064; x_wconf 89' lang='lat' dir='ltr'>inter</span> <span class='ocrx_word' id='word_1_540' title='bbox 394 3025 626 3063; x_wconf 89' lang='lat' dir='ltr'>intellectum</span> <span class='ocrx_word' id='word_1_541' title='bbox 656 3032 693 3061; x_wconf 92' lang='lat' dir='ltr'>et</span> <span class='ocrx_word' id='word_1_542' title='bbox 719 3025 969 3072; x_wconf 87' lang='lat' dir='ltr'>voluntatem,</span> <span class='ocrx_word' id='word_1_543' title='bbox 995 3025 1102 3073; x_wconf 92' lang='lat' dir='ltr'>quod</span> <span class='ocrx_word' id='word_1_544' title='bbox 1130 3025 1339 3062; x_wconf 90' lang='lat' dir='ltr'>intellectus</span> 
     </span>
     <span class='ocr_line' id='line_1_72' title="bbox 271 3078 1339 3127; baseline -0.002 -11"><span class='ocrx_word' id='word_1_545' title='bbox 271 3079 316 3116; x_wconf 91' lang='lat' dir='ltr'>fit</span> <span class='ocrx_word' id='word_1_546' title='bbox 341 3078 381 3115; x_wconf 92' lang='lat' dir='ltr'>in</span> <span class='ocrx_word' id='word_1_547' title='bbox 410 3086 496 3115; x_wconf 89' lang='lat' dir='ltr'>actu</span> <span class='ocrx_word' id='word_1_548' title='bbox 523 3090 593 3127; x_wconf 91' lang='lat' dir='ltr'>per</span> <span class='ocrx_word' id='word_1_549' title='bbox 620 3078 696 3114; x_wconf 92' lang='lat' dir='ltr'>hoc</span> <span class='ocrx_word' id='word_1_550' title='bbox 724 3078 830 3125; x_wconf 91' lang='lat' dir='ltr'>quod</span> <span class='ocrx_word' id='word_1_551' title='bbox 859 3090 919 3115; x_wconf 92' lang='lat' dir='ltr'>res</span> <span class='ocrx_word' id='word_1_552' title='bbox 947 3078 1134 3115; x_wconf 91' lang='lat' dir='ltr'>intellecta</span> <span class='ocrx_word' id='word_1_553' title='bbox 1154 3085 1208 3115; x_wconf 92' lang='lat' dir='ltr'>est</span> <span class='ocrx_word' id='word_1_554' title='bbox 1227 3078 1265 3115; x_wconf 92' lang='lat' dir='ltr'>in</span> <span class='ocrx_word' id='word_1_555' title='bbox 1284 3078 1339 3114; x_wconf 91' lang='lat' dir='ltr'>in-</span> 
     </span>
     <span class='ocr_line' id='line_1_73' title="bbox 271 3130 1340 3169; baseline 0 -1"><span class='ocrx_word' id='word_1_556' title='bbox 271 3132 423 3169; x_wconf 90' lang='lat' dir='ltr'>tellectu</span> <span class='ocrx_word' id='word_1_557' title='bbox 451 3131 664 3168; x_wconf 89' lang='lat' dir='ltr'>secundum</span> <span class='ocrx_word' id='word_1_558' title='bbox 693 3143 803 3167; x_wconf 90' lang='lat' dir='ltr'>suam</span> <span class='ocrx_word' id='word_1_559' title='bbox 828 3130 1135 3168; x_wconf 88' lang='lat' dir='ltr'>similitudinem:</span> <span class='ocrx_word' id='word_1_560' title='bbox 1163 3132 1340 3168; x_wconf 87' lang='lat' dir='ltr'>voluntas</span> 
     </span>
     <span class='ocr_line' id='line_1_74' title="bbox 273 3184 1339 3234; baseline 0 -13"><span class='ocrx_word' id='word_1_561' title='bbox 273 3192 400 3222; x_wconf 88' lang='lat' dir='ltr'>autem</span> <span class='ocrx_word' id='word_1_562' title='bbox 428 3184 471 3221; x_wconf 89' lang='lat' dir='ltr'>fit</span> <span class='ocrx_word' id='word_1_563' title='bbox 498 3184 536 3221; x_wconf 93' lang='lat' dir='ltr'>in</span> <span class='ocrx_word' id='word_1_564' title='bbox 565 3192 670 3230; x_wconf 87' lang='lat' dir='ltr'>actu,</span> <span class='ocrx_word' id='word_1_565' title='bbox 699 3196 778 3221; x_wconf 93' lang='lat' dir='ltr'>non</span> <span class='ocrx_word' id='word_1_566' title='bbox 805 3196 875 3233; x_wconf 91' lang='lat' dir='ltr'>per</span> <span class='ocrx_word' id='word_1_567' title='bbox 901 3184 976 3221; x_wconf 93' lang='lat' dir='ltr'>hoc</span> <span class='ocrx_word' id='word_1_568' title='bbox 1005 3184 1111 3234; x_wconf 90' lang='lat' dir='ltr'>quod</span> <span class='ocrx_word' id='word_1_569' title='bbox 1139 3184 1264 3232; x_wconf 90' lang='lat' dir='ltr'>aliqua</span> <span class='ocrx_word' id='word_1_570' title='bbox 1293 3184 1339 3221; x_wconf 91' lang='lat' dir='ltr'>si-</span> 
     </span>
     <span class='ocr_line' id='line_1_75' title="bbox 272 3234 1339 3286; baseline -0.001 -11"><span class='ocrx_word' id='word_1_571' title='bbox 272 3237 445 3275; x_wconf 88' lang='lat' dir='ltr'>militudo</span> <span class='ocrx_word' id='word_1_572' title='bbox 463 3237 572 3274; x_wconf 88' lang='lat' dir='ltr'>voliti</span> <span class='ocrx_word' id='word_1_573' title='bbox 590 3237 637 3275; x_wconf 90' lang='lat' dir='ltr'>sit</span> <span class='ocrx_word' id='word_1_574' title='bbox 655 3237 694 3274; x_wconf 95' lang='lat' dir='ltr'>in</span> <span class='ocrx_word' id='word_1_575' title='bbox 713 3238 908 3275; x_wconf 91' lang='lat' dir='ltr'>voluntate</span> <span class='ocrx_word' id='word_1_576' title='bbox 927 3234 955 3282; x_wconf 83' lang='lat'>⁰,</span> <span class='ocrx_word' id='word_1_577' title='bbox 977 3238 1046 3274; x_wconf 91' lang='lat' dir='ltr'>sed</span> <span class='ocrx_word' id='word_1_578' title='bbox 1067 3250 1111 3274; x_wconf 88' lang='lat' dir='ltr'>ex</span> <span class='ocrx_word' id='word_1_579' title='bbox 1139 3238 1214 3274; x_wconf 90' lang='lat' dir='ltr'>hoc</span> <span class='ocrx_word' id='word_1_580' title='bbox 1233 3238 1339 3286; x_wconf 92' lang='lat' dir='ltr'>quod</span> 
     </span>
     <span class='ocr_line' id='line_1_76' title="bbox 273 3290 1339 3339; baseline 0 -12"><span class='ocrx_word' id='word_1_581' title='bbox 273 3292 451 3328; x_wconf 88' lang='lat' dir='ltr'>voluntas</span> <span class='ocrx_word' id='word_1_582' title='bbox 487 3291 604 3327; x_wconf 87' lang='lat' dir='ltr'>habet</span> <span class='ocrx_word' id='word_1_583' title='bbox 640 3292 835 3339; x_wconf 88' lang='lat' dir='ltr'>quandam</span> <span class='ocrx_word' id='word_1_584' title='bbox 871 3290 1157 3328; x_wconf 85' lang='lat' dir='ltr'>inclinationem</span> <span class='ocrx_word' id='word_1_585' title='bbox 1190 3290 1229 3327; x_wconf 90' lang='lat' dir='ltr'>in</span> <span class='ocrx_word' id='word_1_586' title='bbox 1258 3303 1339 3327; x_wconf 90' lang='lat' dir='ltr'>rem</span> 
     </span>
    </p>
   </div>
   <div class='ocr_carea' id='block_1_13' title="bbox 277 1392 464 1580">
    <p class='ocr_par' dir='ltr' id='par_1_18' title="bbox 277 1392 464 1580">
     <span class='ocr_line' id='line_1_77' title="bbox 277 1392 464 1580; baseline 0 0"><span class='ocrx_word' id='word_1_587' title='bbox 277 1392 464 1580; x_wconf 95' lang='lat' dir='ltr'>  </span> 
     </span>
    </p>
   </div>
   <div class='ocr_carea' id='block_1_14' title="bbox 273 3404 1341 3650">
    <p class='ocr_par' dir='ltr' id='par_1_19' title="bbox 273 3404 1341 3465">
     <span class='ocr_line' id='line_1_78' title="bbox 327 3404 1341 3437; baseline -0.001 -8"><span class='ocrx_word' id='word_1_588' title='bbox 327 3405 355 3437; x_wconf 84' lang='grc' dir='ltr'>α)</span> <span class='ocrx_word' id='word_1_589' title='bbox 374 3411 392 3429; x_wconf 85' lang='lat' dir='ltr'>a</span> <span class='ocrx_word' id='word_1_590' title='bbox 411 3407 518 3430; x_wconf 85' lang='lat' dir='ltr'>natura.</span> <span class='ocrx_word' id='word_1_591' title='bbox 535 3418 554 3423; x_wconf 91' lang='lat'>—-</span> <span class='ocrx_word' id='word_1_592' title='bbox 572 3405 599 3429; x_wconf 82' lang='lat' dir='ltr'>in</span> <span class='ocrx_word' id='word_1_593' title='bbox 619 3408 719 3430; x_wconf 79' lang='lat' dir='ltr'>natura</span> <span class='ocrx_word' id='word_1_594' title='bbox 743 3404 900 3430; x_wconf 81' lang='lat' dir='ltr'>ABCDEab.</span> <span class='ocrx_word' id='word_1_595' title='bbox 919 3417 938 3424; x_wconf 87' lang='lat'>·-</span> <span class='ocrx_word' id='word_1_596' title='bbox 955 3408 982 3429; x_wconf 83' lang='lat' dir='ltr'>et</span> <span class='ocrx_word' id='word_1_597' title='bbox 1000 3404 1038 3429; x_wconf 80' lang='lat' dir='ltr'>sic</span> <span class='ocrx_word' id='word_1_598' title='bbox 1055 3407 1123 3429; x_wconf 84' lang='lat' dir='ltr'>esset</span> <span class='ocrx_word' id='word_1_599' title='bbox 1142 3404 1279 3436; x_wconf 83' lang='lat' dir='ltr'>processio</span> <span class='ocrx_word' id='word_1_600' title='bbox 1303 3404 1341 3428; x_wconf 81' lang='lat' dir='ltr'>ad</span> 
     </span>
     <span class='ocr_line' id='line_1_79' title="bbox 273 3439 500 3465; baseline -0.004 0"><span class='ocrx_word' id='word_1_601' title='bbox 273 3443 356 3465; x_wconf 77' lang='lat' dir='ltr'>extra</span> <span class='ocrx_word' id='word_1_602' title='bbox 374 3447 428 3465; x_wconf 87' lang='lat' dir='ltr'>om.</span> <span class='ocrx_word' id='word_1_603' title='bbox 446 3439 500 3464; x_wconf 82' lang='lat' dir='ltr'>FG.</span> 
     </span>
    </p>

    <p class='ocr_par' dir='ltr' id='par_1_20' title="bbox 328 3474 1036 3508">
     <span class='ocr_line' id='line_1_80' title="bbox 328 3474 1036 3508; baseline 0 -8"><span class='ocrx_word' id='word_1_604' title='bbox 328 3474 353 3508; x_wconf 89' lang='grc' dir='ltr'>β)</span> <span class='ocrx_word' id='word_1_605' title='bbox 373 3475 496 3500; x_wconf 77' lang='lat' dir='ltr'>convenit</span> <span class='ocrx_word' id='word_1_606' title='bbox 513 3475 647 3508; x_wconf 78' lang='lat' dir='ltr'>generari.</span> <span class='ocrx_word' id='word_1_607' title='bbox 665 3489 684 3494; x_wconf 99' lang='lat'><em>-</em></span> <span class='ocrx_word' id='word_1_608' title='bbox 702 3476 764 3501; x_wconf 89' lang='lat' dir='ltr'>Orn.</span> <span class='ocrx_word' id='word_1_609' title='bbox 783 3476 886 3501; x_wconf 87' lang='lat' dir='ltr'>codices</span> <span class='ocrx_word' id='word_1_610' title='bbox 905 3481 931 3501; x_wconf 84' lang='lat' dir='ltr'>et</span> <span class='ocrx_word' id='word_1_611' title='bbox 950 3476 991 3501; x_wconf 89' lang='lat' dir='ltr'>ed.</span> <span class='ocrx_word' id='word_1_612' title='bbox 1010 3482 1036 3500; x_wconf 87' lang='lat' dir='ltr'>a.</span> 
     </span>
    </p>

    <p class='ocr_par' dir='ltr' id='par_1_21' title="bbox 327 3510 642 3544">
     <span class='ocr_line' id='line_1_81' title="bbox 327 3510 642 3544; baseline 0 -9"><span class='ocrx_word' id='word_1_613' title='bbox 327 3512 354 3544; x_wconf 91' lang='grc' dir='ltr'>γ)</span> <span class='ocrx_word' id='word_1_614' title='bbox 374 3514 421 3536; x_wconf 80' lang='lat' dir='ltr'>est.</span> <span class='ocrx_word' id='word_1_615' title='bbox 440 3524 459 3529; x_wconf 94' lang='lat'>—</span> <span class='ocrx_word' id='word_1_616' title='bbox 476 3510 512 3535; x_wconf 80' lang='lat' dir='ltr'>sit</span> <span class='ocrx_word' id='word_1_617' title='bbox 531 3510 642 3535; x_wconf 73' lang='lat' dir='ltr'>codices-</span> 
     </span>
    </p>

    <p class='ocr_par' dir='ltr' id='par_1_22' title="bbox 327 3545 723 3579">
     <span class='ocr_line' id='line_1_82' title="bbox 327 3545 723 3579; baseline 0 -9"><span class='ocrx_word' id='word_1_618' title='bbox 327 3545 352 3579; x_wconf 81' lang='grc' dir='ltr'>ὃ)</span> <span class='ocrx_word' id='word_1_619' title='bbox 371 3546 480 3571; x_wconf 82' lang='lat' dir='ltr'>amoris.</span> <span class='ocrx_word' id='word_1_620' title='bbox 493 3559 512 3565; x_wconf 93' lang='lat'><em>-</em></span> <span class='ocrx_word' id='word_1_621' title='bbox 531 3545 593 3570; x_wconf 92' lang='lat' dir='ltr'>Om.</span> <span class='ocrx_word' id='word_1_622' title='bbox 612 3545 723 3570; x_wconf 88' lang='lat' dir='ltr'>codices.</span> 
     </span>
    </p>

    <p class='ocr_par' dir='ltr' id='par_1_23' title="bbox 328 3581 1013 3614">
     <span class='ocr_line' id='line_1_83' title="bbox 328 3581 1013 3614; baseline 0 -8"><span class='ocrx_word' id='word_1_623' title='bbox 328 3582 350 3614; x_wconf 87' lang='grc' dir='ltr'>ε)</span> <span class='ocrx_word' id='word_1_624' title='bbox 369 3581 485 3614; x_wconf 82' lang='lat' dir='ltr'>aliquod.</span> <span class='ocrx_word' id='word_1_625' title='bbox 503 3595 522 3599; x_wconf 96' lang='lat'>-</span> <span class='ocrx_word' id='word_1_626' title='bbox 539 3581 615 3606; x_wconf 86' lang='lat' dir='ltr'>aliud</span> <span class='ocrx_word' id='word_1_627' title='bbox 633 3581 744 3606; x_wconf 76' lang='lat' dir='ltr'>codices.</span> <span class='ocrx_word' id='word_1_628' title='bbox 761 3594 781 3600; x_wconf 92' lang='lat'>-</span> <span class='ocrx_word' id='word_1_629' title='bbox 799 3588 892 3607; x_wconf 82' lang='lat' dir='ltr'>nomen</span> <span class='ocrx_word' id='word_1_630' title='bbox 911 3589 966 3607; x_wconf 87' lang='lat' dir='ltr'>om.</span> <span class='ocrx_word' id='word_1_631' title='bbox 984 3582 1013 3606; x_wconf 87' lang='lat' dir='ltr'>B.</span> 
     </span>
    </p>

    <p class='ocr_par' dir='ltr' id='par_1_24' title="bbox 327 3616 708 3650">
     <span class='ocr_line' id='line_1_84' title="bbox 327 3616 708 3650; baseline 0 -9"><span class='ocrx_word' id='word_1_632' title='bbox 327 3617 352 3650; x_wconf 87' lang='grc' dir='ltr'>ζ)</span> <span class='ocrx_word' id='word_1_633' title='bbox 372 3617 444 3649; x_wconf 84' lang='lat' dir='ltr'>quia.</span> <span class='ocrx_word' id='word_1_634' title='bbox 460 3631 480 3636; x_wconf 89' lang='lat'><em>-</em></span> <span class='ocrx_word' id='word_1_635' title='bbox 498 3616 569 3649; x_wconf 85' lang='lat' dir='ltr'>quod</span> <span class='ocrx_word' id='word_1_636' title='bbox 587 3616 708 3641; x_wconf 83' lang='lat' dir='ltr'>ABCDE.</span> 
     </span>
    </p>
   </div>
   <div class='ocr_carea' id='block_1_15' title="bbox 417 3669 914 3695">
    <p class='ocr_par' dir='ltr' id='par_1_25' title="bbox 417 3669 914 3695">
     <span class='ocr_line' id='line_1_85' title="bbox 417 3669 914 3695; baseline -0.004 0"><span class='ocrx_word' id='word_1_637' title='bbox 417 3671 527 3695; x_wconf 74' lang='lat' dir='ltr'>SmfflAE</span> <span class='ocrx_word' id='word_1_638' title='bbox 546 3669 647 3694; x_wconf 60' lang='lat' dir='ltr'>Tumor.</span> <span class='ocrx_word' id='word_1_639' title='bbox 667 3669 697 3693; x_wconf 87' lang='lat' dir='ltr'>D.</span> <span class='ocrx_word' id='word_1_640' title='bbox 710 3669 824 3693; x_wconf 69' lang='lat' dir='ltr'>THOMAE</span> <span class='ocrx_word' id='word_1_641' title='bbox 843 3669 876 3694; x_wconf 91' lang='lat' dir='ltr'>T.</span> <span class='ocrx_word' id='word_1_642' title='bbox 896 3669 914 3694; x_wconf 91' lang='lat'>1.</span> 
     </span>
    </p>
   </div>
   <div class='ocr_carea' id='block_1_16' title="bbox 1387 1375 2458 3337">
    <p class='ocr_par' dir='ltr' id='par_1_26' title="bbox 1387 1375 2456 2116">
     <span class='ocr_line' id='line_1_86' title="bbox 1387 1375 2452 1426; baseline 0.004 -15"><span class='ocrx_word' id='word_1_643' title='bbox 1387 1375 1546 1412; x_wconf 91' lang='lat' dir='ltr'>volitam</span> <span class='ocrx_word' id='word_1_644' title='bbox 1572 1375 1603 1412; x_wconf 80' lang='grc'>*.</span> <span class='ocrx_word' id='word_1_645' title='bbox 1638 1375 1837 1412; x_wconf 89' lang='lat' dir='ltr'>Processio</span> <span class='ocrx_word' id='word_1_646' title='bbox 1876 1376 1984 1424; x_wconf 86' lang='lat' dir='ltr'>igitur</span> <span class='ocrx_word' id='word_1_647' title='bbox 2021 1390 2118 1426; x_wconf 87' lang='lat' dir='ltr'>quae</span> <span class='ocrx_word' id='word_1_648' title='bbox 2157 1378 2359 1415; x_wconf 90' lang='lat' dir='ltr'>attenditur</span> <span class='ocrx_word' id='word_1_649' title='bbox 2396 1391 2452 1415; x_wconf 90' lang='lat' dir='ltr'>se-</span> 
     </span>
     <span class='ocr_line' id='line_1_87' title="bbox 1389 1428 2453 1476; baseline 0.004 -12"><span class='ocrx_word' id='word_1_650' title='bbox 1389 1428 1558 1465; x_wconf 92' lang='lat' dir='ltr'>cundum</span> <span class='ocrx_word' id='word_1_651' title='bbox 1588 1429 1774 1465; x_wconf 90' lang='lat' dir='ltr'>rationem</span> <span class='ocrx_word' id='word_1_652' title='bbox 1813 1429 2041 1476; x_wconf 87' lang='lat' dir='ltr'>intellectus,</span> <span class='ocrx_word' id='word_1_653' title='bbox 2073 1438 2128 1467; x_wconf 93' lang='lat' dir='ltr'>est</span> <span class='ocrx_word' id='word_1_654' title='bbox 2153 1431 2366 1468; x_wconf 88' lang='lat' dir='ltr'>secundum</span> <span class='ocrx_word' id='word_1_655' title='bbox 2397 1445 2453 1468; x_wconf 90' lang='lat' dir='ltr'>ra-</span> 
     </span>
     <span class='ocr_line' id='line_1_88' title="bbox 1388 1481 2452 1533; baseline 0.003 -15"><span class='ocrx_word' id='word_1_656' title='bbox 1388 1481 1533 1518; x_wconf 86' lang='lat' dir='ltr'>tionem</span> <span class='ocrx_word' id='word_1_657' title='bbox 1566 1481 1840 1519; x_wconf 90' lang='lat' dir='ltr'>similitudinis:</span> <span class='ocrx_word' id='word_1_658' title='bbox 1871 1490 1908 1519; x_wconf 93' lang='lat' dir='ltr'>et</span> <span class='ocrx_word' id='word_1_659' title='bbox 1941 1483 2127 1520; x_wconf 89' lang='lat' dir='ltr'>intantum</span> <span class='ocrx_word' id='word_1_660' title='bbox 2162 1492 2286 1533; x_wconf 88' lang='lat' dir='ltr'>potest</span> <span class='ocrx_word' id='word_1_661' title='bbox 2312 1485 2452 1521; x_wconf 90' lang='lat' dir='ltr'>habere</span> 
     </span>
     <span class='ocr_line' id='line_1_89' title="bbox 1389 1535 2453 1586; baseline 0.003 -15"><span class='ocrx_word' id='word_1_662' title='bbox 1389 1535 1577 1571; x_wconf 89' lang='lat' dir='ltr'>rationem</span> <span class='ocrx_word' id='word_1_663' title='bbox 1606 1535 1879 1583; x_wconf 86' lang='lat' dir='ltr'>generationis,</span> <span class='ocrx_word' id='word_1_664' title='bbox 1909 1536 1998 1585; x_wconf 89' lang='lat' dir='ltr'>quia</span> <span class='ocrx_word' id='word_1_665' title='bbox 2031 1549 2146 1573; x_wconf 91' lang='lat' dir='ltr'>omne</span> <span class='ocrx_word' id='word_1_666' title='bbox 2180 1550 2363 1585; x_wconf 87' lang='lat' dir='ltr'>generans</span> <span class='ocrx_word' id='word_1_667' title='bbox 2392 1550 2453 1586; x_wconf 88' lang='lat' dir='ltr'>ge-</span> 
     </span>
     <span class='ocr_line' id='line_1_90' title="bbox 1389 1588 2455 1639; baseline 0.004 -15"><span class='ocrx_word' id='word_1_668' title='bbox 1389 1596 1495 1625; x_wconf 89' lang='lat' dir='ltr'>nerat</span> <span class='ocrx_word' id='word_1_669' title='bbox 1515 1588 1584 1624; x_wconf 91' lang='lat' dir='ltr'>sibi</span> <span class='ocrx_word' id='word_1_670' title='bbox 1603 1588 1736 1625; x_wconf 90' lang='lat' dir='ltr'>simile.</span> <span class='ocrx_word' id='word_1_671' title='bbox 1768 1589 1966 1626; x_wconf 88' lang='lat' dir='ltr'>Processio</span> <span class='ocrx_word' id='word_1_672' title='bbox 1987 1597 2115 1626; x_wconf 89' lang='lat' dir='ltr'>autem</span> <span class='ocrx_word' id='word_1_673' title='bbox 2136 1603 2232 1639; x_wconf 91' lang='lat' dir='ltr'>quae</span> <span class='ocrx_word' id='word_1_674' title='bbox 2253 1590 2455 1628; x_wconf 88' lang='lat' dir='ltr'>attenditur</span> 
     </span>
     <span class='ocr_line' id='line_1_91' title="bbox 1389 1642 2455 1689; baseline 0.002 -11"><span class='ocrx_word' id='word_1_675' title='bbox 1389 1642 1602 1678; x_wconf 91' lang='lat' dir='ltr'>secundum</span> <span class='ocrx_word' id='word_1_676' title='bbox 1632 1642 1818 1678; x_wconf 89' lang='lat' dir='ltr'>rationem</span> <span class='ocrx_word' id='word_1_677' title='bbox 1834 1649 1841 1662; x_wconf 89' lang='lat'>‘</span> <span class='ocrx_word' id='word_1_678' title='bbox 1859 1643 2076 1689; x_wconf 90' lang='lat' dir='ltr'>voluntatis,</span> <span class='ocrx_word' id='word_1_679' title='bbox 2097 1656 2175 1680; x_wconf 91' lang='lat' dir='ltr'>non</span> <span class='ocrx_word' id='word_1_680' title='bbox 2196 1644 2455 1680; x_wconf 89' lang='lat' dir='ltr'>consideratur</span> 
     </span>
     <span class='ocr_line' id='line_1_92' title="bbox 1390 1695 2455 1745; baseline 0.002 -14"><span class='ocrx_word' id='word_1_681' title='bbox 1390 1696 1603 1732; x_wconf 90' lang='lat' dir='ltr'>secundum</span> <span class='ocrx_word' id='word_1_682' title='bbox 1638 1695 1824 1732; x_wconf 88' lang='lat' dir='ltr'>rationem</span> <span class='ocrx_word' id='word_1_683' title='bbox 1853 1695 2124 1744; x_wconf 86' lang='lat' dir='ltr'>similitudinis,</span> <span class='ocrx_word' id='word_1_684' title='bbox 2154 1697 2222 1734; x_wconf 91' lang='lat' dir='ltr'>sed</span> <span class='ocrx_word' id='word_1_685' title='bbox 2250 1697 2370 1745; x_wconf 88' lang='lat' dir='ltr'>magis</span> <span class='ocrx_word' id='word_1_686' title='bbox 2398 1709 2455 1733; x_wconf 88' lang='lat' dir='ltr'>se-</span> 
     </span>
     <span class='ocr_line' id='line_1_93' title="bbox 1390 1748 2454 1797; baseline 0.002 -13"><span class='ocrx_word' id='word_1_687' title='bbox 1390 1748 1559 1785; x_wconf 92' lang='lat' dir='ltr'>cundum</span> <span class='ocrx_word' id='word_1_688' title='bbox 1588 1748 1775 1784; x_wconf 88' lang='lat' dir='ltr'>rationem</span> <span class='ocrx_word' id='word_1_689' title='bbox 1805 1748 2030 1797; x_wconf 89' lang='lat' dir='ltr'>impellentis</span> <span class='ocrx_word' id='word_1_690' title='bbox 2059 1757 2094 1786; x_wconf 93' lang='lat' dir='ltr'>et</span> <span class='ocrx_word' id='word_1_691' title='bbox 2122 1750 2312 1786; x_wconf 86' lang='lat' dir='ltr'>moventis</span> <span class='ocrx_word' id='word_1_692' title='bbox 2332 1750 2370 1786; x_wconf 91' lang='lat' dir='ltr'>in</span> <span class='ocrx_word' id='word_1_693' title='bbox 2390 1750 2454 1786; x_wconf 89' lang='lat' dir='ltr'>ali-</span> 
     </span>
     <span class='ocr_line' id='line_1_94' title="bbox 1390 1801 2454 1851; baseline 0.003 -14"><span class='ocrx_word' id='word_1_694' title='bbox 1390 1801 1493 1850; x_wconf 92' lang='lat' dir='ltr'>quid.</span> <span class='ocrx_word' id='word_1_695' title='bbox 1516 1802 1564 1838; x_wconf 91' lang='lat' dir='ltr'>Et</span> <span class='ocrx_word' id='word_1_696' title='bbox 1583 1801 1670 1838; x_wconf 89' lang='lat' dir='ltr'>ideo</span> <span class='ocrx_word' id='word_1_697' title='bbox 1691 1801 1795 1850; x_wconf 90' lang='lat' dir='ltr'>quod</span> <span class='ocrx_word' id='word_1_698' title='bbox 1811 1802 1983 1850; x_wconf 89' lang='lat' dir='ltr'>procedit</span> <span class='ocrx_word' id='word_1_699' title='bbox 1996 1802 2034 1839; x_wconf 95' lang='lat' dir='ltr'>in</span> <span class='ocrx_word' id='word_1_700' title='bbox 2055 1802 2191 1839; x_wconf 84' lang='lat' dir='ltr'>divinis</span> <span class='ocrx_word' id='word_1_701' title='bbox 2207 1815 2274 1851; x_wconf 90' lang='lat' dir='ltr'>per</span> <span class='ocrx_word' id='word_1_702' title='bbox 2292 1803 2454 1840; x_wconf 91' lang='lat' dir='ltr'>modum</span> 
     </span>
     <span class='ocr_line' id='line_1_95' title="bbox 1391 1854 2454 1904; baseline 0.002 -14"><span class='ocrx_word' id='word_1_703' title='bbox 1391 1854 1552 1901; x_wconf 89' lang='lat' dir='ltr'>amoris,</span> <span class='ocrx_word' id='word_1_704' title='bbox 1587 1867 1665 1891; x_wconf 92' lang='lat' dir='ltr'>non</span> <span class='ocrx_word' id='word_1_705' title='bbox 1697 1855 1870 1904; x_wconf 90' lang='lat' dir='ltr'>procedit</span> <span class='ocrx_word' id='word_1_706' title='bbox 1900 1863 1941 1892; x_wconf 91' lang='lat' dir='ltr'>ut</span> <span class='ocrx_word' id='word_1_707' title='bbox 1972 1855 2141 1903; x_wconf 86' lang='lat' dir='ltr'>genitum</span> <span class='ocrx_word' id='word_1_708' title='bbox 2169 1858 2230 1892; x_wconf 90' lang='lat' dir='ltr'>vel</span> <span class='ocrx_word' id='word_1_709' title='bbox 2262 1863 2303 1892; x_wconf 91' lang='lat' dir='ltr'>ut</span> <span class='ocrx_word' id='word_1_710' title='bbox 2334 1856 2454 1903; x_wconf 90' lang='lat' dir='ltr'>filius,</span> 
     </span>
     <span class='ocr_line' id='line_1_96' title="bbox 1391 1907 2455 1958; baseline 0.002 -14"><span class='ocrx_word' id='word_1_711' title='bbox 1391 1909 1459 1945; x_wconf 92' lang='lat' dir='ltr'>sed</span> <span class='ocrx_word' id='word_1_712' title='bbox 1478 1907 1596 1956; x_wconf 87' lang='lat' dir='ltr'>magis</span> <span class='ocrx_word' id='word_1_713' title='bbox 1616 1907 1788 1956; x_wconf 87' lang='lat' dir='ltr'>procedit</span> <span class='ocrx_word' id='word_1_714' title='bbox 1805 1916 1847 1944; x_wconf 93' lang='lat' dir='ltr'>ut</span> <span class='ocrx_word' id='word_1_715' title='bbox 1863 1909 2035 1956; x_wconf 82' lang='lat' dir='ltr'>spiritus.-</span> <span class='ocrx_word' id='word_1_716' title='bbox 2064 1921 2140 1957; x_wconf 93' lang='lat' dir='ltr'>quo</span> <span class='ocrx_word' id='word_1_717' title='bbox 2162 1909 2315 1946; x_wconf 89' lang='lat' dir='ltr'>nomine</span> <span class='ocrx_word' id='word_1_718' title='bbox 2339 1921 2455 1958; x_wconf 90' lang='lat' dir='ltr'>quae-</span> 
     </span>
     <span class='ocr_line' id='line_1_97' title="bbox 1392 1961 2456 2011; baseline 0.001 -14"><span class='ocrx_word' id='word_1_719' title='bbox 1392 1962 1481 1998; x_wconf 88' lang='lat' dir='ltr'>dam</span> <span class='ocrx_word' id='word_1_720' title='bbox 1510 1961 1633 1997; x_wconf 89' lang='lat' dir='ltr'>vitalis</span> <span class='ocrx_word' id='word_1_721' title='bbox 1662 1961 1782 1997; x_wconf 90' lang='lat' dir='ltr'>motio</span> <span class='ocrx_word' id='word_1_722' title='bbox 1813 1969 1847 1998; x_wconf 91' lang='lat' dir='ltr'>et</span> <span class='ocrx_word' id='word_1_723' title='bbox 1874 1962 2053 2010; x_wconf 91' lang='lat' dir='ltr'>impulsio</span> <span class='ocrx_word' id='word_1_724' title='bbox 2086 1962 2312 2010; x_wconf 87' lang='lat' dir='ltr'>designatur,</span> <span class='ocrx_word' id='word_1_725' title='bbox 2342 1969 2456 2011; x_wconf 90' lang='lat' dir='ltr'>prout</span> 
     </span>
     <span class='ocr_line' id='line_1_98' title="bbox 1391 2014 2456 2064; baseline 0.001 -14"><span class='ocrx_word' id='word_1_726' title='bbox 1391 2014 1523 2062; x_wconf 88' lang='lat' dir='ltr'>aliquis</span> <span class='ocrx_word' id='word_1_727' title='bbox 1553 2026 1596 2050; x_wconf 87' lang='lat' dir='ltr'>ex</span> <span class='ocrx_word' id='word_1_728' title='bbox 1625 2026 1757 2050; x_wconf 90' lang='lat' dir='ltr'>amore</span> <span class='ocrx_word' id='word_1_729' title='bbox 1796 2014 1929 2051; x_wconf 90' lang='lat' dir='ltr'>dicitur</span> <span class='ocrx_word' id='word_1_730' title='bbox 1965 2015 2114 2052; x_wconf 89' lang='lat' dir='ltr'>moveri</span> <span class='ocrx_word' id='word_1_731' title='bbox 2141 2016 2203 2052; x_wconf 90' lang='lat' dir='ltr'>vel</span> <span class='ocrx_word' id='word_1_732' title='bbox 2238 2015 2378 2064; x_wconf 89' lang='lat' dir='ltr'>impelli</span> <span class='ocrx_word' id='word_1_733' title='bbox 2407 2015 2456 2051; x_wconf 91' lang='lat' dir='ltr'>ad</span> 
     </span>
     <span class='ocr_line' id='line_1_99' title="bbox 1392 2067 1789 2116; baseline -0.003 -12"><span class='ocrx_word' id='word_1_734' title='bbox 1392 2067 1532 2116; x_wconf 88' lang='lat' dir='ltr'>aliquid</span> <span class='ocrx_word' id='word_1_735' title='bbox 1561 2067 1789 2104; x_wconf 87' lang='lat' dir='ltr'>faciendum.</span> 
     </span>
    </p>

    <p class='ocr_par' dir='ltr' id='par_1_27' title="bbox 1389 2121 2458 2859">
     <span class='ocr_line' id='line_1_100' title="bbox 1444 2121 2455 2170; baseline 0.002 -14"><span class='ocrx_word' id='word_1_736' title='bbox 1444 2123 1504 2157; x_wconf 82' lang='lat' dir='ltr'>An</span> <span class='ocrx_word' id='word_1_737' title='bbox 1533 2132 1670 2157; x_wconf 73' lang='lat' dir='ltr'>ptumum</span> <span class='ocrx_word' id='word_1_738' title='bbox 1690 2132 1787 2157; x_wconf 85' lang='lat' dir='ltr'>ERGO</span> <span class='ocrx_word' id='word_1_739' title='bbox 1812 2132 1995 2157; x_wconf 84' lang='lat' dir='ltr'>DlCENDUM</span> <span class='ocrx_word' id='word_1_740' title='bbox 2015 2121 2119 2169; x_wconf 91' lang='lat' dir='ltr'>quod</span> <span class='ocrx_word' id='word_1_741' title='bbox 2140 2121 2324 2170; x_wconf 91' lang='lat' dir='ltr'>quidquid</span> <span class='ocrx_word' id='word_1_742' title='bbox 2344 2128 2399 2158; x_wconf 89' lang='lat' dir='ltr'>est</span> <span class='ocrx_word' id='word_1_743' title='bbox 2417 2121 2455 2158; x_wconf 90' lang='lat' dir='ltr'>in</span> 
     </span>
     <span class='ocr_line' id='line_1_101' title="bbox 1393 2173 2455 2220; baseline 0.001 -10"><span class='ocrx_word' id='word_1_744' title='bbox 1393 2174 1550 2220; x_wconf 83' lang='lat' dir='ltr'>divinis,</span> <span class='ocrx_word' id='word_1_745' title='bbox 1581 2181 1636 2210; x_wconf 92' lang='lat' dir='ltr'>est</span> <span class='ocrx_word' id='word_1_746' title='bbox 1662 2186 1784 2210; x_wconf 91' lang='lat' dir='ltr'>unum</span> <span class='ocrx_word' id='word_1_747' title='bbox 1813 2186 1900 2210; x_wconf 92' lang='lat' dir='ltr'>cum</span> <span class='ocrx_word' id='word_1_748' title='bbox 1930 2173 2059 2210; x_wconf 92' lang='lat' dir='ltr'>divina</span> <span class='ocrx_word' id='word_1_749' title='bbox 2088 2183 2231 2211; x_wconf 89' lang='lat' dir='ltr'>natura.</span> <span class='ocrx_word' id='word_1_750' title='bbox 2271 2174 2382 2211; x_wconf 92' lang='lat' dir='ltr'>Unde</span> <span class='ocrx_word' id='word_1_751' title='bbox 2412 2186 2455 2210; x_wconf 87' lang='lat' dir='ltr'>ex</span> 
     </span>
     <span class='ocr_line' id='line_1_102' title="bbox 1392 2226 2455 2276; baseline 0 -13"><span class='ocrx_word' id='word_1_752' title='bbox 1392 2235 1498 2276; x_wconf 92' lang='lat' dir='ltr'>parte</span> <span class='ocrx_word' id='word_1_753' title='bbox 1518 2226 1630 2263; x_wconf 90' lang='lat' dir='ltr'>huius</span> <span class='ocrx_word' id='word_1_754' title='bbox 1649 2226 1799 2263; x_wconf 87' lang='lat' dir='ltr'>unitatis</span> <span class='ocrx_word' id='word_1_755' title='bbox 1814 2239 1892 2263; x_wconf 92' lang='lat' dir='ltr'>non</span> <span class='ocrx_word' id='word_1_756' title='bbox 1907 2234 2032 2274; x_wconf 89' lang='lat' dir='ltr'>potest</span> <span class='ocrx_word' id='word_1_757' title='bbox 2051 2227 2170 2276; x_wconf 88' lang='lat' dir='ltr'>accipi</span> <span class='ocrx_word' id='word_1_758' title='bbox 2189 2227 2343 2276; x_wconf 91' lang='lat' dir='ltr'>propria</span> <span class='ocrx_word' id='word_1_759' title='bbox 2362 2227 2455 2264; x_wconf 92' lang='lat' dir='ltr'>ratio</span> 
     </span>
     <span class='ocr_line' id='line_1_103' title="bbox 1389 2279 2458 2328; baseline 0.001 -12"><span class='ocrx_word' id='word_1_760' title='bbox 1389 2280 1505 2316; x_wconf 91' lang='lat' dir='ltr'>huius</span> <span class='ocrx_word' id='word_1_761' title='bbox 1524 2279 1776 2328; x_wconf 91' lang='lat' dir='ltr'>processionis</span> <span class='ocrx_word' id='word_1_762' title='bbox 1794 2280 1856 2316; x_wconf 90' lang='lat' dir='ltr'>vel</span> <span class='ocrx_word' id='word_1_763' title='bbox 1875 2280 1983 2327; x_wconf 86' lang='lat' dir='ltr'>illius,</span> <span class='ocrx_word' id='word_1_764' title='bbox 2013 2281 2224 2317; x_wconf 89' lang='lat' dir='ltr'>secundum</span> <span class='ocrx_word' id='word_1_765' title='bbox 2245 2293 2360 2328; x_wconf 91' lang='lat' dir='ltr'>quarn</span> <span class='ocrx_word' id='word_1_766' title='bbox 2380 2292 2458 2317; x_wconf 93' lang='lat' dir='ltr'>una</span> 
     </span>
     <span class='ocr_line' id='line_1_104' title="bbox 1395 2332 2458 2382; baseline 0 -12"><span class='ocrx_word' id='word_1_767' title='bbox 1395 2333 1641 2381; x_wconf 87' lang='lat' dir='ltr'>distinguatur</span> <span class='ocrx_word' id='word_1_768' title='bbox 1659 2339 1673 2353; x_wconf 74' lang='lat'>’²</span> <span class='ocrx_word' id='word_1_769' title='bbox 1701 2334 1749 2369; x_wconf 93' lang='lat' dir='ltr'>ab</span> <span class='ocrx_word' id='word_1_770' title='bbox 1779 2332 1870 2369; x_wconf 91' lang='lat' dir='ltr'>alia:</span> <span class='ocrx_word' id='word_1_771' title='bbox 1899 2333 1965 2370; x_wconf 92' lang='lat' dir='ltr'>sed</span> <span class='ocrx_word' id='word_1_772' title='bbox 1995 2341 2145 2381; x_wconf 88' lang='lat' dir='ltr'>oportet</span> <span class='ocrx_word' id='word_1_773' title='bbox 2172 2334 2277 2382; x_wconf 91' lang='lat' dir='ltr'>quod</span> <span class='ocrx_word' id='word_1_774' title='bbox 2305 2333 2458 2382; x_wconf 92' lang='lat' dir='ltr'>propria</span> 
     </span>
     <span class='ocr_line' id='line_1_105' title="bbox 1395 2385 2458 2435; baseline 0 -12"><span class='ocrx_word' id='word_1_775' title='bbox 1395 2387 1488 2423; x_wconf 91' lang='lat' dir='ltr'>ratio</span> <span class='ocrx_word' id='word_1_776' title='bbox 1519 2386 1631 2423; x_wconf 92' lang='lat' dir='ltr'>huius</span> <span class='ocrx_word' id='word_1_777' title='bbox 1659 2387 1721 2423; x_wconf 85' lang='lat' dir='ltr'>vel</span> <span class='ocrx_word' id='word_1_778' title='bbox 1750 2385 1845 2422; x_wconf 91' lang='lat' dir='ltr'>illius</span> <span class='ocrx_word' id='word_1_779' title='bbox 1882 2386 2134 2434; x_wconf 90' lang='lat' dir='ltr'>processionis</span> <span class='ocrx_word' id='word_1_780' title='bbox 2172 2386 2374 2435; x_wconf 90' lang='lat' dir='ltr'>accipiatur</span> <span class='ocrx_word' id='word_1_781' title='bbox 2401 2399 2458 2424; x_wconf 90' lang='lat' dir='ltr'>se-</span> 
     </span>
     <span class='ocr_line' id='line_1_106' title="bbox 1396 2439 2455 2487; baseline -0.001 -11"><span class='ocrx_word' id='word_1_782' title='bbox 1396 2439 1564 2476; x_wconf 90' lang='lat' dir='ltr'>cundum</span> <span class='ocrx_word' id='word_1_783' title='bbox 1604 2439 1776 2476; x_wconf 91' lang='lat' dir='ltr'>ordinem</span> <span class='ocrx_word' id='word_1_784' title='bbox 1813 2439 1923 2475; x_wconf 92' lang='lat' dir='ltr'>unius</span> <span class='ocrx_word' id='word_1_785' title='bbox 1959 2439 2213 2487; x_wconf 90' lang='lat' dir='ltr'>processionis</span> <span class='ocrx_word' id='word_1_786' title='bbox 2247 2440 2294 2476; x_wconf 87' lang='lat' dir='ltr'>ad</span> <span class='ocrx_word' id='word_1_787' title='bbox 2331 2439 2455 2476; x_wconf 88' lang='lat' dir='ltr'>aliam.</span> 
     </span>
     <span class='ocr_line' id='line_1_107' title="bbox 1395 2492 2457 2530; baseline -0.002 0"><span class='ocrx_word' id='word_1_788' title='bbox 1395 2492 1630 2530; x_wconf 91' lang='lat' dir='ltr'>Huiusmodi</span> <span class='ocrx_word' id='word_1_789' title='bbox 1656 2500 1784 2529; x_wconf 89' lang='lat' dir='ltr'>autem</span> <span class='ocrx_word' id='word_1_790' title='bbox 1814 2493 1909 2529; x_wconf 92' lang='lat' dir='ltr'>ordo</span> <span class='ocrx_word' id='word_1_791' title='bbox 1938 2492 2138 2529; x_wconf 90' lang='lat' dir='ltr'>attenditur</span> <span class='ocrx_word' id='word_1_792' title='bbox 2166 2493 2376 2529; x_wconf 91' lang='lat' dir='ltr'>secundum</span> <span class='ocrx_word' id='word_1_793' title='bbox 2401 2505 2457 2529; x_wconf 89' lang='lat' dir='ltr'>ra-</span> 
     </span>
     <span class='ocr_line' id='line_1_108' title="bbox 1394 2545 2456 2583; baseline 0 -1"><span class='ocrx_word' id='word_1_794' title='bbox 1394 2546 1536 2582; x_wconf 92' lang='lat' dir='ltr'>tionem</span> <span class='ocrx_word' id='word_1_795' title='bbox 1564 2545 1767 2582; x_wconf 87' lang='lat' dir='ltr'>voluntatis</span> <span class='ocrx_word' id='word_1_796' title='bbox 1796 2552 1832 2581; x_wconf 92' lang='lat' dir='ltr'>et</span> <span class='ocrx_word' id='word_1_797' title='bbox 1860 2545 2078 2581; x_wconf 88' lang='lat' dir='ltr'>intellectus.</span> <span class='ocrx_word' id='word_1_798' title='bbox 2108 2545 2218 2582; x_wconf 92' lang='lat' dir='ltr'>Unde</span> <span class='ocrx_word' id='word_1_799' title='bbox 2245 2547 2456 2583; x_wconf 88' lang='lat' dir='ltr'>secundum</span> 
     </span>
     <span class='ocr_line' id='line_1_109' title="bbox 1395 2598 2457 2647; baseline 0 -12"><span class='ocrx_word' id='word_1_800' title='bbox 1395 2600 1534 2635; x_wconf 89' lang='lat' dir='ltr'>horum</span> <span class='ocrx_word' id='word_1_801' title='bbox 1562 2598 1757 2647; x_wconf 92' lang='lat' dir='ltr'>propriam</span> <span class='ocrx_word' id='word_1_802' title='bbox 1787 2598 1971 2634; x_wconf 88' lang='lat' dir='ltr'>rationem</span> <span class='ocrx_word' id='word_1_803' title='bbox 1991 2598 2144 2634; x_wconf 90' lang='lat' dir='ltr'>sortitur</span> <span class='ocrx_word' id='word_1_804' title='bbox 2170 2598 2209 2634; x_wconf 92' lang='lat' dir='ltr'>in</span> <span class='ocrx_word' id='word_1_805' title='bbox 2233 2598 2369 2635; x_wconf 91' lang='lat' dir='ltr'>divinis</span> <span class='ocrx_word' id='word_1_806' title='bbox 2389 2611 2457 2635; x_wconf 92' lang='lat' dir='ltr'>no-</span> 
     </span>
     <span class='ocr_line' id='line_1_110' title="bbox 1395 2651 2457 2700; baseline 0 -13"><span class='ocrx_word' id='word_1_807' title='bbox 1395 2664 1486 2688; x_wconf 91' lang='lat' dir='ltr'>men</span> <span class='ocrx_word' id='word_1_808' title='bbox 1513 2659 1672 2699; x_wconf 89' lang='lat' dir='ltr'>utraque</span> <span class='ocrx_word' id='word_1_809' title='bbox 1698 2651 1906 2699; x_wconf 88' lang='lat' dir='ltr'>processio,</span> <span class='ocrx_word' id='word_1_810' title='bbox 1936 2651 2040 2699; x_wconf 90' lang='lat' dir='ltr'>quod</span> <span class='ocrx_word' id='word_1_811' title='bbox 2060 2651 2267 2699; x_wconf 90' lang='lat' dir='ltr'>imponitur</span> <span class='ocrx_word' id='word_1_812' title='bbox 2295 2653 2343 2688; x_wconf 90' lang='lat' dir='ltr'>ad</span> <span class='ocrx_word' id='word_1_813' title='bbox 2369 2664 2457 2700; x_wconf 92' lang='lat' dir='ltr'>pro-</span> 
     </span>
     <span class='ocr_line' id='line_1_111' title="bbox 1394 2703 2457 2754; baseline 0 -12"><span class='ocrx_word' id='word_1_814' title='bbox 1394 2705 1516 2754; x_wconf 87' lang='lat' dir='ltr'>priam</span> <span class='ocrx_word' id='word_1_815' title='bbox 1556 2704 1743 2741; x_wconf 89' lang='lat' dir='ltr'>rationem</span> <span class='ocrx_word' id='word_1_816' title='bbox 1781 2703 1834 2740; x_wconf 92' lang='lat' dir='ltr'>rei</span> <span class='ocrx_word' id='word_1_817' title='bbox 1868 2703 2168 2751; x_wconf 85' lang='lat' dir='ltr'>significandam.</span> <span class='ocrx_word' id='word_1_818' title='bbox 2209 2705 2257 2741; x_wconf 90' lang='lat' dir='ltr'>Et</span> <span class='ocrx_word' id='word_1_819' title='bbox 2285 2705 2372 2742; x_wconf 92' lang='lat' dir='ltr'>inde</span> <span class='ocrx_word' id='word_1_820' title='bbox 2402 2713 2457 2742; x_wconf 90' lang='lat' dir='ltr'>est</span> 
     </span>
     <span class='ocr_line' id='line_1_112' title="bbox 1395 2755 2455 2807; baseline -0.001 -11"><span class='ocrx_word' id='word_1_821' title='bbox 1395 2758 1500 2807; x_wconf 93' lang='lat' dir='ltr'>quod</span> <span class='ocrx_word' id='word_1_822' title='bbox 1526 2758 1739 2807; x_wconf 88' lang='lat' dir='ltr'>procedens</span> <span class='ocrx_word' id='word_1_823' title='bbox 1757 2755 1770 2777; x_wconf 65' lang='grc' dir='ltr'>λ</span> <span class='ocrx_word' id='word_1_824' title='bbox 1792 2769 1862 2806; x_wconf 92' lang='lat' dir='ltr'>per</span> <span class='ocrx_word' id='word_1_825' title='bbox 1879 2757 2043 2793; x_wconf 92' lang='lat' dir='ltr'>modum</span> <span class='ocrx_word' id='word_1_826' title='bbox 2072 2757 2211 2794; x_wconf 90' lang='lat' dir='ltr'>amoris</span> <span class='ocrx_word' id='word_1_827' title='bbox 2232 2766 2268 2794; x_wconf 92' lang='lat' dir='ltr'>et</span> <span class='ocrx_word' id='word_1_828' title='bbox 2287 2758 2455 2795; x_wconf 90' lang='lat' dir='ltr'>divinam</span> 
     </span>
     <span class='ocr_line' id='line_1_113' title="bbox 1395 2810 2402 2859; baseline 0 -11"><span class='ocrx_word' id='word_1_829' title='bbox 1395 2819 1570 2848; x_wconf 86' lang='lat' dir='ltr'>naturam</span> <span class='ocrx_word' id='word_1_830' title='bbox 1600 2810 1744 2859; x_wconf 88' lang='lat' dir='ltr'>accipit,</span> <span class='ocrx_word' id='word_1_831' title='bbox 1776 2817 1811 2846; x_wconf 94' lang='lat' dir='ltr'>et</span> <span class='ocrx_word' id='word_1_832' title='bbox 1837 2817 1968 2846; x_wconf 92' lang='lat' dir='ltr'>tamen</span> <span class='ocrx_word' id='word_1_833' title='bbox 1995 2822 2075 2847; x_wconf 93' lang='lat' dir='ltr'>non</span> <span class='ocrx_word' id='word_1_834' title='bbox 2103 2810 2236 2847; x_wconf 88' lang='lat' dir='ltr'>dicitur</span> <span class='ocrx_word' id='word_1_835' title='bbox 2259 2819 2402 2848; x_wconf 90' lang='lat' dir='ltr'>natum.</span> 
     </span>
    </p>

    <p class='ocr_par' dir='ltr' id='par_1_28' title="bbox 1393 2863 2458 3337">
     <span class='ocr_line' id='line_1_114' title="bbox 1448 2863 2458 2911; baseline -0.001 -10"><span class='ocrx_word' id='word_1_836' title='bbox 1448 2867 1507 2901; x_wconf 84' lang='lat' dir='ltr'>AD</span> <span class='ocrx_word' id='word_1_837' title='bbox 1536 2875 1725 2901; x_wconf 78' lang='lat' dir='ltr'>SECUNDUM</span> <span class='ocrx_word' id='word_1_838' title='bbox 1754 2874 1937 2900; x_wconf 83' lang='lat' dir='ltr'>DICENDUM</span> <span class='ocrx_word' id='word_1_839' title='bbox 1975 2863 2078 2911; x_wconf 92' lang='lat' dir='ltr'>quod</span> <span class='ocrx_word' id='word_1_840' title='bbox 2116 2863 2319 2901; x_wconf 91' lang='lat' dir='ltr'>similitudo</span> <span class='ocrx_word' id='word_1_841' title='bbox 2353 2865 2458 2901; x_wconf 87' lang='lat' dir='ltr'>aliter</span> 
     </span>
     <span class='ocr_line' id='line_1_115' title="bbox 1393 2915 2456 2966; baseline 0 -12"><span class='ocrx_word' id='word_1_842' title='bbox 1393 2917 1554 2966; x_wconf 91' lang='lat' dir='ltr'>pertinet</span> <span class='ocrx_word' id='word_1_843' title='bbox 1573 2917 1622 2954; x_wconf 91' lang='lat' dir='ltr'>ad</span> <span class='ocrx_word' id='word_1_844' title='bbox 1640 2917 1815 2963; x_wconf 91' lang='lat' dir='ltr'>verbum,</span> <span class='ocrx_word' id='word_1_845' title='bbox 1838 2923 1874 2952; x_wconf 91' lang='lat' dir='ltr'>et</span> <span class='ocrx_word' id='word_1_846' title='bbox 1893 2915 1995 2952; x_wconf 90' lang='lat' dir='ltr'>aliter</span> <span class='ocrx_word' id='word_1_847' title='bbox 2009 2922 2029 2943; x_wconf 64' lang='grc' dir='ltr'><strong><em>μ</em></strong></span> <span class='ocrx_word' id='word_1_848' title='bbox 2047 2916 2096 2953; x_wconf 92' lang='lat' dir='ltr'>ad</span> <span class='ocrx_word' id='word_1_849' title='bbox 2115 2917 2327 2954; x_wconf 74' lang='lat' dir='ltr'>amorem*.</span> <span class='ocrx_word' id='word_1_850' title='bbox 2353 2918 2456 2954; x_wconf 90' lang='lat' dir='ltr'>Nam</span> 
     </span>
     <span class='ocr_line' id='line_1_116' title="bbox 1394 2968 2456 3028; baseline 0 -21"><span class='ocrx_word' id='word_1_851' title='bbox 1394 2971 1444 3007; x_wconf 94' lang='lat' dir='ltr'>ad</span> <span class='ocrx_word' id='word_1_852' title='bbox 1471 2970 1635 3007; x_wconf 91' lang='lat' dir='ltr'>verbum</span> <span class='ocrx_word' id='word_1_853' title='bbox 1663 2969 1825 3018; x_wconf 91' lang='lat' dir='ltr'>pertinet</span> <span class='ocrx_word' id='word_1_854' title='bbox 1853 2968 2078 3017; x_wconf 88' lang='lat' dir='ltr'>inquantum</span> <span class='ocrx_word' id='word_1_855' title='bbox 2100 2969 2231 3028; x_wconf 39' lang='lat' dir='ltr'>&#39;ipsum</span> <span class='ocrx_word' id='word_1_856' title='bbox 2257 2978 2312 3006; x_wconf 90' lang='lat' dir='ltr'>est</span> <span class='ocrx_word' id='word_1_857' title='bbox 2341 2982 2456 3024; x_wconf 89' lang='lat' dir='ltr'>quae-</span> 
     </span>
     <span class='ocr_line' id='line_1_117' title="bbox 1395 3022 2458 3082; baseline -0.001 -21"><span class='ocrx_word' id='word_1_858' title='bbox 1395 3024 1484 3061; x_wconf 91' lang='lat' dir='ltr'>dam</span> <span class='ocrx_word' id='word_1_859' title='bbox 1513 3022 1717 3060; x_wconf 85' lang='lat' dir='ltr'>similitudo</span> <span class='ocrx_word' id='word_1_860' title='bbox 1747 3022 1802 3059; x_wconf 92' lang='lat' dir='ltr'>rei</span> <span class='ocrx_word' id='word_1_861' title='bbox 1827 3022 2048 3069; x_wconf 89' lang='lat' dir='ltr'>intellectae,</span> <span class='ocrx_word' id='word_1_862' title='bbox 2079 3022 2174 3059; x_wconf 88' lang='lat' dir='ltr'>sicut</span> <span class='ocrx_word' id='word_1_863' title='bbox 2205 3023 2372 3082; x_wconf 85' lang='lat' dir='ltr'>genitum</span> <span class='ocrx_word' id='word_1_864' title='bbox 2403 3031 2458 3060; x_wconf 93' lang='lat' dir='ltr'>est</span> 
     </span>
     <span class='ocr_line' id='line_1_118' title="bbox 1394 3075 2456 3124; baseline -0.001 -11"><span class='ocrx_word' id='word_1_865' title='bbox 1394 3076 1596 3113; x_wconf 89' lang='lat' dir='ltr'>similitudo</span> <span class='ocrx_word' id='word_1_866' title='bbox 1624 3075 1855 3123; x_wconf 84' lang='lat' dir='ltr'>generantis:</span> <span class='ocrx_word' id='word_1_867' title='bbox 1887 3075 1954 3112; x_wconf 92' lang='lat' dir='ltr'>sed</span> <span class='ocrx_word' id='word_1_868' title='bbox 1983 3076 2032 3112; x_wconf 88' lang='lat' dir='ltr'>ad</span> <span class='ocrx_word' id='word_1_869' title='bbox 2069 3087 2242 3112; x_wconf 89' lang='lat' dir='ltr'>amorem</span> <span class='ocrx_word' id='word_1_870' title='bbox 2276 3076 2456 3124; x_wconf 89' lang='lat' dir='ltr'>pertinet,</span> 
     </span>
     <span class='ocr_line' id='line_1_119' title="bbox 1394 3128 2456 3178; baseline -0.002 -11"><span class='ocrx_word' id='word_1_871' title='bbox 1394 3142 1473 3167; x_wconf 93' lang='lat' dir='ltr'>non</span> <span class='ocrx_word' id='word_1_872' title='bbox 1501 3129 1606 3178; x_wconf 93' lang='lat' dir='ltr'>quod</span> <span class='ocrx_word' id='word_1_873' title='bbox 1633 3129 1715 3177; x_wconf 91' lang='lat' dir='ltr'>ipse</span> <span class='ocrx_word' id='word_1_874' title='bbox 1744 3141 1854 3166; x_wconf 90' lang='lat' dir='ltr'>amor</span> <span class='ocrx_word' id='word_1_875' title='bbox 1882 3129 1928 3165; x_wconf 87' lang='lat' dir='ltr'>sit</span> <span class='ocrx_word' id='word_1_876' title='bbox 1955 3128 2171 3174; x_wconf 87' lang='lat' dir='ltr'>similitudo,</span> <span class='ocrx_word' id='word_1_877' title='bbox 2201 3128 2268 3165; x_wconf 92' lang='lat' dir='ltr'>sed</span> <span class='ocrx_word' id='word_1_878' title='bbox 2297 3128 2456 3177; x_wconf 88' lang='lat' dir='ltr'>inquan-</span> 
     </span>
     <span class='ocr_line' id='line_1_120' title="bbox 1394 3181 2456 3230; baseline -0.002 -10"><span class='ocrx_word' id='word_1_879' title='bbox 1394 3191 1474 3220; x_wconf 90' lang='lat' dir='ltr'>tum</span> <span class='ocrx_word' id='word_1_880' title='bbox 1505 3182 1708 3219; x_wconf 86' lang='lat' dir='ltr'>similitudo</span> <span class='ocrx_word' id='word_1_881' title='bbox 1730 3190 1785 3218; x_wconf 92' lang='lat' dir='ltr'>est</span> <span class='ocrx_word' id='word_1_882' title='bbox 1804 3181 2031 3230; x_wconf 91' lang='lat' dir='ltr'>principium</span> <span class='ocrx_word' id='word_1_883' title='bbox 2052 3181 2218 3219; x_wconf 91' lang='lat' dir='ltr'>amandi.</span> <span class='ocrx_word' id='word_1_884' title='bbox 2248 3182 2358 3219; x_wconf 92' lang='lat' dir='ltr'>Unde</span> <span class='ocrx_word' id='word_1_885' title='bbox 2377 3194 2456 3218; x_wconf 92' lang='lat' dir='ltr'>non</span> 
     </span>
     <span class='ocr_line' id='line_1_121' title="bbox 1394 3234 2456 3284; baseline -0.001 -11"><span class='ocrx_word' id='word_1_886' title='bbox 1394 3236 1562 3284; x_wconf 90' lang='lat' dir='ltr'>sequitur</span> <span class='ocrx_word' id='word_1_887' title='bbox 1590 3236 1694 3283; x_wconf 92' lang='lat' dir='ltr'>quod</span> <span class='ocrx_word' id='word_1_888' title='bbox 1722 3247 1833 3271; x_wconf 92' lang='lat' dir='ltr'>amor</span> <span class='ocrx_word' id='word_1_889' title='bbox 1860 3235 1905 3271; x_wconf 91' lang='lat' dir='ltr'>sit</span> <span class='ocrx_word' id='word_1_890' title='bbox 1932 3234 2095 3282; x_wconf 88' lang='lat' dir='ltr'>genitus:</span> <span class='ocrx_word' id='word_1_891' title='bbox 2125 3235 2192 3271; x_wconf 94' lang='lat' dir='ltr'>sed</span> <span class='ocrx_word' id='word_1_892' title='bbox 2221 3235 2325 3283; x_wconf 92' lang='lat' dir='ltr'>quod</span> <span class='ocrx_word' id='word_1_893' title='bbox 2352 3235 2456 3284; x_wconf 86' lang='lat' dir='ltr'>geni-</span> 
     </span>
     <span class='ocr_line' id='line_1_122' title="bbox 1394 3288 2016 3337; baseline -0.003 -11"><span class='ocrx_word' id='word_1_894' title='bbox 1394 3298 1474 3326; x_wconf 89' lang='lat' dir='ltr'>tum</span> <span class='ocrx_word' id='word_1_895' title='bbox 1494 3295 1505 3309; x_wconf 75' lang='lat'><strong>⁹</strong></span> <span class='ocrx_word' id='word_1_896' title='bbox 1533 3289 1578 3325; x_wconf 90' lang='lat' dir='ltr'>sit</span> <span class='ocrx_word' id='word_1_897' title='bbox 1604 3288 1833 3337; x_wconf 90' lang='lat' dir='ltr'>principium</span> <span class='ocrx_word' id='word_1_898' title='bbox 1861 3288 2016 3325; x_wconf 91' lang='lat' dir='ltr'>amoris.</span> 
     </span>
    </p>
   </div>
   <div class='ocr_carea' id='block_1_17' title="bbox 1446 3401 2053 3647">
    <p class='ocr_par' dir='ltr' id='par_1_29' title="bbox 1447 3401 2044 3470">
     <span class='ocr_line' id='line_1_123' title="bbox 1447 3401 2044 3435; baseline -0.005 -8"><span class='ocrx_word' id='word_1_899' title='bbox 1447 3404 1474 3435; x_wconf 87' lang='grc' dir='ltr'>η)</span> <span class='ocrx_word' id='word_1_900' title='bbox 1493 3402 1637 3427; x_wconf 83' lang='lat' dir='ltr'>sciendum.</span> <span class='ocrx_word' id='word_1_901' title='bbox 1655 3415 1674 3420; x_wconf 85' lang='lat'>—</span> <span class='ocrx_word' id='word_1_902' title='bbox 1692 3401 1915 3426; x_wconf 84' lang='lat' dir='ltr'>considerandum</span> <span class='ocrx_word' id='word_1_903' title='bbox 1935 3401 2044 3425; x_wconf 88' lang='lat' dir='ltr'>codices.</span> 
     </span>
     <span class='ocr_line' id='line_1_124' title="bbox 1448 3436 1992 3470; baseline -0.004 -8"><span class='ocrx_word' id='word_1_904' title='bbox 1448 3437 1471 3470; x_wconf 80' lang='grc' dir='ltr'>θ)</span> <span class='ocrx_word' id='word_1_905' title='bbox 1493 3438 1636 3462; x_wconf 79' lang='lat' dir='ltr'>voluntate.</span> <span class='ocrx_word' id='word_1_906' title='bbox 1654 3449 1674 3455; x_wconf 91' lang='lat'><em>-</em></span> <span class='ocrx_word' id='word_1_907' title='bbox 1691 3437 1794 3461; x_wconf 77' lang='lat' dir='ltr'>volente</span> <span class='ocrx_word' id='word_1_908' title='bbox 1813 3436 1992 3461; x_wconf 79' lang='lat' dir='ltr'>ABCDEGab.</span> 
     </span>
    </p>

    <p class='ocr_par' dir='ltr' id='par_1_30' title="bbox 1446 3471 2053 3576">
     <span class='ocr_line' id='line_1_125' title="bbox 1447 3471 2047 3505; baseline -0.003 -8"><span class='ocrx_word' id='word_1_909' title='bbox 1447 3474 1465 3505; x_wconf 89' lang='grc' dir='ltr'>ι)</span> <span class='ocrx_word' id='word_1_910' title='bbox 1485 3473 1625 3497; x_wconf 82' lang='lat' dir='ltr'>rationem.</span> <span class='ocrx_word' id='word_1_911' title='bbox 1643 3486 1662 3491; x_wconf 91' lang='lat'><em>-</em></span> <span class='ocrx_word' id='word_1_912' title='bbox 1680 3472 1810 3497; x_wconf 82' lang='lat' dir='ltr'>actionem</span> <span class='ocrx_word' id='word_1_913' title='bbox 1830 3472 1931 3496; x_wconf 82' lang='lat' dir='ltr'>codices</span> <span class='ocrx_word' id='word_1_914' title='bbox 1950 3476 1975 3495; x_wconf 88' lang='lat' dir='ltr'>et</span> <span class='ocrx_word' id='word_1_915' title='bbox 1996 3471 2047 3495; x_wconf 80' lang='lat' dir='ltr'>ab.</span> 
     </span>
     <span class='ocr_line' id='line_1_126' title="bbox 1447 3506 2053 3540; baseline -0.005 -7"><span class='ocrx_word' id='word_1_916' title='bbox 1447 3510 1471 3540; x_wconf 78' lang='grc' dir='ltr'>κ)</span> <span class='ocrx_word' id='word_1_917' title='bbox 1492 3508 1684 3540; x_wconf 79' lang='lat' dir='ltr'>distinguatur.</span> <span class='ocrx_word' id='word_1_918' title='bbox 1701 3520 1720 3527; x_wconf 86' lang='lat'>-</span> <span class='ocrx_word' id='word_1_919' title='bbox 1738 3507 1915 3540; x_wconf 79' lang='lat' dir='ltr'>distinguitur</span> <span class='ocrx_word' id='word_1_920' title='bbox 1931 3506 2053 3530; x_wconf 83' lang='lat' dir='ltr'>ABCDE.</span> 
     </span>
     <span class='ocr_line' id='line_1_127' title="bbox 1446 3542 1932 3576; baseline -0.004 -8"><span class='ocrx_word' id='word_1_921' title='bbox 1446 3543 1474 3576; x_wconf 90' lang='grc' dir='ltr'>λ)</span> <span class='ocrx_word' id='word_1_922' title='bbox 1491 3543 1647 3575; x_wconf 84' lang='lat' dir='ltr'>procedens.</span> <span class='ocrx_word' id='word_1_923' title='bbox 1665 3557 1684 3561; x_wconf 98' lang='lat'><em>-</em></span> <span class='ocrx_word' id='word_1_924' title='bbox 1698 3549 1838 3574; x_wconf 80' lang='lat' dir='ltr'>processus</span> <span class='ocrx_word' id='word_1_925' title='bbox 1856 3542 1932 3566; x_wconf 88' lang='lat' dir='ltr'>ACE.</span> 
     </span>
    </p>

    <p class='ocr_par' dir='ltr' id='par_1_31' title="bbox 1447 3577 1898 3613">
     <span class='ocr_line' id='line_1_128' title="bbox 1447 3577 1898 3613; baseline -0.004 -10"><span class='ocrx_word' id='word_1_926' title='bbox 1447 3581 1475 3613; x_wconf 80' lang='grc' dir='ltr'>μ)</span> <span class='ocrx_word' id='word_1_927' title='bbox 1495 3579 1583 3604; x_wconf 83' lang='lat' dir='ltr'>aliter.</span> <span class='ocrx_word' id='word_1_928' title='bbox 1600 3592 1619 3597; x_wconf 89' lang='lat'>—</span> <span class='ocrx_word' id='word_1_929' title='bbox 1638 3578 1700 3603; x_wconf 88' lang='lat' dir='ltr'>Om.</span> <span class='ocrx_word' id='word_1_930' title='bbox 1719 3577 1898 3602; x_wconf 86' lang='lat' dir='ltr'>ACDEFGab.</span> 
     </span>
    </p>

    <p class='ocr_par' dir='ltr' id='par_1_32' title="bbox 1447 3613 1906 3647">
     <span class='ocr_line' id='line_1_129' title="bbox 1447 3613 1906 3647; baseline -0.002 -9"><span class='ocrx_word' id='word_1_931' title='bbox 1447 3615 1470 3647; x_wconf 84' lang='grc' dir='ltr'>ν)</span> <span class='ocrx_word' id='word_1_932' title='bbox 1489 3614 1618 3647; x_wconf 77' lang='lat' dir='ltr'>genitum.</span> <span class='ocrx_word' id='word_1_933' title='bbox 1635 3627 1654 3632; x_wconf 99' lang='lat'>-</span> <span class='ocrx_word' id='word_1_934' title='bbox 1671 3613 1776 3646; x_wconf 79' lang='lat' dir='ltr'>genitus</span> <span class='ocrx_word' id='word_1_935' title='bbox 1795 3613 1906 3638; x_wconf 84' lang='lat' dir='ltr'>codices.</span> 
     </span>
    </p>
   </div>
   <div class='ocr_carea' id='block_1_18' title="bbox 2280 3673 2315 3697">
    <p class='ocr_par' dir='ltr' id='par_1_33' title="bbox 2280 3673 2315 3697">
     <span class='ocr_line' id='line_1_130' title="bbox 2280 3673 2315 3697; baseline 0 -8"><span class='ocrx_word' id='word_1_936' title='bbox 2280 3673 2315 3697; x_wconf 88' lang='lat'>4⁰</span> 
     </span>
    </p>
   </div>
   <div class='ocr_carea' id='block_1_19' title="bbox 2478 1385 2597 1412">
    <p class='ocr_par' dir='ltr' id='par_1_34' title="bbox 2478 1385 2597 1412">
     <span class='ocr_line' id='line_1_131' title="bbox 2478 1385 2597 1412; baseline -0.008 -6"><span class='ocrx_word' id='word_1_937' title='bbox 2478 1385 2489 1395; x_wconf 83' lang='grc'><em>“</em></span> <span class='ocrx_word' id='word_1_938' title='bbox 2504 1385 2532 1406; x_wconf 90' lang='lat' dir='ltr'>D.</span> <span class='ocrx_word' id='word_1_939' title='bbox 2549 1390 2597 1412; x_wconf 89' lang='lat'>773.</span> 
     </span>
    </p>
   </div>
   <div class='ocr_carea' id='block_1_20' title="bbox 2485 2949 2610 2972">
    <p class='ocr_par' dir='ltr' id='par_1_35' title="bbox 2485 2949 2610 2972">
     <span class='ocr_line' id='line_1_132' title="bbox 2485 2949 2610 2972; baseline -0.01 0.263"><span class='ocrx_word' id='word_1_940' title='bbox 2485 2950 2539 2972; x_wconf 85' lang='lat' dir='ltr'>·D.</span> <span class='ocrx_word' id='word_1_941' title='bbox 2555 2949 2610 2971; x_wconf 82' lang='lat'>1126.</span> 
     </span>
    </p>
   </div>
  </div>
 </body>
</html>
