2768 4178
55 480 65 489 '¹
83 479 140 507 Cap.
155 485 180 501 u.

66 3530 74 3539 ·
90 3528 157 3550 Vers.
167 3534 191 3554 4.

296 299 373 334 240

299 379 364 404 sae
385 372 657 416 quaererentur
675 372 717 401 ut
734 364 893 413 primae,
911 372 947 401 et
966 376 1045 401 non
1066 363 1326 412 dependentes
1346 376 1368 400 a

299 419 428 458 divina
445 420 654 456 voluntate.
685 418 734 455 Et
753 417 806 454 sic
825 417 990 466 loquitur
1009 416 1243 464 Augustinus
1263 415 1301 453 in
1316 417 1366 452 III

299 473 344 510 de
372 474 408 510 T
403 473 474 510 rin.
495 471 533 508 *ε
562 471 710 508 Placuit
735 471 895 508 vanitati
915 470 1225 519 philosophorum
1254 469 1366 506 etiam

298 526 382 563 aliis
418 525 539 562 causis
577 524 729 574 effectus
766 524 1022 573 contingentes
1059 523 1243 568 tribuere,
1281 534 1367 559 cum

299 579 453 615 omnino
489 578 617 615 videre
658 589 733 614 non
769 582 924 626 possent
962 576 1195 624 superiorem
1238 575 1368 612 ceteris

300 632 473 668 omnibus
501 642 668 676 causam,
699 631 792 667 idest
817 630 1046 667 voluntatem
1074 628 1158 665 Dei.

352 686 411 721 AD
440 695 600 721 TERTmM
634 695 819 721 montinum
853 682 978 732 quod,
1009 693 1097 718 cum
1135 681 1241 717 Deus
1277 680 1369 718 velit

301 737 458 774 effectus
487 749 569 774 esse
597 744 755 786 propter
784 748 929 782 causas,
956 734 1190 783 quicumque
1211 733 1368 770 effectus

298 798 614 839 praesupponunt
642 790 810 838 aliquem
840 789 956 826 alium
986 787 1178 833 effectum,
1203 799 1282 824 non
1302 786 1367 823 de-

298 844 468 893 pendent
496 856 540 880 ex
569 844 651 880 sola
679 843 751 880 Dei
779 843 996 888 voluntate,
1027 841 1095 877 sed
1124 852 1169 876 ex
1197 845 1211 863 ¹⁷
1239 839 1367 888 aliquo

351 957 377 989 η)
397 964 442 982 ex.
461 970 480 975 -
497 957 531 982 ab
550 957 602 987 BD,
622 964 675 981 om.
695 956 792 981 ACEF.

987 285 1255 332 QUAESTIO
1286 285 1392 333 XIX,

1422 284 1720 322 ARTICULUS
1748 285 1799 322 VI

1422 363 1508 400 alio.
1540 363 1617 400 Sed
1644 363 1758 413 primi
1788 363 1946 401 effectus
1968 376 2013 401 ex
2039 364 2120 401 sola
2150 364 2278 402 divina
2295 365 2491 403 voluntate

1423 416 1652 466 dependent.
1686 417 1828 466 Utpote
1857 418 1887 454 si
1918 417 2088 454 dicamus
2114 417 2220 466 quod
2247 418 2353 455 Deus
2371 418 2493 456 voluit

1421 469 1621 506 hominem
1655 470 1797 507 habere
1827 483 1986 518 manus,
2016 478 2058 507 ut
2088 470 2324 508 deservirent
2351 471 2492 509 intelle-

1423 522 1509 570 ctui,
1531 523 1728 571 operando
1758 523 1910 561 diversa
1938 536 2074 573 opera:
2106 531 2142 561 et
2169 523 2291 561 voluit
2319 536 2408 561 eum
2426 525 2492 562 ha-

1422 575 1512 612 bere
1547 575 1800 624 intellectum,
1831 578 1880 614 ad
1908 578 1983 614 hoc
2012 577 2117 626 quod
2157 584 2256 614 esset
2282 577 2425 614 homo:
2455 585 2492 614 et

1422 628 1543 665 voluit
1572 640 1661 666 eum
1692 641 1773 666 esse
1802 630 2015 678 hominem,
2035 637 2076 667 ut
2099 630 2286 667 frueretur
2313 629 2409 679 ipso,
2429 630 2493 667 vel

1423 681 1472 718 ad
1505 682 1833 731 complementum
1869 683 2050 720 universi.
2091 683 2201 731 Quae
2230 682 2386 732 quidem
2414 695 2493 720 non

1424 741 1479 770 est
1493 734 1678 772 reducere
1693 735 1743 772 ad
1761 735 1856 773 alios
1870 736 1968 774 fines
1984 736 2358 774 creatosulteriores.
2379 736 2492 774 Unde

1421 786 1645 825 huiusmodi
1674 788 1892 837 dependent
1921 802 1967 826 ex
1996 790 2156 839 simplici
2174 790 2373 827 voluntate
2397 789 2492 826 Dei:

1422 839 1494 876 alia
1521 852 1616 877 vero
1646 852 1692 877 ex
1721 841 1855 878 ordine
1885 842 2000 880 etiam
2033 843 2192 880 aliarum
2223 855 2437 880 causarum.

984 1033 1316 1066 Commentaria
1339 1030 1590 1065 cardinalis
1612 1031 1813 1066 Caietani

360 1126 467 1146 nunus
490 1114 721 1154 intelligendus,
742 1121 778 1145 ut
803 1120 903 1150 sonat,
929 1114 968 1144 de
991 1123 1064 1144 vera
1079 1116 1190 1144 causa.
1207 1131 1228 1136 -
1244 1113 1279 1143 In
1300 1122 1368 1144 cor-

300 1128 437 1201 Tpore
461 1169 525 1189 una
551 1158 725 1194 conclusio,
747 1158 930 1198 responsiva
953 1158 1097 1198 quaesito
1122 1157 1278 1198 negative:
1302 1157 1368 1188 Vo-

298 1203 426 1235 luntatis
443 1203 566 1233 divinae
583 1203 670 1233 nulla
689 1209 735 1233 est
752 1212 854 1233 causa.
872 1219 891 1225 -
908 1203 995 1232 Haec
1019 1201 1182 1232 conclusio
1206 1202 1367 1242 probatur,

299 1248 539 1283 manifestatum
558 1254 588 1277 et
603 1247 740 1277 salvatur
756 1246 851 1277 simul
874 1246 908 1276 id
923 1247 1012 1287 quod
1028 1246 1246 1277 difficultatem
1261 1246 1294 1276 in
1310 1246 1369 1276 hac

298 1303 331 1323 re
355 1292 437 1328 facit,
463 1291 597 1322 scilicet:
622 1291 709 1322 Deus
732 1291 800 1322 vult
823 1291 883 1321 alia
906 1297 1036 1331 propter
1059 1289 1166 1322 finem.

355 1336 504 1367 Probatio
528 1342 583 1366 est.
608 1335 766 1366 Voluntas
790 1335 905 1365 eodem
928 1342 999 1366 actu
1022 1335 1133 1365 volens
1157 1333 1255 1365 finem
1279 1340 1310 1365 et
1333 1344 1370 1364 ea

299 1391 381 1422 quae
397 1387 471 1411 sunt
487 1380 527 1410 ad
545 1379 652 1416 finem,
677 1390 743 1410 non
766 1380 861 1410 habet
879 1379 1068 1410 volitionem
1093 1385 1268 1410 causatam:
1294 1388 1368 1418 ergo

299 1425 448 1456 voluntas
471 1424 577 1454 divina
599 1434 666 1454 non
682 1424 775 1454 habet
795 1433 933 1454 causam.
951 1441 971 1446 -
986 1423 1184 1454 Antecedens
1200 1423 1368 1463 probatur:

300 1469 375 1510 quia
390 1469 477 1499 idem
500 1479 566 1498 non
590 1474 636 1499 est
660 1478 753 1499 causa
769 1468 818 1498 sui
834 1467 944 1508 ipsius.
969 1468 1010 1498 Et
1025 1467 1244 1498 manifestatur
1259 1467 1298 1498 ab
1315 1477 1370 1507 op-

299 1513 416 1554 posito,
443 1512 577 1548 scilicet,
602 1513 732 1552 quando
757 1512 819 1542 alio
844 1519 915 1543 actu
939 1512 1090 1542 volumus
1114 1511 1227 1548 finem,
1254 1518 1284 1542 et
1307 1511 1369 1542 alio

300 1568 336 1588 ea
360 1567 441 1598 quae
465 1563 539 1587 sunt
554 1557 594 1586 ad
610 1556 718 1587 finem.
743 1556 982 1597 Consequentia
999 1565 1075 1587 vero
1100 1557 1270 1596 probatur:
1295 1555 1370 1596 quia

298 1602 447 1632 voluntas
471 1601 577 1631 divina
600 1611 666 1631 uno
691 1607 762 1631 actu
785 1601 855 1631 vult
878 1600 988 1631 omnia
1010 1600 1043 1630 in
1067 1610 1124 1630 sua
1147 1600 1297 1631 bonitate.

355 1645 568 1676 Manifestatio
591 1655 667 1675 vero
692 1645 834 1676 consistit
857 1644 890 1675 in
914 1644 1146 1685 proportionali
1165 1644 1370 1675 similitudine

300 1690 380 1721 inter
413 1689 609 1720 intellectum
633 1696 663 1720 et
686 1689 901 1725 voluntatem,
933 1689 1042 1730 quoad
1065 1689 1202 1719 modum
1234 1687 1371 1719 habendi

281 1738 285 1742 ‘
299 1734 350 1765 vel
365 1743 431 1764 non
448 1733 584 1764 habendi
601 1743 740 1764 causam.
765 1733 911 1763 Habendi
928 1733 1075 1774 quidem:
1101 1733 1177 1774 quia
1193 1733 1370 1763 intellectus

301 1778 362 1809 alio
386 1785 458 1809 actu
474 1777 651 1818 intelligens
667 1777 821 1818 principia
845 1784 876 1808 et
899 1777 1130 1814 conclusiones,
1155 1777 1249 1808 habet
1272 1776 1370 1807 scien-

300 1823 378 1853 tiam
394 1829 563 1853 causatam.
588 1822 662 1852 Non
685 1822 822 1852 habendi
838 1830 931 1852 vero:
957 1821 1032 1862 quia
1055 1821 1231 1852 intellectus
1256 1821 1370 1852 eodem

300 1874 372 1897 actu
396 1866 551 1907 principia
574 1873 604 1897 et
628 1866 848 1896 conclusiones
872 1865 1065 1906 intelligens,
1090 1875 1157 1896 non
1181 1865 1275 1896 habet
1298 1875 1371 1896 con-

301 1910 484 1942 clusionum
501 1910 663 1941 scientiam
679 1917 839 1940 causatam
855 1920 892 1940 ex
909 1909 1086 1950 principiis;
1112 1910 1223 1940 eadem
1238 1909 1369 1945 ratione,

300 1955 376 1996 quia
400 1954 516 1985 scilicet
538 1954 624 1984 idern
647 1964 714 1984 non
739 1961 785 1985 est
808 1964 902 1985 causa
926 1954 975 1984 sui
998 1953 1109 1994 ipsius·

357 1999 392 2029 Id
417 2005 524 2029 autem
547 1999 635 2039 quod
655 1997 872 2029 difficultatem
895 1997 1017 2039 ingerit,
1035 1997 1151 2029 scilicet
1170 1997 1260 2038 quod
1282 1998 1370 2028 Deus

299 2043 369 2074 vult
383 2043 443 2073 alia
462 2049 592 2083 propter
615 2042 722 2079 finem,
743 2043 880 2073 salvatur
898 2043 1013 2083 primo,
1039 2041 1262 2082 distinguendo
1282 2042 1371 2083 quod

300 2087 386 2118 aliud
410 2093 456 2118 est
480 2087 560 2118 velle
583 2087 649 2117 alia
667 2092 804 2127 propter
816 2087 939 2128 finem,
965 2094 995 2117 et
1020 2086 1107 2117 aliud
1131 2093 1178 2117 est
1201 2086 1281 2117 velle
1304 2086 1371 2117 alia

301 2141 369 2162 esse
385 2137 522 2172 propter
529 2132 656 2172 finem:
680 2138 710 2162 et
726 2132 815 2172 quod
830 2131 893 2162 hoc
910 2131 1087 2162 secundum
1103 2137 1149 2162 est
1163 2140 1285 2168 verum,
1303 2140 1370 2161 non

300 2182 409 2207 autem
431 2175 584 2216 primum.
609 2175 766 2212 Secundo,
792 2175 962 2216 aperiendo
986 2175 1048 2206 hoc
1069 2185 1107 2206 ex
1129 2175 1278 2206 inchoata
1300 2184 1371 2215 pro-

300 2220 546 2261 portionalitate.
572 2219 656 2257 Quia
674 2219 850 2251 intellectus
874 2219 1051 2260 intelligens
1067 2229 1134 2250 uno
1151 2226 1223 2250 actu
1243 2219 1371 2250 conclu-

301 2264 406 2294 siones
422 2271 453 2294 et
469 2263 631 2304 principia,
649 2273 714 2294 non
738 2263 882 2304 intelligit
905 2263 1127 2294 conclusiones
1143 2273 1180 2294 ex
1199 2262 1369 2303 principiis,

301 2314 407 2339 tamen
423 2308 568 2348 intelligit
589 2307 809 2338 conclusiones
830 2318 896 2338 esse
920 2317 956 2338 ex
980 2307 1156 2348 principiis:
1182 2314 1213 2338 et
1235 2316 1371 2347 propor-

301 2352 459 2383 tionaliter
482 2359 528 2382 est
543 2352 577 2382 in
597 2352 770 2383 voluntate.
788 2370 808 2374 -
824 2352 930 2383 Causa
953 2359 1062 2382 autem
1077 2351 1175 2382 totius
1191 2350 1371 2392 proportio-

301 2396 438 2427 nalitatis
457 2396 553 2427 huius
568 2396 601 2426 in
614 2396 716 2426 littera
732 2396 879 2437 tangitur,
896 2406 971 2427 cum
992 2395 1114 2433 dicitur,
1130 2396 1206 2436 quia
1223 2395 1372 2427 voluntas

300 2442 446 2482 sequitur
469 2441 673 2471 intellectum.

361 2485 397 2515 11.
422 2485 473 2515 Ad
497 2484 687 2515 evidentiam
711 2494 824 2515 eorum
848 2494 930 2525 quae
953 2484 1003 2515 hic
1028 2483 1190 2520 dicuntur,
1215 2490 1245 2514 et
1268 2483 1301 2514 in
1324 2493 1372 2514 re—

302 2529 475 2569 sponsione
498 2529 538 2559 ad
561 2528 709 2565 tertium,
734 2529 860 2559 adverte
883 2528 939 2558 has
963 2535 1101 2569 quatuor
1125 2527 1370 2568 propositiones.

300 2573 406 2603 Prima
430 2580 491 2609 est,
516 2573 576 2603 hoc
598 2578 645 2603 est
670 2578 806 2613 propter
828 2573 907 2611 hoc;
932 2572 1085 2608 secunda,
1109 2573 1200 2603 Deus
1223 2572 1292 2603 vult
1314 2572 1373 2603 hoc

302 2627 370 2648 esse
386 2622 522 2658 propter
544 2617 624 2655 hoc;
653 2616 760 2653 tertia,
785 2617 844 2648 hoc
867 2622 914 2648 est
937 2617 1068 2648 volitum
1092 2625 1113 2647 a
1135 2617 1218 2654 Deo,
1236 2621 1373 2656 propter

301 2662 361 2692 hoc
383 2661 474 2692 aliud
497 2661 628 2692 volitum
652 2661 692 2691 ab
716 2661 823 2692 eodem
832 2671 847 2699 ,·
871 2668 992 2702 quarta,
1017 2661 1107 2692 Deus
1123 2662 1191 2692 vult
1209 2661 1278 2698 hoc,
1295 2661 1371 2701 quia

303 2706 371 2737 vult
395 2705 476 2736 illud
499 2706 599 2736 aliud.
625 2705 708 2736 Inter
731 2705 786 2736 has
810 2712 918 2736 autem
941 2705 1107 2736 manifesta
1123 2711 1169 2736 est
1189 2704 1369 2736 differentia.

303 2749 468 2788 Quoniam
484 2749 585 2790 prima
601 2750 639 2780 de
655 2750 748 2780 rebus
768 2750 911 2780 absolute
927 2749 1084 2790 loquitur:
1110 2749 1248 2780 secunda
1264 2756 1371 2780 autem

304 2794 342 2824 de
359 2793 487 2830 eisdem,
505 2800 541 2824 ut
556 2793 661 2824 volitis
685 2793 820 2834 simplici
835 2794 999 2825 voluntate
1015 2803 1033 2824 a
1049 2794 1134 2824 Deo:
1159 2793 1248 2825 tertia
1264 2800 1371 2824 autem

303 2845 334 2869 et
349 2845 460 2879 quarta
483 2838 698 2869 causalitatem
721 2838 816 2868 unius
835 2838 996 2869 volitionis
1016 2844 1158 2878 respectu
1176 2837 1301 2868 alterius
1325 2837 1370 2868 in-

256 2879 259 2887 '
304 2882 429 2913 cludere
451 2882 607 2913 videntur.
632 2883 674 2913 Et
697 2889 855 2923 quantum
883 2892 920 2913 ex
943 2882 1001 2913 hac
1025 2882 1126 2913 littera
1149 2889 1293 2922 apparet,
1318 2892 1371 2912 ne-

303 2927 423 2967 gandae
446 2926 592 2957 videntur
615 2926 692 2957 istae
717 2926 797 2957 duae
822 2927 967 2963 ultimae,
993 2937 1068 2958 curn
1091 2936 1234 2968 expresse
1258 2925 1372 2957 dicitur

303 2971 392 3012 quod
415 2971 505 3001 Deus
529 2981 591 3001 non
610 2976 746 3011 propter
768 2971 827 3002 hoc
851 2971 918 3002 vult
941 2971 1007 3002 hoc.

363 3015 414 3046 111.
432 3015 562 3052 Verum,
579 3015 604 3045 si
620 3015 799 3056 diligentius
820 3015 1056 3046 consideremus
1080 3015 1289 3046 intentionem
1305 3017 1371 3045 Au-

1423 1113 1527 1149 ctoris,
1545 1119 1575 1144 et
1591 1112 1834 1154 responsionem
1851 1113 1890 1143 ad
1906 1113 2044 1150 tertium,
2069 1124 2144 1145 cum
2168 1115 2310 1146 doctrina
2328 1116 2440 1147 tradita
2459 1116 2493 1147 in

1424 1157 1436 1187 I
1456 1157 1578 1188 Contra
1604 1157 1708 1195 Gent„
1735 1167 1803 1198 cap.
1820 1167 1945 1194 Lxxxw,
1969 1168 2106 1195 Lxxxvn,
2132 1160 2241 1199 quoad
2263 1169 2331 1190 rem
2351 1160 2492 1201 quidem,

1423 1201 1595 1232 dicendum
1618 1209 1664 1233 est
1687 1202 1776 1243 quod
1800 1208 1888 1232 actus
1910 1202 2084 1233 voluntatis
2107 1202 2230 1233 divinae
2255 1203 2409 1244 attingens
2431 1205 2494 1236 hoc

1423 1246 1569 1283 volitum,
1586 1253 1664 1286 puta
1680 1246 1865 1276 universum
1881 1246 1931 1276 vel
1949 1246 2125 1282 hominem,
2143 1257 2185 1278 ex
2193 1252 2290 1287 parte
2305 1253 2397 1279 actus
2413 1255 2495 1280 caret

1423 1300 1534 1327 causa,
1558 1300 1625 1321 non
1649 1291 1756 1321 solum
1779 1297 1816 1321 ut
1839 1290 1900 1321 tale
1924 1300 1979 1321 ens
2003 1297 2058 1327 est,
2084 1291 2139 1322 sed
2162 1291 2257 1322 etiarn
2280 1298 2317 1322 ut
2340 1292 2494 1333 attingens

1423 1334 1484 1365 tale
1498 1334 1651 1366 volitum:
1675 1334 1718 1366 ita
1734 1334 1824 1376 quod
1845 1334 2028 1375 attingentia
2043 1335 2123 1366 velle
2148 1335 2245 1366 divini
2264 1343 2408 1376 respectu
2424 1336 2494 1367 uni-

1422 1378 1513 1416 versi,
1530 1389 1566 1410 ex
1582 1385 1670 1420 parte
1689 1386 1777 1410 actus
1796 1388 1864 1409 non
1884 1386 2030 1410 causatur
2046 1389 2082 1410 ex
2099 1379 2284 1420 attingentia
2298 1380 2379 1411 velle
2395 1380 2493 1412 divini

1423 1430 1568 1463 respectu
1598 1422 1749 1454 bonitatis
1772 1433 1857 1454 suae.
1888 1423 1930 1463 Et
1951 1423 2014 1455 hoc
2037 1423 2171 1455 intendit
2200 1434 2275 1455 cum
2303 1424 2378 1455 dicit
2405 1425 2495 1466 quod

1423 1467 1510 1498 Deus
1526 1477 1589 1498 non
1607 1473 1744 1508 propter
1759 1467 1819 1498 hoc
1834 1467 1902 1498 vult
1917 1467 1984 1498 hoc.
2011 1468 2099 1499 Idem
2115 1475 2222 1499 tamen
2241 1475 2329 1499 actus
2345 1478 2387 1500 ex
2396 1474 2496 1510 parte

1424 1512 1512 1543 voliti
1539 1511 1634 1542 habet
1664 1522 1813 1548 causam,
1847 1511 1890 1542 ita
1912 1513 2002 1552 quod
2032 1512 2216 1553 attingentia
2246 1512 2370 1553 passiva
2399 1513 2495 1544 unius

1424 1562 1570 1587 causatur
1593 1566 1630 1587 ex
1653 1555 1836 1596 attingentia
1858 1556 1982 1596 passiva
2001 1557 2144 1593 alterius;
2164 1556 2254 1593 idest,
2271 1567 2339 1588 esse
2357 1557 2496 1589 volitum

1425 1600 1520 1631 unius
1545 1607 1691 1631 causatur
1706 1611 1743 1631 ex
1759 1609 1826 1631 esse
1849 1600 1950 1631 volito
1973 1601 2111 1632 alterius.
2136 1601 2181 1632 Ita
2200 1601 2290 1642 quod
2306 1611 2372 1632 non
2387 1602 2495 1633 solum

1424 1644 1591 1675 hominem
1607 1654 1674 1675 esse
1690 1651 1836 1675 causatur
1858 1643 1891 1674 in
1914 1654 2028 1685 genere
2052 1655 2164 1676 causae
2182 1645 2285 1676 finalis
2302 1655 2340 1677 ex
2356 1645 2494 1677 universi

1424 1688 1635 1729 perfectione:
1661 1689 1716 1720 sed
1739 1689 1834 1720 etiam
1850 1688 2017 1720 hominem
2040 1700 2107 1721 esse
2122 1689 2260 1721 volitum
2280 1700 2299 1721 a
2313 1690 2394 1727 Deo,
2419 1700 2494 1722 cau-

1425 1739 1511 1764 satur
1533 1743 1571 1763 ex
1593 1733 1655 1764 hoc
1678 1733 1767 1774 quod
1790 1732 1976 1763 universum
2000 1740 2046 1765 est
2068 1733 2205 1766 volitum
2228 1744 2245 1765 a
2268 1734 2348 1766 Deo.

1483 1777 1525 1808 Et
1548 1777 1573 1808 si
1596 1777 1730 1808 instetur
1753 1788 1771 1808 a
1793 1777 1917 1818 passiva
1940 1777 1980 1808 ad
2003 1778 2152 1815 activam,
2183 1779 2314 1810 volitum
2339 1784 2496 1811 causatur

1424 1831 1445 1852 a
1469 1822 1576 1859 volito,
1602 1831 1682 1862 ergo
1706 1822 1787 1852 velle
1809 1826 1965 1852 causatur
1992 1831 2013 1852 a
2037 1822 2134 1853 velle:
2162 1823 2326 1862 negandus
2349 1830 2396 1854 est
2418 1833 2493 1864 pro-

1426 1875 1541 1896 cessus.
1565 1866 1625 1896 Vel
1648 1865 1910 1906 distinguendum
1929 1872 1984 1902 est,
2005 1866 2094 1906 quod
2116 1876 2284 1907 processus
2307 1867 2377 1898 talis
2400 1873 2495 1905 tenet,

1425 1910 1555 1950 quando
1587 1909 1751 1949 passivum
1781 1916 1935 1950 aequatur
1966 1909 2087 1941 activo:
2120 1911 2250 1951 quando
2283 1917 2391 1942 autern
2414 1911 2496 1943 actio

1425 1953 1545 1985 excedit
1568 1953 1760 1994 passionem,
1785 1953 1828 1984 ita
1851 1953 1942 1994 quod
1964 1953 2047 1985 actio
2071 1961 2118 1985 est
2140 1964 2213 1991 una,
2238 1954 2401 1996 passiones
2423 1961 2498 1987 sunt

1425 1998 1562 2034 multae,
1592 2004 1652 2029 stat
1680 1997 1863 2038 passionem
1887 1998 2007 2029 causari
2032 2008 2068 2029 ex
2091 1998 2257 2039 passione,
2287 1999 2407 2041 absque
2434 1999 2498 2031 hoc

1425 2042 1515 2083 quod
1538 2042 1620 2073 actio
1645 2049 1800 2073 causetur.
1832 2042 1874 2073 Et
1901 2042 2035 2073 merito:
2067 2043 2143 2084 quia
2171 2053 2299 2074 causare
2323 2050 2353 2074 et
2377 2043 2497 2075 causari

1426 2086 1638 2117 diversitatem
1670 2086 1814 2127 exigunt;
1848 2093 1879 2118 et
1908 2093 2076 2127 propterea
2103 2087 2208 2118 unitas
2236 2087 2371 2119 actionis
2403 2088 2498 2119 attin-

1425 2130 1526 2171 gentis
1549 2137 1597 2162 tot
1620 2141 1726 2171 passa,
1752 2131 1968 2162 causalitatem
1992 2141 2010 2161 a
2034 2141 2067 2162 se
2091 2131 2244 2168 excludit;
2273 2131 2497 2173 multiplicatio

1426 2182 1533 2206 autem
1555 2175 1744 2215 passionum
1766 2174 1853 2206 iuxta
1881 2185 2054 2206 numerum
2077 2186 2257 2218 passorum,
2282 2176 2499 2208 causalitatem

1425 2219 1521 2250 unius
1545 2219 1583 2249 ab
1607 2219 1703 2250 altera
1726 2229 1793 2249 non
1817 2219 1963 2250 excludit.
2482 2256 2488 2260 ,

1482 2262 1534 2294 1v.
1552 2263 1669 2300 Quoad
1685 2263 1921 2303 propositiones
1935 2262 1954 2281 ⁴*
1976 2273 2062 2300 vero,
2080 2263 2252 2295 dicendum
2266 2264 2391 2296 videtur
2409 2265 2499 2306 quod

1425 2311 1492 2337 no'n
1508 2306 1615 2337 solum
1631 2307 1758 2347 primae.
1774 2306 1865 2343 duae,
1884 2307 1938 2338 sed
1962 2307 2057 2338 etiam
2080 2307 2169 2338 tertia
2184 2308 2264 2339 bene
2280 2315 2382 2341 sonat.
2407 2309 2498 2347 Quo-

1426 2351 1512 2381 niam
1528 2360 1595 2381 non
1610 2351 1703 2391 ponit
1726 2351 1970 2392 dependentium
1986 2351 2150 2382 volitionis
2167 2361 2204 2382 ex
2220 2359 2308 2392 parte
2327 2360 2425 2390 actus,
2442 2353 2498 2384 sed

1426 2405 1463 2426 ex
1477 2401 1565 2436 parte
1581 2395 1686 2426 voliti:
1712 2402 1742 2426 et
1765 2405 1908 2436 expresse
1923 2395 1957 2426 in
1973 2395 2046 2426 loco
2070 2396 2204 2436 allegato
2219 2396 2237 2415 *
2260 2396 2383 2434 dicitur,
2408 2397 2498 2439 quod

1426 2449 1530 2470 unum
1545 2439 1682 2470 volitum
1696 2449 1714 2470 a
1729 2440 1799 2470 Deo
1817 2446 1863 2470 est
1879 2449 1973 2470 causa
1996 2440 2083 2471 alteri
2098 2441 2187 2481 quod
2204 2441 2295 2472 cadat
2310 2442 2369 2472 sub
2386 2441 2497 2472 ordine

1425 2483 1598 2515 voluntatis
1621 2483 1754 2515 divinae.
1779 2484 1900 2521 Quarta
1923 2491 2049 2520 autem,
2075 2484 2230 2525 quoniam
2253 2485 2499 2526 dependendam

1426 2527 1580 2568 significat
1610 2537 1646 2558 ex
1673 2535 1760 2568 parte
1784 2534 1888 2564 actus,
1915 2529 2116 2559 concedenda
2140 2538 2196 2560 seu
2219 2528 2252 2560 in
2276 2539 2373 2560 usum
2396 2529 2494 2562 dedu-

1427 2572 1525 2603 cenda
1547 2582 1614 2602 non
1638 2579 1699 2603 est:
1725 2573 1779 2602 sed
1803 2572 1854 2612 pie
1878 2573 2082 2612 exponenda,
2108 2579 2139 2604 et
2161 2583 2198 2604 ex
2227 2580 2314 2614 parte
2337 2573 2426 2606 voliti
2448 2574 2497 2606 in-

1425 2616 1641 2657 terpretanda,
1667 2616 1692 2646 si
1716 2616 1831 2647 alicubi
1855 2616 2023 2648 invenitur.

1478 2661 1517 2692 V.
1535 2660 1619 2691 Hinc
1634 2670 1765 2702 quoque
1782 2661 1877 2691 habes
1894 2660 2101 2692 differentiam
2115 2661 2196 2692 inter
2213 2662 2391 2693 secundum
2406 2672 2498 2703 argu-

1425 2710 1572 2736 mentum
1587 2711 1618 2735 et
1637 2704 1774 2742 tertium,
1795 2705 1828 2735 in
1846 2705 1957 2736 littera.
1983 2705 2168 2737 Secundum
2190 2705 2276 2737 enim
2299 2705 2442 2748 loquitur
2458 2706 2498 2738 de

1426 2749 1527 2780 causis
1543 2759 1650 2780 rerum
1665 2749 1835 2780 volitarum
1854 2749 2015 2780 absolute:
2041 2749 2170 2781 tertium
2188 2759 2264 2781 vero
2281 2750 2319 2781 de
2336 2750 2438 2782 causis
2452 2759 2498 2782 re-

1426 2803 1498 2824 rum
1512 2793 1546 2823 in
1561 2793 1671 2824 ordine
1688 2793 1727 2823 ad
1743 2793 1943 2824 voluntatem
1959 2793 2109 2831 divinam,
2122 2804 2158 2825 ex
2171 2801 2257 2835 parte
2273 2801 2380 2825 tamen
2395 2794 2495 2826 voliti-

1426 2837 1520 2869 Verbi
1543 2837 1654 2878 gratia,
1687 2837 1843 2878 primum.
1858 2838 1992 2869 intendit
2015 2839 2104 2880 quod
2127 2848 2193 2870 non
2217 2838 2256 2870 sit
2278 2839 2497 2880 quaerendum

1426 2891 1523 2923 quare
1546 2881 1647 2912 horno
1671 2881 1765 2913 habet
1787 2891 1916 2913 manus:
1942 2883 2120 2914 secundum
2142 2893 2228 2919 vero,
2253 2883 2342 2924 quod
2366 2892 2432 2914 non
2456 2882 2496 2914 sit

1426 2926 1644 2967 quaerendum
1658 2936 1755 2967 quare
1771 2926 1858 2957 Deus
1874 2926 1975 2958 voluit
1990 2927 2156 2958 hominem
2172 2927 2286 2958 habere
2305 2936 2429 2958 manus.
2454 2926 2498 2958 Et

1425 2970 1505 3001 illud
1533 2970 1664 3012 quidem
1694 2977 1813 3011 spectat
1836 2971 1876 3001 ad
1903 2971 2040 3012 primam
2070 2970 2338 3012 propositionem:
2370 2970 2432 3002 hoc
2456 2971 2497 3001 ad

1426 3014 1559 3051 tertiam,
1578 3014 1704 3055 proprie
1727 3014 1902 3056 loquendo.
1920 3033 1938 3038 -
1955 3015 1996 3047 Et
2019 3015 2063 3046 sic
2085 3014 2238 3056 intelliges
2262 3014 2495 3056 responsiones.

1123 3168 1440 3211 ARTICULUS
1471 3168 1679 3210 SEXTUS

910 3261 1067 3292 UTRUM
1091 3260 1326 3293 VOLUNTAS
1348 3260 1420 3291 DEI
1445 3260 1612 3292 SEMPER
1637 3260 1888 3293 IMPLEATUR

642 3341 650 3365 1
672 3341 754 3371 Sent„
775 3341 833 3366 dist.
852 3349 918 3371 xLVt,
938 3347 985 3366 art.
1004 3349 1030 3372 1;
1051 3342 1101 3366 dist
1119 3349 1195 3373 xtvu,
1215 3346 1262 3366 art.
1279 3349 1300 3373 1,
1316 3340 1343 3372 33
1364 3341 1406 3366 De
1430 3341 1519 3370 Verit„
1539 3349 1584 3374 qu.
1602 3349 1672 3372 xxm,
1692 3346 1739 3367 art.
1761 3348 1789 3372 23
1809 3341 1818 3366 l
1842 3340 1916 3370 nm„
1937 3348 1993 3374 cap.
2007 3347 2035 3371 11,
2055 3341 2113 3365 lect.
2132 3348 2150 3366 1.

339 3437 406 3478 '‘iffi'‘
420 3439 493 3485 μς(
518 3433 540 3457 n
569 3432 710 3458 sextum
739 3432 792 3457 s1c
821 3432 1061 3458 paoenmrua.
1091 3420 1250 3458 Videtur
1269 3420 1372 3469 quod

332 3454 491 3533 ‘gffssd
517 3474 694 3511 voluntas
736 3474 808 3510 Dei
851 3486 929 3510 non
968 3486 1119 3523 semper
1159 3474 1370 3523 impleatur.

323 3511 618 3584 iffxqbffDict
656 3526 757 3563 enim
791 3527 1020 3576 Apostolus,
1057 3528 1069 3564 1
1100 3528 1151 3564 ad
1181 3527 1275 3564 Tim.
1293 3525 1371 3574 11²⁸,

310 3590 322 3601 ⁷
362 3555 459 3613 ζ’·Ψ)
475 3571 623 3627 quod
653 3581 758 3616 Deus
786 3580 865 3617 vult
893 3592 1022 3617 omnes
1049 3581 1218 3617 homines
1249 3579 1372 3617 salvos

297 3631 402 3679 fieri,
432 3637 467 3667 et
493 3633 544 3669 ad
570 3633 801 3682 agnitionem
830 3634 996 3671 veritatis
1024 3634 1162 3671 venire.
1194 3633 1270 3671 Sed
1299 3633 1373 3670 hoc

1427 3432 1505 3457 non
1533 3420 1583 3457 ita
1613 3421 1749 3458 evenit.
1790 3421 1892 3469 Ergo
1922 3420 2098 3457 voluntas
2136 3421 2208 3458 Dei
2236 3433 2316 3459 non
2344 3431 2496 3470 semper

1427 3473 1615 3522 impletur.

1482 3537 1515 3562 2.
1539 3527 1770 3573 PRAETEREA,
1792 3526 1888 3563 sicut
1907 3539 1946 3563 se
1967 3527 2082 3564 habet
2102 3527 2257 3564 scientia
2277 3526 2326 3564 ad
2343 3538 2494 3573 verum,

1426 3579 1476 3615 ita
1504 3579 1680 3616 voluntas
1710 3579 1759 3616 ad
1787 3579 1948 3617 bonum.
1979 3580 2057 3617 Sed
2076 3581 2182 3618 Deus
2202 3579 2270 3617 scit
2289 3591 2406 3617 omne
2425 3591 2494 3616 ve-

1427 3644 1524 3669 rum.
1564 3632 1664 3680 Ergo
1694 3632 1775 3669 vult
1804 3645 1920 3670 omne
1949 3634 2107 3671 bonum.
2149 3633 2226 3671 Sed
2260 3644 2340 3670 non
2377 3644 2495 3669 omne

2526 2273 2537 2284 '¹
2551 2271 2589 2296 Cf.
2603 2277 2670 2296 nnn.
2679 2278 2708 2296 ιι.

2525 2405 2534 2415 ·
2541 2404 2579 2428 Cf.
2587 2409 2653 2428 num.
2662 2410 2742 2433 praec.
