2768 4178
36 2928 45 2938 “
60 2927 112 2949 Art.
127 2926 149 2948 8.

38 3375 49 3386 ⁸
64 3374 116 3396 Lib.
131 3374 153 3399 1.
169 3380 254 3423 caiaci'.

39 3407 104 3427 n.12;
121 3400 191 3423 sfrh.

39 3434 55 3450 ι.
71 3440 83 3445 -
103 3427 138 3450 ef.
158 3428 198 3450 nh.
218 3427 252 3454 v,

39 3454 252 3507 fitrrvtzzczzth·

292 279 362 326 196

911 249 913 251 ’
963 274 1231 322 QUAESTIO
1261 276 1363 323 le,
1393 277 1691 315 ARTICULUS
1722 278 1809 314 xv1

966 404 1302 437 Commentaria
1324 404 1578 438 Cardjnalis
1600 405 1803 439 Caietani

347 500 454 521 umus
478 489 589 522 clarus.
612 507 632 511 -
656 488 691 519 In
720 498 853 529 corpore
877 498 941 519 una
966 488 1144 524 conclusio,
1173 488 1357 528 responsiva

288 503 490 576 Tquaesito
515 533 718 564 affirmative:
744 533 879 564 Scientia
902 533 962 564 Dei
991 543 1058 563 non
1082 539 1128 563 est
1155 532 1319 564 variabilis.
1337 550 1357 555 —

284 580 448 611 Probatur.
474 578 656 609 Substantia
683 578 743 609 Dei
775 585 821 609 est
854 577 988 608 omnino
1020 576 1249 608 immutabilis:
1281 587 1356 617 ergo

284 624 414 656 scientia
436 623 495 654 Dei
512 630 559 653 est
575 622 710 653 omnino
733 621 934 652 invariabilis.
950 639 970 644 -
984 621 1141 652 Probatur
1159 631 1357 663 consequen-

284 669 341 700 tia:
367 668 442 710 quia
465 667 594 699 scientia
619 674 665 698 est
687 667 756 707 ipsa
775 666 949 697 substantia
968 665 1038 696 Dei.

343 713 379 744 11.
405 713 440 743 ln
464 711 671 752 responsione
696 711 736 742 ad
759 710 904 747 tertium,
930 710 1011 741 circa
1033 710 1114 740 illud
1137 709 1273 747 dictum,
1299 710 1356 741 sci-

283 758 365 794 licet,
381 758 461 788 haec
484 766 547 787 non
573 762 621 787 est
643 766 740 794 vera,
765 755 920 796 quidquid
939 755 1030 785 Deus
1052 755 1156 792 scivit,
1170 755 1242 792 scit,
1263 755 1293 786 si
1313 755 1358 786 ad

284 802 494 834 enuntiabilia
517 801 702 843 referatur,
726 800 862 831 dubium
886 799 1022 830 occurrit
1046 809 1082 830 ex
1105 798 1220 839 triplici
1243 799 1354 840 capite.

282 848 392 878 Primo
408 846 461 877 sic.
482 845 570 877 Sicut
586 845 792 876 enuntiabilia
807 844 1003 886 quandoque
1019 850 1094 874 sunt
1109 853 1182 873 vera
1203 849 1234 874 et
1254 853 1356 884 quan-

284 891 391 933 doque
407 901 483 927 non,
502 898 532 922 et
547 890 620 920 ideo
640 889 728 931 prius
751 889 829 920 scita
852 888 1045 925 nesciuntur,
1062 887 1105 918 ita
1121 897 1169 918 res
1186 888 1354 928 quaedam,

282 943 361 978 puta
380 936 533 971 Socrates,
550 935 746 976 quandoque
769 940 816 964 est
834 943 890 964 ens
907 939 938 964 et
952 932 1148 974 quandoque
1171 941 1255 962 non:
1280 942 1356 972 ergo

283 981 378 1012 etiam
398 990 446 1011 res
469 978 689 1020 corruptibiles
713 978 801 1018 prius
825 978 920 1009 scitae
943 977 1142 1009 nesciuntur:
1168 986 1244 1017 ergo
1267 976 1357 1007 nulla

283 1033 329 1057 est
352 1024 525 1055 differentia
557 1023 637 1055 inter
664 1022 871 1053 enuntiabilia
894 1028 925 1053 et
947 1032 995 1053 res
1020 1022 1128 1063 quoad
1158 1021 1239 1052 hoc:
1265 1021 1356 1052 cuius

283 1069 471 1111 oppositum
488 1078 524 1099 ex
538 1068 640 1099 littera
655 1067 798 1098 habetur.
815 1084 835 1089 -
852 1066 1091 1108 Consequentia
1105 1072 1199 1106 patet.
1223 1065 1265 1097 Et
1280 1075 1355 1107 pro-

282 1113 388 1156 portio
421 1113 591 1154 probatur:
626 1111 702 1152 quia
732 1120 799 1141 non
831 1110 931 1151 magis
962 1110 1074 1142 fundat
1107 1110 1214 1141 scibile
1242 1120 1356 1141 verum

282 1168 380 1200 quam
400 1166 471 1194 ens;
496 1155 756 1197 unumquodque
772 1155 858 1186 enim
874 1155 1087 1196 cognoscibile
1103 1161 1159 1191 est,
1177 1155 1355 1186 secundum

282 1203 371 1244 quod
387 1209 434 1233 est
450 1211 515 1232 ens.
532 1219 552 1224 -
566 1201 608 1232 Et
627 1199 843 1231 confirmatur.
868 1199 954 1237 Quia
970 1199 1051 1231 sicut
1068 1200 1156 1230 Deus
1171 1200 1209 1230 ab
1225 1205 1353 1230 aeterno

280 1247 423 1279 intuetur
446 1245 641 1277 nativitatem
658 1244 777 1276 Christi
799 1254 860 1285 pro
876 1244 931 1276 tali
947 1251 1102 1285 tempore,
1118 1244 1162 1276 ita
1175 1244 1238 1275 hoc
1255 1254 1354 1275 enun-

281 1292 404 1328 tiabile,
432 1291 581 1322 Christus
603 1290 769 1327 nascitur,
794 1299 854 1330 pro
883 1289 1004 1333 eodem*
1026 1296 1190 1330 tempore:
1215 1296 1246 1320 et
1273 1289 1355 1321 sicut

280 1337 422 1368 intuetur
446 1345 512 1366 non
536 1345 603 1366 esse
626 1333 796 1365 nativitatis
821 1333 939 1365 Christi
962 1344 1021 1375 pro
1045 1333 1114 1364 aliis
1137 1333 1352 1374 temporibus,

281 1381 324 1412 ita
343 1380 512 1411 falsitatem
535 1378 686 1420 praedicti
703 1377 922 1409 enuntiabilis:
947 1388 1033 1419 ergo,
1050 1378 1132 1410 sicut
1155 1388 1221 1409 non
1242 1378 1356 1410 dicitur

281 1425 399 1456 nescire
423 1424 619 1455 nativitatem
643 1422 761 1454 Christi
784 1432 884 1464 quam
907 1422 1006 1459 scivit,
1023 1422 1067 1454 sic
1083 1433 1150 1453 non
1170 1423 1263 1454 debet
1278 1433 1354 1454 con-

281 1470 349 1501 cedi
373 1469 491 1500 nescire
514 1469 596 1499 illud
619 1467 811 1499 enuntiabile
835 1467 926 1508 quod
948 1467 1048 1499 scivit.

335 1514 482 1546 Secundo
497 1513 550 1544 sic.
568 1512 699 1554 Optime
715 1511 868 1553 sequitur,
881 1512 972 1543 Deus
988 1513 1088 1543 nescit
1102 1512 1227 1553 aliquid
1242 1522 1353 1543 eorum

280 1569 363 1601 quae
385 1559 495 1596 scivit,
521 1567 601 1599 ergo
618 1557 781 1598 pauciora
804 1557 864 1588 scit
886 1566 984 1598 quam
1007 1557 1109 1588 scivit.
1143 1556 1354 1598 Consequens

280 1603 395 1635 dicitur
418 1613 485 1633 non
509 1601 770 1638 concedendum,
795 1600 828 1631 in
852 1601 1061 1642 responsione
1090 1601 1130 1632 ad
1160 1601 1353 1638 secundum,

281 1648 356 1690 quia
379 1647 522 1688 implicat
552 1656 683 1677 sensum
715 1645 943 1686 compositum.
978 1644 1218 1687 Consequentia
1246 1653 1354 1677 autem

280 1693 448 1734 probatur:
468 1691 544 1732 quia
563 1690 707 1722 minutus
724 1696 771 1721 est
790 1690 828 1721 de
848 1690 932 1721 facto
949 1700 1103 1721 numerus
1122 1690 1285 1722 scitorum.

341 1738 447 1768 Tertio
471 1736 525 1767 sic.
550 1736 638 1766 Deus
654 1734 745 1766 scivit
768 1734 900 1776 aliquod
915 1734 1110 1766 enuntiabile
1133 1735 1222 1776 quod
1238 1735 1354 1767 nescit:

280 1792 356 1822 ergo
381 1781 459 1812 scire
482 1790 579 1811 suum
602 1779 746 1811 transivit
767 1779 799 1810 in
824 1779 962 1810 nescire:
996 1789 1071 1820 ergo
1094 1779 1228 1811 variatio
1253 1786 1299 1811 est
1322 1779 1355 1810 in

280 1826 409 1858 scientia
431 1825 500 1856 Dei.
527 1826 594 1856 Nec
616 1824 741 1856 videtur
762 1823 905 1855 sufficere
930 1823 1096 1866 responsio
1120 1824 1226 1866 posita
1249 1824 1283 1855 in
1305 1824 1355 1856 lit-

279 1877 362 1902 tera:
387 1870 463 1912 quia
481 1879 548 1900 non
567 1869 654 1900 idem
677 1878 745 1900 esse
763 1868 919 1900 iudicium
939 1869 977 1900 de
997 1868 1182 1900 enuntiabili
1203 1876 1233 1901 et
1252 1869 1291 1900 de
1310 1879 1353 1906 re,

278 1915 382 1947 littera
405 1914 548 1946 sustinet.

338 1959 389 1990 111.
414 1959 464 1990 Ad
489 1957 681 1989 evidentiam
703 1957 800 1988 huius
823 1957 987 1994 materiae,
1012 1957 1154 1989 notanda
1178 1964 1252 1989 sunt
1276 1958 1353 1989 duo.

278 2005 387 2035 Primo
411 2004 501 2045 quod
524 2003 606 2034 inter
629 2001 824 2033 enuntiabile
847 2009 878 2033 et
901 2012 969 2033 rem
992 2002 1069 2033 haec
1093 2009 1140 2033 est
1163 2001 1354 2039 differentia,

278 2050 319 2080 ad
342 2048 557 2090 propositum,
581 2047 671 2088 quod
695 2046 882 2083 enuntiatio,
901 2047 1015 2078 eadem
1037 2056 1170 2078 manens
1195 2053 1226 2078 et
1249 2057 1354 2088 perse-

277 2104 399 2130 verans,
413 2099 556 2124 mutatur
570 2092 609 2123 de
625 2101 699 2122 vera
717 2091 751 2122 in
767 2090 890 2128 falsam,
905 2098 935 2122 et
952 2098 1184 2132 consequenter
1198 2092 1238 2122 de
1254 2091 1354 2122 scibili

277 2140 310 2170 in
334 2137 528 2175 nescibilem,
553 2143 584 2168 et
599 2146 616 2167 e
633 2146 798 2173 converso,
815 2143 853 2167 ut,
874 2143 974 2176 patet:
1000 2146 1048 2167 res
1072 2143 1190 2173 autem,
1208 2136 1233 2166 si
1249 2143 1352 2167 muta-

277 2191 330 2215 tur
353 2183 392 2213 de
413 2192 480 2213 esse
499 2182 533 2212 in
549 2191 615 2212 non
632 2190 709 2217 esse,
729 2187 785 2212 aut
801 2190 817 2211 e
837 2190 1002 2217 converso,
1020 2190 1085 2211 non
1100 2187 1287 2222 perseverat.
1312 2180 1353 2212 Et

278 2234 446 2269 propterea
461 2235 526 2266 non
543 2232 649 2266 potest
667 2225 878 2256 demonstrari
894 2235 958 2255 una
973 2232 1004 2256 et
1019 2225 1129 2256 eadem
1145 2235 1193 2255 res
1207 2234 1351 2261 manens,

278 2272 378 2303 modo
402 2270 528 2307 scibilis,
553 2277 584 2301 et
607 2269 707 2300 modo
731 2269 899 2305 nescibilis,
925 2269 1007 2300 sicut
1030 2279 1094 2300 una
1117 2269 1306 2300 enuntiatio.

332 2316 480 2347 Secundo
504 2314 733 2346 advertentium
757 2320 813 2350 est,
838 2313 928 2355 quod
951 2313 990 2344 de
1005 2312 1180 2345 variatione
1205 2313 1353 2345 scientiae

1413 489 1473 519 Dei
1496 496 1602 529 potest
1633 489 1800 531 dupliciter
1830 501 1896 521 esse
1926 500 2041 522 sermo.
2075 490 2203 528 Primo,
2229 501 2265 522 ex
2288 499 2377 532 parte
2400 500 2488 524 actus

1414 533 1542 564 sciendi.
1574 534 1615 565 Et
1639 534 1683 565 sic
1707 535 1842 566 omnino
1871 542 1917 566 est
1940 535 2167 572 immutabilis,
2198 542 2266 568 tam
2293 543 2366 567 actu
2389 546 2489 577 quam

1413 578 1566 619 potentia,
1584 586 1620 610 ut
1640 578 1754 610 dicitur
1771 579 1805 610 in
1824 581 2032 621 responsione
2057 580 2097 610 ad
2121 580 2315 616 secundum;
2341 581 2488 621 quamvis

1413 622 1541 653 scientia
1556 622 1688 654 visionis
1709 624 1866 664 potuisset
1889 625 1929 654 ad
1944 625 2036 666 plura
2049 624 2100 655 vel
2116 624 2267 666 pauciora
2287 625 2488 656 determinari

1412 667 1451 696 ab
1485 674 1613 698 aeterno
1628 691 1635 704 ,
1670 668 1814 699 absolute
1838 669 2013 710 loquendo.
2047 669 2109 700 Sed
2140 669 2239 700 semel
2262 669 2485 706 determinata,

1413 711 1548 741 omnino
1568 722 1605 742 ex
1624 719 1713 752 parte
1736 712 1796 743 Dei
1819 712 2011 744 invariabilis
2035 720 2091 745 est.
2115 714 2190 744 Alio
2215 714 2325 750 modo,
2347 723 2384 744 ex
2399 721 2487 755 parte

1412 754 1575 787 scitorum.
1605 756 1647 788 Et
1669 756 1728 793 sic,
1754 767 1820 787 non
1844 758 1953 799 quoad
1976 768 2034 795 τες,
2060 758 2116 789 sed
2138 759 2248 799 quoad
2272 758 2486 795 enuntiabilia,

1412 798 1491 830 nihil
1519 800 1667 840 prohibet
1698 801 1802 842 ipsam
1830 802 1966 833 mutari:
1999 802 2075 844 quia
2106 802 2242 834 mutatio
2273 803 2332 835 ista
2363 803 2487 834 nullam

1411 844 1626 875 mutationem
1648 844 1741 884 ponit
1763 845 1797 876 in
1820 846 1908 882 Deo,
1938 846 1993 877 sed
2015 847 2049 877 in
2073 847 2260 879 enuntiabili
2283 847 2380 884 scito;
2410 847 2486 889 quia

1412 887 1530 919 scilicet
1547 895 1693 920 mutatur
1709 889 1748 920 de
1765 889 1865 921 scibili
1881 890 1914 921 in
1931 891 2089 928 nescibile,
2108 898 2138 923 et
2154 902 2171 923 e
2185 902 2349 924 converso.

1468 932 1520 963 1v.
1545 933 1593 963 Ex
1608 932 1657 963 his
1672 940 1780 964 autem
1803 941 1890 974 patet
1911 935 2079 976 responsio
2103 936 2144 967 ad
2160 936 2284 968 obiecta
2301 937 2328 968 *.
2353 937 2405 968 Ad
2414 938 2485 978 pri-

1411 986 1498 1007 mum
1515 976 1612 1017 enim,
1628 976 1695 1008 iam
1718 977 1875 1018 assignata
1889 986 1936 1010 est
1958 979 2131 1012 differentia
2153 980 2235 1013 inter
2253 991 2321 1012 rem
2337 988 2369 1013 et
2385 991 2484 1013 enun-

1410 1020 1578 1052 tiationem
1601 1021 1702 1052 illius:
1734 1032 1833 1063 quare
1856 1032 1923 1053 non
1952 1030 1998 1057 est
2021 1024 2133 1055 eadem
2156 1025 2247 1062 ratio,
2272 1033 2330 1058 etc.
2346 1043 2365 1050 -
2380 1026 2422 1057 Et
2445 1026 2486 1057 ad

1411 1064 1689 1096 confirmationem
1712 1065 1923 1097 nihilominus
1942 1067 2126 1099 addendum
2150 1076 2205 1106 est,
2231 1070 2320 1111 quod
2343 1080 2402 1108 res,
2427 1070 2484 1102 sci-

1409 1109 1482 1141 licet
1498 1110 1644 1141 nativitas
1661 1109 1793 1147 Christi,
1814 1111 2002 1142 determinat
2025 1112 2084 1142 sibi
2108 1120 2231 1145 certum
2254 1114 2303 1145 sui
2320 1124 2387 1146 esse
2403 1121 2484 1146 tem-

1409 1163 1487 1196 pus:
1513 1154 1689 1186 enuntiatio
1713 1162 1831 1191 autem,
1857 1155 1973 1187 scilicet
1999 1155 2147 1188 Christus
2170 1159 2331 1196 nascitur,
2356 1159 2484 1190 nullum

1411 1206 1530 1230 certum
1555 1206 1684 1240 tempus
1703 1198 1930 1240 consignificat,
1947 1201 2003 1231 sed
2018 1211 2166 1241 praesens
2180 1201 2214 1232 in
2230 1203 2406 1240 communi,
2427 1213 2483 1235 seu

1409 1253 1507 1284 vage,
1539 1245 1718 1275 secundum
1741 1251 1869 1285 tempus
1893 1254 1960 1286 quo
1984 1245 2141 1277 formatur
2171 1252 2227 1277 aut
2248 1246 2418 1288 profertur.
2443 1248 2485 1280 Et

1408 1288 1482 1319 ideo
1506 1289 1607 1320 modo
1632 1295 1679 1320 est
1701 1299 1823 1326 verum,
1849 1295 1879 1320 et
1901 1289 2002 1320 modo
2026 1289 2160 1321 falsum:
2185 1290 2262 1331 quia
2285 1291 2380 1323 alicui
2394 1301 2484 1333 prae-

1409 1333 1489 1364 senti
1512 1333 1727 1375 adaequatur,
1757 1341 1788 1365 et
1811 1333 1905 1364 alicui
1928 1344 2013 1373 non,
2041 1344 2244 1375 perseverans
2267 1342 2375 1366 tamen
2398 1335 2485 1367 idem

1410 1377 1555 1409 omnino.
1581 1378 1680 1416 Quod
1704 1388 1771 1409 non
1794 1385 1900 1419 potest
1924 1378 1984 1409 dici
2008 1379 2047 1410 de
2071 1388 2113 1416 re,
2139 1389 2221 1421 quae
2245 1386 2368 1411 certum
2389 1380 2483 1413 habet

1409 1422 1459 1453 sui
1483 1432 1549 1453 esse
1572 1429 1700 1464 tempus
1723 1432 1881 1464 praesens.

1466 1467 1519 1498 Ad
1540 1467 1717 1499 secundum
1741 1474 1859 1504 autem,
1884 1467 2078 1504 conceditur,
2095 1467 2261 1499 referendo
2281 1469 2321 1499 ad
2337 1469 2483 1500 enuntia—

1409 1511 1494 1548 bilia,
1511 1522 1547 1542 ex
1566 1519 1655 1553 parte
1678 1521 1801 1543 eorum.
1826 1512 1893 1542 Nec
1916 1512 2106 1553 oppositum
2129 1513 2240 1544 docuit
2262 1513 2364 1545 littera
2382 1513 2416 1544 in
2435 1523 2482 1545 re-

1410 1556 1583 1597 sponsione
1607 1557 1647 1588 ad
1670 1556 1865 1588 secundum:
1897 1556 2054 1598 quoniam
2076 1556 2120 1588 ibi
2143 1564 2191 1589 est
2213 1567 2318 1589 sermo
2343 1558 2382 1589 de
2406 1568 2483 1599 aug-

1410 1608 1520 1633 mento
1548 1608 1579 1632 et
1603 1601 1818 1632 diminutione
1851 1601 1999 1632 scientiae
2032 1601 2156 1632 divinae
2180 1612 2218 1633 ex
2240 1609 2328 1643 parte
2352 1602 2428 1639 Dei;
2453 1609 2484 1634 et

1409 1652 1574 1686 reputatur
1597 1645 1824 1677 inconveniens
1848 1646 2065 1686 augmentatio
2090 1656 2156 1677 non
2181 1647 2289 1678 solum
2318 1647 2356 1678 de
2381 1646 2480 1684 facto,

1410 1690 1465 1721 sed
1489 1690 1528 1721 de
1550 1690 1704 1732 possibili.
1730 1690 1771 1721 Et
1794 1697 1970 1731 propterea,
1987 1697 2146 1732 quantum
2169 1697 2217 1722 est
2240 1701 2277 1722 ex
2299 1698 2389 1732 parte
2412 1691 2481 1728 Dei,

1410 1735 1593 1775 negandum
1617 1742 1664 1766 est
1686 1735 1779 1775 plura
1802 1734 1880 1766 scire
1913 1744 2013 1775 quam
2036 1735 2123 1767 sciat.
2156 1735 2198 1767 Et
2221 1736 2311 1777 quod
2342 1735 2421 1767 haec
2443 1735 2484 1768 sit

1409 1789 1500 1810 mens
1516 1779 1646 1816 litterae,
1663 1786 1765 1819 patet:
1790 1779 1866 1820 quia
1881 1779 2058 1819 potentiam
2075 1779 2134 1810 Dei
2150 1780 2190 1810 ad
2209 1780 2483 1812 determinandam

1409 1823 1574 1856 scientiam
1596 1823 1729 1855 visionis
1752 1831 1935 1864 pertractat,
1960 1823 2098 1855 inferens
2122 1834 2190 1855 non
2213 1824 2326 1856 debere
2350 1825 2483 1857 concedi

1409 1869 1516 1899 Deum
1531 1878 1627 1909 posse
1643 1868 1736 1909 plura
1762 1867 1839 1899 scire
1863 1878 1962 1909 quam
1986 1867 2072 1905 sciat,
2097 1875 2228 1909 propter
2247 1878 2378 1900 sensum
2394 1879 2482 1900 com-

1409 1912 1552 1953 positum
1572 1912 1761 1943 inferentem
1782 1912 2027 1944 mutabilitatem
2048 1922 2085 1944 ex
2100 1920 2188 1954 parte
2204 1912 2278 1950 nen
2298 1913 2374 1955 quia
2389 1913 2484 1945 infert

1409 1957 1574 1988 scientiam
1590 1956 1650 1988 Dei
1668 1956 1734 1988 iarn
1752 1956 2003 1993 determinatam,
2023 1967 2118 1997 posse
2138 1967 2156 1988 a
2174 1957 2245 1988 Deo
2264 1957 2391 1989 mutari.

1466 2001 1519 2033 Aa
1541 2002 1670 2033 tertium
1694 2011 1782 2038 vero,
1799 2009 1933 2042 negatur
1946 2002 2085 2043 sequela,
2110 2009 2146 2033 ut
2169 2008 2256 2043 patet
2279 2012 2316 2033 ex
2340 2002 2430 2034 dictis
2443 2002 2480 2033 *ε

1409 2046 1484 2088 quia
1507 2046 1570 2077 hoc
1594 2056 1660 2077 non
1685 2053 1732 2077 est
1754 2053 1886 2087 propter
1907 2046 2118 2077 variationem
2141 2046 2298 2083 scientiae,
2322 2047 2378 2078 sed
2401 2047 2482 2080 sciti.

1408 2091 1450 2123 Et
1465 2091 1538 2123 licet
1552 2101 1619 2122 non
1638 2090 1678 2122 sit
1696 2091 1783 2122 idem
1798 2090 1955 2122 iudicium
1971 2091 2010 2122 de
2026 2101 2060 2122 re
2076 2098 2106 2122 et
2127 2091 2355 2128 enuntiatione,
2373 2091 2483 2134 quoad

1407 2135 1471 2167 hoc
1487 2136 1577 2177 quod
1593 2135 1689 2172 idem,
1714 2145 1747 2166 se
1771 2135 1869 2172 salvo,
1895 2142 2037 2167 mutetur
2056 2135 2094 2166 de
2110 2135 2212 2167 scibili
2226 2135 2260 2167 in
2276 2146 2343 2167 non
2362 2135 2481 2174 scibile,

1408 2187 1445 2211 ut
1463 2179 1584 2211 dictum
1601 2187 1647 2211 est
1661 2179 1695 2216 *;
1720 2187 1827 2211 tamen
1843 2180 1952 2221 quoad
1975 2180 2047 2217 hoc,
2063 2180 2152 2222 quod
2167 2180 2300 2212 variatio
2315 2180 2482 2223 utriusque

1409 2234 1475 2255 non
1499 2224 1655 2255 redundat
1677 2224 1711 2254 in
1733 2223 1942 2255 variationem
1971 2224 2095 2255 divinae
2125 2224 2291 2262 scientiae,
2325 2225 2411 2256 idem
2435 2232 2483 2257 eat

1407 2268 1572 2300 iudicium.
1602 2269 1644 2300 Et
1666 2269 1775 2310 quoad
1804 2268 1866 2299 hoc
1889 2268 2058 2300 adducitur
2084 2268 2116 2299 in
2139 2269 2241 2301 littera
2270 2269 2439 2301 declaratio
2462 2279 2482 2301 ι

1407 2313 1513 2350 simili,
1531 2323 1568 2344 ex
1583 2323 1695 2344 rerum
1706 2312 1879 2345 variatione
1895 2320 2039 2354 sumpta:
2065 2323 2131 2344 non
2147 2314 2256 2355 quoad
2271 2314 2423 2355 primum.

954 2467 1276 2509 ARTICULUS
1305 2467 1558 2510 DECIMUS
1587 2466 1798 2510 SEXTUS

699 2561 855 2592 UTRUM
879 2559 992 2592 maus
1016 2560 1073 2592 DE
1098 2560 1236 2592 REBUS
1260 2561 1438 2592 HABEAT
1462 2559 1698 2592 sc1EN‘r1AM
1722 2560 2058 2592 SPECULATIVAM

1180 2641 1223 2666 De
1244 2640 1335 2670 Ver-it„
1355 2649 1402 2674 qu.
1419 2648 1462 2673 ut,
1482 2646 1529 2667 art.
1550 2640 1574 2667 3.

362 2753 367 2765 ι
411 2764 430 2774 ,ι
457 2756 462 2765 ff
481 2732 512 2771 'D
532 2743 838 2771 DECIMUMSEXTUM
858 2743 912 2768 Sic
929 2742 1174 2769 PROCEDITUR.
1187 2730 1350 2768 Videtur

416 2787 422 2796 '
491 2786 595 2836 quod
624 2787 731 2824 Deus
751 2785 799 2822 de
819 2785 934 2822 rebus
964 2796 1045 2822 non
1068 2784 1209 2822 habeat
1229 2783 1350 2821 scien-

314 2879 316 2886 ,
471 2838 583 2878 tiam
617 2837 904 2889 speculativam.
943 2837 1107 2875 Scientia
1140 2837 1243 2875 enirn
1277 2837 1350 2875 Dei

296 2888 308 2899 ’
335 2911 344 2921 =
446 2885 478 2928 K
493 2901 549 2931 est
577 2905 692 2931 causa
720 2904 848 2929 rerum
868 2898 896 2938 α,
918 2899 959 2928 ut
978 2903 1094 2941 supra
1112 2890 1132 2913 *
1152 2899 1350 2928 ostensum

279 2957 346 2986 est.
369 2947 447 2985 Sed
466 2946 623 2985 scientia
642 2946 877 2995 speculativa
900 2957 981 2982 non
1001 2952 1056 2982 est
1076 2957 1191 2982 causa
1220 2956 1350 2982 rerum

279 3002 471 3039 scitarum.
502 3002 606 3049 Ergo
635 2998 790 3037 scientia
809 2998 882 3036 Dei
910 3011 989 3036 non
1018 3006 1074 3036 est
1102 2997 1349 3048 speculativa.

334 3067 368 3092 2.
399 3056 634 3092 PRAETEREA.
663 3052 829 3090 Scientia
849 3052 1083 3102 speculativa
1102 3060 1159 3090 est
1177 3064 1247 3102 per
1265 3052 1351 3089 abs-

278 3108 503 3146 tractionem
532 3120 554 3145 a
583 3107 718 3145 rebus:
749 3105 855 3155 quod
885 3105 1038 3143 divinae
1067 3105 1245 3143 scientiae
1271 3117 1351 3142 non

280 3162 471 3211 competit.
502 3162 605 3210 Ergo
635 3159 790 3198 scientia
819 3158 891 3196 Dei
919 3158 999 3196 non
1020 3166 1075 3196 est
1103 3158 1349 3209 speculafiva.

334 3216 409 3252 SED
438 3227 596 3262 CONTRA,
627 3225 744 3251 omne
774 3213 880 3262 quod
906 3220 962 3250 est
986 3212 1163 3260 nobilius,
1189 3213 1275 3250 Deo
1297 3219 1353 3249 est

280 3269 574 3306 attribuendum.
607 3266 685 3305 Sed
713 3266 868 3304 scientia
897 3266 1132 3315 speculativa
1160 3273 1217 3303 est
1244 3264 1352 3303 nobi-

280 3322 349 3358 lior
376 3335 494 3372 quam
522 3320 700 3371 practica,
729 3327 771 3358 ut
798 3327 902 3369 patet
925 3332 994 3368 per
1013 3319 1294 3369 Philosophum
1314 3318 1352 3356 in

280 3375 465 3424 principio
494 3375 702 3423 Metaphys
720 3374 750 3411 ³¹⁸.
782 3374 884 3422 Ergo
906 3374 1011 3410 Deus
1031 3373 1148 3410 habet
1171 3373 1220 3411 de
1240 3372 1353 3409 rebus

282 3428 478 3465 scientiam
507 3427 796 3477 speculativam.

336 3483 561 3519 Responneo
590 3493 775 3519 mei-:unum
808 3479 914 3529 quod
948 3479 1074 3529 aliqua
1111 3479 1266 3517 scientia
1300 3485 1355 3516 est

335 3595 362 3626 α)
383 3601 481 3619 rerum.
499 3608 518 3614 -
535 3595 662 3620 scitorum
682 3596 712 3620 B.

335 3629 360 3662 β)
380 3630 479 3662 aliqua.
498 3644 514 3648 —
533 3637 596 3655 vero
615 3631 713 3655 addunt
731 3630 844 3656 codices.

335 3667 362 3699 γ)
381 3669 429 3691 est.
447 3679 465 3684 -
484 3665 546 3691 Om.
565 3666 675 3696 codices,
695 3672 755 3699 post
773 3666 887 3691 hominis
907 3671 1007 3699 ponunt
1025 3666 1076 3691 ab.

1404 2730 1639 2780 speculativa
1667 2737 1828 2778 tantum,
1853 2730 1980 2780 aliqua
1998 2730 2016 2760 fl
2040 2731 2206 2781 practica
2233 2740 2394 2780 tanturn,
2415 2733 2480 2772 ali-

1404 2796 1482 2832 qua
1508 2796 1603 2822 vero
1625 2784 1837 2821 secundum
1857 2784 2001 2834 aliquid
2035 2785 2269 2835 speculativa
2289 2794 2326 2824 et
2345 2799 2480 2826 secun·

1407 2837 1501 2875 dum
1521 2836 1663 2887 aliquid
1680 2837 1858 2886 practica.
1879 2838 1942 2876 Ad
1962 2838 2069 2877 cuius
2090 2839 2336 2888 evidentiam,
2357 2840 2479 2878 scien-

1406 2891 1500 2929 dum
1530 2898 1585 2929 est
1613 2890 1718 2940 quod
1747 2891 1872 2941 aliqua
1900 2891 2056 2930 scientia
2083 2900 2208 2942 potest
2236 2892 2310 2942 dici
2343 2905 2478 2942 specu-

1406 2944 1521 2982 lativa
1548 2944 1751 2994 tripliciter.
1773 2944 1915 2992 Primo,
1938 2957 1982 2983 ex
2001 2953 2109 2995 parte
2137 2957 2266 2984 rerum
2285 2945 2477 2995 scitamm‚

1407 3010 1505 3047 quae
1535 3010 1616 3036 non
1644 3005 1732 3035 sunt
1765 2998 1980 3047 operabiles
2008 3011 2031 3037 a
2064 2997 2227 3036 sciente:
2257 2999 2353 3037 sicut
2382 3007 2438 3038 est
2464 3005 2479 3027 ⁷

1406 3051 1561 3089 scientia
1588 3051 1756 3089 hominis
1790 3051 1838 3089 de
1866 3052 1981 3090 rebus
2018 3051 2251 3090 naturalibus
2283 3053 2346 3090 vel
2384 3052 2479 3091 divi-

1407 3105 1476 3142 nis.
1507 3104 1709 3152 Secundo,
1740 3112 1927 3154 quantum
1966 3105 2015 3143 ad
2043 3105 2206 3143 modum
2236 3106 2399 3144 sciendi:
2438 3114 2480 3146 ut

1406 3166 1498 3208 puta
1518 3158 1549 3195 si
1568 3158 1790 3196 aedificator
1818 3158 2034 3196 consideret
2064 3158 2226 3196 domum
2256 3159 2478 3199 definiendo

1408 3219 1444 3249 et
1462 3211 1671 3249 dividendo
1698 3219 1735 3248 et
1764 3212 2044 3250 considerando
2062 3212 2302 3250 universalia
2329 3212 2479 3262 praedi-

1409 3273 1491 3302 cata
1511 3262 1525 3286 ὅ
1544 3265 1673 3314 ipsius.
1709 3265 1795 3302 Hoc
1823 3265 2013 3314 siquidem
2043 3272 2098 3302 est
2131 3266 2338 3315 operabilia
2358 3266 2478 3304 modo

1408 3318 1643 3368 speculativo
1674 3318 1931 3366 considerare,
1954 3325 1991 3355 et
2018 3330 2098 3355 non
2128 3319 2342 3357 secundum
2372 3319 2479 3368 quod

1409 3371 1617 3421 operabilia
1645 3380 1753 3410 sunt:
1784 3371 1978 3421 operabile
2012 3371 2114 3409 enim
2150 3380 2206 3409 est
2236 3372 2378 3423 aliquid
2409 3384 2480 3423 per

1409 3425 1702 3475 applicationem
1732 3425 1880 3463 formae
1909 3424 1958 3462 ad
1987 3425 2200 3474 materiam,
2230 3438 2310 3464 non
2333 3438 2402 3476 per
2422 3438 2477 3464 re-

1409 3478 1640 3516 solutionem
1658 3477 1861 3527 compositi
1876 3484 1887 3500 2
1904 3477 1941 3515 in
1955 3477 2141 3529 principia
2155 3478 2384 3517 universalia
2404 3479 2478 3516 for-

1459 3592 1484 3625 δ)
1500 3594 1670 3625 praedicata.
1689 3607 1706 3612 -
1721 3593 1858 3625 principia
1878 3594 1944 3623 BsD,
1961 3594 2085 3626 practica
2101 3594 2150 3627 pD.
2166 3608 2183 3614 -
2194 3594 2245 3619 Pro
2260 3594 2321 3619 Hoc
2338 3594 2477 3627 siquidem,

1407 3629 1466 3654 Hoc
1485 3636 1536 3653 non
1557 3629 1590 3659 E,
1612 3629 1671 3654 Hoc
1689 3629 1759 3653 enim
1780 3630 1856 3654 ceteri
1877 3634 1901 3654 et
1921 3629 1962 3655 ed.
1975 3637 1999 3659 a,
2021 3630 2185 3655 Huiusmodi
2201 3629 2271 3655 enim
2291 3629 2332 3654 ed.
2346 3629 2369 3654 b.

1460 3663 1482 3696 ι)
1502 3664 1650 3696 compositi.
1667 3678 1686 3683 -
1704 3665 1924 3697 compositionum
1944 3665 2044 3690 ACDE.

2512 946 2523 955 ·
2539 944 2575 967 Cf.
2590 950 2655 967 uum.
2665 951 2693 967 n.

2508 2009 2520 2021 ·
2534 2008 2606 2032 Num.
2621 2015 2700 2039 praee.

2510 2188 2519 2198 ”
2533 2186 2593 2210 lbid.
