2768 4178
69 448 79 457 ·
94 446 129 469 ef.
144 451 209 468 num.
224 452 242 468 1.

309 289 383 316 200

309 366 432 399 graecO.
450 375 468 379 —
485 357 518 387 Si
534 356 580 386 vis
595 356 684 386 ideae
699 355 809 386 diffuse
825 354 1044 386 definitionem
1059 355 1173 391 videre,
1189 354 1257 395 lege
1273 364 1328 395 qu.
1343 364 1377 384 111

310 403 349 434 de
377 402 515 432 Veritate
539 407 594 431 art.
618 411 642 431 1.

367 447 420 477 IV.
437 445 554 483 Quoad
577 445 704 475 tertium
721 442 749 479 ἥ,
774 444 926 484 probatur
943 443 1106 474 conclusio
1130 442 1303 483 proposita,
1322 442 1375 473 sic.

310 490 451 522 Mundus
475 499 541 520 non
565 495 611 519 est
634 488 734 519 factus
758 498 776 518 a
800 498 891 525 casu,
916 488 971 518 sed
995 494 1041 518 est
1063 487 1164 518 factus
1187 497 1205 517 a
1227 487 1297 517 Deo
1321 496 1378 527 per

310 534 506 565 intellectum
529 539 656 573 agente:
682 542 756 572 ergo
781 532 884 562 forma
907 531 1019 563 mundi
1034 537 1080 562 est
1093 530 1164 561 finis
1188 540 1264 561 suae
1284 540 1377 571 gene-

310 578 455 610 rationis:
481 587 556 618 ergo
579 577 613 607 in
637 583 743 607 mente
767 576 872 606 divina
892 583 938 607 est
953 576 1066 612 forma,
1083 575 1123 605 ad
1137 575 1378 606 similitudinem

312 623 402 654 cuius
425 622 566 652 mundus
597 627 643 652 est
666 620 783 651 factus:
810 630 884 660 ergo
908 620 941 650 in
963 627 1069 650 mente
1098 619 1203 650 divina
1227 626 1274 650 est
1295 619 1376 650 idea.

366 666 579 702 Antecedens,
611 665 718 707 quoad
749 672 917 706 utramque
948 671 1084 705 partem,
1110 664 1317 704 supponitur,
1342 670 1378 694 ut

311 711 441 742 inferius
464 710 709 741 monstrandum
730 709 762 739 in
785 709 859 740 loco
883 719 953 739 suo.
971 726 989 731 -
1009 708 1114 738 Prima
1137 714 1245 739 autem
1269 717 1377 738 conse-

311 755 441 797 quentia
463 755 615 795 probatur
638 764 675 784 ex
697 753 751 784 illa
774 753 925 789 maxima,
950 754 982 783 in
1007 753 1153 783 omnibus
1175 762 1259 793 quae
1280 762 1377 793 gene-

312 805 431 831 rantur
454 808 516 830 non
533 809 553 829 a
569 808 657 836 casu,
669 797 786 838 forma
802 803 847 828 est
851 798 935 839 finis
949 798 1178 838 generationis.
1197 814 1215 819 -
1232 796 1378 827 Secunda

311 854 386 876 vero
411 843 637 884 consequentia
665 842 730 872 duo
753 841 862 872 infert:
888 841 1018 878 scilicet,
1045 847 1076 871 et
1098 841 1187 882 quod
1210 840 1315 871 forma
1338 841 1378 870 ad

313 888 404 920 cuius
423 887 664 918 similitudinem
680 893 748 922 etc„
766 893 811 917 est
825 886 858 916 in
875 887 959 922 Deo;
981 893 1011 917 et
1026 886 1115 926 quod
1132 892 1178 916 est
1197 885 1251 916 tali
1266 885 1376 920 modo,

312 933 429 964 scilicet
451 932 484 962 in
507 939 613 963 mente
636 931 750 966 divina,
770 930 850 961 idest
873 930 1035 961 obiective.
1060 930 1101 961 Et
1123 930 1232 971 quoad
1255 936 1377 960 utrum-

312 987 375 1018 que
398 976 431 1007 in
454 976 556 1007 littera
588 976 750 1016 probatur.
777 975 894 1011 Quoad
917 975 1074 1015 primum:
1100 974 1174 1015 quia
1205 983 1378 1004 commune

313 1028 359 1052 est
382 1020 472 1051 omni
487 1020 591 1060 agenti
613 1019 802 1060 praehabere
821 1018 1062 1050 similitudinem
1084 1019 1222 1050 intentae
1245 1017 1378 1049 formae.

313 1065 429 1103 Quoad
453 1064 630 1095 secundum
651 1073 737 1099 vero,
755 1069 802 1094 est
824 1062 996 1094 differentia
1018 1063 1099 1094 inter
1118 1073 1213 1103 agens
1236 1062 1378 1093 naturale

312 1116 343 1140 et
366 1119 383 1139 a
398 1109 573 1149 proposito,
588 1108 622 1138 in
646 1108 744 1138 modo
764 1107 900 1137 habendi
923 1107 1011 1138 illam
1026 1107 1282 1139 similitudinem:
1303 1107 1378 1148 quia

311 1153 391 1184 illud
414 1153 591 1183 secundum
610 1162 677 1182 esse
701 1151 852 1188 naturale,
870 1158 906 1182 ut
921 1159 1007 1192 patet
1024 1151 1058 1182 in
1073 1152 1162 1193 igne;
1187 1152 1249 1183 hoc
1266 1162 1378 1183 secun-

312 1198 391 1229 durn
414 1207 480 1228 esse
503 1196 715 1237 intelligibile,
742 1203 778 1227 ut
801 1202 887 1236 patet
909 1196 942 1226 in
965 1196 1092 1228 artifice.
1121 1196 1154 1228 Si
1185 1206 1259 1237 ergo
1290 1197 1378 1227 Deus

311 1249 358 1273 est
381 1251 475 1282 agens
498 1251 555 1282 per
584 1240 795 1277 intellectum,
822 1250 896 1281 ergo
921 1247 979 1272 etc.
995 1259 1015 1264 —
1031 1241 1139 1272 Tertia
1163 1241 1276 1272 deinde
1299 1251 1377 1272 con-

311 1285 474 1327 sequentia
497 1286 662 1326 probatur:
687 1284 763 1326 quia
781 1284 814 1315 in
828 1284 891 1316 hoc
914 1285 1057 1317 consistit
1079 1285 1159 1317 ratio
1182 1285 1281 1316 ideae.
1301 1286 1377 1316 Pro-

311 1331 418 1361 batur:
443 1330 523 1361 ratio
546 1330 634 1360 ideae
658 1336 713 1365 est,
731 1336 766 1360 ut
789 1329 828 1360 sit
851 1329 954 1360 forma
978 1336 1100 1370 praeter
1122 1340 1200 1367 rem,
1220 1330 1379 1371 exemplar

310 1374 365 1411 rei,
386 1381 417 1405 et
439 1373 632 1415 principium
655 1373 855 1414 cognitionis,
873 1380 930 1405 etc.
1147 1373 1150 1376 “

365 1419 403 1450 V.
424 1419 560 1450 Adverte
582 1418 633 1449 hic
657 1417 833 1458 diligenter,
860 1418 950 1459 quod
972 1418 1005 1449 in
1028 1418 1129 1450 littera
1153 1426 1243 1450 caute
1267 1419 1379 1451 dicitur

312 1464 401 1505 quod
424 1463 494 1493 idea
516 1462 646 1504 ponitur
669 1468 705 1493 ut
727 1463 904 1503 exemplar,
930 1470 960 1494 et
983 1473 1048 1494 non
1073 1463 1187 1495 dicitur
1210 1469 1246 1495 ut
1254 1465 1379 1504 princi-

305 1509 398 1549 pium
415 1507 549 1539 essendi.
570 1507 655 1545 Quia
669 1506 862 1547 principium
878 1507 1009 1544 essendi„
1021 1515 1147 1539 sonaret
1162 1507 1300 1539 formam
1315 1519 1379 1550 qua

311 1562 407 1592 agens
431 1551 510 1592 agit:
534 1551 604 1582 idea
627 1558 735 1582 autem
758 1561 825 1582 non
848 1551 1003 1592 significat
1024 1552 1120 1583 talem
1144 1552 1299 1589 formam,
1324 1553 1379 1584 sed

311 1596 449 1627 formam
468 1605 567 1637 quam
591 1606 686 1636 agens
702 1595 850 1636 concipit,
867 1596 907 1626 ad
926 1596 1017 1627 cuius
1040 1596 1281 1628 similitudinem
1300 1607 1378 1638 ope-

311 1648 405 1677 ratur,
427 1647 456 1672 et
478 1650 546 1671 non
569 1650 632 1681 qua
656 1647 814 1681 operatur.
838 1640 880 1671 Et
901 1641 964 1671 hoc
987 1647 1034 1672 est
1057 1641 1184 1682 proprie
1208 1642 1378 1682 exemplar.

311 1685 352 1716 Et
375 1692 541 1726 propterea
563 1684 596 1715 in
621 1685 766 1725 exemplo
786 1685 825 1715 de
849 1684 1067 1717 domificatore
1083 1695 1226 1726 expresse
1250 1686 1380 1717 subiun-

310 1729 403 1770 gitur,
428 1730 517 1771 quod
540 1728 610 1760 idea
634 1729 750 1760 domus
773 1736 820 1760 est
833 1728 951 1770 forma
974 1740 1070 1771 quam
1094 1736 1200 1762 mente
1222 1732 1378 1772 concipit,

311 1781 342 1805 et
365 1784 431 1804 non
451 1784 499 1804 ars
522 1772 743 1804 domificativa.

365 1818 524 1854 Similiter,
549 1828 624 1849 cum
646 1818 747 1849 littera
770 1817 897 1849 dixisset
911 1818 1000 1859 quod
1023 1818 1093 1849 idea
1116 1825 1163 1850 est
1185 1819 1378 1860 principium

311 1862 501 1903 cognitionis
514 1886 521 1899 ,
546 1862 652 1893 statim
681 1862 801 1893 addidit
823 1862 1063 1899 liknitationem,
1087 1864 1263 1894 secundum
1294 1864 1379 1905 quod

301 1907 438 1949 formae
453 1907 711 1948 cognoscibilium
728 1907 882 1938 dicuntur
904 1917 973 1938 esse
988 1908 1021 1938 in
1037 1914 1257 1948 cognoscente.
1278 1908 1379 1946 Quasi

311 1952 443 1983 diceret:
468 1952 543 1982 Non
575 1951 646 1982 dico
675 1951 765 1992 quod
787 1950 858 1982 idea
885 1958 930 1982 est
962 1951 1157 1992 principium
1188 1952 1378 1993 cognitionis

311 1995 409 2039 (quia
431 1995 493 2026 hoc
521 2002 647 2026 sonaret
675 1996 764 2036 quod
787 1995 856 2036 ipsa
889 2002 970 2027 esset
996 1995 1076 2027 ratio
1107 1997 1319 2036 cognoscendi
1342 2004 1379 2029 ut

310 2040 428 2081 species
451 2037 682 2082 intelligibilis);
707 2040 762 2070 sed
785 2040 876 2081 quod
898 2040 967 2081 ipsa
983 2047 1029 2071 est
1051 2040 1245 2082 principium
1268 2041 1378 2082 cogni-

309 2084 404 2116 tionis
428 2094 464 2115 eo
483 2084 576 2115 modo
599 2094 661 2125 quo
675 2083 812 2125 formae
835 2085 1095 2126 cognoscibilium
1112 2085 1263 2117 obiective
1278 2087 1311 2117 in
1327 2096 1376 2118 co-

309 2134 483 2171 gnoscente
497 2129 680 2166 existentes,
699 2129 864 2169 principia
888 2130 1082 2170 cognitionis
1105 2130 1248 2170 ipsarum
1266 2140 1376 2162 rerum

310 2173 571 2215 cognoscibilium
596 2173 757 2204 dicuntur.
783 2173 824 2204 Et
854 2173 1009 2215 quoniam
1032 2173 1066 2204 in
1094 2174 1274 2214 penultimo
1303 2185 1378 2206 con-

310 2224 461 2259 sequente
491 2223 597 2248 totum
623 2217 686 2248 hoc
713 2217 950 2254 continebatur,
980 2217 1098 2249 scilicet
1130 2218 1234 2250 forma
1263 2219 1376 2250 mundi

310 2269 431 2303 praeter
446 2261 606 2292 mundum
622 2261 765 2298 existens,
783 2268 814 2293 et
829 2262 993 2293 causalitas
1007 2262 1203 2303 exemplaris,
1215 2269 1246 2294 et
1260 2263 1378 2294 modus

311 2306 434 2337 essendi
448 2305 682 2346 intelligibiliter
697 2316 753 2336 seu
770 2305 942 2345 obiective;
960 2306 1033 2337 ideo
1050 2306 1163 2338 merito
1178 2307 1291 2338 ultima
1303 2317 1378 2339 con-

311 2348 474 2392 sequentia
497 2360 534 2381 ex
556 2349 605 2381 his
629 2360 711 2391 quae
735 2350 774 2380 ad
797 2350 954 2382 rationem
976 2350 1065 2381 ideae
1084 2357 1235 2391 spectant,
1261 2358 1291 2383 et
1313 2351 1378 2382 iam

310 2395 415 2436 posita
438 2401 536 2433 erant,
559 2394 692 2435 probata
714 2400 771 2431 est,
792 2395 1037 2435 praegnantibus
1058 2395 1170 2432 verbis,
1191 2395 1323 2433 scilicet,
1349 2402 1379 2427 et

311 2441 343 2470 in
367 2440 426 2470 hoc
449 2439 591 2470 consistit
614 2439 697 2469 ratio
722 2439 821 2470 ideae.

363 2484 417 2515 Vl.
438 2483 473 2514 In
503 2483 710 2524 responsione
734 2483 774 2514 ad
797 2483 942 2520 tertium,
964 2483 1100 2514 dubium
1126 2484 1278 2515 occurrit:
1303 2485 1379 2526 quia

310 2527 426 2559 falsum
454 2534 485 2559 et
507 2527 721 2558 inconsonans
747 2527 885 2565 videtur,
908 2528 998 2569 quod
1020 2527 1090 2558 idea
1113 2527 1153 2559 sit
1176 2529 1310 2560 essentia
1332 2529 1378 2560 di-

309 2572 392 2603 vina.
416 2572 549 2603 Falsum
574 2571 714 2613 quidem,
738 2571 843 2613 inquit
865 2572 989 2609 Scotus,
1014 2572 1047 2603 in
1063 2572 1086 2610 1,
1103 2572 1173 2604 dist.
1189 2573 1378 2615 xxxv‚‚quia

310 2623 378 2648 tota
400 2616 479 2648 ratio
501 2616 589 2647 ideae
605 2616 742 2647 salvatur
761 2616 795 2646 in
809 2616 915 2658 lapide
937 2616 1072 2648 habente
1093 2626 1159 2648 esse
1183 2617 1378 2649 obiectivum

309 2661 343 2692 in
366 2661 526 2692 intellectu
550 2660 673 2691 divino:
698 2670 773 2701 ergo
789 2660 859 2691 idea
881 2661 915 2691 in
936 2661 1006 2692 Deo
1024 2670 1091 2692 non
1114 2668 1161 2692 est
1183 2662 1316 2694 essentia
1332 2662 1377 2693 di-

308 2705 391 2736 vina.
409 2723 429 2728 -
445 2705 642 2736 Antecedens
658 2711 744 2746 patet
767 2705 956 2746 applicando
980 2712 1082 2737 totam
1105 2706 1194 2737 ideae
1209 2706 1378 2739 rationem.

309 2750 351 2781 Et
374 2749 553 2780 confirmari
582 2756 690 2790 posset
713 2750 905 2780 assumendo
936 2749 1155 2781 definitionem
1182 2751 1321 2791 positam
1343 2751 1378 2783 in

310 2794 373 2832 Qu.
393 2794 433 2825 de
461 2794 543 2831 Ver„
564 2804 618 2835 qu.
641 2804 692 2830 111,
716 2801 771 2825 art.
795 2805 820 2831 1,
845 2801 875 2825 et
898 2803 969 2825 eam
992 2805 1074 2836 quae
1098 2804 1135 2825 ex
1157 2794 1220 2826 hoc
1243 2795 1376 2827 articulo

310 2838 455 2869 habetur:
481 2837 606 2875 scilicet,
627 2838 716 2879 quod
740 2845 786 2869 est
801 2838 904 2869 forma
927 2839 1059 2870 alicuius
1075 2839 1119 2869 rei
1133 2846 1256 2880 praeter
1273 2840 1377 2881 ipsam

310 2892 387 2919 rem,
407 2882 575 2923 exemplar,
592 2889 686 2924 atque
705 2882 897 2923 principium
911 2883 955 2914 sic
974 2883 1164 2924 cognitionis
1188 2883 1340 2916 eiusdem.
1356 2903 1377 2908 -

311 2926 548 2968 Consequentia
578 2934 686 2958 autem
714 2928 882 2967 probatur:
908 2937 974 2958 esse
1006 2927 1200 2959 obiectivum
1230 2938 1297 2959 non
1330 2935 1378 2960 est

310 2981 376 3002 esse
400 2971 490 3008 reale,
508 2971 563 3001 sed
586 2978 632 3002 est
655 2981 721 3002 esse
745 2971 954 3008 diminutum;
979 2982 1054 3013 ergo
1078 2982 1144 3003 non
1169 2979 1216 3004 est
1243 2973 1378 3005 essentia

310 3015 423 3047 divina.

362 3059 583 3091 Inconsonans
606 3066 730 3097 autem,
755 3059 830 3100 quia
853 3059 923 3090 idea
950 3067 1005 3092 aut
1035 3068 1082 3092 est
1111 3061 1245 3092 essentia
1270 3061 1376 3092 divina

310 3110 345 3135 ut
368 3110 431 3142 est,
460 3111 515 3135 aut
545 3103 678 3134 essentia
710 3104 815 3135 divina
843 3109 879 3135 ut
901 3110 948 3135 est
977 3105 1097 3137 obiecta
1125 3106 1301 3137 intellectui
1328 3106 1375 3137 di-

309 3150 392 3180 vino.
418 3148 450 3179 Si
481 3148 585 3189 primo
616 3148 715 3179 modo
740 3147 798 3191 (ut
819 3148 852 3178 in
883 3148 1016 3180 articulo
1041 3149 1185 3190 sequenti
1214 3150 1374 3187 innuitur,

309 3193 363 3223 ubi
380 3193 493 3224 dicitur
511 3193 599 3234 quod
622 3192 693 3223 idea
712 3200 758 3224 est
774 3193 906 3224 essentia
926 3193 1031 3224 divina
1045 3195 1093 3225 sic
1109 3194 1290 3226 imitabilis.-
1312 3194 1375 3225 hoc

310 3237 395 3267 enim
419 3237 566 3268 convenit
588 3237 739 3268 essentiae
764 3236 887 3267 divinae
911 3239 1088 3268 secundum
1111 3238 1200 3279 quod
1224 3248 1278 3269 ens
1303 3236 1373 3281 est),

309 3281 391 3312 male
415 3291 488 3321 ergo
513 3291 704 3322 responsum
728 3288 774 3312 est
793 3281 833 3311 ad
849 3281 1020 3322 principale
1036 3282 1218 3323 quaesitum
1240 3282 1374 3314 articuli.

309 3325 349 3356 Et
372 3326 524 3365 probatur
547 3326 683 3367 sequela.
708 3325 895 3363 Quaestioni
919 3336 961 3356 an
982 3332 1028 3357 est
1051 3327 1089 3357 de
1105 3337 1137 3358 re
1153 3326 1287 3358 habente
1307 3336 1373 3357 esse

308 3369 341 3399 in
360 3379 466 3400 rerum
485 3376 596 3400 natura
619 3377 649 3401 et
671 3370 705 3400 in
727 3370 898 3406 intellectu,
915 3370 997 3401 male
1012 3371 1222 3411 respondetur
1239 3370 1374 3402 affirma·

307 3413 370 3444 tive
393 3423 448 3454 per
471 3424 538 3444 esse
561 3414 650 3455 quod
679 3414 774 3445 habet
796 3413 829 3445 in
859 3414 1037 3451 intellectu,
1062 3415 1283 3455 praetermisso
1307 3425 1374 3446 esse

309 3457 342 3487 in
365 3467 471 3488 rerum
486 3465 609 3489 natura:
635 3458 715 3490 sicut
737 3458 901 3500 quaerenti
920 3468 960 3489 an
980 3459 1111 3500 sphaera
1126 3459 1207 3500 ignis
1223 3459 1272 3496 sit,
1289 3459 1372 3490 male

309 3502 550 3542 responderetur
568 3503 656 3543 quod
672 3510 718 3534 est
733 3502 766 3533 in
781 3502 951 3534 intellectu.
976 3503 1016 3534 Et
1034 3503 1113 3535 ratio
1138 3510 1193 3541 est,
1217 3503 1292 3545 quia
1307 3513 1374 3534 esse

307 3545 342 3576 in
365 3545 525 3577 intellectu
554 3553 600 3577 est
623 3557 689 3578 esse
718 3547 896 3578 secundum
924 3547 1018 3588 quid,
1044 3557 1111 3578 esse
1133 3548 1167 3579 in
1190 3558 1296 3579 rerum
1319 3557 1374 3578 na-

308 3595 378 3620 tura
402 3596 448 3621 est
471 3600 537 3621 esse
561 3590 757 3631 simpliciter:
782 3591 926 3633 quaestio
944 3599 1051 3623 autern
1074 3602 1116 3623 an
1135 3597 1181 3623 est
1197 3591 1319 3634 quaerit
1335 3591 1374 3622 de

308 3643 376 3664 esse
404 3633 603 3675 simpliciter:
629 3642 660 3666 et
682 3642 865 3677 propterea,
890 3635 916 3667 si
939 3636 1167 3677 respondeatur
1189 3637 1228 3668 de
1251 3646 1318 3667 esse
1341 3635 1373 3666 in

1023 274 1291 323 QUAESTIO
1321 274 1404 322 xv,
1434 273 1731 310 ARTICULUS
1762 274 1775 309 1

1432 360 1547 390 mente,
1572 353 1750 384 insinuatur
1773 353 1862 394 quod
1885 353 1937 383 illa
1961 362 2009 382 res
2033 362 2099 382 non
2123 352 2217 382 habet
2240 351 2327 382 aliud
2349 361 2426 388 esse,
2447 352 2501 382 sed

1432 401 1498 428 e‘sse
1522 397 1555 428 in
1579 404 1685 428 mente
1709 404 1755 428 est
1778 397 1845 428 eius
1870 407 1937 428 esse
1967 396 2159 436 simpliciter.
2189 396 2222 427 Si
2245 395 2340 436 igitur
2362 396 2433 426 idea
2456 403 2502 427 est

1432 442 1565 472 essentia
1596 442 1774 472 secundum
1798 451 1864 472 esse
1888 441 1986 478 reale,
2011 441 2094 471 male
2121 450 2314 481 responsum
2336 447 2383 471 est
2405 450 2501 481 quae-

1432 486 1509 517 sito:
1535 495 1662 517 necesse
1685 491 1732 517 est
1748 495 1872 527 ponere
1896 485 1984 517 ideas
2000 487 2032 516 in
2048 490 2154 516 mente
2171 485 2292 516 divina.
2309 502 2330 507 -
2344 484 2377 515 Si
2392 491 2501 515 autem

1431 529 1502 561 idea
1525 537 1572 561 est
1596 530 1729 561 essentia
1747 537 1784 561 ut
1799 530 1922 561 obiecta
1938 537 1985 560 est
2002 528 2174 560 intellectui
2190 528 2309 565 divino,
2325 528 2409 559 male
2426 538 2501 569 ergo

1432 574 1554 605 dictum
1573 582 1619 606 est
1639 575 1727 616 quod
1745 582 1791 606 est
1805 575 1874 615 ipsa
1890 574 2023 605 essentia
2039 574 2154 604 divina.
2180 572 2345 611 Quoniam
2368 572 2503 603 essentia

1432 618 1538 649 divina
1565 626 1601 650 ut
1624 619 1762 656 obiecta,
1788 629 1855 650 non
1879 619 1972 650 habet
1997 628 2063 649 esse
2093 618 2192 654 reale,
2218 618 2273 648 sed
2296 616 2500 648 obiectivum.

1432 663 1474 694 Et
1496 663 1538 699 si,
1563 673 1620 704 per
1641 663 1848 704 impossibile,
1873 663 2007 694 essentia
2028 663 2133 693 divina
2156 672 2223 692 non
2247 668 2327 693 esset
2346 661 2380 692 in
2395 671 2503 692 rerum

1432 714 1562 744 natura,
1587 714 1617 739 et
1641 714 1721 738 esset
1745 707 1867 739 obiecta
1889 707 2080 743 intellectui,
2104 707 2192 737 ideae
2216 706 2296 737 ratio
2320 706 2501 736 salvaretur.

1433 751 1540 782 Ideam
1563 761 1638 792 ergo
1656 762 1723 782 esse
1746 752 1831 782 idem
1855 753 1944 793 quod
1966 751 2108 788 essentia,
2129 758 2176 782 est
2194 761 2250 792 per
2265 750 2419 786 accidens,
2435 749 2502 780 imo

1433 795 1648 836 superfluum:
1673 796 1748 837 quia
1764 803 1876 827 natura
1895 796 2049 837 cuiusque
2069 796 2113 827 rei
2129 803 2176 827 est
2191 795 2314 827 obiecta
2329 793 2502 825 intellectui

1432 839 1551 876 divino,
1569 840 1755 871 secundario
1774 847 1891 877 tamen,
1908 841 2004 872 etiam
2027 840 2053 871 si
2076 850 2244 881 nunquam
2259 838 2504 871 identificaretur

1432 884 1584 915 essentiae
1608 884 1731 915 divinae
1746 891 1783 915 ut
1798 885 1920 916 obiecta
1936 892 1983 916 est
2003 885 2176 916 intellectui
2199 884 2323 920 divino;
2347 883 2504 925 quoniam

1432 928 1500 968 ipsa
1517 928 1719 968 cognoscitur
1733 939 1752 959 a
1766 929 1837 959 Deo
1854 939 1922 960 non
1941 930 2049 960 solum
2068 936 2104 960 ut
2127 936 2174 961 est
2196 929 2230 960 in
2252 928 2350 970 priori
2366 928 2501 964 obiecto,

1432 973 1486 1003 sed
1511 973 1689 1003 secundum
1713 983 1756 1003 se.
1776 990 1796 995 -
1815 973 1885 1004 Hae
1908 973 2045 1004 rationes
2068 983 2135 1004 non
2159 980 2234 1005 sunt
2257 983 2294 1004 ex
2317 972 2414 1004 Scoto
2438 972 2503 1003 for-

1432 1016 1573 1048 maliter:
1599 1017 1654 1047 sed
1677 1023 1713 1048 ut
1735 1017 1848 1047 veritas
1871 1017 2035 1054 elucescat,
2052 1018 2168 1058 partim
2182 1028 2220 1049 ex
2234 1018 2316 1059 ipso,
2334 1016 2450 1058 partim
2466 1026 2504 1047 ex

1431 1061 1534 1092 littera
1557 1071 1608 1092 eas
1632 1060 1816 1091 formandas
1839 1061 1966 1092 credidi.

1486 1105 1553 1137 v11.
1574 1106 1626 1136 Ad
1645 1105 1836 1137 evidentiam
1853 1106 1982 1142 horum,
1999 1106 2065 1137 duo
2081 1106 2218 1137 videnda
2234 1112 2317 1142 sunt,
2333 1115 2371 1136 ex
2386 1104 2504 1146 quibus

1432 1150 1551 1181 solutio
1575 1150 1725 1181 omnium
1747 1150 1880 1191 pendet:
1905 1150 2024 1191 primo,
2049 1150 2207 1191 quomodo
2237 1150 2310 1181 idea
2332 1159 2367 1181 se
2389 1149 2504 1180 habeat

1432 1195 1476 1226 ad
1498 1202 1585 1233 esse;
1607 1195 1758 1231 secundo,
1782 1195 1860 1236 quid
1881 1196 1923 1226 sit
1946 1204 2014 1226 esse
2036 1195 2222 1226 obiectivum
2238 1193 2266 1225 *.

1489 1240 1607 1278 Quoad
1623 1241 1780 1280 primum,
1806 1239 1884 1270 scito
1901 1239 2000 1280 quod,
2017 1246 2052 1270 ut
2075 1249 2112 1270 ex
2128 1238 2267 1279 allegatis
2285 1237 2392 1269 locis*
2407 1245 2503 1279 patet,

1433 1284 1472 1315 de
1495 1284 1616 1315 ratione
1639 1283 1728 1315 ideae
1752 1290 1798 1315 est
1821 1293 1889 1314 esse
1912 1283 2072 1324 exemplar
2101 1283 2155 1314 rei.
2179 1283 2228 1314 De
2251 1282 2373 1313 ratione
2396 1289 2505 1314 autem

1433 1328 1618 1369 exemplaris
1642 1335 1689 1359 est
1716 1338 1783 1359 esse
1806 1327 2014 1359 formativum
2037 1327 2096 1364 rei,
2128 1326 2287 1358 mediante
2310 1334 2422 1368 agente
2448 1336 2505 1368 per

1432 1373 1639 1405 intellectum.
1663 1373 1757 1404 Unde
1772 1372 1891 1403 ibidem
1905 1372 1923 1392 *
1946 1372 2060 1403 dicitur
2082 1372 2182 1413 quod,
2198 1371 2224 1402 si
2243 1371 2354 1402 omnia
2377 1378 2505 1412 agerent

1433 1418 1472 1449 de
1495 1417 1677 1449 necessitate
1707 1424 1854 1454 naturae,
1878 1426 1945 1447 non
1968 1424 2163 1458 ponerentur
2189 1416 2287 1448 ideae.
2311 1416 2360 1447 De
2383 1415 2504 1448 ratione

1433 1469 1542 1493 autern
1552 1462 1713 1493 formativi
1724 1462 1778 1499 sic,
1796 1468 1843 1492 est
1854 1471 1922 1492 esse
1933 1461 1966 1491 in
1982 1468 2104 1492 mente:
2121 1471 2289 1503 nunquam
2301 1460 2388 1491 enim
2402 1469 2504 1492 exem-

1432 1507 1501 1547 plar
1523 1506 1656 1548 aliquod
1679 1513 1726 1537 est
1746 1506 1790 1538 sic
1813 1505 2029 1543 formativurn,
2047 1505 2107 1536 nisi
2126 1505 2270 1547 potentia
2293 1511 2426 1542 remota,
2442 1505 2504 1536 nisi

1433 1551 1472 1582 sit
1494 1551 1528 1582 in
1550 1557 1667 1582 mente.
1688 1551 1729 1582 Et
1752 1551 1778 1581 si
1801 1557 1847 1582 est
1869 1550 1902 1581 in
1932 1556 2039 1582 mente
2061 1557 2203 1587 tantum,
2229 1549 2437 1581 formativum
2459 1549 2504 1581 sic

1433 1596 1580 1627 salvatur.
1597 1596 1715 1627 Modus
1734 1605 1809 1636 ergo
1824 1594 1947 1626 essendi
1964 1594 2150 1636 exemplaris
2166 1594 2359 1626 necessarius
2376 1601 2422 1626 est
2437 1603 2503 1626 esse

1432 1640 1466 1671 in
1489 1647 1612 1672 mente:
1641 1639 1734 1671 ceteri
1764 1646 1872 1671 autem
1895 1639 1985 1670 modi
2009 1639 2132 1671 essendi
2162 1646 2238 1671 sunt
2265 1649 2321 1681 per
2347 1638 2502 1676 accidens,

1433 1685 1578 1716 absolute
1599 1685 1775 1726 loquendo.
1807 1685 1849 1716 Et
1871 1691 2039 1725 propterea
2061 1684 2095 1715 in
2117 1684 2220 1716 littera
2248 1683 2428 1725 quaestioni
2458 1693 2502 1714 an

1433 1735 1480 1760 est
1502 1729 1542 1760 de
1571 1729 1668 1766 ideis,
1691 1739 1883 1770 responsum
1907 1735 1954 1760 est
1981 1729 2071 1770 quod
2094 1736 2168 1760 sunt
2192 1728 2225 1759 in
2255 1735 2362 1759 mente
2386 1727 2502 1759 divina.

1432 1772 1510 1804 Esse
1524 1783 1664 1815 namque
1679 1773 1712 1804 in
1729 1780 1834 1805 mente
1852 1780 1899 1805 est
1913 1773 2097 1814 simpliciter
2107 1772 2321 1804 necessarium
2335 1782 2402 1804 esse
2417 1771 2504 1803 idea·

1433 1828 1517 1856 rum,
1537 1825 1568 1849 et
1591 1818 1764 1849 formaliter
1786 1817 1935 1849 convenit
1956 1817 2045 1848 ideae
2069 1825 2105 1849 ut
2126 1817 2199 1849 idea
2221 1823 2276 1849 est.
2292 1817 2359 1848 Nec
2383 1815 2504 1848 curavit

1433 1864 1555 1894 Auctor
1574 1863 1613 1893 de
1633 1873 1700 1894 esse
1723 1862 1867 1893 idearum
1883 1862 1916 1893 in
1935 1871 2041 1893 rerum
2065 1869 2186 1899 natura,
2204 1869 2240 1893 ut
2261 1860 2387 1893 Platoni
2409 1860 2504 1892 ascri-

1433 1906 1533 1938 bitur:
1557 1907 1713 1948 quoniam
1731 1907 1782 1938 hic
1798 1906 1996 1948 theologiam
2018 1907 2170 1945 tradebat,
2186 1912 2218 1938 et
2233 1906 2272 1937 de
2289 1905 2398 1936 divino
2413 1904 2506 1936 intel-

1432 1949 1533 1988 lectu;
1557 1951 1612 1982 illa
1634 1958 1742 1983 autem
1757 1951 1912 1982 discussio
1936 1950 2192 1992 metaphysicalis
2212 1957 2268 1987 est,
2286 1957 2317 1982 et
2336 1949 2377 1981 ad
2392 1955 2505 1981 tracta·

1432 2002 1503 2027 tum
1518 1996 1557 2026 de
1573 1996 1729 2037 Separatis
1744 1995 1934 2027 Substantiis
1949 2002 2102 2036 spectans.
2120 1995 2213 2027 Unde
2228 2001 2315 2036 patet
2328 1994 2419 2036 quod
2434 1993 2505 2024 idea

1432 2040 1465 2070 in
1479 2040 1550 2071 Deo
1567 2047 1622 2077 est,
1640 2040 1814 2072 formaliter
1829 2041 2004 2082 loquendo,
2020 2041 2158 2071 essentia
2173 2039 2283 2072 divina
2300 2044 2335 2070 ut
2349 2040 2382 2070 in
2399 2042 2505 2069 mente

1433 2090 1480 2116 est
1501 2085 1621 2116 divina.
1645 2085 1711 2116 Nec
1732 2084 1920 2126 oppositum
1939 2084 1972 2116 in
1987 2084 2048 2115 illis
2071 2084 2174 2116 verbis
2198 2083 2359 2126 sequentis
2381 2081 2505 2114 articuli

1433 2128 1560 2160 dicitur:
1585 2129 1740 2170 quoniam
1756 2130 1789 2171 ly
1808 2129 1961 2160 imitabile
1983 2129 2128 2160 claudere
2150 2127 2335 2169 intelligitur
2351 2127 2385 2159 in
2409 2137 2442 2158 se
2457 2135 2505 2157 ra-

1432 2173 1555 2204 tionem
1579 2174 1775 2214 exemplaris.
1799 2176 1846 2205 Ac
1873 2184 1930 2215 per
1953 2174 2024 2210 hoc,
2049 2180 2086 2205 ut
2108 2183 2146 2204 ex
2169 2173 2258 2204 dictis
2273 2173 2291 2193 *
2314 2178 2410 2214 patet,
2433 2171 2505 2202 idea

1434 2217 1547 2248 dicitur
1570 2218 1704 2249 essentia
1728 2217 1833 2248 divina
1857 2225 1893 2249 ut
1915 2218 2075 2259 exemplar
2098 2224 2153 2254 est,
2174 2217 2254 2248 idest
2277 2224 2314 2248 ut
2337 2215 2505 2248 formative

1434 2268 1481 2292 est
1502 2262 1547 2292 rei
1570 2262 1677 2292 medio
1708 2261 1879 2293 intellectu.
1904 2262 1977 2293 Hoc
2001 2269 2109 2293 autem
2131 2268 2218 2302 patet
2240 2271 2307 2292 non
2336 2261 2505 2293 convenire

1434 2305 1586 2337 essentiae
1610 2306 1787 2337 secundum
1810 2306 1900 2348 quod
1923 2313 1969 2337 est
1992 2316 2078 2337 mere
2101 2305 2293 2342 naturaliter,
2315 2305 2370 2337 sed
2393 2315 2504 2337 secun-

1434 2350 1512 2381 dum
1537 2351 1627 2391 quod
1649 2357 1696 2382 est
1718 2350 1842 2382 obiecta
1865 2350 1988 2381 divinae
2011 2350 2121 2382 menti.

1489 2394 1572 2426 VIII.
1597 2394 1660 2426 Sed
1682 2395 1760 2436 quid
1782 2400 1830 2426 est
1852 2404 1920 2426 esse
1942 2396 1999 2433 sic,
2023 2395 2144 2426 scilicet
2166 2393 2327 2432 obiectum,
2347 2393 2438 2435 quod
2456 2403 2503 2424 se-

1434 2439 1540 2470 cundo
1556 2439 1630 2471 loco
1645 2439 1820 2470 videndum
1844 2445 1909 2470 erat
1922 2437 1960 2470 *ἲ
1974 2456 1994 2462 -
2009 2439 2132 2476 Scotus,
2152 2439 2185 2470 in
2205 2439 2228 2476 1,
2244 2438 2314 2470 dist.
2329 2447 2431 2475 xxxvr,
2449 2438 2503 2469 de-

1433 2483 1581 2515 terminat
1599 2484 1689 2525 quod
1704 2494 1771 2515 esse
1791 2483 1955 2524 cognitum
1978 2494 2045 2515 non
2064 2490 2111 2515 est
2127 2493 2194 2515 esse
2209 2483 2301 2520 reale,
2317 2482 2503 2514 absolutum

1433 2535 1488 2559 aut
1510 2528 1739 2569 respectivum;
1763 2538 1822 2559 nec
1845 2535 1892 2559 est
1915 2538 1981 2559 esse
2009 2528 2176 2559 relativum
2206 2527 2384 2559 secundum
2406 2526 2503 2558 ratio-

1433 2582 1524 2610 nem;
1549 2572 1604 2604 sed
1634 2579 1681 2604 est
1704 2583 1771 2603 esse
1801 2572 1997 2603 diminutum
2020 2572 2082 2609 rei,
2107 2573 2171 2604 sive
2195 2572 2340 2604 absolute
2363 2571 2428 2602 sive
2451 2580 2500 2602 re-

1432 2616 1544 2654 lative,
1569 2617 1658 2658 quod
1681 2623 1813 2648 vocatur
1844 2626 1913 2648 esse
1939 2617 2114 2648 secundum
2145 2617 2222 2658 quid
2226 2624 2240 2655 ;
2270 2615 2314 2647 ita
2340 2615 2430 2657 quod
2454 2625 2503 2646 res

1432 2661 1551 2692 habens
1573 2661 1670 2692 talem
1692 2662 1830 2692 modum
1858 2661 1997 2698 essendi,
2022 2661 2136 2693 fundat
2164 2660 2350 2692 relationem
2372 2658 2503 2691 rationi:

1432 2706 1472 2737 ad
1494 2705 1700 2737 intellectum.
1723 2706 1881 2747 Putatque
1903 2706 2044 2746 lapidem
2067 2713 2137 2742 etc„
2155 2705 2238 2737 entia
2257 2705 2413 2746 producta
2435 2713 2503 2736 esse

1432 2751 1471 2781 ab
1495 2757 1622 2781 aeterno
1639 2761 1657 2781 a
1673 2751 1752 2787 Deo,
1776 2760 1833 2791 per
1848 2757 1955 2782 actum
1970 2750 2148 2782 intellectus
2165 2749 2272 2787 divini,
2292 2749 2325 2780 in
2342 2749 2397 2781 tali
2416 2756 2501 2786 esse;

2531 1197 2542 1207 ·
2557 1195 2595 1219 Cf.
2609 1201 2731 1219 nan-vm.

2511 1259 2514 1261 .
2531 1243 2541 1252 '
2550 1241 2586 1264 Cf.
2594 1247 2747 1270 nam-praec.

2530 1379 2542 1391 ·
2556 1378 2606 1406 sc..
2615 1378 2653 1401 De
2663 1378 2747 1407 Verte„

2532 1411 2574 1434 qu.
2582 1411 2617 1433 m,
2631 1409 2675 1438 art.
2685 1411 2702 1428 ι.

2531 2177 2542 2188 ·
2557 2176 2594 2199 ef.
2609 2182 2674 2200 num.
2685 2183 2711 2199 v.

2531 2443 2540 2452 ·
2549 2441 2586 2465 Cf.
2594 2447 2747 2472 nampraec.

1433 2801 1464 2826 et
1485 2794 1672 2826 huiusmodi
1696 2794 1780 2826 entia
1803 2795 1980 2826 secundum
2003 2795 2082 2836 quid
2106 2803 2191 2832 esse;
2217 2801 2247 2826 et
2269 2793 2375 2826 vocari
2399 2793 2500 2831 ideas,
2541 2792 2550 2802 '

1432 2838 1507 2881 quia
1537 2838 1581 2870 eis
1605 2838 1799 2870 conveniunt
1826 2849 1938 2870 omnes
1970 2838 2168 2871 conditiones
2197 2838 2361 2875 idearum,
2393 2844 2429 2869 ut
2451 2847 2500 2869 ar-

1431 2883 1560 2924 guendo
1583 2883 1644 2914 fuit
1667 2883 1840 2914 deductum
1856 2883 1883 2915 *.

1485 2927 1556 2968 Ego
1579 2934 1701 2964 autem,
1726 2927 1931 2968 peripatetico
1954 2928 2034 2959 lacte
2057 2928 2218 2964 educatus,
2244 2936 2280 2958 ac
2302 2926 2336 2957 in
2360 2935 2439 2962 aere,
2464 2931 2501 2957 ut

1431 2971 1530 3009 aiunt,
1544 2972 1636 3014 loqui
1654 2972 1805 3008 nesciens,
1824 2979 1945 3012 praeter
1960 2972 2160 3004 latitudinem
2179 2971 2259 3003 entis
2274 2971 2375 3007 realis,
2393 2970 2500 3001 solum

1431 3026 1486 3047 ens
1509 3016 1640 3048 rationis
1663 3016 1739 3047 novi
1756 3015 1798 3059 (V
1814 3014 1830 3031 *
1853 3024 1884 3047 et
1898 3017 1940 3048 VI
1955 3017 2138 3058 Metaphys.
2154 3014 2213 3058 **).
2237 3016 2304 3046 Ens
2327 3022 2434 3046 autem
2450 3024 2499 3046 ra-

1431 3060 1527 3092 tionis
1556 3061 1743 3092 relationem
1773 3067 1827 3092 aut
1857 3061 2060 3102 negationem
2092 3060 2187 3092 didici
2210 3070 2228 3091 a
2252 3070 2276 3091 s.
2293 3059 2438 3096 Thoma,
2466 3058 2499 3090 in

1430 3105 1494 3143 Qu.
1511 3105 1552 3136 de
1581 3105 1663 3142 Ver„
1688 3115 1742 3146 qu.
1758 3115 1827 3141 xxi,
1852 3112 1908 3136 art.
1930 3116 1955 3137 1.
1981 3106 2089 3143 Unde,
2115 3114 2190 3136 curn
2214 3114 2281 3135 esse
2305 3104 2500 3136 obiectivum

1430 3159 1496 3180 non
1521 3149 1560 3180 sit
1582 3149 1699 3180 modus
1723 3149 1846 3180 essendi
1869 3150 2047 3181 secundum
2070 3159 2147 3186 rem,
2171 3159 2275 3190 neque
2298 3149 2337 3180 sit
2359 3148 2498 3190 negatio,

1430 3200 1524 3224 restat
1546 3193 1636 3234 quod
1659 3193 1698 3224 sit
1714 3203 1780 3224 esse
1797 3194 1963 3225 relativum
1983 3193 2161 3225 secundum
2176 3193 2341 3230 rationem,
2359 3193 2393 3224 in
2409 3203 2499 3224 com-

1430 3237 1522 3268 muni
1543 3238 1718 3278 loquendo.
1743 3238 1804 3269 Sed
1828 3238 1983 3279 quoniam
2007 3248 2073 3269 esse
2097 3237 2242 3269 divinum
2266 3244 2312 3269 est
2327 3237 2431 3269 tantae
2448 3247 2498 3268 ex-

1430 3281 1599 3319 cellentiae,
1617 3289 1653 3313 ut
1668 3291 1780 3313 omnes
1802 3282 1925 3313 essendi
1944 3282 2069 3318 modos,
2086 3281 2150 3312 sive
2167 3289 2251 3313 extra
2275 3282 2415 3313 animam
2431 3281 2497 3314 sive

1428 3326 1461 3356 in
1486 3326 1607 3362 anima,
1633 3326 1807 3357 eminenter
1829 3326 2032 3367 praehabeat,
2057 3333 2184 3367 oportet
2207 3333 2243 3357 ut
2266 3336 2332 3357 esse
2356 3326 2498 3358 naturale

1428 3370 1528 3411 ipsius
1551 3370 1675 3401 divinae
1699 3371 1850 3402 essentiae
1866 3371 1905 3402 sit
1927 3380 1994 3401 non
2010 3370 2117 3401 solum
2141 3371 2260 3402 ordinis
2283 3370 2497 3411 intelligibilis,

1429 3421 1460 3446 et
1482 3414 1515 3445 in
1538 3421 1610 3446 actu
1634 3415 1815 3455 purissimo,
1839 3415 1894 3446 sed
1917 3414 1957 3446 sit
1981 3414 2076 3446 etiam
2099 3413 2145 3458 (et
2168 3425 2235 3446 non
2258 3425 2315 3456 per
2337 3412 2497 3457 accidens)

1429 3468 1495 3490 esse
1519 3458 1713 3490 obiectivum
1736 3459 1879 3490 eiusdem
1897 3466 2040 3500 respectu
2063 3459 2239 3491 intellectus
2263 3459 2328 3491 sui:
2353 3458 2496 3500 alioquin

1428 3513 1495 3533 non
1510 3513 1623 3534 omnes
1637 3503 1759 3534 essendi
1782 3503 1900 3534 modos
1914 3503 2010 3534 unico
2031 3504 2131 3535 modo
2155 3503 2402 3535 eminentissime
2421 3512 2496 3534 con-

1428 3547 1548 3578 tineret.
1574 3549 1621 3577 Ac
1643 3557 1699 3588 per
1717 3547 1790 3583 hoc,
1814 3557 1872 3578 nec
1896 3548 2029 3579 essentia
2052 3548 2158 3579 divina
2182 3555 2218 3580 ut
2233 3547 2355 3580 obiecta
2374 3546 2495 3578 intelle-

1429 3590 1502 3627 ctui,
1519 3591 1614 3622 habet
1629 3601 1696 3622 esse
1720 3591 1929 3628 diminutum
1954 3602 2012 3623 nec
2035 3592 2141 3634 aliqua
2163 3602 2222 3629 res,
2247 3599 2283 3623 ut
2306 3591 2429 3623 obiecta
2447 3590 2496 3621 di-

1428 3635 1503 3666 vino
1519 3635 1700 3672 intellectui,
1718 3635 1811 3667 habet
1826 3645 1892 3667 esse
1909 3636 2115 3668 diminutum.
2131 3637 2172 3668 Et
2188 3636 2227 3668 de
2242 3635 2375 3667 essentia
2391 3635 2496 3666 divina

2526 2884 2538 2895 ⁶
2555 2883 2592 2907 Cf.
2605 2890 2671 2907 nam.
2682 2890 2716 2906 vr.

2527 3023 2537 3032 ·
2547 3021 2581 3044 Ca
2599 3027 2657 3044 sm.
2666 3032 2678 3038 -
2685 3021 2743 3044 Did.

2527 3047 2568 3070 lib.
2613 3064 2620 3076 ,
2635 3053 2688 3076 cap.
2697 3053 2739 3071 vn.

2526 3074 2551 3087 ⁸*
2564 3075 2623 3104 Cap.
2631 3080 2656 3097 n.
2665 3085 2676 3092 -
2683 3074 2739 3097 Did.

2528 3101 2600 3130 lib.v,
2609 3107 2688 3130 etp-¹1,
2696 3107 2741 3123 aa.
