2768 4178
984 210 1254 258 QUAESTIO
1285 211 1318 257 I,
1349 210 1647 248 ARTICULUS
1677 211 1712 247 X

301 295 356 327 1v.
380 295 432 326 Ad
447 295 510 326 hoc
526 294 699 326 dicendum
722 293 801 324 mihi
819 293 954 328 videtur,
979 291 1069 332 quod
1093 290 1140 321 uti
1157 289 1322 330 metapho-

245 340 287 371 ris
310 340 343 370 in
358 339 418 370 hac
441 339 586 370 doctn'na
609 345 656 370 est
679 336 924 380 quodammodo
948 335 1172 371 necessarium,
1197 341 1228 365 et
1243 344 1323 375 quo-

245 383 423 415 dammodo
448 392 528 415 non:
555 390 585 414 et
607 383 670 414 hoc
693 387 838 422 respectu
862 390 929 411 non
952 380 1071 410 horum
1094 385 1149 410 aut
1172 379 1323 414 illorum,

245 436 324 470 puta
340 428 447 459 minus
470 428 674 463 idoneorum,
699 426 755 457 sed
770 431 915 466 respectu
938 423 1080 455 hominis
1102 423 1243 454 viatoris.
1266 423 1323 454 Est

245 473 406 514 siquidem
437 472 650 504 necessarium
681 470 811 511 propter
843 469 959 500 melius
989 468 1255 509 consequendum
1284 467 1321 497 fi-

246 527 340 554 nem,
374 517 494 548 scilicet
516 515 734 557 cognitionem
756 514 826 545 Dei.
859 514 901 545 Et
923 513 1001 544 haec
1025 512 1194 544 necessitas
1218 518 1323 543 osten-

246 562 332 593 ditur
354 571 411 602 per
426 561 564 602 primam
585 559 744 591 rationem
767 558 897 590 litterae.
921 558 969 588 Ex
984 557 1047 588 hoc
1070 566 1210 598 namque
1234 557 1323 597 quod

246 606 451 637 connaturale
482 611 530 636 est
551 603 676 635 homini
699 602 907 643 intelligibilia
937 611 994 642 per
1016 601 1175 632 sensibilia
1198 607 1324 632 tanturn

246 659 351 686 nosse,
376 656 513 691 oportet,
533 649 559 679 si
575 647 751 689 spiritualia
771 647 861 678 facile
881 653 912 678 et
927 656 987 677 suo
1006 646 1107 677 modo
1132 655 1324 686 cognoscere

247 695 349 731 debet,
374 701 411 725 ut
423 703 481 734 per
499 692 703 733 metaphoras
726 698 917 732 cognoscat:
941 691 1098 732 quoniam
1117 690 1323 731 metaphorae

246 738 398 779 supplent
411 738 496 769 vices
511 736 727 780 spiritualium
743 736 931 777 specierum,
952 745 1035 776 quae
1051 735 1090 765 de
1106 735 1324 775 spiritualibus

246 782 354 814 haberi
377 783 528 814 deberent
543 781 722 813 secundum
738 790 780 812 se.
797 799 817 803 -
832 779 908 811 Non
925 787 971 812 est
987 786 1095 811 autem
1112 778 1324 810 necessarium

2398 213 2443 248 25

1378 290 1578 331 simpliciter:
1603 290 1679 332 quia
1708 291 1765 322 etsi
1789 301 1855 322 non
1884 293 2004 333 absque
2028 292 2318 333 phantasmatibus,
2343 299 2449 323 tamen

1379 335 1498 376 absque
1521 334 1718 376 metaphoris
1741 343 1849 376 posset
1871 336 1972 367 homo
1997 337 2093 367 etiam
2108 338 2141 368 in
2156 337 2218 368 hoc
2237 344 2318 368 statu
2339 347 2448 378 capere

1379 389 1461 420 quae
1485 379 1644 416 dicuntur,
1668 379 1741 410 licet
1764 389 1830 410 non
1854 379 1897 411 ita
1920 380 2021 413 facile.

1435 423 1476 454 Et
1502 433 1559 464 per
1581 423 1643 455 hoc
1666 430 1753 464 patet
1775 424 1893 455 solutio
1923 425 1963 455 ad
1986 425 2108 456 obiecta
2122 426 2149 456 *.
2181 426 2287 456 Prima
2309 436 2449 467 namque

1379 467 1458 499 ratio
1483 468 1622 499 ostendit
1644 478 1711 499 non
1735 468 1843 499 solum
1866 469 2136 506 convenientiam,
2162 471 2226 506 sed,
2251 471 2448 501 ostendendo

1379 512 1645 549 convenientiam,
1666 522 1704 543 ex
1718 513 1782 543 hoc
1796 513 1868 553 ipso
1888 514 2026 545 ostendit
2048 514 2275 550 necessitatem,
2293 524 2360 545 non
2376 515 2450 545 sim-

1378 557 1510 597 pliciter,
1535 558 1589 588 sed
1612 564 1744 598 propter
1762 557 1886 588 melius.
1903 575 1922 581 -
1937 558 1978 589 Et
1993 558 2019 589 si
2035 565 2145 589 contra
2159 558 2221 589 hoc
2238 559 2371 590 instetur
2394 569 2448 589 au-

1379 601 1522 632 ctoritate
1550 601 1699 642 Dionysii
1730 601 1763 632 in
1794 601 1895 632 littera
1926 602 2035 640 allata,
2073 603 2264 643 impossibile
2291 609 2359 634 est:
2388 603 2450 634 dici

1379 652 1484 686 potest
1507 646 1596 687 quod
1620 646 1812 686 impossibile
1834 645 2036 686 distinguitur
2059 647 2140 678 sicut
2164 654 2193 678 et
2217 648 2451 678 necessarium:

1379 690 1535 731 quoniam
1558 690 1749 731 impossibile
1772 697 1803 721 et
1826 692 2042 721 necessarium
2067 701 2130 722 non
2154 691 2388 733 aequipollent;
2420 698 2451 722 et

1379 734 1510 810 pell-,inde
1533 741 1580 766 est
1602 745 1638 766 ac
1661 734 1687 765 si
1711 734 1881 771 diceretur,
1914 745 2040 766 necesse
2064 741 2110 767 est
2139 746 2201 767 non
2226 736 2321 767 aliter
2344 736 2450 767 lucere

1380 789 1421 810 no
1443 780 1480 818 is,
1505 786 1562 810 etc.

1046 924 1368 968 ARTICULUS
1398 924 1653 967 DECIMUS

550 1010 708 1041 UTRUM
732 1009 874 1041 SACRA
898 1009 1143 1041 sempron».
1167 1009 1246 1040 SUB
1271 1009 1362 1039 UNA
1386 1008 1579 1039 LITTERA
1603 1009 1783 1040 HABEAT
1806 1009 1971 1040 PLURES
1995 1009 2152 1040 SENSUS

326 1089 435 1119 lSent.‚
455 1088 533 1118 Prol.¹
554 1081 601 1114 ar't.
616 1088 629 1113 5
636 1097 644 1120 ς
664 1089 707 1118 lv,
727 1089 786 1113 dist.
801 1095 851 1117 xxx,
871 1095 917 1120 qu.
931 1095 949 1119 1,
969 1093 1016 1113 art.
1033 1094 1056 1119 π,
1076 1089 1133 1120 qu'.
1141 1094 1165 1147 ἑ,
1180 1086 1257 1147 εσάαἷ;
1276 1087 1310 1111 de
1329 1087 1463 1147 ibt-,lqu-
1476 1094 1510 1117 iv,
1531 1092 1577 1112 art.
1598 1095 1605 1111 1
1616 1095 1623 1118 ;
1645 1087 1741 1118 Quodl.
1762 1088 1802 1119 ΙΙΙ,
1822 1096 1866 1121 qu.
1880 1096 1930 1119 xiv,
1950 1093 1996 1113 art.
2020 1095 2046 1119 1;
2065 1088 2119 1118 vll,
2138 1096 2183 1121 qu.
2202 1096 2236 1120 vi,
2256 1096 2301 1121 per
2320 1094 2381 1120 tot.;

1122 1129 1139 1146 a
1234 1139 1251 1150 .,
1271 1129 1327 1155 cap.
1347 1129 1381 1152 iv,
1410 1127 1459 1147 ect.
1472 1130 1517 1147 vu.

291 1227 347 1263 2⁴53
369 1226 441 1258 ,ΖΝ
466 1217 488 1241 1)
518 1215 681 1243 DEcmuM
701 1215 755 1240 sm
779 1214 1020 1240 PROCEDrrUR.
1041 1201 1203 1239 Videtur
1221 1201 1327 1250 quod

253 1280 256 1281 ν
282 1259 370 1305 '5142
384 1250 441 1306 {io
467 1270 573 1295 sacra
593 1257 784 1306 Scriptura
798 1262 816 1277 α
836 1256 907 1293 sub
926 1267 1005 1293 una
1022 1255 1143 1292 littera
1162 1267 1242 1292 non
1261 1255 1327 1292 ha-

274 1304 391 1361 ,y'ssrss
403 1298 555 1352 ’(ῢθεῖ
582 1310 710 1359 plures
739 1321 890 1356 sensus,
920 1308 985 1357 qui
1013 1315 1101 1346 sunt
1128 1307 1328 1345 historicus

312 1361 407 1394 &¹²²⁷ss
423 1358 453 1400 R«
465 1364 529 1402 vel
565 1362 751 1410 litteralis,
790 1361 1033 1410 allegoricus,
1067 1361 1328 1411 tropologicus

249 1418 332 1458 sive
364 1417 543 1465 moralis,
582 1424 620 1453 et
655 1415 897 1464 anagogicus.
934 1414 1191 1465 Multiplicitas
1224 1414 1327 1452 enirn

247 1482 434 1520 sensuum
462 1469 502 1508 in
529 1481 607 1507 una
635 1469 821 1519 scriptura
854 1469 953 1518 parit
985 1468 1253 1506 confusionem
1292 1475 1328 1505 et

249 1523 532 1574 deceptionem,
553 1531 590 1561 et
604 1523 699 1560 tollit
718 1522 900 1571 arguendi
921 1521 938 1550 β
956 1521 1199 1560 firmitatem:
1224 1521 1327 1559 unde

250 1590 298 1616 ex
325 1576 598 1626 multiplicibus
625 1575 953 1626 propositionibus
972 1587 1052 1613 non
1079 1575 1253 1625 procedit
1272 1587 1329 1612 ar-

250 1630 505 1682 gumentatiO,
535 1630 604 1668 sed
633 1630 847 1668 secundum
877 1630 953 1666 hoc
981 1629 1130 1678 aliquae
1158 1629 1328 1666 fallaciae

200 1699 202 1702 ’
251 1685 501 1734 assignantur.
547 1684 664 1721 Sacra
701 1691 831 1721 autem
871 1683 1064 1732 Scriptura
1097 1682 1212 1720 debet
1245 1694 1328 1719 esse

251 1737 388 1776 efficax
416 1737 466 1775 ad
495 1737 775 1775 ostendendam
803 1736 1006 1774 veritatem
1041 1737 1187 1784 absque
1221 1735 1329 1773 omni

250 1791 408 1831 fallacia.
447 1792 550 1839 Ergo
579 1803 658 1828 non
687 1790 829 1828 debent
857 1790 896 1828 in
925 1802 970 1827 ea
1003 1790 1074 1827 sub
1103 1802 1180 1827 una
1208 1789 1329 1826 littera

251 1845 379 1896 plures
407 1857 542 1882 sensus
569 1843 679 1881 tradi.

306 1909 343 1936 2.
363 1898 599 1945 Pium-snm,
620 1895 854 1944 Augustinus
875 1895 963 1933 dicit
982 1896 1019 1933 in
1039 1895 1136 1932 libro
1156 1896 1202 1932 de
1226 1894 1330 1933 Utili-

252 1956 327 1990 tate
344 1951 524 1989 credendi
534 1950 567 1997 ²⁸,
587 1950 694 2000 quod
714 1949 911 1998 Scriptura
930 1961 1028 1998 quae
1051 1949 1329 1986 Testamentum

259 2005 370 2043 Vetus
392 2009 407 2031 ⁷
435 2009 615 2050 vocatur,
645 2003 926 2052 quadrffariam
955 2002 1138 2040 traditur:
1167 2002 1327 2050 scilicet,

251 2058 458 2096 secundum
486 2057 682 2095 historiam
698 2086 708 2103 ,
743 2056 950 2093 secundum
979 2055 1245 2106 aetiologiam,
1274 2067 1328 2092 se·

253 2111 419 2149 cundum
447 2111 683 2160 analogiam,
711 2110 918 2146 secundum
947 2109 1186 2159 allegoriam.
1218 2109 1328 2156 Quae

253 2164 412 2214 quidem
450 2171 616 2214 quatuor
652 2175 674 2200 a
711 2170 876 2210 quatuor
911 2162 1114 2212 praedictis
1151 2162 1331 2200 videntur

253 2228 337 2256 esse
366 2216 490 2262 aliena
514 2216 676 2254 omnino
697 2214 721 2253 ὅ.
753 2216 844 2253 Non
872 2216 983 2264 igitur
1011 2215 1246 2253 conveniens
1274 2216 1330 2252 vi—

254 2272 365 2319 detur
383 2270 490 2320 quod
510 2270 647 2309 eadem
666 2269 786 2308 littera
806 2282 934 2307 sacrae
961 2269 1176 2319 Scripturae
1197 2281 1330 2306 secun-

254 2325 348 2362 dum
378 2332 543 2374 quatuor
569 2336 705 2361 sensus
732 2323 950 2372 praedictos
978 2330 1202 2372 exponatur.

310 2379 345 2416 3.
371 2378 606 2425 Prummu,
628 2384 780 2426 praeter
807 2377 1023 2426 praedictos
1056 2388 1203 2424 sensuS,
1224 2375 1330 2412 inve-

254 2431 356 2469 nitur
383 2443 518 2468 sensus
536 2436 547 2451 ¹
575 2430 833 2480 parabolicus,
863 2430 928 2479 qui
958 2430 1055 2467 inter
1083 2430 1167 2467 illos
1197 2441 1330 2466 sensus

235 2492 421 2534 ·quatuor
448 2496 528 2521 non
558 2484 783 2521 continetur.

309 2538 385 2576 SED
413 2549 560 2575 CONTRA
579 2549 646 2574 Εετ
674 2537 780 2586 quod
800 2536 888 2574 dicit
908 2536 1129 2585 Gregorius,
1150 2536 1223 2572 XX
1241 2535 1330 2572 Mo-

256 2591 396 2630 ralium
415 2590 452 2627 *z
480 2591 601 2628 Sacra
621 2591 817 2639 Scriptura
836 2602 967 2627 omnes
985 2590 1160 2627 scientias
1179 2590 1258 2638 ipso
1278 2589 1331 2625 lo-

255 2645 414 2682 cutionis
431 2655 525 2681 suae
538 2656 646 2681 more
664 2643 910 2681 transcendit.-
929 2644 1019 2692 quia
1036 2655 1111 2680 uno
1126 2643 1333 2690 eodemque

255 2709 442 2743 sermone,
471 2697 561 2734 dum
590 2703 728 2734 narrat
752 2702 913 2747 gestum,
938 2697 1068 2745 prodit
1093 2696 1330 2745 mysterium.

311 2752 539 2788 REsponozo
565 2762 751 2787 monimum
778 2750 885 2799 quod
913 2758 1045 2787 auctor
1074 2762 1204 2787 sacrae
1234 2749 1332 2785 Scri—

256 2811 391 2854 pturae
421 2811 477 2841 est
504 2804 632 2851 Deus,
667 2803 707 2840 in
735 2803 841 2841 cuius
877 2811 1065 2852 potestate
1100 2811 1157 2840 est
1184 2810 1226 2839 ut
1254 2815 1333 2839 non

257 2858 384 2896 solum
403 2869 521 2895 voces
541 2857 590 2894 ad
610 2857 903 2905 significandum
922 2856 1193 2894 accommodet
1211 2855 1334 2904 (quod

259 2908 375 2949 etiam
403 2912 524 2948 homo
554 2911 679 2948 facere
707 2913 860 2959 potest),
890 2910 958 2948 sed
986 2910 1101 2947 etiam
1131 2922 1191 2946 res
1219 2909 1332 2958 ipsas.

259 2965 310 3002 Et
335 2964 442 3012 ideo,
473 2977 562 3002 cum
591 2964 629 3001 in
659 2963 839 3001 omnibus
865 2963 1028 3001 scientiis
1056 2975 1174 3000 voces
1195 2962 1334 3011 signifi-

261 3025 358 3066 cent,
379 3018 454 3055 hoc
473 3018 588 3055 habet
607 3017 807 3067 proprium
826 3017 896 3054 ista
915 3017 1082 3065 scientia,
1104 3017 1210 3066 quod
1228 3016 1334 3066 ipsae

262 3083 322 3108 res
351 3070 582 3120 significatae
619 3083 689 3120 per
715 3083 850 3118 voces,
881 3071 996 3108 etiam
1032 3070 1244 3118 significant
1270 3070 1334 3107 ali-

263 3124 368 3172 quid.
397 3125 463 3162 Illa
491 3137 582 3173 ergo
609 3124 733 3174 prima
762 3124 1006 3172 significatio,
1037 3136 1112 3173 qua
1139 3135 1258 3160 voces
1287 3123 1335 3160 si-

263 3176 444 3225 gnificant
480 3190 560 3226 res,
589 3178 751 3228 pertinet
784 3177 834 3214 ad
861 3177 1030 3226 primum
1064 3189 1240 3225 sensum,
1270 3177 1335 3225 qui

266 3238 321 3267 θεῖ
349 3242 481 3268 sensus
500 3231 700 3280 historicus
720 3231 782 3268 vel
802 3231 975 3268 litteralis.
1007 3231 1072 3267 Illa
1099 3243 1194 3267 vero
1224 3230 1335 3278 signi-

319 3346 347 3377 α)
368 3345 522 3376 Scriptura.
540 3359 559 3364 -
576 3345 703 3371 doctrina
722 3347 752 3370 B.
1362 3345 1366 3384 Ι

320 3379 345 3412 β)
365 3380 508 3413 arguendi.
525 3393 545 3400 -
561 3381 772 3414 argumentandi
791 3379 954 3412 BG(ADF?),
973 3380 1113 3413 arguendo
1133 3380 1162 3404 E.

319 3416 347 3449 γ)
371 3415 567 3440 Testamentum
596 3415 683 3441 Vetus.
701 3429 720 3435 —
742 3416 821 3441 Vetus
846 3416 1043 3441 Testamentum
1069 3415 1182 3440 codices.
1201 3429 1219 3434 —
1238 3415 1338 3441 scilicet

266 3451 390 3476 omittunt
409 3451 511 3475 codices
531 3455 556 3474 et
574 3451 615 3476 ed.
631 3458 657 3475 a.

321 3485 345 3519 δ)
357 3486 506 3518 praedictis
555 3486 672 3511 omnino.
683 3487 798 3518 -primo
814 3487 892 3512 dictis
902 3486 1010 3512 omnino
1020 3487 1110 3511 aliena
1123 3486 1250 3511 videntur
1259 3486 1336 3511 codd.

322 3522 344 3554 ε)
357 3529 457 3547 sensus.
469 3535 488 3541 —
502 3521 565 3546 Om.
577 3521 700 3546 ABCDE.
711 3535 730 3540 —
743 3522 794 3546 Pro
808 3522 876 3551 illos,
891 3522 960 3547 alios
972 3523 1007 3553 B;
1022 3529 1114 3547 sensus
1127 3521 1211 3546 omitt.
1226 3522 1337 3546 codices.

321 3557 347 3590 ζ)
367 3557 473 3582 iterum.
490 3570 510 3575 —
527 3563 618 3581 rerum
637 3556 690 3581 AC.
701 3569 721 3574 -
733 3556 784 3581 Pro
802 3564 890 3589 super,
910 3564 993 3589 supra
1012 3558 1087 3582 codd.
1099 3562 1124 3582 et
1136 3557 1188 3588 ab;
1200 3565 1248 3589 pro
1267 3557 1336 3582 litte-

270 3593 362 3624 ralem,
381 3593 507 3625 litteram,
518 3593 549 3616 A.

413 3654 522 3679 Summa
542 3653 643 3677 Timor.
662 3652 692 3676 D.
707 3652 822 3677 Tamus
840 3652 872 3677 T.
893 3653 909 3677 1.

1381 1202 1508 1239 ficatio
1547 1215 1624 1252 qua
1658 1215 1718 1240 res
1752 1203 1984 1252 significatae
2017 1216 2087 1252 per
2114 1217 2253 1251 voces,
2282 1204 2419 1242 iterum
2440 1205 2454 1230 ζ

1382 1267 1443 1292 res
1471 1255 1563 1293 alias
1582 1255 1807 1304 significant,
1829 1256 1964 1293 dicitur
1983 1269 2118 1294 sensus
2138 1257 2360 1306 spiritualis;
2389 1258 2455 1306 qui

1382 1321 1498 1358 super
1526 1309 1722 1346 litteralem
1750 1309 1941 1357 fundatur,
1972 1318 2009 1346 et
2037 1323 2126 1347 eum
2155 1311 2346 1360 supponit.

1437 1361 1511 1399 Hic
1539 1369 1669 1400 autem
1689 1375 1822 1400 sensus
1846 1363 2045 1412 spiritualis
2065 1363 2243 1401 trifariam
2263 1364 2453 1401 dividitur.

1384 1415 1489 1453 Sicut
1517 1416 1620 1454 enim
1649 1415 1738 1454 dicit
1765 1417 1990 1465 Apostolus,
2018 1417 2071 1454 ad
2094 1418 2217 1455 Hebr.
2239 1430 2286 1455 vu
2306 1417 2365 1465 Μ,
2395 1419 2454 1454 lex

1381 1477 1493 1506 vetus
1522 1470 1645 1518 figura
1682 1477 1738 1507 est
1765 1482 1892 1508 novae
1930 1470 2042 1518 legis:
2073 1478 2110 1507 et
2136 1470 2219 1519 ipsa
2248 1483 2351 1508 nova
2383 1472 2454 1518 lex,

1382 1530 1424 1559 ut
1457 1523 1545 1561 dicit
1579 1523 1787 1572 Dionysius
1815 1523 1854 1560 in
1881 1523 2144 1561 Ecclesiastica
2172 1525 2404 1562 Hierarchia
2423 1524 2454 1572 *,
2483 1527 2491 1534 '

1384 1584 1440 1613 est
1458 1577 1580 1625 figura
1609 1577 1755 1614 futurae
1784 1577 1947 1625 gloriae:
1976 1577 2015 1614 in
2035 1589 2139 1614 nova
2160 1578 2275 1614 etiarn
2293 1578 2388 1626 lege,
2411 1590 2455 1615 ea

1383 1642 1482 1679 quae
1501 1630 1540 1667 in
1561 1630 1683 1680 capite
1713 1638 1799 1667 sunt
1822 1638 1939 1679 gesta,
1961 1638 2047 1667 sunt
2066 1630 2172 1679 signa
2192 1643 2328 1668 eorum
2357 1644 2455 1680 quae

1384 1695 1456 1720 nos
1494 1695 1607 1732 agere
1645 1683 1844 1721 debemus.
1885 1683 2108 1721 Secundum
2148 1696 2237 1732 ergo
2276 1685 2382 1732 quod
2412 1697 2456 1721 ea

1383 1749 1482 1786 quae
1511 1745 1599 1774 sunt
1626 1737 1765 1774 veteris
1793 1737 1897 1786 legis,
1928 1737 2141 1786 significant
2169 1750 2214 1774 ea
2242 1749 2341 1786 quae
2371 1746 2457 1775 sunt

1384 1803 1511 1828 novae
1548 1790 1661 1839 legis,
1701 1798 1757 1827 est
1789 1803 1922 1828 sensus
1961 1790 2203 1839 allegoricus:
2242 1791 2455 1828 secundum

1383 1856 1478 1881 vero
1507 1844 1613 1892 quod
1641 1856 1687 1881 ea
1715 1856 1814 1893 quae
1842 1845 1882 1881 in
1911 1844 2062 1881 Christo
2090 1851 2178 1881 sunt
2206 1845 2314 1892 facta,
2335 1846 2398 1882 vel
2418 1845 2455 1881 in

1383 1897 1442 1935 his
1461 1909 1560 1947 quae
1583 1897 1777 1934 Christum
1797 1895 1810 1917 ⁰
1834 1897 2058 1946 significant,
2079 1905 2167 1934 sunt
2186 1897 2291 1946 signa
2321 1910 2455 1940 eorum

1384 1963 1484 1999 quae
1513 1963 1584 1988 nos
1622 1962 1734 1999 agere
1772 1951 1980 1999 debemus,
2020 1958 2076 1988 est
2112 1962 2245 1988 sensus
2279 1951 2453 1988 moralis:

1383 2011 1499 2054 prout
1525 2016 1620 2040 vero
1658 2003 1872 2051 significant
1905 2017 1949 2041 ea
1983 2016 2081 2053 quae
2115 2011 2201 2041 sunt
2235 2003 2273 2041 in
2302 2011 2456 2041 aeterna

1384 2057 1519 2106 gloria,
1550 2064 1606 2094 est
1634 2069 1768 2094 sensus
1797 2057 2037 2105 anagogicus.

1439 2110 1541 2158 Quia
1579 2123 1673 2147 vero
1707 2122 1840 2148 sensus
1874 2110 2038 2147 litteralis
2068 2118 2142 2157 est,
2174 2122 2290 2159 quem
2323 2119 2456 2147 auctor

1384 2163 1559 2201 intendit:
1581 2171 1714 2200 auctor
1733 2171 1862 2200 autem
1883 2175 2012 2201 sacrae
2029 2163 2244 2212 Scripturae
2261 2164 2367 2200 Deus
2388 2171 2454 2211 est,

1385 2217 1449 2267 qui
1470 2217 1600 2254 omnia
1620 2217 1734 2254 simul
1750 2230 1820 2254 suo
1841 2217 2031 2254 intellectu
2047 2217 2356 2266 comprehendit:
2377 2230 2455 2254 non

1386 2279 1441 2308 est
1460 2270 1747 2318 inconveniens,
1769 2278 1809 2307 ut
1829 2270 1917 2308 dicit
1936 2270 2170 2319 Augustinus
2199 2271 2268 2307 XII
2303 2271 2456 2319 Confes-

2476 431 2486 441 ⁵
2495 428 2531 450 Cf.
2541 435 2606 451 num.
2613 435 2690 456 praec.

2483 1454 2490 1461 ·
2506 1451 2572 1473 Vers.
2580 1427 2613 1479 ²1²9.

2484 1524 2629 1573 Cfeafllier-
2638 1524 2682 1571 cci.

1383 2326 1533 2362 sionum
1552 2324 1583 2372 ²⁸,
1605 2324 1635 2361 si
1656 2324 1770 2361 etiam
1791 2324 2003 2361 secundum
2023 2323 2220 2360 litteralem
2241 2336 2396 2361 sensum
2418 2325 2456 2361 in
2484 2335 2491 2341 ·
2521 2339 2533 2353 a
2577 2339 2634 2353 xxx1

1385 2391 1461 2415 una
1493 2378 1614 2414 littera
1649 2377 1892 2426 Scripturae‘
1920 2378 2047 2426 plures
2076 2377 2147 2414 sint
2176 2389 2320 2414 sensus.

1439 2433 1498 2468 An
1527 2443 1664 2468 ramum
1700 2443 1799 2468 ERGO
1837 2442 2020 2467 mOENDUM
2058 2431 2163 2478 quod
2202 2430 2455 2479 multiplicitas

1385 2486 1525 2522 horum
1555 2496 1738 2522 sensuum
1767 2496 1846 2521 non
1875 2484 1961 2520 facit
1988 2483 2362 2532 aequivocationem,
2392 2491 2457 2520 aut

1386 2537 1499 2575 aliam
1519 2544 1532 2558 ¹
1552 2537 1721 2586 speciem
1741 2537 2036 2585 multiplicitatis:
2067 2537 2168 2585 quia,
2189 2537 2284 2573 sicut
2302 2537 2380 2573 iam
2402 2537 2456 2573 di-

1386 2599 1490 2628 ctum
1521 2598 1576 2628 est
1590 2590 1621 2638 ²¹²,
1643 2603 1776 2627 sensus
1801 2591 1859 2627 isti
1878 2602 1958 2627 non
1978 2590 2274 2639 multiplicantur
2301 2598 2458 2639 propter

1386 2646 1460 2681 hoc
1498 2644 1604 2693 quod
1636 2656 1713 2680 una
1749 2656 1827 2680 vox
1864 2644 1984 2680 multa
2022 2643 2223 2691 significet3
2267 2644 2334 2680 sed
2369 2644 2458 2692 quia

1386 2698 1491 2747 ipsae
1530 2710 1589 2734 res
1619 2697 1848 2745 significatae
1878 2709 1947 2746 per
1973 2709 2104 2744 voces,
2141 2696 2299 2734 aliarum
2329 2709 2456 2734 rerum

1386 2758 1548 2800 possunt
1576 2762 1658 2787 esse
1693 2751 1809 2798 signa.
1850 2751 1898 2787 Et
1931 2750 1981 2787 ita
2010 2750 2123 2787 etiam
2154 2751 2255 2787 nulla
2285 2750 2457 2787 confusio

1387 2804 1558 2853 sequitur
1590 2803 1628 2840 in
1657 2816 1764 2840 sacra
1794 2803 2009 2852 Scriptura:
2040 2816 2128 2840 curn
2159 2816 2295 2840 omnes
2324 2816 2458 2840 sensus

1387 2858 1593 2895 fundentur
1621 2869 1736 2906 super
1759 2869 1893 2905 unum,
1915 2857 2054 2894 scilicet
2073 2857 2288 2901 litteralem;
2310 2869 2355 2893 ex
2380 2869 2457 2905 quo

1388 2912 1470 2948 solo
1490 2917 1616 2959 potest
1634 2910 1731 2958 trahi
1760 2918 2040 2958 argumentum,
2062 2923 2140 2947 non
2161 2917 2288 2946 autem
2303 2909 2315 2930 ³
2336 2922 2380 2946 ex
2400 2910 2457 2946 his

1387 2976 1486 3013 quae
1516 2963 1729 3000 secundum
1757 2964 1977 3012 allegoriam
2004 2964 2192 3009 dicuntur,
2213 2971 2254 2999 ut
2275 2962 2362 3000 dicit
2380 2964 2458 2998 Au-

1387 3017 1557 3065 gustinus
1594 3017 1631 3053 in
1669 3017 1828 3066 epistola
1866 3025 1997 3054 contra
2025 3016 2267 3054 Vincentium
2300 3015 2458 3053 Donati-

1388 3079 1486 3108 stam
1505 3070 1536 3107 ²¹².
1567 3071 1659 3107 Non
1678 3077 1808 3108 tamen
1828 3083 1874 3107 ex
1893 3071 1968 3108 hoc
1988 3070 2129 3119 aliquid
2158 3069 2301 3118 deperit
2328 3081 2458 3105 sacrae

1390 3124 1627 3173 Scripturae:
1658 3123 1747 3173 quia
1775 3124 1867 3161 nihil
1896 3125 1966 3161 sub
1996 3123 2177 3172 spirituali
2206 3135 2321 3159 sensu
2341 3122 2458 3158 conti-
2486 3133 2530 3148 ΧΗ

1389 3185 1498 3214 netur
1521 3177 1611 3214 fidei
1641 3177 1911 3224 necessarium,
1929 3177 2034 3226 quod
2055 3176 2246 3225 Scriptura
2273 3188 2343 3224 per
2366 3175 2458 3212 litte-

1390 3231 1509 3267 ralem
1543 3242 1698 3267 sensum
1727 3230 1863 3267 alicubi
1893 3230 2090 3267 manifeste
2119 3242 2197 3266 non
2226 3229 2358 3265 tradat.

1446 3347 1472 3377 η)
1491 3346 1528 3370 ad
1549 3346 1628 3370 Hebr.
1648 3345 1704 3369 VII.
1722 3359 1741 3364 -
1760 3346 1821 3370 Om.
1837 3345 1953 3374 codices;
1973 3344 2004 3369 cf.
2023 3344 2060 3368 ad
2081 3345 2141 3368 Gal.
2156 3351 2188 3373 xv,
2206 3350 2247 3374 24,
2267 3348 2292 3367 et
2311 3343 2459 3367 Comment.

1393 3389 1415 3407 s.
1430 3381 1548 3406 Thomae
1567 3381 1672 3406 ibidem.
1692 3393 1710 3398 —
1729 3381 1780 3405 Pro
1800 3380 1995 3409 Ecclesiastica,
2018 3379 2131 3404 Caelesti
2149 3379 2178 3403 F.

1445 3415 1469 3449 θ)
1492 3416 1634 3441 Christum.
1653 3429 1672 3435 -
1685 3423 1737 3448 per
1759 3415 1893 3440 Christum
1913 3416 1990 3440 ACD.
2008 3429 2026 3433 -
2046 3415 2096 3438 Pro
2119 3414 2286 3446 significant,
2306 3413 2459 3446 significan-

1392 3455 1438 3477 tur
1457 3453 1502 3476 sA.

1446 3489 1463 3520 ι)
1485 3488 1650 3519 Scripturae.
1667 3500 1686 3505 —
1704 3493 1798 3512 sacrae
1817 3486 1975 3518 scripturae
1994 3485 2095 3510 codices
2116 3490 2141 3509 et
2159 3485 2198 3509 ed.
2214 3492 2239 3508 a.

1446 3524 1470 3555 κ)
1490 3524 1580 3547 aliam.
1599 3536 1618 3541 -—
1634 3522 1752 3554 aliquam
1772 3523 1801 3546 B.
1819 3536 1838 3540 -
1856 3522 1927 3545 Idem
1946 3527 2007 3554 post
2020 3521 2089 3545 sicut
2103 3520 2172 3545 addit
2191 3520 2217 3544 in
2232 3519 2370 3551 principio
2388 3519 2458 3543 solu-

1392 3559 1471 3584 tionis
1485 3558 1653 3591 principalis,
1673 3565 1763 3590 margo
1782 3557 1805 3581 D
1825 3557 1850 3581 in
1866 3556 2002 3589 principio
2021 3556 2107 3580 huius.

1445 3593 1472 3626 λ)
1492 3597 1589 3619 autem.
1607 3607 1626 3612 —
1645 3593 1706 3617 Om.
1720 3592 1830 3617 codices.

2260 3653 2277 3675 4

2486 3073 2534 3094 *Aa
2546 3072 2700 3094 Vincent.Ro-

2483 3102 2537 3128 gat.
2547 3099 2590 3126 Ep.
2599 3105 2654 3120 xcin
2665 3099 2699 3123 [al.

2531 3128 2563 3147 nil
2573 3143 2578 3153 ,
2594 3132 2613 3147 c.
2625 3131 2672 3147 vni.
