2768 4178
49 1397 60 1408 ‘⁸
74 1396 218 1424 Fulgentius.

50 1455 60 1464 '
76 1455 133 1482 Cap.
149 1460 164 1476 ι.

150 1557 166 1572 α

50 1606 59 1616 ’
70 1605 145 1633 Super
153 1605 261 1626 canona.

148 1654 162 1688 β

52 2032 62 2040 ·
75 2031 111 2052 De
129 2031 204 2058 Trin„
219 2030 259 2052 lib.

49 2057 102 2085 vn,
120 2063 169 2085 cup.
186 2063 201 2079 ι.

55 3098 198 3125 '‘Qu.xxxiv,
206 3101 266 3125 arta,

57 3125 191 3146 Commeat.
212 3131 235 3146 n.
250 3131 266 3146 1.

57 3187 66 3196 ·
82 3187 117 3209 Cf.
135 3193 198 3209 num.
214 3193 246 3208 iv.

294 241 367 288 372

973 239 1240 286 QUAESTIO
1269 239 1429 285 xxxv,
1459 238 1756 275 ARTmULUs
1787 239 1800 274 1

772 430 1186 535 QUAESTIO
1224 413 1996 534 TRIGESIMAQ‘UINTA

1191 577 1275 616 DE
1307 577 1565 617 IMAGINE

1026 691 1070 716 1N
1107 691 1227 717 DUOS
1263 692 1538 717 ARTICULOS
1575 692 1740 718 DIVISA

373 834 479 859 EINDE
508 821 700 871 quaeritur
729 821 776 857 de
806 820 985 868 Imagine.

291 832 422 914 DEt
451 875 549 912 circa
576 871 911 923 hoc'quaeruntur
939 873 1029 910 duo.

1463 794 1615 830 Primo:
1644 801 1773 831 utrum
1799 796 1930 843 Imago
1950 795 1989 832 in
2009 784 2146 833 divinis
2176 794 2322 832 dicatur
2344 806 2478 844 perso-

1519 846 1661 883 naliter.

1465 899 1666 937 Secundo:
1695 907 1824 937 utrum
1853 899 1899 936 sit
1924 900 2123 950 proprium
2153 900 2247 938 Filii.

874 1055 876 1057 ,
1106 994 1423 1053 ARTICULUS
1453 1010 1659 1052 PRIMUS

809 1104 964 1135 UTRUM
989 1103 1129 1135 IMAGO
1154 1104 1197 1134 IN
1220 1103 1377 1135 DIVINIS
1401 1103 1599 1135 DICATUR
1620 1071 1951 1135 PERSONALITER

893 1183 967 1214 Infra,
987 1192 1032 1216 qu.
1050 1190 1121 1214 xcm,
1142 1189 1188 1208 art.
1209 1183 1232 1215 5,
1252 1184 1284 1208 ad
1302 1191 1320 1216 4
1327 1192 1335 1216 ;
1354 1184 1364 1208 1
1384 1184 1467 1214 Sent„
1487 1183 1546 1209 dist.
1565 1191 1650 1213 xxvm.
1670 1191 1715 1216 qu.
1733 1191 1761 1215 11,
1780 1189 1827 1209 art.
1848 1191 1872 1208 2.

314 1296 381 1346 2⁰³5?
403 1294 477 1347 μδ(
500 1294 522 1319 D
551 1293 688 1318 PR1MUM
717 1293 769 1318 sm
798 1292 1037 1318 PROCEDITUR.
1067 1280 1227 1318 Videtur
1248 1281 1354 1330 quod

314 1323 478 1394 &¹53⁴
502 1336 632 1383 Imago
644 1347 722 1372 non
734 1334 879 1371 dicatur
893 1333 1140 1383 personaliter
1154 1334 1192 1371 in
1204 1333 1351 1371 divinis.

305 1389 309 1395 '
324 1386 340 1434 J
351 1427 353 1430 ,
366 1402 426 1437 vg
442 1377 469 1430 ἦ
483 1384 489 1390 ’
501 1388 600 1425 Dicit
619 1387 721 1424 enim
736 1387 969 1435 Augustinus
984 1387 1016 1435 ²¹²,
1033 1387 1070 1424 in
1089 1386 1184 1424 libro
1200 1387 1246 1424 de
1262 1387 1356 1424 Fide

345 1415 441 1473 ζ’·ςθῦ
457 1432 551 1483 Χαά
572 1443 726 1478 Petrum
745 1440 780 1478 *z
807 1441 892 1478 Una
912 1446 967 1478 est
986 1446 1140 1478 sanctae
1163 1441 1354 1478 Trinitatis

289 1492 462 1529 divinitas
481 1499 517 1531 et
535 1495 676 1544 imago,
693 1494 744 1530 ad
757 1506 872 1542 quam
879 1495 1013 1542 factus
1028 1500 1082 1530 est
1098 1495 1223 1531 homo.
1241 1493 1355 1541 Igitur

288 1545 414 1593 imago
435 1551 451 1566 α
481 1547 616 1584 dicitur
640 1547 896 1594 essentialiter,
919 1554 955 1584 et
987 1559 1066 1583 non
1093 1547 1352 1596 personaliter.

344 1610 378 1635 2.
395 1599 628 1647 PRAETEREA,
645 1599 811 1637 Hilarius
832 1600 930 1647 dicit,
946 1599 985 1636 in
1000 1599 1096 1636 libro
1113 1601 1159 1637 de
1172 1599 1354 1649 Synodf,

291 1651 396 1699 quod
415 1650 432 1679 Ρ
461 1653 590 1703 imago
615 1659 673 1690 'est
699 1654 778 1690 eius
806 1653 864 1690 rei
880 1654 932 1690 ad
957 1655 1072 1702 qu'am
1102 1653 1355 1703 imaginatur,

288 1704 427 1753 species
460 1706 687 1756 indifferens.
728 1706 805 1744 Sed
833 1706 1001 1755 species,
1031 1706 1111 1743 sive
1139 1707 1285 1754 forma,
1315 1706 1354 1743 in

291 1757 426 1795 divinis
455 1759 589 1797 dicitur
618 1760 871 1797 essentialiter.
902 1760 1003 1807 Ergo
1035 1766 1070 1796 et
1097 1759 1237 1807 imago.

346 1812 380 1848 3.
401 1813 633 1860 PRAETEREA,
654 1813 781 1861 imago
811 1814 859 1849 ab
887 1812 1071 1849 imitando
1092 1817 1106 1839 ⁷
1136 1813 1286 1859 dicitur,
1316 1812 1356 1863 in

290 1876 367 1913 quo
396 1864 622 1913 importatur
639 1866 743 1915 prius
765 1873 800 1902 et
818 1865 1018 1915 posterius.
1050 1866 1127 1903 Sed
1156 1866 1194 1902 in
1219 1865 1356 1903 divinis

289 1917 461 1966 personis
478 1918 579 1955 >nihil
606 1927 661 1956 est
688 1919 792 1968 prius
812 1925 849 1956 et
866 1918 1066 1967 posterius.
1097 1919 1199 1967 Ergo
1228 1919 1355 1966 imago

289 1983 367 2007 non
394 1978 520 2019 potest
548 1984 631 2009 esse
659 1985 803 2010 nomen
831 1972 1033 2020 personale
1062 1970 1100 2008 in
1129 1971 1277 2009 divinis.

344 2024 418 2060 SED
447 2036 592 2062 CONTRA
611 2037 677 2062 EST
705 2025 811 2074 quod
831 2025 919 2062 dicit
938 2025 1174 2072 Augustinus
1194 2024 1225 2071 ²¹⁸,
1260 2025 1359 2067 Quid

290 2083 344 2113 est
369 2078 568 2114 absurdius
596 2090 710 2126 quam
740 2079 946 2128 imaginem
975 2078 1028 2114 ad
1053 2090 1093 2114 se
1120 2078 1224 2115 dici?
1252 2079 1354 2126 Ergo

290 2131 420 2178 Imago
449 2130 487 2167 in
517 2130 837 2169 divinisrelative
873 2131 1017 2168 dicitur.
1047 2131 1097 2168 Et
1125 2131 1178 2168 sic
1207 2138 1262 2168 est
1289 2143 1357 2168 no-

290 2195 380 2220 men
407 2185 620 2231 personale.

343 2237 568 2273 Rssspouosso
597 2249 781 2275 chENDUM
800 2236 907 2285 quod
936 2237 982 2274 de
1007 2236 1154 2274 ratione
1182 2236 1356 2284 imaginis

291 2296 347 2325 est
365 2289 583 2327 similitudo.
608 2291 700 2327 Non
719 2297 848 2327 tamen
863 2302 1130 2338 quaecumque
1149 2289 1355 2326 similitudo

291 2342 429 2378 sufficit
447 2342 495 2379 ad
516 2343 702 2380 rationem
722 2343 913 2391 imaginis3
944 2342 1012 2380 sed
1033 2342 1239 2380 similitudo
1259 2355 1356 2391 quae

293 2402 348 2431 est
381 2395 420 2431 in
445 2392 459 2416 δ
487 2395 612 2445 specie
642 2396 714 2444 rei,
743 2397 806 2433 vel
840 2396 974 2433 saltem
1009 2395 1047 2432 in
1085 2395 1213 2444 aliquo
1249 2395 1356 2444 signo

291 2447 441 2496 speciei.
473 2448 631 2496 Signum
653 2457 781 2486 autem
810 2448 950 2498 speciei
970 2448 1008 2486 in
1029 2448 1142 2486 rebus
1163 2449 1357 2498 corporeis

291 2501 456 2538 maxime
474 2501 625 2539 viderur
652 2515 735 2539 esse
755 2502 898 2550 figura:
927 2501 1104 2539 videmus
1130 2501 1232 2538 enim
1252 2503 1357 2550 quod

292 2554 530 2592 diversorum
564 2555 786 2592 animalium
814 2555 1028 2592 secundum
1056 2554 1241 2603 speeiem,
1271 2562 1358 2592 sunt

292 2606 464 2644 diversae
483 2608 639 2655 figurae,
656 2621 734 2646 non
750 2616 878 2645 autem
894 2608 1036 2645 diversi
1052 2609 1211 2645 colores.
1233 2608 1356 2655 Unde,

291 2659 322 2696 si
350 2660 573 2709 depingatur
606 2662 711 2698 color
748 2662 904 2698 alicuius
942 2662 994 2698 rei
1021 2661 1059 2698 in
1087 2661 1248 2710 pariete,
1279 2673 1358 2698 non

347 2775 373 2807 α)
394 2774 492 2808 imago.
510 2788 529 2792 —
549 2775 574 2800 in
595 2775 692 2800 divinis
711 2776 809 2800 addunt
826 2776 901 2800 BCE.

347 2809 371 2842 β)
391 2810 470 2842 quod.
487 2824 506 2829 -
525 2810 586 2835 Om.
606 2811 681 2835 codd.
699 2825 718 2830 —
736 2811 764 2835 In
783 2816 853 2836 textu
872 2812 913 2836 cit.
934 2810 974 2836 rei
992 2819 1046 2836 om.
1061 2811 1137 2836 codd.
1150 2816 1175 2836 et
1194 2811 1235 2837 ed.
1250 2819 1282 2842 a,-
1300 2817 1360 2844 post

292 2846 330 2870 ad
347 2853 426 2878 quam
446 2845 482 2870 sD
502 2846 561 2870 add.
580 2846 620 2870 vel
638 2846 675 2870 ad
693 2853 777 2878 quem.
796 2860 815 2865 -
833 2846 896 2871 Post
916 2846 1085 2880 indifferens,
1107 2847 1182 2880 Ergo
1207 2847 1297 2880 imago
1321 2851 1361 2872 est

293 2881 390 2913 species
409 2881 467 2906 add.
486 2881 521 2911 B;
541 2886 567 2905 et
586 2886 646 2914 post
662 2881 837 2907 essentialiter
855 2882 914 2906 add.
933 2885 960 2907 et
979 2889 1031 2907 non
1047 2882 1235 2914 personaliter.

345 2916 372 2950 γ)
392 2916 530 2941 imitando.
548 2930 567 2935 -
585 2916 760 2950 imaginando
779 2917 854 2942 ΑΒΕ.

1410 1280 1545 1318 dicitur
1572 1293 1655 1318 esse
1683 1280 1824 1328 imago,
1851 1280 1922 1317 nisi
1950 1279 2176 1329 depingatur
2202 1281 2337 1328 figura.
2357 1301 2382 1308 -
2404 1279 2482 1317 Sed

1410 1345 1535 1382 neque
1565 1334 1647 1383 ipsa
1675 1333 1881 1371 similitudo
1906 1333 2046 1382 speciei
2074 1333 2214 1371 sufficit
2230 1334 2293 1371 vel
2313 1333 2480 1382 figurae3

1410 1387 1478 1424 sed
1494 1386 1694 1436 requiritur
1709 1387 1758 1424 ad
1778 1387 1963 1424 rationem
1983 1386 2158 1435 imaginis
2177 1385 2303 1435 origo:
2324 1386 2425 1436 quia,
2440 1393 2484 1424 ut

1410 1440 1644 1488 Augustinus
1664 1439 1751 1477 dicit
1769 1440 1808 1477 in
1823 1439 1919 1478 libro
1941 1440 2139 1490 Octoginta
2154 1437 2480 1488 trium.Quaest.*,
2507 1446 2518 1457 ⁶

1410 1505 1533 1531 unum
1571 1505 1692 1531 ovum
1721 1505 1800 1530 non
1829 1501 1885 1530 est
1911 1493 2039 1541 imago
2078 1493 2249 1541 alterius,
2283 1492 2373 1542 quia
2401 1505 2482 1531 non

1412 1554 1468 1584 est
1496 1546 1544 1583 de
1571 1546 1634 1583 illo
1673 1558 1906 1595 expressum.
1942 1546 2005 1583 Ad
2033 1547 2108 1583 hoc
2137 1558 2226 1595 ergo
2255 1547 2362 1595 quod
2388 1557 2481 1584 vere

1411 1599 1553 1648 aliquid
1582 1600 1628 1636 sit
1655 1599 1800 1648 imago,
1841 1599 2041 1648 requiritur
2069 1599 2174 1648 quod
2211 1611 2256 1636 ex
2292 1599 2365 1636 alio
2394 1611 2482 1649 pro-

1412 1653 1522 1690 cedat
1549 1652 1667 1690 simile
1697 1653 1730 1689 ei
1754 1653 1793 1690 in
1812 1652 1952 1702 specie,
1972 1653 2035 1690 vel
2056 1653 2190 1689 saltem
2211 1652 2249 1690 in
2269 1652 2377 1701 signo
2397 1664 2482 1702 spe—

1412 1705 1491 1743 ciei.
1512 1727 1537 1734 -
1557 1707 1615 1743 Ea
1633 1718 1728 1743 vero
1758 1718 1856 1755 quae
1884 1705 2173 1755 processionem
2194 1705 2275 1743 sive
2295 1705 2481 1754 originem

1411 1759 1618 1808 important
1644 1759 1682 1796 in
1712 1758 1866 1806 divinis,
1897 1766 1985 1796 sunt
2011 1758 2239 1808 personalia.
2268 1758 2380 1797 Unde
2405 1759 2482 1797 ho'c

1387 1824 1556 1850 -nomen
1583 1813 1722 1862 Imago
1752 1820 1807 1849 est
1835 1824 1980 1849 nomen
2007 1812 2221 1861 personale.

1465 1867 1524 1902 An
1553 1877 1691 1902 PRIMUM
1719 1876 1818 1902 ERGO
1842 1877 2027 1902 mcaNDUM
2048 1866 2153 1914 quod
2171 1865 2299 1913 imago
2326 1863 2481 1914 proprie

1413 1918 1548 1956 dicitur
1567 1919 1673 1967 quod
1700 1918 1873 1967 procedit
1896 1924 1907 1939 ⁸
1934 1919 1983 1956 ad
2007 1917 2294 1956 similitudinem
2318 1917 2481 1955 alterius.

1413 1971 1508 2009 Illud
1537 1979 1665 2008 autem
1695 1971 1743 2009 ad
1773 1971 1880 2008 cuius
1909 1971 2195 2009 similitudinem
2224 1970 2366 2021 aliquid
2392 1983 2482 2020 pro—

1413 2024 1527 2072 cedit,
1556 2024 1712 2074 proprie
1746 2024 1881 2062 dicitur
1907 2025 2121 2073 exemplar,
2150 2024 2359 2074 improprie
2386 2036 2481 2062 vero

1412 2077 1550 2126 imago.
1591 2077 1654 2114 Sic
1691 2085 1821 2115 tamen
1855 2077 2090 2126 Augustinus
2117 2077 2138 2100 *
2173 2077 2289 2115 utitur
2323 2077 2483 2115 nomine

1412 2130 1598 2180 imaginis,
1630 2143 1717 2168 cum
1749 2130 1838 2168 dicit
1857 2130 2092 2168 divinitatem
2113 2138 2265 2168 sanctae
2285 2130 2482 2168 Trinitatis

1413 2196 1496 2221 esse
1524 2184 1730 2232 imaginem
1760 2185 1809 2221 ad
1838 2196 1954 2233 quam
1983 2184 2103 2222 factus
2132 2192 2189 2221 est
2215 2185 2349 2222 homo.

1466 2239 1525 2274 AD
1554 2249 1744 2274 SECUNDUM
1764 2249 1948 2274 DICENDUM
1969 2238 2074 2286 quod
2101 2237 2251 2286 species,
2279 2244 2393 2286 prout
2411 2249 2482 2287 po-

1413 2290 1513 2327 nitur
1540 2290 1588 2326 ab
1616 2289 1761 2326 Hilario
1789 2289 1829 2326 in
1858 2289 2079 2327 definitione
2098 2290 2283 2338 imaginis,
2304 2290 2484 2340 importat

1413 2344 1578 2380 formam
1605 2342 1809 2380 deductam
1838 2342 1876 2379 in
1905 2342 2033 2392 aliquo
2053 2344 2101 2380 ab
2121 2343 2195 2380 alio
2216 2342 2240 2380 ζ.
2272 2344 2359 2380 Hoc
2379 2343 2481 2381 enim

1413 2396 1533 2433 modo
1562 2395 1689 2444 imago
1720 2395 1854 2432 dicitur
1882 2408 1964 2433 esse
1997 2396 2143 2445 species
2176 2396 2344 2443 alicuius,
2375 2396 2483 2434 sicuti

1413 2449 1451 2487 id
1480 2449 1585 2498 quod
1615 2448 1842 2486 assimilatur
1860 2449 1985 2496 alicui,
2007 2449 2142 2487 dicitur
2159 2449 2284 2487 forma
2313 2449 2405 2498 eius,
2425 2449 2482 2487 in-

1414 2510 1599 2551 quantum
1627 2502 1743 2539 habet
1770 2502 1937 2540 formam
1966 2502 2015 2540 illi
2043 2502 2218 2540 similem.

1467 2557 1526 2592 An
1553 2566 1714 2592 TER'riUM
1742 2567 1927 2593 meai-tuum
1956 2555 2062 2604 quod
2089 2555 2249 2593 imitatio
2276 2555 2315 2593 in
2344 2554 2482 2593 divinis

1413 2608 1587 2657 personis
1615 2620 1694 2645 non
1722 2607 1907 2656 significat
1932 2608 2252 2658 posterioritatem
2272 2614 2298 2656 θ,
2328 2608 2396 2646 sed
2421 2620 2482 2646 so·
2512 2639 2514 2642 .

1413 2662 1490 2698 lam
1520 2661 1841 2698 assimilationem.

1467 2776 1492 2810 δ)
1513 2777 1549 2802 in.
1566 2789 1585 2797 —-
1602 2778 1643 2802 vel
1662 2777 1688 2802 in
1709 2777 1853 2802 BCDEFG.

1468 2812 1490 2845 ε)
1509 2812 1583 2845 quod
1595 2812 1728 2844 procedit.
1747 2826 1766 2832 -
1784 2813 1846 2838 Om.
1861 2813 1890 2838 Β.

1466 2846 1492 2880 ζ)
1513 2847 1655 2874 deductam
1675 2847 1701 2872 in
1721 2847 1811 2881 atiquo
1826 2849 1859 2873 ab
1877 2849 1940 2873 a11'o.
1959 2862 1979 2867 -
1996 2848 2135 2875 reductam
2150 2849 2177 2874 in
2193 2855 2245 2874 uno
2263 2849 2296 2874 ab
2314 2849 2369 2875 alio
2382 2848 2481 2880 ABCE,

1415 2883 1557 2908 deductam
1577 2883 1604 2908 in
1623 2890 1676 2908 uno
1694 2883 1728 2908 ab
1745 2883 1801 2908 alio
1819 2884 1876 2915 DG,
1896 2884 2037 2909 deductam
2057 2884 2084 2909 in
2103 2884 2193 2917 aliquo
2211 2885 2246 2910 ab
2265 2892 2317 2910 uno
2335 2884 2365 2910 F.

1467 2919 1495 2951 η)
1510 2918 1751 2951 posterioritatem.
1767 2933 1786 2938 -
1799 2920 1986 2951 posteritatem
2006 2919 2186 2945 PAOEFGab.
2214 2936 2218 2939 Α

973 3005 1304 3039 Commentario.
1327 3006 1578 3040 Cardinalis
1599 3007 1799 3040 Caietam·

297 3102 462 3166 Tri-Utus
480 3103 516 3124 ex
532 3093 716 3133 supradictis
726 3093 743 3112 *
764 3093 864 3124 clarus
884 3100 939 3125 est.
953 3112 972 3117 —
984 3095 1027 3134 ¹In
1042 3105 1176 3136 corpore
1191 3095 1257 3126 duo
1273 3095 1359 3126 facit:

355 3137 476 3177 primo,
500 3137 593 3178 ponit
615 3143 676 3168 tres
700 3138 898 3168 conditiones
922 3139 1087 3179 requisitas
1110 3140 1150 3170 ad
1169 3139 1359 3179 imaginem:

295 3182 444 3218 secundo,
469 3181 638 3223 respondet
661 3181 803 3223 quaesito
820 3180 845 3212 *.

354 3226 390 3256 11.
403 3226 519 3263 Quoad
527 3227 683 3266 primum,
698 3226 895 3257 conditiones
909 3233 998 3258 sunt:
1017 3227 1193 3258 similitudo
1205 3226 1359 3268 specifica,

297 3279 351 3299 seu
375 3270 552 3300 secundum
576 3269 759 3310 specificum
782 3270 928 3310 signum,
954 3278 1031 3311 puta
1053 3271 1207 3312 figuram,
1232 3278 1301 3303 orta
1323 3281 1361 3302 ex

296 3313 351 3343 illo
369 3313 457 3344 cuius
474 3314 587 3345 dicitur
609 3314 726 3354 imago.
751 3314 792 3345 Et
809 3314 912 3355 prima
929 3315 1060 3356 quidem
1077 3315 1228 3352 conditio,
1245 3315 1362 3346 scilicet

297 3357 480 3395 similitudo,
505 3368 561 3398 per
579 3368 611 3389 se
630 3364 706 3389 nota
729 3358 925 3399 relinquitur.
950 3359 1095 3390 Secunda
1118 3367 1235 3396 autem,
1252 3359 1360 3400 quoad

296 3400 439 3440 figuram,
460 3402 632 3433 declaratur
647 3402 680 3432 in
696 3402 885 3433 animalibus
909 3409 940 3434 et
963 3403 1102 3443 picturis.
1127 3404 1235 3435 Tertia
1253 3410 1360 3435 autem

297 3445 448 3485 probatur
463 3446 645 3477 auctoritate
660 3446 840 3486 Augustini,
853 3446 1011 3477 afferendo
1028 3447 1209 3478 instantiam
1224 3448 1262 3478 de
1281 3447 1360 3478 ovis.

297 3506 317 3510 -
334 3488 374 3519 Et
389 3489 512 3520 adverte
528 3489 690 3530 diligenter
705 3490 794 3531 quod
817 3491 893 3521 haec
917 3491 1006 3522 tertia
1022 3491 1162 3522 conditio
1177 3491 1362 3532 intelligitur

292 3542 355 3572 per
377 3541 429 3563 se:
451 3533 539 3569 idest,
564 3534 653 3574 quod
676 3534 765 3574 origo
789 3535 974 3565 terminetur
989 3536 1028 3565 ad
1048 3535 1150 3575 ipsam
1170 3537 1359 3576 inquantum

297 3576 470 3607 similitudo
495 3582 559 3614 est,
588 3577 667 3608 idest
690 3578 729 3607 ad
751 3578 813 3609 hoc
837 3579 926 3619 quod
954 3579 993 3610 sit
1017 3579 1210 3616 similitudo,
1240 3586 1271 3610 et
1293 3589 1360 3610 non

1415 3105 1471 3136 per
1494 3096 1639 3127 accidens
1662 3106 1710 3127 res
1733 3096 1787 3127 illa
1810 3096 1850 3127 sit
1872 3097 1993 3128 similis.
2022 3097 2064 3128 Et
2086 3097 2147 3127 hoc
2170 3097 2250 3128 bene
2273 3102 2367 3134 nota,
2397 3106 2481 3138 quo·

1415 3140 1502 3170 niam
1522 3150 1617 3180 super
1637 3140 1700 3171 hoc
1723 3140 1873 3172 fundatur
1896 3150 2062 3181 processus
2085 3141 2245 3182 sequentis
2261 3140 2397 3172 articuli:
2422 3140 2482 3172 nisi

1415 3184 1501 3214 enirn
1525 3184 1569 3215 sic
1587 3183 1821 3224 intelligeretur,
1846 3195 1958 3216 omnes
1980 3184 2127 3226 imaginis
2151 3185 2348 3217 conditiones
2368 3194 2482 3216 conve-

1415 3227 1518 3259 nirent
1540 3228 1671 3268 Spiritui
1685 3229 1812 3260 Sancto.

1472 3272 1524 3303 111.
1550 3272 1670 3303 Contra
1692 3272 1774 3304 hanc
1796 3280 1901 3304 tamen
1925 3273 2049 3304 tertiam
2072 3273 2218 3314 imaginis
2246 3272 2480 3310 conditionem,

1414 3316 1516 3356 arguit
1538 3317 1698 3347 Aureolus
1711 3317 1744 3347 *z
1769 3317 1844 3358 quia
1860 3323 2043 3359 sequeretur
2065 3317 2154 3358 quod
2178 3317 2238 3348 soli
2257 3316 2388 3349 artifices
2403 3317 2481 3348 ima·
2507 3328 2518 3339 ·

1414 3359 1526 3400 ginum
1548 3360 1698 3392 haberent
1720 3361 1883 3401 imagines.

1472 3404 1534 3435 Sed
1549 3404 1627 3436 haec
1642 3404 1779 3436 obiectio
1799 3415 1836 3436 ex
1858 3405 1929 3436 rudi
1951 3405 2111 3436 intellectu
2128 3405 2280 3447 procedit.
2306 3405 2480 3444 Quoniam,
2521 3396 2527 3402 ¹

1415 3448 1472 3478 etsi
1495 3458 1607 3479 verum
1629 3449 1669 3480 sit
1691 3449 1863 3489 imaginem
1886 3459 2011 3490 semper
2033 3449 2107 3480 oriri
2124 3460 2142 3481 a
2157 3456 2398 3490 repraesentato,
2415 3458 2481 3480 me·

1414 3501 1539 3522 morem
1569 3499 1676 3523 tamen
1706 3499 1833 3533 oportet
1856 3502 1923 3523 esse
1946 3493 2036 3534 quod
2059 3493 2121 3525 hoc
2145 3504 2210 3525 non
2237 3493 2392 3534 contingit
2413 3502 2480 3524 uno

1414 3541 1539 3566 tantum
1563 3537 1673 3567 modo.
1699 3536 1863 3574 Quoniam
1886 3538 2081 3579 quandoque
2101 3539 2201 3570 oritur
2215 3548 2233 3568 a
2249 3543 2479 3579 repraesentato

1415 3580 1591 3610 secundum
1615 3590 1682 3610 esse
1706 3580 1846 3611 naturale
1872 3581 2097 3622 principiante‚
2126 3582 2207 3614 sicut
2232 3581 2317 3613 filius
2340 3581 2440 3612 oritur
2462 3591 2481 3612 a

2509 2087 2519 2097 ·
2533 2085 2678 2115 Fulgentius.
