2768 4178
0 712 7 747 ζ·
36 721 87 744 *ca

107 721 250 743 .vin.-Did.

0 760 2 765 ι
37 748 79 771 lib.
121 754 236 776 ,cap.1x.

271 1294 378 1319 >etum
388 1289 439 1318 Vel
454 1289 624 1319 terminus:
650 1300 698 1320 aI'S
722 1299 797 1320 vero
822 1297 868 1321 eSt
890 1300 952 1330 quo
968 1300 1002 1320 ln
1017 1296 1088 1320 fletu
1105 1289 1249 1326 θΧΕῙἙίῐΟ,

979 242 1245 289 QUAESTIO
1275 242 1363 288 XV,
1394 242 1689 279 ARTICULUS
1719 243 1752 278 II

329 320 368 351 V.
394 319 486 352 Circa
517 321 723 353 differentiam
754 322 787 353 in
813 323 914 353 littera
939 322 1130 362 assignatam
1158 321 1238 351 inter
1259 320 1343 361 quod

277 370 308 394 et
329 374 391 404 quo
414 365 606 406 intelligitur,
632 366 766 397 dubium
789 366 934 397 occurrit.
958 367 1079 403 Primo,
1103 372 1159 396 aut
1178 372 1224 395 est
1238 374 1342 395 sermo

277 408 315 438 de
332 408 510 448 pluralitate
534 410 624 446 reali,
649 417 703 441 aut
725 410 864 441 rationis.
889 410 921 440 Si
940 410 1031 446 reali,
1056 410 1222 450 utriusque
1236 409 1343 449 plura-

275 451 347 482 litas
362 453 556 492 praeiudicat
575 454 698 485 divinae
721 454 922 494 simplicitati.
947 454 980 484 Si
996 453 1126 484 rationis
1138 477 1145 490 ,
1170 459 1342 493 utrumque

277 502 383 536 potest
398 497 464 537 pari
488 498 609 528 ratione
632 497 812 538 plurificari.
837 497 1002 535 Quoniam
1026 498 1160 528 essentia
1183 497 1289 527 divina
1308 503 1344 527 ut

277 540 410 580 species,
435 541 675 582 comprehendit
701 550 814 572 omnes
837 541 955 582 species
978 541 1207 581 intelligibiles,
1232 551 1343 581 quern-

278 584 455 615 admodum
477 585 547 625 ipsa
565 592 602 616 ut
617 585 739 616 obiecta
763 585 1002 625 comprehendit
1025 585 1135 616 omnia
1158 585 1292 616 obiecta:
1314 591 1344 615 et

278 628 322 658 sic
345 638 447 669 aequa
470 636 516 660 est
538 629 687 670 utrinque
709 629 871 669 pluralitas
895 630 1072 660 secundum
1095 629 1260 660 rationem.

333 672 490 710 Secundo,
515 673 710 703 intellectum
725 683 743 703 a
757 674 827 703 Deo
851 683 917 704 non
940 680 1045 713 potest
1068 684 1134 704 esse
1157 673 1343 706 nisisunum

277 725 422 752 numero,
439 722 475 747 ut
488 722 575 756 patet
592 717 649 747 XII
668 717 853 758 Metaphys.
868 717 886 735 ⁴*
910 718 994 757 Ergo
1014 724 1169 758 repugnat
1192 717 1343 757 multipli-

278 769 347 790 care
369 760 455 800 quod
475 760 660 800 intelligitur
682 771 701 792 a
725 761 805 791 Deo.
839 761 971 792 Falsum
994 769 1040 792 est
1063 772 1138 801 ergo
1161 762 1250 802 quod
1273 762 1343 802 plu-

276 803 382 834 ralitas
406 803 473 834 eius
496 804 586 844 quod
607 804 800 844 intelligitur,
825 815 891 835 non
915 805 1116 845 praeiudicat.

339 847 456 885 Tertio,
480 847 514 878 in
536 848 606 878 Deo
627 855 672 879 est
695 849 848 889 sapientia
865 856 895 880 et
911 859 959 880 ars
976 857 1006 880 et
1022 850 1166 880 scientia:
1191 859 1265 889 ergo
1281 860 1343 890 quo

277 890 475 931 intelligitur,
499 892 730 932 multiplicatur
751 893 784 923 in
808 894 889 924 Deo.
913 894 1069 925 Probatur
1092 894 1343 934 sequela:.quia

277 945 310 965 se
333 935 450 966 habent
465 942 501 967 ut
516 946 583 976 quo
606 937 694 967 Deus
716 937 873 978 intelligit;
899 945 935 968 ut
958 938 1054 969 etiam
1077 947 1219 978 expresse
1242 938 1343 968 littera

278 979 352 1010 dicit
374 979 408 1009 in
430 980 638 1020 responsione
662 981 702 1011 ad
726 982 912 1012 secundum.

335 1023 388 1054 VI.
413 1024 465 1054 Ad
489 1024 680 1055 evidentiam
706 1025 824 1056 horum
854 1026 950 1062 scito,
981 1033 1139 1066 quantum
1163 1026 1203 1056 ad
1225 1026 1257 1067 ly
1281 1036 1343 1066 quo

277 1074 309 1098 et
323 1067 418 1108 quod,
436 1068 526 1108 quod
544 1068 596 1099 hic
620 1076 666 1100 est
687 1079 791 1100 sermo
809 1071 847 1100 de
869 1080 931 1110 quo
947 1077 978 1100 et
1001 1071 1086 1111 quod
1103 1070 1137 1100 in
1160 1077 1231 1101 actu
1259 1081 1342 1101 exer-

277 1111 354 1148 cito;
379 1111 495 1143 scilicet
509 1113 548 1143 de
570 1112 632 1143 illis
655 1113 830 1144 rationibus
854 1114 1050 1150 formalibus,
1067 1124 1123 1145 seu
1142 1115 1245 1150 rebus,
1261 1124 1343 1155 quae

277 1163 422 1187 exercent
444 1163 551 1187 actum
574 1156 674 1197 ipsius
697 1167 773 1198 quo,
798 1158 848 1188 vel
870 1165 977 1188 actum
1000 1158 1099 1199 ipsius
1122 1158 1216 1198 quod.
1241 1158 1293 1194 Ut,
1310 1158 1343 1188 in

276 1200 454 1240 proposito,
474 1201 545 1231 idea
561 1208 608 1231 est
622 1202 712 1242 quod
734 1202 919 1241 intelligitur
941 1202 974 1232 in
998 1209 1069 1232 actu
1094 1202 1238 1237 exercito,
1263 1212 1343 1242 quo-

276 1243 365 1274 niam
388 1244 545 1285 significat
564 1244 597 1275 id
619 1246 708 1286 quod
724 1255 757 1276 se
772 1246 868 1277 habet
883 1246 923 1276 ad
938 1245 1184 1276 intellectionem
1209 1253 1244 1276 ut
1259 1246 1344 1276 obie—

1292 1301 1344 1320 1118

275 1331 428 1372 importat
450 1332 483 1363 id
506 1333 596 1373 quod
619 1343 652 1363 se
675 1333 770 1363 habet
792 1340 828 1364 ut
850 1333 1042 1375 principium
1066 1333 1199 1364 formale
1223 1301 1344 1365 intellie-

277 1375 400 1407 ctionis.
425 1376 466 1407 Et
488 1376 532 1407 sic
556 1377 594 1407 de
618 1377 695 1407 aliis.

331 1420 498 1457 Quantum
520 1430 595 1450 vero
619 1421 659 1450 ad
682 1421 922 1452 multitudinem
945 1431 1000 1452 seu
1022 1421 1245 1462 pluralitatem,
1266 1422 1343 1452 scito

277 1464 368 1504 quod
389 1464 441 1494 hic
459 1470 506 1495 est
529 1474 633 1495 sermo
656 1475 723 1495 non
755 1465 794 1496 de
816 1465 995 1506 pluralitate
1019 1465 1112 1501 reali;
1137 1476 1194 1496 nec
1218 1466 1256 1496 de
1276 1467 1345 1506 plu-

275 1506 397 1538 ralitate
420 1508 568 1545 rationis,
599 1508 775 1539 formaliter
797 1509 982 1552 loquendo;
1015 1509 1070 1541 sed
1093 1510 1132 1540 de
1164 1510 1344 1550 pluralitate

277 1549 460 1593 simpliciter
475 1552 560 1592 quod
574 1559 630 1583 aut
645 1562 717 1593 quo.
743 1553 789 1584 Ita
812 1554 902 1594 quod
924 1553 1057 1584 intentio
1081 1553 1200 1584 litterae
1220 1562 1266 1585 est
1283 1565 1343 1594 po-

275 1596 350 1625 nere
365 1594 595 1626 differentiam
585 1606 619 1626 m
634 1596 706 1633 hoc,
718 1597 807 1637 quod
823 1597 901 1628 ratio
918 1597 1061 1628 formalis
1076 1608 1220 1628 exercens
1237 1605 1343 1629 actum

275 1638 379 1680 quod,
411 1646 517 1679 potest
538 1640 742 1680 multiplicari
766 1641 969 1681 simpliciter,
1003 1648 1171 1682 potestque
1200 1643 1344 1674 absolute

271 1682 337 1713 >dici
360 1683 498 1714 multae:
523 1684 604 1715 ratio
627 1695 702 1715 vero
733 1695 877 1716 exercens
906 1692 1014 1716 actum
1037 1696 1118 1726 quo,
1149 1696 1215 1716 non
1239 1694 1347 1727 potest

275 1726 320 1757 sic
338 1727 542 1767 multiplicari
562 1735 598 1758 ut
615 1729 717 1768 possit
734 1729 878 1760 absolute
898 1730 959 1760 dici
978 1731 1108 1761 multae.

333 1771 400 1802 Vll.
415 1771 467 1802 Ad
478 1773 622 1812 primam
639 1782 714 1813 ergo
730 1773 969 1804 obiectionem
961 1784 994 1804 m
1010 1774 1237 1815 oppositum,
1211 1775 1228 1794 *
1258 1782 1344 1815 patet

275 1815 451 1856 responsio,
475 1815 620 1847 Dicimus
644 1817 730 1847 enim
753 1818 856 1858 quod,
881 1817 956 1858 quia
979 1818 1050 1848 idea
1074 1825 1119 1849 est
1142 1819 1231 1859 quod
1253 1819 1343 1850 intel-

273 1857 390 1900 ligitur,
415 1866 446 1890 et
469 1860 510 1890 ad
533 1860 748 1911 pluralitatem
772 1861 888 1901 cogniti
913 1861 1027 1892 sufficit
1050 1862 1154 1892 omnis
1185 1863 1343 1894 distinctio

274 1903 407 1934 rationis
432 1901 521 1946 (nam
545 1904 631 1935 aliud
656 1905 820 1945 cognitum
844 1912 891 1935 est
913 1912 1070 1945 punctum
1090 1913 1126 1937 ut
1140 1906 1342 1947 principium,

275 1953 306 1978 et
320 1947 408 1978 aliud
431 1954 467 1978 ut
488 1947 589 1990 finis);
612 1948 685 1979 ideo
703 1949 744 1979 ad
760 1949 974 1989 pluralitatem
996 1950 1140 1980 idearum
1164 1951 1278 1982 sufficit
1297 1951 1342 1981 di-

275 1991 400 2023 stinctio
416 1992 469 2023 illa
485 1992 622 2029 relativa,
640 2003 704 2033 qua
728 1993 861 2024 essentia
876 2000 912 2024 ut
928 1994 971 2024 sic
990 1994 1159 2031 imitabilis,
1180 2001 1227 2026 est
1240 2005 1343 2026 unum

275 2036 450 2076 cognitum,
467 2044 498 2067 et
514 2043 550 2067 ut
572 2037 616 2067 sic
639 2037 882 2073 imitabilis,'est
905 2038 991 2068 aliud
1015 2038 1189 2078 cognitum,
1210 2046 1267 2070 etc.
1291 2040 1343 2070 Ad

274 2080 488 2121 pluralitatem
502 2091 577 2111 vero
593 2081 740 2121 principii
759 2081 952 2121 intelligendi
968 2092 1035 2112 non
1052 2082 1166 2113 sufficit
1184 2083 1343 2124 quaelibet

275 2124 433 2155 distinctio
457 2124 600 2155 rationis:
626 2125 681 2155 sed
703 2125 871 2166 requiritur
893 2125 1052 2156 distinctio
1077 2127 1253 2157 secundum
1267 2138 1342 2167 pro-

273 2168 378 2210 priam
401 2174 432 2199 et
454 2178 510 2208 per
533 2179 565 2199 se
588 2169 745 2199 rationem
768 2169 914 2209 principii
942 2169 1147 2209 intelligendi.
1177 2171 1251 2201 Ideo
1276 2181 1342 2201 non

274 2219 321 2243 est
341 2222 400 2253 par
421 2212 502 2244 ratio
525 2212 739 2243 multitudinis
757 2213 857 2253 ipsius
867 2223 938 2253 quo
961 2221 992 2244 et
1014 2213 1114 2254 ipsius
1137 2215 1231 2254 quod.
1257 2214 1342 2245 Cum

274 2265 349 2296 ergo
365 2256 487 2292 dicitur,
505 2258 642 2288 essentia
657 2257 766 2287 divina
788 2258 833 2288 ita
848 2258 950 2297 plura
967 2259 1106 2288 continet
1124 2259 1245 2289 obiecta
1261 2260 1343 2290 sicut

273 2301 375 2338 ratio,
401 2300 593 2332 conceditur.
627 2300 689 2331 Sed
713 2308 845 2341 negatur
868 2302 974 2342 quod,
998 2302 1080 2332 sicut
1101 2302 1266 2343 pluralitas
1289 2303 1342 2333 illa

273 2355 356 2386 quae
371 2344 555 2385 intelligitur
568 2345 602 2375 in
617 2345 686 2385 ipsa
701 2345 833 2382 obiecta,
849 2345 963 2376 sufficit
979 2346 1019 2376 ad
1035 2346 1251 2387 pluralitatem
1268 2347 1342 2377 sim-

273 2387 395 2429 pliciter
418 2389 517 2430 ipsius
540 2389 639 2430 quod,
665 2388 705 2420 ita
731 2389 841 2420 eadem
865 2389 1028 2430 pluralitas
1052 2400 1135 2431 quae
1158 2390 1342 2432 intelligitur

272 2433 306 2464 in
322 2433 433 2464 eadem
457 2439 493 2464 ut
515 2433 596 2464 ratio
620 2443 676 2463 seu
701 2433 819 2474 species
842 2433 1045 2474 intelligendi,
1066 2434 1200 2465 sufficiat
1215 2435 1255 2465 ad
1271 2436 1342 2476 plu-

273 2477 429 2508 ralitatem
447 2477 547 2518 ipsius
566 2487 628 2517 quo
638 2487 652 2515 ;
677 2485 807 2518 propter
824 2478 981 2509 rationem
999 2478 1065 2508 iam
1084 2478 1210 2509 dictam.

330 2521 382 2552 Ad
394 2521 569 2552 secundam
587 2528 693 2552 autern
711 2522 924 2553 obiectionem
940 2522 1054 2553 dicitur
1070 2523 1243 2562 dupliciter.
1268 2524 1340 2554 Pri-

274 2575 337 2603 mo,
355 2565 444 2606 quod
463 2565 659 2596 intellectum
681 2576 700 2596 a
722 2566 792 2596 Deo
817 2576 883 2596 non
900 2573 945 2597 est
964 2566 1024 2596 nisi
1047 2577 1150 2597 unum
1174 2574 1209 2598 ut
1233 2567 1340 2598 distin-

272 2610 381 2649 guitur
399 2616 509 2640 contra
528 2609 629 2640 multa
649 2609 834 2650 disparata:
857 2617 887 2640 et
903 2620 968 2641 non
982 2618 1019 2641 ut
1034 2610 1217 2651 simpliciter
1233 2611 1340 2642 distin-

273 2653 381 2694 guitur
400 2660 509 2684 contra
527 2653 639 2685 multa.
664 2653 755 2684 Ideae
779 2664 846 2684 non
869 2661 943 2685 sunt
965 2655 1067 2685 multa
1091 2655 1216 2695 cognita
1237 2656 1341 2696 dispa—

273 2704 351 2734 rata,
368 2707 425 2728 nec
441 2697 521 2728 inter
540 2708 572 2728 se
593 2707 650 2728 nec
667 2698 706 2728 ab
722 2698 855 2728 essentia
871 2698 991 2729 divina:
1011 2699 1167 2739 quoniam
1182 2699 1340 2740 quaelibet

274 2747 320 2772 est
338 2742 407 2782 ipsa
431 2742 575 2772 essentia.
600 2741 720 2772 Contra
744 2742 977 2782 simplicitatem
1000 2753 1140 2784 namque
1163 2744 1339 2774 intellectus

274 2793 330 2822 est,
347 2786 372 2816 si
388 2785 488 2816 multa
512 2785 670 2826 disparata
694 2786 828 2826 cognita,
853 2793 889 2817 ut
904 2786 957 2823 sic,
981 2787 1062 2818 idest
1076 2787 1108 2817 in
1125 2797 1190 2818 esse
1211 2788 1338 2827 cognito

273 2828 467 2872 (formaliter
490 2829 576 2860 enim
598 2828 795 2873 loquimur),
819 2830 961 2862 haberet:
986 2838 1022 2862 ut
1045 2831 1077 2861 in
1101 2832 1193 2862 nobis
1218 2831 1338 2862 contin-

271 2874 317 2915 git
341 2884 416 2905 cum
437 2873 632 2914 triangulum
657 2881 687 2904 et
709 2875 827 2905 bovem
844 2874 1058 2915 intelligimus.
1082 2876 1207 2906 Habere
1231 2882 1338 2906 autem

273 2919 374 2950 multa
398 2918 525 2959 cognita
556 2928 622 2948 non
646 2918 823 2958 disparata,
853 2919 920 2950 imo
944 2919 977 2950 in
1001 2929 1067 2950 uno
1092 2929 1226 2949 numero
1251 2930 1337 2950 com-

273 2962 480 2999 municantia,
505 2972 572 2993 non
595 2962 788 3003 praeiudicat
811 2963 1011 3004 simplicitati.
1028 2981 1048 2986 —
1067 2963 1224 3000 Secundo,
1249 2964 1338 3004 quod

272 3007 468 3037 intellectum
491 3016 549 3047 per
563 3017 595 3037 se
611 3007 715 3047 primo
739 3017 756 3037 8
781 3007 861 3043 Deo,
886 3014 1012 3048 oportet
1036 3017 1102 3038 esse
1126 3017 1239 3038 unum.
1265 3008 1337 3037 Idea

273 3058 380 3082 autem
403 3057 450 3081 est
472 3051 667 3082 intellectum
690 3061 746 3091 per
769 3061 801 3081 se
825 3052 976 3088 secundo,
1000 3058 1031 3082 et
1053 3052 1125 3082 ideo
1146 3052 1338 3092 compatitur

273 3095 520 3126 multitudinem.
544 3095 619 3125 Non
639 3095 724 3125 enim
744 3095 865 3126 dictum
888 3102 934 3126 est
955 3096 989 3126 in
1012 3096 1113 3126 littera
1136 3096 1225 3136 quod
1241 3106 1337 3126 omne

273 3139 357 3180 quod
380 3145 485 3179 potest
507 3139 726 3179 multiplicari;
750 3139 805 3169 sed
823 3139 913 3180 quod
936 3140 1145 3180 multiplicare
1168 3140 1253 3180 quod
1271 3150 1337 3170 non

273 3182 467 3223 praeiudicat
488 3182 689 3223 simplicitati.
715 3184 770 3214 Sat
792 3190 899 3213 autem
918 3183 980 3214 hoc
999 3183 1184 3220 verificatur,
1210 3184 1235 3214 si
1254 3184 1339 3224 quod

273 3237 329 3268 per
348 3236 380 3257 se
400 3227 540 3257 secundo
558 3227 728 3267 plurificari
747 3234 859 3267 potest.

331 3271 383 3301 Ad
406 3272 532 3301 tertiam
557 3278 664 3302 autem
688 3271 809 3307 dicitur,
834 3272 922 3312 quod
945 3271 1068 3302 laborat
1090 3271 1123 3301 in
1147 3271 1333 3312 aequivoco.

272 3316 347 3346 Non
371 3315 456 3345 enim
479 3314 611 3346 intendit
634 3315 735 3346 littera
759 3316 848 3356 quod
870 3316 902 3345 in
926 3316 995 3346 Deo
1020 3325 1086 3345 non
1114 3315 1237 3355 possint
1260 3316 1337 3355 poni

273 3359 365 3399 plura
381 3359 576 3389 diversarum
598 3359 759 3390 rationum
782 3368 863 3400 quo:
886 3360 940 3390 sed
964 3359 1053 3400 quod
1076 3359 1202 3389 nullum
1226 3369 1338 3390 eorum

273 3409 378 3443 potest
393 3402 605 3443 multiplicari.
628 3403 703 3434 Non
718 3404 803 3434 enim
827 3411 900 3434 sunt
922 3403 955 3433 in
978 3404 1047 3434 Deo
1072 3404 1191 3434 multae
1216 3403 1337 3443 sapien-

273 3447 343 3483 tiae,
360 3457 463 3488 neque
483 3447 602 3477 multae
617 3453 706 3483 artes,
723 3455 780 3478 etc.
806 3448 867 3478 Sed
882 3454 955 3479 sunt
970 3447 1003 3477 in
1019 3448 1088 3478 Deo
1105 3447 1224 3478 multae
1239 3447 1335 3478 ideae.

331 3492 412 3522 VIII.
431 3491 549 3527 Quoad
572 3492 700 3521 tertium
715 3489 740 3527 *,
765 3492 941 3522 ostenditur
964 3492 1080 3522 modus
1097 3502 1163 3532 quo
1181 3492 1338 3532 praedicta

274 3535 435 3576 pluralitas
460 3534 611 3565 obiectiva
636 3541 681 3564 est
704 3535 736 3564 in
756 3535 914 3566 intellectu
939 3536 1056 3566 divino.
1090 3537 1177 3566 Deus
1201 3535 1336 3576 perfecte

273 3579 419 3619 intelligit
443 3578 624 3609 essentiam:
649 3589 723 3619 ergo
748 3580 910 3619 cognoscit
935 3590 1006 3610 eam
1030 3581 1119 3610 omni
1142 3580 1241 3610 modo
1272 3590 1338 3620 quo

2381 244 2454 280 203

1398 312 1618 360 cognoscibilis
1640 328 1701 352 est:
1727 332 1800 362 ergo
1819 323 1979 362 cognoscit
1995 333 2064 353 eam
2081 333 2145 353 non
2162 323 2267 353 solum
2283 323 2458 352 secundum

1399 375 1446 401 se,
1471 366 1525 395 sed
1546 366 1722 396 secundum
1737 367 1824 406 quod
1842 374 1887 397 est
1901 377 2106 407 quocumque
2123 367 2221 397 modo
2237 366 2458 406 participabilis

1399 419 1417 439 a
1436 417 1591 440 creatura:
1616 419 1690 450 ergo
1714 410 1877 450 cognoscit
1891 417 1927 441 ut
1941 411 1984 441 sic
1998 411 2183 442 imitabilem
2199 421 2217 440 a
2233 410 2287 441 tali
2303 417 2457 440 creatura:

1399 463 1473 492 ergo
1491 460 1526 484 ut
1541 454 1704 494 propriam
1719 454 1875 485 rationem
1891 454 1985 485 huius
2009 462 2181 485 creaturae:
2206 464 2280 494 ergo
2297 454 2460 494 cognoscit
2502 485 2506 488 ,

1399 497 1504 537 plures
1527 508 1633 528 rerum
1655 498 1802 534 rationes,
1827 508 1905 539 quas
1928 508 2080 529 vocamus
2104 499 2200 529 ideas.

1453 542 1650 572 Antecedens
1681 549 1781 582 patet,
1812 552 1887 573 cum
1916 542 2019 582 prima
2049 542 2283 582 consequentia.
2315 541 2460 572 Secunda

1398 591 1506 615 autern
1529 587 1697 625 probatur:
1726 586 1800 626 quia
1828 586 1915 616 Deus
1942 593 2078 626 utroque
2106 587 2204 616 modo
2230 593 2274 616 est
2298 585 2459 625 cognosci·
2492 587 2494 589 ’

1398 629 1478 660 bilis.
1504 630 1624 667 Quarta
1657 637 1764 660 autem
1794 631 1964 670 probatur:
1995 630 2070 670 quia
2099 630 2216 670 species
2247 636 2460 660 creaturarum

1399 681 1472 704 sunt
1491 674 1666 704 secundum
1682 675 1798 704 modos
1821 674 2026 714 participandi
2046 674 2167 704 divinae
2187 674 2336 704 essentiae
2353 673 2459 703 simili-

1398 717 1551 748 tudinem.
1578 718 1698 755 Quinta
1721 725 1828 748 autem
1851 725 1937 758 patet
1961 728 1997 748 ex
2016 728 2064 753 eo,
2085 718 2159 758 quia
2182 728 2238 757 par
2256 725 2302 748 est
2321 718 2359 747 de
2378 727 2459 747 crea-

1399 768 1469 791 tura
1492 761 1550 792 hac
1574 769 1604 793 et
1627 762 1694 792 aliis
1717 762 1881 792 iudicium.

1457 806 1508 836 IX.
1534 806 1570 836 In
1585 806 1791 846 responsione
1815 807 1855 836 ad
1878 805 2028 846 primum,
2046 805 2170 836 adverte
2192 805 2353 844 diligenter
2372 805 2460 845 quod

1398 849 1448 879 hic
1461 860 1526 879 non
1544 857 1589 880 est
1605 860 1708 880 sermo
1725 851 1764 880 de
1779 860 1982 891 quacumque
1997 850 2210 885 similitudine,
2224 849 2278 879 sed
2293 848 2461 888 exemplari

1397 900 1532 924 tanturn.
1550 894 1704 924 imitabile
1718 901 1825 925 autem
1840 894 2056 933 exemplariter
2071 903 2137 924 non
2154 900 2208 929 est,
2226 892 2284 923 nisi
2301 893 2461 923 obiectum

1398 937 1583 968 intellectus.
1608 938 1650 968 Et
1672 945 1853 978 propterea,
1878 938 1949 968 licet
1972 938 2105 968 essentia
2128 937 2233 967 divina
2255 937 2398 967 absolute
2423 936 2462 966 sit

1398 981 1485 1021 prius
1500 981 1660 1013 imitabilis
1679 992 1777 1023 quam
1801 982 1840 1013 sit
1863 982 1993 1018 obiecta,
2014 992 2080 1012 non
2104 989 2209 1012 tamen
2224 988 2271 1011 est
2288 981 2376 1021 prius
2391 980 2461 1010 imi-

1398 1025 1500 1055 tabilis
1523 1026 1770 1066 exemplariter,
1803 1036 1901 1067 quam
1933 1026 1971 1056 sit
1999 1026 2139 1056 obiecta:
2169 1025 2243 1066 quia
2272 1025 2310 1055 de
2341 1025 2461 1055 ratione

1399 1070 1593 1110 exemplaris,
1614 1077 1650 1101 ut
1674 1070 1793 1101 dictum
1813 1070 1872 1100 fuit
1887 1069 1915 1106 ff,
1940 1076 1986 1100 est
2001 1080 2067 1100 esse
2087 1069 2288 1100 obiectivum.
2314 1069 2415 1104 Unde,
2436 1068 2461 1098 si

1399 1113 1485 1143 Deus
1509 1124 1575 1144 non
1599 1121 1679 1145 esset
1701 1114 1909 1145 intellectuale
1932 1124 2036 1154 agens,
2054 1114 2185 1144 essentia
2209 1123 2266 1143 sua
2289 1119 2370 1143 esset
2392 1112 2461 1153 qui-

1399 1157 1472 1187 dem
1495 1157 1665 1194 imitabilis,
1689 1159 1743 1188 sed
1767 1168 1832 1188 non
1856 1158 2085 1198 exemplariter:
2111 1168 2145 1188 ac
2165 1167 2220 1197 per
2238 1157 2299 1188 hoc
2322 1167 2389 1187 non
2407 1157 2461 1187 ha-

1398 1201 1485 1231 beret
1507 1202 1662 1232 rationem
1685 1202 1784 1233 ideae.
1808 1202 1849 1232 Et
1871 1202 1932 1232 hoc
1955 1202 2093 1232 insinuat
2113 1201 2224 1238 littera,
2245 1201 2350 1232 dicens
2373 1201 2462 1242 quod

1399 1254 1466 1274 non
1489 1246 1635 1276 nominat
1658 1246 1838 1282 essentiam,
1863 1246 1917 1276 sed
1941 1246 2096 1276 rationem
2119 1246 2308 1276 intellectam
2332 1255 2437 1285 exnea.

1454 1289 1492 1319 X.
1511 1289 1545 1319 In
1569 1289 1775 1329 responsione
1794 1290 1833 1319 ad
1853 1290 2028 1320 secundum
2044 1297 2074 1320 et
2097 1289 2233 1325 tertium,
2250 1295 2378 1329 propter
2401 1289 2461 1319 cla-

1398 1332 1516 1362 riorem
1538 1332 1744 1369 intellectum,
1762 1340 1836 1364 nota
1860 1333 1954 1363 simul
1978 1333 2044 1364 tria.
2069 1334 2192 1370 Primo,
2218 1333 2307 1373 quod
2329 1333 2398 1362 idea
2421 1332 2461 1362 si-

1399 1375 1525 1416 gnificat
1540 1377 1707 1407 essentiam
1723 1377 1863 1407 divinam
1879 1377 2065 1408 imitabilem
2082 1376 2306 1416 exemplariter.
2330 1377 2372 1406 Et
2387 1376 2462 1418 quia

1398 1420 1591 1452 imitabilitas
1615 1427 1719 1460 potest
1743 1421 1825 1451 sumi
1842 1421 2016 1461 dupliciter,
2033 1421 2148 1451 scilicet
2154 1420 2461 1461 fundamentaliter,

1398 1465 1479 1495 idest
1502 1475 1560 1504 pro
1585 1465 1742 1501 absoluto,
1768 1472 1798 1495 et
1812 1464 2014 1505 formaliter,
2039 1465 2118 1496 idest
2141 1475 2200 1505 pro
2224 1472 2386 1504 respectu,
2410 1465 2461 1494 tri-

1400 1509 1521 1549 pliciter
1535 1509 1623 1539 ideae
1638 1508 1825 1549 significatio
1848 1509 2014 1549 imaginari
2033 1515 2151 1548 potest:
2175 1509 2290 1549 primo,
2311 1515 2346 1539 ut
2369 1508 2461 1548 signi-

1399 1553 1471 1583 ficet
1500 1553 1684 1584 absolutum
1715 1560 1857 1588 tantum;
1889 1553 2047 1589 secundo,
2081 1553 2290 1592 respectivum
2317 1559 2460 1588 tantum;

1400 1597 1511 1633 tertio,
1541 1604 1723 1638 utrumque.
1755 1597 1796 1627 Et
1824 1597 1955 1637 quidem
1982 1597 2069 1637 quod
2101 1607 2166 1627 non
2197 1603 2321 1627 tantum
2349 1596 2461 1627 funda-

1400 1648 1545 1671 mentum
1568 1641 1784 1671 imitabilitatis
1809 1640 1969 1680 significet,
1990 1651 2027 1671 ex
2050 1651 2087 1671 eo
2108 1641 2268 1680 probatur,
2287 1640 2370 1681 quia,
2388 1651 2462 1670 curn

1399 1685 1479 1715 illud
1502 1685 1542 1716 sit
1565 1685 1698 1715 omnino
1723 1695 1826 1715 unum
1854 1685 1887 1715 in
1915 1685 2064 1715 omnibus
2095 1684 2172 1714 ideis
2206 1683 2302 1727 (quia
2326 1692 2372 1715 est
2394 1685 2462 1724 ipsa

1400 1729 1631 1770 simplicissima
1656 1729 1788 1759 essentia
1811 1729 1929 1765 divina,
1954 1729 1987 1759 in
2010 1739 2074 1769 qua
2097 1739 2163 1758 non
2187 1736 2291 1768 potest
2314 1729 2461 1768 distingui

1399 1774 1583 1804 absolutum
1601 1773 1751 1804 imitabile
1768 1783 1786 1803 a
1801 1773 1915 1813 lapide,
1932 1773 1970 1803 ab
1990 1773 2136 1803 absoluto
2151 1772 2295 1803 imitabili
2311 1783 2330 1803 a
2345 1771 2460 1814 leone),

1399 1827 1466 1847 non
1494 1825 1601 1858 posset
1631 1817 1776 1848 sustineri
1809 1817 1971 1859 pluralitas
1999 1817 2142 1847 idearum
2171 1817 2204 1846 in
2235 1817 2322 1847 Deo:
2356 1818 2461 1857 plures

1400 1862 1485 1891 enim
1501 1861 1586 1892 ideas
1605 1861 1776 1901 intelligere
1791 1868 1836 1892 est
1852 1861 2057 1901 impossibile,
2074 1861 2133 1891 nisi
2149 1860 2358 1901 significatum
2374 1862 2461 1892 ideae

1399 1905 1613 1945 plurificatum
1642 1905 1842 1945 intelligatur.
1867 1905 1965 1942 Quod
1993 1905 2087 1935 etiam
2117 1915 2182 1935 non
2210 1911 2334 1935 tantum
2358 1916 2461 1946 respe-

1399 1956 1486 1980 ctum
1512 1949 1673 1990 significet,
1702 1959 1738 1979 ex
1759 1959 1798 1980 eo
1823 1956 1926 1989 patet,
1952 1949 2040 1989 quod
2066 1949 2233 1979 essentiam
2257 1949 2395 1979 divinam
2419 1950 2459 1980 si-

1398 1993 1544 2033 gnificare
1572 1993 1693 2024 dicitur.
1724 1994 1817 2024 Unde
1840 1993 2027 2033 relinquitur
2053 1993 2141 2033 quod
2164 2000 2336 2034 utrumque
2366 1994 2460 2033 signi-

1398 2037 1484 2074 ficet;
1511 2048 1578 2068 non
1611 2047 1649 2067 eo
1677 2038 1777 2067 modo
1804 2047 1870 2078 quo
1898 2037 1930 2078 ly
1962 2038 2056 2068 vestis
2084 2036 2270 2076 significaret
2295 2038 2460 2068 hominem

1398 2082 1517 2118 album,
1543 2082 1568 2112 si
1593 2081 1718 2122 utrique
1740 2081 1956 2121 imponeretur
1979 2079 2148 2122 (quoniam
2169 2081 2212 2111 sic
2231 2081 2302 2111 idea
2325 2092 2390 2112 non
2409 2082 2463 2112 ha-

1398 2127 1484 2156 beret
1500 2136 1598 2156 unam
1614 2123 1800 2167 rationem);
1818 2125 1873 2155 sed
1889 2135 1926 2155 eo
1942 2125 2040 2155 modo
2056 2135 2122 2166 quo
2138 2125 2269 2155 nomina
2287 2125 2461 2165 significant

1399 2170 1584 2200 absolutum
1612 2169 1755 2205 relative,
1785 2176 1821 2199 ut
1843 2169 1995 2199 Salvator
2018 2176 2048 2199 et
2073 2169 2223 2205 Creato‘r,
2250 2176 2306 2200 etc.
2335 2171 2382 2200 Ac
2405 2180 2460 2210 per

1398 2213 1470 2249 hoc,
1495 2214 1534 2243 de
1562 2213 1682 2244 ratione
1705 2213 1794 2243 ideae
1815 2213 1848 2242 in
1874 2213 1943 2243 Deo
1970 2220 2044 2243 sunt
2069 2220 2099 2243 et
2119 2213 2252 2243 essentia
2280 2220 2310 2243 et
2331 2214 2459 2250 relatio;

1397 2267 1464 2287 non
1489 2264 1524 2288 ut
1553 2264 1656 2297 partes
1681 2263 1910 2297 componentes
1938 2267 2037 2287 unam
2059 2267 2266 2287 communem
2287 2257 2458 2294 rationem,

1399 2302 1453 2331 sed
1472 2308 1508 2332 ut
1531 2312 1578 2332 res
1601 2308 1631 2332 et
1653 2301 1784 2337 modus,
1805 2307 1840 2331 ut
1865 2301 2099 2331 determinabile
2123 2308 2153 2332 et
2174 2301 2403 2338 determinatio,
2425 2309 2461 2332 ut

1398 2355 1570 2376 commune
1597 2352 1628 2376 et
1649 2345 1825 2385 proprium.

1451 2390 1598 2420 Secundo
1621 2397 1711 2425 nota,
1737 2390 1826 2429 quod
1849 2389 1951 2426 ideas,
1975 2396 2040 2419 tam
2063 2388 2095 2418 in
2120 2388 2287 2419 artificibus
2307 2399 2404 2429 quam
2428 2389 2460 2419 in

1397 2434 1477 2469 Deo,
1496 2433 1649 2473 contingit
1671 2433 1801 2472 intelligi
1825 2433 2006 2472 dupliciter:
2031 2432 2145 2472 primo,
2169 2440 2205 2463 ut
2228 2433 2363 2463 aliorum
2387 2440 2461 2464 sunt

1396 2478 1502 2513 ideae;
1528 2478 1683 2513 secundo,
1717 2484 1752 2507 ut
1774 2477 1807 2507 in
1831 2476 1939 2516 seipsis
1963 2483 2044 2507 sunt.
2073 2477 2265 2516 Exemplum
2296 2477 2460 2517 utriusque

1397 2522 1531 2552 membri
1556 2522 1687 2552 habetur
1717 2521 1750 2551 in
1774 2521 1891 2556 littera,
1916 2520 1949 2550 in
1974 2520 2178 2560 responsione
2202 2521 2241 2550 ad
2264 2521 2457 2551 secundum:

1397 2576 1471 2596 cum
1500 2565 1607 2596 artifex
1637 2565 1813 2596 faciendam
1843 2565 1979 2594 domum
2009 2565 2255 2604 contemplatur,
2285 2565 2324 2595 ad
2355 2565 2458 2595 ideam

1397 2610 1512 2640 domus
1536 2609 1706 2640 intellectio
1730 2608 1917 2640 terminatur
1939 2615 1975 2638 ut
1998 2608 2067 2638 idea
2090 2615 2136 2639 est
2155 2609 2287 2644 domus;
2312 2619 2385 2639 cum
2402 2619 2457 2639 au—

1396 2661 1461 2684 tem
1490 2653 1598 2684 artifex
1621 2653 1653 2683 in
1677 2659 1748 2683 actu
1776 2652 1891 2682 reflexo
1922 2652 2024 2692 ipsam
2049 2662 2146 2692 quam
2174 2659 2278 2683 mente
2303 2653 2457 2693 concipit,

1395 2698 1499 2727 ideam
1523 2697 1709 2733 considerat,
1727 2697 1766 2726 ad
1784 2696 1887 2736 ipsam
1910 2696 2079 2727 intellectio
2103 2696 2288 2726 terminatur
2311 2704 2346 2727 ut
2368 2696 2401 2726 in
2425 2707 2458 2727 se

1395 2749 1450 2772 est.
1475 2742 1600 2772 Eodem
1620 2750 1751 2781 quoque
1767 2740 1866 2770 modo
1889 2740 1922 2770 in
1946 2740 2015 2770 Deo
2032 2740 2194 2780 contingit.
2215 2741 2262 2770 Ex
2277 2740 2335 2770 hac
2351 2748 2457 2771 autem

1395 2786 1594 2816 distinctione
1618 2785 1707 2815 facile
1730 2785 1889 2824 percipere
1912 2791 2003 2824 potes
2022 2784 2107 2814 ideas
2132 2784 2289 2820 constitui,
2314 2794 2379 2814 non
2402 2795 2458 2825 per

1393 2830 1525 2870 intelligi
1548 2829 1631 2869 ipsas
1648 2836 1683 2859 ut
1705 2829 1738 2858 in
1762 2839 1804 2865 se,
1820 2828 1875 2858 sed
1891 2838 1947 2868 per
1969 2828 2099 2868 intelligi
2118 2829 2201 2868 ipsas
2218 2835 2254 2858 ut
2271 2829 2355 2859 ideas
2379 2829 2456 2859 alio-

1394 2884 1476 2905 rum.
1498 2874 1563 2904 Nec
1587 2873 1679 2904 refert
1703 2873 1742 2902 ad
1764 2872 1968 2913 propositum
1989 2883 2029 2902 an
2048 2872 2126 2902 illud
2145 2872 2275 2912 intelligi
2299 2872 2337 2903 sit
2353 2880 2456 2903 actua—

1392 2918 1470 2954 liter,
1489 2925 1543 2948 aut
1562 2916 1769 2948 habitualiter.
1796 2917 1837 2947 Et
1851 2923 2019 2956 propterea
2036 2916 2218 2947 conceditur
2233 2917 2321 2957 quod
2337 2916 2369 2946 in
2386 2917 2454 2946 Deo

1393 2969 1467 2992 sunt
1483 2962 1588 3002 plures
1602 2961 1699 2997 ideae,
1718 2968 1888 3001 antequam
1904 2960 1966 2991 sint
1983 2960 2070 2991 ideae
2086 2960 2259 2991 intellectae
2280 2960 2455 2990 secundum

1392 3017 1434 3036 se.
1459 3007 1499 3037 Et
1522 3012 1651 3046 propter
1674 3005 1736 3035 hoc
1758 3005 1791 3035 in
1815 3005 1925 3041 littera,
1941 3005 1974 3034 in
1998 3005 2080 3035 calce
2103 3004 2316 3044 responsionis
2347 3004 2385 3034 ad
2409 3014 2455 3034 se-

1393 3050 1547 3086 cundum,
1569 3050 1607 3079 de
1631 3049 1771 3079 secundo
1794 3049 1894 3079 modo
1922 3059 1988 3089 quo
2012 3048 2244 3088 intelliguntur,
2271 3048 2400 3083 dicitur,
2425 3054 2456 3079 et

1392 3095 1451 3125 hoc
1474 3099 1520 3125 est
1537 3095 1652 3134 plures
1674 3093 1763 3123 ideas
1786 3103 1854 3124 esse
1878 3094 1909 3123 in
1934 3093 2093 3123 intellectu
2119 3094 2187 3122 eius
2210 3097 2245 3122 ut
2268 3092 2453 3122 intellectas.

1393 3138 1477 3176 Quia
1500 3138 1585 3168 aliud
1610 3143 1655 3168 est
1678 3137 1783 3177 plures
1805 3137 1891 3167 ideas
1915 3147 1981 3167 esse
1997 3137 2029 3167 in
2053 3136 2211 3166 intellectu
2229 3136 2306 3174 eius,
2324 3142 2354 3166 81
2369 3136 2455 3165 aliud

1393 3190 1438 3213 est
1460 3182 1565 3222 plures
1588 3181 1674 3211 ideas
1698 3190 1764 3211 esse
1787 3181 1820 3211 in
1843 3181 2001 3211 intellectu
2032 3181 2098 3211 eius
2123 3186 2157 3210 ut
2173 3180 2369 3210 intellectas:
2393 3179 2454 3219 pri-

1392 3237 1483 3257 mum
1508 3226 1592 3256 enim
1616 3225 1690 3256 dicit
1713 3235 1764 3255 eas
1794 3235 1860 3255 esse
1889 3225 2042 3255 obiective
2071 3224 2104 3254 in
2131 3224 2289 3254 intellectu
2319 3230 2355 3254 ut
2377 3223 2454 3253 alio-

1392 3281 1464 3301 rum
1487 3270 1639 3305 rationes;
1664 3269 1840 3299 secundum
1862 3279 1937 3299 vero
1963 3269 2036 3299 dicit
2067 3278 2117 3298 eas
2140 3278 2206 3298 esse
2235 3267 2386 3298 obiective
2419 3275 2454 3298 ut

1393 3314 1568 3345 secundum
1592 3323 1624 3343 se
1647 3313 1831 3343 intellectae.
1853 3313 1927 3343 Ideo
1952 3312 2070 3342 addidit
2093 3317 2127 3342 ut
2150 3312 2336 3342 intellectas.

1451 3359 1555 3388 Tertio
1572 3364 1656 3393 nota,
1674 3358 1762 3397 quod
1778 3364 1936 3396 respectus
1955 3357 2006 3386 isti
2027 3356 2252 3395 distinguentes
2266 3355 2361 3391 ideas,
2379 3365 2454 3385 cum

1392 3403 1452 3432 sint
1476 3402 1570 3433 etiam
1587 3401 1777 3432 constitutivi
1794 3411 1912 3436 earum,
1933 3410 1998 3430 non
2023 3407 2260 3440 consequuntur
2283 3406 2389 3430 actum
2408 3399 2453 3429 in-

1392 3447 1532 3477 tellectus
1556 3445 1652 3475 divini
1676 3445 1876 3484 intelligentis
1900 3444 1998 3479 ideas;
2023 3444 2077 3473 sed
2095 3443 2176 3474 fiunt
2199 3453 2254 3483 per
2277 3450 2383 3474 actum
2407 3443 2453 3473 in-

1392 3491 1533 3521 tellectus
1566 3489 1663 3519 divini
1693 3488 1893 3528 intelligentis
1918 3488 2083 3518 essentiam
2107 3497 2198 3517 suam
2231 3487 2451 3527 comparative.

1395 3536 1439 3565 Ita
1463 3534 1551 3574 quod
1582 3543 1647 3563 non
1678 3540 1724 3563 est
1751 3532 1989 3572 imaginandum
2019 3532 2107 3571 quod
2138 3531 2224 3571 prius
2263 3531 2454 3570 intelligatur

1396 3578 1526 3608 essentia
1550 3584 1585 3607 ut
1608 3577 1777 3612 imitabilis,
1795 3584 1825 3607 et
1849 3576 1960 3606 deinde
1977 3582 2125 3615 sequatur
2147 3583 2305 3615 respectus
2329 3575 2451 3604 idealis:

2490 1070 2563 1091 ·.Art
2578 1070 2699 1097 praeced.

2490 1096 2621 1118 comment.
2630 1103 2654 1118 n.
2660 1103 2699 1118 vu.
