2768 4178
315 284 386 320 118

312 364 394 395 ciem
415 363 528 404 lapidis
553 373 619 394 esse
643 363 786 394 accidens
810 363 992 400 formaliter,
1010 370 1040 395 et
1063 363 1272 395 substantiam
1295 363 1380 394 obie-

313 408 409 444 ctive,
434 415 492 439 etc.

365 452 433 483 VII.
451 451 502 482 Ad
526 451 714 482 evidentiam
734 451 861 488 horum,
878 451 956 483 scito
976 452 1065 493 quod
1084 450 1277 482 indistinctio
1301 451 1382 482 inter

306 506 369 537 per
387 505 421 527 se
440 502 471 526 et
479 505 543 535 per
558 495 717 532 accidens,
734 496 858 526 errandi
874 496 1076 527 occasionem
1092 496 1230 536 praebet.
1255 494 1381 535 Species

312 540 443 581 quidem
467 549 583 575 rerum,
601 539 639 570 de
663 539 780 580 quibus
804 547 851 571 est
869 550 993 576 sermo,
1019 549 1075 580 per
1103 549 1136 570 se
1159 538 1291 580 quidem
1314 549 1381 569 non

312 585 429 615 habent
443 584 533 624 quod
549 583 612 615 sint
630 583 823 615 substantiae
842 585 892 615 vel
907 583 1092 624 accidentiam
1113 583 1168 614 sed
1191 583 1254 614 hoc
1269 582 1382 614 accidit

313 627 367 659 eis.
392 628 513 658 Verum
536 637 592 668 per
615 638 648 658 se
672 628 766 668 exigit
789 628 858 660 talis
882 628 1011 668 species,
1027 628 1118 668 quod
1140 627 1180 658 sit
1202 637 1381 668 repraesen-

312 672 446 703 tativum
465 672 602 708 alterius,
619 682 686 702 non
705 682 762 713 per
776 673 914 703 modum
932 672 1013 713 signi
1030 671 1199 714 (quoniam
1215 671 1382 712 quodlibet

313 723 418 757 potest
432 715 606 756 significare
621 715 876 759 quodcumque),
901 717 956 747 sed
979 726 1035 757 per
1050 716 1188 746 modum
1203 715 1381 746 similitudi-

313 760 361 790 nis
375 760 401 791 *.
427 760 520 791 Unde
543 760 738 801 philosophi,
756 767 792 792 ut
806 761 839 791 in
857 761 868 791 I
884 761 924 792 de
937 759 1056 791 A'nima
1067 759 1102 779 **
1125 759 1248 795 dicitur,
1270 769 1382 790 conve-

313 811 429 835 nerunt
450 804 483 835 in
507 804 578 841 hoc,
596 805 687 846 quod
710 804 850 845 cognitio
866 804 902 836 fit
917 815 973 844 per
996 803 1267 835 assimilationem.
1292 803 1333 834 Et
1356 802 1381 833 si

169 840 284 868 ¹¹¹⁰·6’7·
314 848 453 889 cognitio
478 849 570 880 debet
593 859 659 880 esse
675 849 891 890 quidditativa,
908 855 1035 889 oportet
1051 848 1189 889 speciem
1213 857 1279 878 esse
1294 847 1382 877 simi—

312 893 377 924 lem
401 903 467 923 non
491 893 599 924 solum
623 894 801 924 secundum
823 903 935 933 genuS,
957 894 1013 924 sed
1035 892 1174 933 speciem
1197 891 1381 932 specialissi-

71 762 83 772 ·
119 761 203 782 similis
233 761 286 782 edd.

71 787 131 815 1508,
145 793 202 815 15143
218 791 240 809 et
254 787 286 809 ita

73 820 178 835 num.xi.

72 841 94 851 ⁸·
104 840 161 868 Cap.

313 947 410 972 mam,
427 937 601 968 formaliter
617 938 665 968 vel
682 938 864 968 eminenter.
889 938 1065 978 Nunquam
1087 936 1174 968 enim
1193 936 1300 967 anima
1322 945 1381 966 no-

313 988 375 1012 stra
392 982 527 1012 domum
542 981 748 1023 quidditative
767 981 866 1018 novit,
886 981 946 1012 nisi
962 981 1049 1022 apud
1063 991 1095 1012 se
1110 980 1249 1021 speciem
1264 980 1381 1010 domus

313 1035 396 1066 quae
419 1026 459 1057 sit
481 1026 566 1066 quod
583 1026 660 1066 quid
683 1031 729 1056 est
753 1026 879 1062 domus,
896 1026 1019 1057 habeat.
1035 1025 1171 1066 Oportet
1193 1024 1289 1065 igitur
1311 1034 1381 1065 spe-

314 1070 394 1100 ciem
418 1079 482 1110 qua
504 1069 640 1100 videnda
663 1076 710 1101 est
731 1080 798 1106 res,
823 1080 891 1100 esse
914 1070 999 1111 quod
1020 1070 1098 1111 quid
1125 1074 1173 1100 est
1194 1068 1295 1110 ipsius
1317 1068 1380 1105 rei;

312 1124 378 1144 non
402 1114 580 1144 secundum
598 1113 735 1144 modum
758 1114 881 1144 essendi
895 1113 1072 1145 naturalem
1094 1113 1139 1144 rei
1161 1113 1256 1150 visae,
1277 1113 1332 1144 sed
1347 1113 1381 1143 in

312 1158 374 1188 alio
390 1157 512 1189 essendi
531 1158 642 1189 modo.
667 1158 742 1195 Qui,
758 1157 934 1190 formaliter
956 1165 1114 1199 sumptus,
1131 1165 1162 1189 et
1177 1157 1328 1189 abstrahit
1342 1158 1381 1188 ab

313 1212 379 1233 esse
411 1202 609 1233 substantiali
632 1208 663 1233 et
695 1202 896 1240 accidentali,
924 1209 960 1234 ut
983 1203 1022 1233 de
1045 1213 1078 1233 se
1106 1209 1208 1243 patet;
1233 1209 1265 1233 et
1287 1202 1382 1243 exigit

313 1246 402 1287 quod
425 1246 466 1277 sit
488 1246 636 1283 nobilior,
653 1254 708 1278 aut
731 1247 843 1278 saltem
867 1257 967 1288 aeque
986 1247 1111 1283 nobilis,
1136 1257 1235 1288 quam
1259 1246 1299 1277 sit
1322 1257 1381 1277 no-
1402 1247 1403 1250 ’

312 1290 414 1322 bilitas
437 1290 526 1321 modi
542 1291 665 1322 essendi
687 1291 731 1322 rei
746 1291 846 1328 visae;
870 1298 907 1323 ut
924 1291 1085 1323 inductive
1101 1297 1195 1332 patet,
1215 1297 1247 1322 et
1259 1290 1380 1321 ratione

312 1336 478 1376 probatur;
503 1335 578 1376 quia
594 1345 789 1376 cognoscens
809 1342 845 1367 ut
860 1335 913 1372 sic,
931 1335 1025 1367 habet
1045 1335 1238 1367 nobiliorem
1258 1335 1381 1366 essendi

313 1380 450 1410 modum
473 1380 602 1420 cognito
625 1380 659 1410 in
683 1379 799 1421 seipso,
819 1386 856 1411 ut
879 1380 1095 1421 cognitionem
1117 1379 1275 1411 terminat.

366 1424 448 1455 VIII.
473 1424 519 1454 Ex
543 1423 592 1454 his
616 1430 724 1455 autem
739 1425 779 1454 ad
793 1424 949 1455 rationem
971 1424 1090 1456 litterae
1105 1423 1124 1442 ⁴*
1147 1423 1379 1459 descendendo,

313 1468 427 1499 dicitur
450 1468 539 1509 quod
562 1468 702 1509 speciem
730 1478 797 1499 esse
825 1468 982 1499 inferioris
1006 1468 1126 1500 ordinis
1148 1474 1254 1509 potest
1277 1467 1381 1509 dupli-

314 1512 388 1544 citer
410 1512 555 1553 intelligi:
580 1512 698 1544 scilicet
713 1523 778 1554 per
799 1522 845 1551 se,
869 1513 919 1543 vel
929 1522 993 1553 per
1010 1513 1168 1544 accidens.
1192 1511 1318 1554 Species
1333 1511 1380 1542 in-

313 1556 434 1587 ferioris
467 1556 586 1587 ordinis
617 1566 673 1598 per
701 1557 844 1588 accidens
873 1557 1028 1594 sumitur,
1060 1567 1135 1588 cum
1165 1556 1382 1588 consideratur

312 1601 401 1642 quod
418 1611 474 1641 per
489 1601 631 1632 accidens
647 1607 693 1632 est
715 1601 748 1631 in
772 1601 922 1632 essendo:
947 1611 1003 1642 per
1026 1611 1059 1632 se
1077 1611 1163 1638 vero,
1181 1611 1256 1632 cum
1279 1600 1381 1632 consi-

313 1646 439 1676 deratur
461 1646 551 1686 quod
575 1652 621 1676 est
643 1645 744 1686 magis
759 1646 810 1676 vel
825 1645 932 1676 minus
948 1645 1150 1677 dearticulata
1174 1652 1229 1677 aut
1251 1645 1380 1682 elevata,

313 1689 446 1731 qualiter
461 1689 607 1721 videmus
623 1689 743 1730 species
765 1689 798 1721 in
818 1689 962 1721 sensibus
979 1689 1115 1731 propriis
1139 1699 1206 1721 esse
1224 1689 1381 1720 inferioris

72 1424 81 1432 '¹
98 1422 134 1444 Cf.
149 1428 213 1444 num.
229 1428 250 1444 ν.

313 1733 433 1764 ordinis
447 1741 590 1775 respectu
614 1734 792 1775 specierum
815 1734 1008 1775 phantasiae,
1028 1741 1059 1765 et
1074 1734 1130 1765 has
1154 1741 1297 1775 respectu
1314 1744 1382 1774 spe-

313 1778 433 1809 cierum
448 1778 624 1810 intellectus
640 1779 749 1810 nostri.
767 1779 809 1810 Et
823 1785 946 1810 constat
961 1779 1051 1820 quod
1066 1789 1126 1820 per.
1136 1779 1255 1819 species
1270 1788 1381 1809 sensus

313 1833 379 1853 non
403 1830 539 1863 possunt
556 1823 778 1864 imaginabilia,
795 1833 852 1854 nec
875 1834 931 1864 per
954 1823 1108 1864 imagines
1131 1830 1267 1864 possunt
1289 1822 1381 1853 intel-

312 1867 440 1907 ligibilia
459 1867 567 1898 videri.
593 1868 634 1899 Et
655 1867 742 1899 iuxta
765 1868 851 1899 hunc
875 1878 1005 1899 sensum
1028 1867 1142 1899 militat
1165 1867 1267 1909 prima
1290 1866 1380 1904 ratio,

313 1919 349 1943 ut
371 1918 457 1952 patet
475 1911 507 1942 in
524 1912 670 1953 exemplo
693 1912 823 1943 litterae.
849 1913 936 1944 Deus
960 1913 1045 1944 enim
1069 1913 1150 1944 adeo
1174 1913 1311 1944 elevatae
1334 1918 1382 1943 est

312 1963 452 1994 naturae,
466 1963 502 1989 ut
517 1956 622 1988 omnis
638 1957 754 1998 quovis
769 1958 870 1988 modo
889 1957 1092 1989 dearticulata
1107 1957 1236 1998 species,
1252 1956 1381 1999 qualem

313 2010 439 2044 oportet
453 2009 588 2035 creatam
605 2012 843 2044 quamcumque
863 2012 940 2039 esse,
957 2002 1112 2040 inferioris
1131 2002 1171 2034 sit
1189 2002 1309 2033 ordinis
1317 2011 1382 2042 per

311 2058 357 2087 se,
376 2048 569 2090 inquantum
591 2048 709 2079 scilicet
731 2047 861 2088 species.
885 2047 952 2078 Nec
975 2047 1080 2078 obstat
1102 2046 1272 2083 distinctio,
1292 2045 1382 2088 quod

70 2096 79 2106 “
98 2094 169 2117 Num.
179 2095 285 2123 praeced.
312 2094 344 2124 in
362 2093 494 2124 essendo
511 2093 562 2123 vel
577 2093 609 2123 in
627 2092 910 2133 repraesentando.
935 2092 1003 2122 Iam
1019 2091 1105 2122 enim
1128 2099 1294 2123 ostensum
1309 2090 1382 2122 est*

313 2138 412 2180 quod,
426 2137 591 2179 loquendo
612 2137 650 2169 de
669 2147 736 2170 esse
759 2136 874 2179 speciei
898 2136 1072 2170 formaliter
1095 2143 1126 2168 et
1148 2146 1204 2178 per
1228 2145 1261 2167 se
1277 2143 1312 2168 ut
1326 2135 1379 2172 sic,

313 2183 391 2215 nihil
413 2183 506 2216 refert
529 2183 631 2215 dicere
658 2183 692 2215 in
715 2184 860 2220 essendo,
885 2190 916 2215 et
938 2183 972 2214 in
995 2182 1276 2224 repraesentando:
1301 2191 1381 2222 quo-

313 2228 399 2260 niam
419 2236 547 2269 oportet
569 2228 717 2269 speciem,
735 2228 914 2259 secundum
936 2227 1106 2268 proprium
1120 2237 1198 2263 esse,
1214 2236 1281 2257 esse
1297 2225 1382 2266 quod

313 2274 391 2316 quid
405 2279 454 2305 est
467 2273 512 2304 rei
527 2273 621 2309 visae,
639 2279 670 2304 et
685 2279 916 2313 consequenter
934 2271 1077 2303 eiusdem
1093 2271 1212 2302 ordinis
1232 2280 1306 2302 cum
1329 2278 1380 2306 re;

315 2326 346 2350 et
369 2318 546 2349 secundum
575 2317 711 2348 modum
736 2316 878 2353 essendi,
902 2326 959 2357 per
981 2315 1126 2347 accidens
1149 2325 1182 2346 se
1205 2315 1319 2346 habere
1342 2314 1383 2345 ad

315 2362 517 2394 substantiale
533 2368 588 2393 aut
606 2361 796 2393 accidentale
811 2370 889 2397 esse,
906 2370 981 2392 cum
1003 2360 1036 2391 in
1060 2360 1169 2401 aliquo
1185 2359 1225 2390 sit
1239 2359 1382 2390 substan-

315 2408 376 2444 tia,
401 2414 432 2439 et
455 2407 487 2438 in
511 2406 619 2448 aliquo
643 2406 798 2437 accidens.
832 2405 864 2437 Si
888 2404 1008 2446 species
1040 2404 1135 2445 igitur
1158 2411 1205 2435 est
1226 2403 1382 2434 inferioris

315 2451 434 2483 ordinis
457 2461 513 2492 per
528 2461 570 2488 se,
587 2450 783 2491 impossibile
806 2456 853 2481 est
875 2449 965 2491 quod
988 2449 1028 2480 sit
1050 2448 1161 2480 similis
1177 2447 1383 2490 quidditative

314 2496 359 2527 rei
382 2495 552 2537 superioris
576 2495 706 2526 ordinis.
727 2512 747 2518 —
770 2495 813 2526 Et
835 2501 930 2531 nota,
955 2493 1044 2535 quod
1068 2503 1134 2524 non
1158 2493 1272 2524 dicitur
1294 2492 1384 2534 quod

314 2542 435 2582 species
454 2540 592 2582 inferior
609 2549 676 2570 non
692 2539 794 2580 possit
808 2538 966 2570 visionem
985 2538 1086 2569 facere
1102 2537 1273 2578 superioris
1289 2536 1383 2580 (quo-

316 2586 403 2616 niam
426 2585 557 2625 angelus
585 2583 714 2615 inferior
737 2583 823 2614 videt
846 2582 927 2614 forte
950 2582 1148 2623 superiorem
1170 2579 1383 2624 naturaliter):

317 2630 372 2661 sed
387 2629 521 2660 dicimus
544 2629 633 2670 quod
653 2628 773 2669 species
789 2627 955 2669 inferioris
973 2627 1097 2658 ordinis
1111 2626 1173 2658 hoc
1187 2636 1255 2658 non
1269 2632 1384 2667 potest.

317 2674 452 2706 Constat
475 2673 561 2704 enim
590 2673 698 2704 Deum
721 2682 787 2703 non
811 2672 919 2703 solum
946 2671 1144 2712 superiorem
1166 2671 1257 2705 omni
1280 2677 1384 2702 creato

317 2719 486 2754 intellectu,
507 2717 561 2748 sed
581 2717 700 2748 ordinis
715 2716 835 2748 altioris
854 2726 930 2752 esse,
946 2715 1043 2747 etiam
1058 2715 1144 2757 apud
1163 2714 1384 2756 philosophos,

318 2770 354 2794 ut
374 2769 463 2803 patet
485 2762 519 2792 in
540 2761 598 2793 XII
623 2761 819 2802 Metaphys„
841 2767 1014 2792 comment.
1034 2770 1117 2792 xuv.

372 2807 425 2838 IX.
455 2806 601 2838 Secunda
631 2815 762 2846 quoque
793 2804 872 2836 ratio
904 2805 1054 2842 assumit,
1087 2811 1117 2836 et
1149 2805 1247 2841 bene,
1278 2804 1385 2846 quod,

318 2851 597 2893 quemadmodum
619 2849 738 2891 species
761 2850 878 2880 domus
901 2849 934 2880 in
957 2856 1064 2880 mente
1088 2855 1214 2890 oportet
1236 2849 1327 2890 quod
1348 2848 1387 2879 sit

319 2896 423 2927 forma
446 2896 574 2931 domus,
590 2894 634 2925 ita
649 2894 769 2934 species
792 2893 862 2930 Dei,
879 2894 970 2925 cuius
994 2893 1098 2924 forma
1114 2900 1161 2925 est
1183 2893 1291 2934 ipsum
1307 2902 1383 2929 esse,

319 2946 447 2982 oportet
469 2939 559 2981 quod
582 2938 622 2970 sit
643 2938 751 2979 ipsum
775 2948 852 2974 esse,
868 2945 899 2969 et
922 2948 1018 2978 super
1040 2938 1103 2969 hoc
1127 2937 1278 2969 fundetur
1300 2936 1386 2968 simi—

318 2985 422 3016 litudo
446 2984 486 3015 ad
509 2984 625 3015 Deum.
645 2982 712 3013 Nec
734 2982 803 3013 vult
825 2982 884 3013 ista
907 2982 986 3013 ratio
1010 2982 1099 3023 quod
1123 2982 1243 3023 species
1265 2981 1324 3013 Dei
1347 2980 1387 3012 sit

319 3029 427 3070 ipsum
450 3037 518 3059 esse
540 3027 574 3058 in
597 3036 664 3058 esse
688 3026 831 3062 naturali,
859 3026 939 3057 sicut
963 3033 1009 3058 est
1032 3027 1132 3062 Deus;
1157 3027 1212 3057 sed
1235 3025 1324 3067 quod
1347 3025 1388 3056 sit

320 3073 428 3114 ipsum
451 3082 518 3103 esse
541 3071 575 3102 in
597 3071 707 3112 aliquo
731 3071 831 3101 modo
856 3070 995 3107 essendi;
1019 3070 1162 3112 alioquin
1185 3069 1297 3101 similis
1319 3079 1386 3100 non

320 3124 401 3148 esset
424 3116 543 3157 species
566 3115 734 3157 quidditati
758 3114 891 3145 divinae.
916 3114 977 3146 Sed
999 3121 1155 3155 repugnat
1177 3114 1298 3156 aliquid
1320 3123 1387 3144 esse

321 3161 498 3193 secundum
522 3170 589 3191 rem
612 3160 719 3200 ipsum
743 3169 826 3196 esse,
852 3159 885 3189 in
909 3169 1116 3200 quocumque
1139 3158 1239 3189 modo
1263 3157 1386 3189 essendi

321 3213 425 3237 creato
456 3211 512 3236 aut
535 3203 676 3240 creabili;
701 3203 856 3244 quoniam
879 3203 994 3244 quovis
1018 3203 1118 3234 modo
1146 3202 1222 3234 reali
1250 3208 1388 3243 ponatur

321 3260 369 3281 res
394 3259 470 3286 esse,
487 3258 612 3289 semper
631 3254 678 3279 est
696 3257 752 3279 ens
775 3257 832 3288 per
854 3247 1128 3288 participationem
1150 3247 1184 3278 in
1207 3246 1263 3277 illo
1286 3246 1386 3276 modo

322 3293 454 3325 essendi.
479 3293 576 3333 Ergo.

376 3338 414 3368 X.
439 3336 546 3368 Tertia
572 3343 680 3367 autem
703 3335 783 3367 ratio
807 3345 844 3366 ex
868 3336 979 3366 eadem
1002 3335 1144 3375 procedit
1166 3334 1279 3366 radice.
1311 3333 1387 3374 Spe-

325 3382 405 3413 ciem
429 3391 567 3421 namque
589 3381 648 3412 Dei
671 3379 913 3422 quidditativam
933 3386 1059 3420 oportet
1082 3389 1149 3410 esse
1172 3389 1239 3410 non
1261 3378 1324 3409 hoc
1338 3378 1388 3408 vel

324 3426 412 3461 illud,
437 3425 492 3455 sed
515 3424 675 3456 infinitum
699 3435 764 3459 ens.
789 3430 844 3455 aut
867 3423 1045 3454 secundum
1068 3434 1134 3454 esse
1158 3422 1310 3458 naturale,
1334 3429 1388 3452 aut

324 3470 501 3500 secundum
525 3469 655 3510 aliquod
679 3468 764 3499 aliud
788 3478 855 3499 esse
878 3467 974 3498 reale:
1000 3467 1144 3508 alioquin
1166 3466 1256 3498 realis
1279 3465 1388 3497 simili-

324 3514 403 3545 tudo
428 3520 458 3544 et
481 3513 672 3553 adaequata,
698 3513 826 3554 qualem
857 3511 1011 3552 cognitio‘
1021 3511 1130 3552 exigit,
1155 3521 1222 3542 non
1245 3510 1387 3542 habetur.

324 3558 386 3589 Sed
409 3557 604 3597 impossibile
628 3564 683 3593 est,
708 3557 885 3588 secundum
905 3556 1134 3597 quodcumque
1151 3565 1218 3586 esse
1237 3561 1387 3590 creatum,

325 3601 391 3632 dari
415 3610 517 3631 unum
548 3601 667 3641 aliquid
698 3601 799 3631 simile
827 3601 1000 3642 adaequate
1030 3599 1159 3631 infinitis
1188 3597 1388 3640 perfectioni-

326 3647 394 3676 bus.
419 3645 515 3685 Ergo.

1021 283 1290 331 QUAESTIO
1318 283 1406 331 XII,
1436 284 1733 322 ARTICULUS
1764 286 1795 322 11

1489 364 1543 395 XI.
1557 364 1651 395 Unde
1665 371 1752 405 patet
1767 365 1856 406 quod
1873 364 2033 396 distinctio
2046 366 2085 396 de
2098 374 2166 396 esse
2181 371 2212 396 et
2228 367 2468 405 repraesentari
2478 365 2505 402 *,
2534 372 2543 381 ·
2559 370 2596 393 er.
2610 377 2675 394 num.
2690 378 2720 395 vu.

1437 415 1597 439 contracta
1620 409 1660 439 ad
1683 416 1914 449 repraesentare
1943 419 1998 450 per
2021 410 2158 439 modum
2182 409 2412 447 similitudinis,
2439 420 2506 441 non

1437 458 1483 483 est
1497 452 1656 483 distinctio
1673 453 1733 484 nisi
1753 453 1948 485 diversarum
1973 453 2196 485 conditionum
2215 453 2349 485 essendi.
2371 453 2414 485 Et
2431 464 2506 494 pro-

1435 502 1552 536 pterea,
1572 497 1662 538 quod
1685 497 1902 529 universaliter
1924 505 2057 539 negatur
2079 498 2117 528 de
2134 507 2201 528 esse
2217 507 2334 534 rerum,
2351 497 2506 529 sufficien-

1435 546 1482 571 ter
1504 541 1612 581 negari
1632 542 1786 582 probatur
1809 543 1847 573 de
1871 552 1938 573 esse
1961 542 1994 573 in
2017 542 2281 583 repraesentando
2297 551 2354 582 per
2369 541 2506 573 modum

1435 584 1660 617 similitudinis.
1691 586 1734 617 Et
1755 593 1923 627 propterea
1953 586 2099 617 divinum
2123 597 2148 617 s.
2159 586 2308 617 Thomae
2339 585 2506 626 ingenium

1434 628 1476 659 ad
1506 628 1742 661 distinctionem
1770 631 1957 662 descendere
1988 631 2194 671 dedignatum
2223 637 2288 662 est:
2318 630 2439 671 puerile
2461 630 2504 661 si-

1434 672 1567 714 quidem
1589 674 1722 714 putavit,
1738 684 1820 716 quae
1840 675 1880 706 de
1895 685 1963 706 esse
1986 682 2091 706 creato
2114 675 2238 716 liquido
2261 675 2409 715 negando
2431 684 2505 715 pro-

1435 717 1579 754 baverat,
1611 718 1651 748 ad
1674 718 1771 749 talem
1794 725 1826 750 et
1847 719 1944 750 talem
1973 719 2097 750 essendi
2120 719 2339 751 conditionem
2369 725 2505 750 creatam

1436 761 1592 801 adaptare.
1617 762 1681 793 Sed
1695 762 1747 793 alii
1763 762 1886 804 decepti
1905 770 1988 800 sunt,
2005 770 2042 795 ut
2057 763 2179 795 dictum
2195 770 2242 795 est
2250 761 2277 800 ¹⁸¹,
2293 770 2424 804 propter
2438 773 2505 794 non
2533 769 2541 777 ·

1437 804 1627 845 distinguere
1650 805 1731 837 inter
1747 817 1811 847 per
1833 816 1868 838 se
1891 814 1922 839 et
1939 818 2002 848 per
2024 808 2182 839 accidens.

1489 849 1558 880 ΧΠ.
1571 849 1688 886 Quoad
1705 852 1833 882 tertium
1842 851 1870 888 *,
1888 852 1954 882 duo
1969 852 2161 893 epilogando
2175 852 2352 883 concludit:
2370 859 2400 883 et
2415 853 2504 893 quod

1436 892 1570 933 exigitur
1583 893 1758 925 similitudo
1773 895 1817 926 rei
1836 905 1874 926 ex
1888 902 1976 936 parte
1992 897 2153 936 potentiae
2169 897 2352 933 elevandae;
2370 903 2401 928 et
2415 897 2505 938 quod

1436 936 1525 968 nulla
1548 944 1595 968 est
1617 937 1793 970 similitudo
1817 949 1855 970 ex
1877 946 1965 980 parte
1988 940 2065 978 Dei,
2092 940 2210 972 scilicet
2232 941 2505 982 repraesentativa.

1437 980 1718 1023 Confirmaturque
1740 983 1884 1023 primum
1907 985 2092 1016 auctoritate
2116 984 2304 1026 Scripturae.

1489 1026 1626 1057 Adverte
1642 1027 1742 1068 quod,
1758 1026 1832 1058 licet
1854 1027 2113 1068 superficietenus
2129 1029 2340 1060 consideranti
2355 1035 2505 1070 appareat

1436 1070 1525 1111 quod
1549 1070 1725 1102 similitudo
1749 1081 1786 1102 ex
1809 1078 1896 1112 parte
1927 1071 2063 1104 videntis
2086 1083 2143 1113 per
2165 1073 2310 1104 accidens
2339 1080 2505 1105 concurrat

1435 1114 1476 1144 ad
1498 1114 1559 1145 Dei
1580 1114 1748 1152 visionem,
1771 1115 1965 1157 inquantum
1987 1116 2164 1148 similitudo
2187 1124 2243 1154 est,
2258 1118 2415 1158 quoniam
2437 1127 2504 1148 non
2560 1127 2563 1131 ·

1435 1159 1568 1200 ponitur
1582 1165 1620 1190 ut
1634 1159 1795 1197 assimilet,
1812 1160 1868 1191 sed
1881 1167 1918 1192 ut
1933 1160 2091 1192 confortet
2110 1161 2275 1202 elevetque
2290 1162 2502 1198 intellectum;

1434 1203 1566 1235 interius
1594 1210 1701 1235 tamen
1725 1204 1933 1246 perscrutanti
1960 1205 2124 1246 apparebit
2148 1206 2239 1247 quod
2261 1215 2319 1246 per
2341 1215 2375 1237 se
2396 1205 2504 1247 requi-

1435 1247 1514 1279 ritur
1536 1247 1728 1289 inquantum
1756 1248 1947 1280 similitudo:
1972 1260 2039 1280 non
2062 1257 2098 1281 ut
2121 1250 2375 1290 repraesentandi
2397 1257 2505 1282 actum

1435 1291 1558 1329 habeat,
1578 1292 1634 1323 sed
1650 1292 1863 1324 constituendi
1881 1293 1914 1324 in
1939 1304 2006 1325 esse
2022 1294 2118 1324 simili
2133 1293 2194 1335 ipsi
2210 1294 2291 1331 Deo,
2308 1293 2400 1336 quasi
2423 1293 2504 1326 eius-

1436 1336 1510 1367 dem
1533 1336 1674 1368 rationis.
1707 1337 1844 1378 Oportet
1871 1338 1957 1369 enim
1979 1338 2140 1370 videntem
2167 1338 2275 1369 Deum
2307 1347 2374 1369 esse
2397 1338 2504 1370 Deum

1435 1381 1699 1422 quodammodo,
1728 1382 1915 1424 divinaeque
1943 1389 2073 1414 naturae
2097 1389 2290 1414 consortem.
2315 1382 2504 1414 Constituti-

1435 1435 1514 1456 vum
1533 1431 1640 1456 autem
1659 1425 1836 1458 intellectus
1850 1427 1945 1458 creati
1966 1427 2000 1458 in
2023 1437 2091 1458 esse
2107 1427 2225 1463 divino,
2243 1433 2290 1458 est
2311 1427 2420 1468 ipsum
2434 1427 2504 1468 glo-

1434 1469 1499 1500 riae
1522 1469 1644 1501 lumen.
1668 1470 1710 1502 Et
1727 1477 1896 1512 propterea
1914 1471 2028 1503 merito
2052 1471 2228 1503 similitudo
2247 1471 2324 1503 haec
2347 1482 2366 1502 a
2389 1471 2504 1504 sanctia

1435 1513 1589 1545 exaltatur
1610 1521 1706 1556 atque
1729 1515 1890 1556 repetitur.

1487 1558 1571 1590 XIII.
1594 1558 1732 1590 Adverte
1754 1559 1822 1596 hic,
1846 1560 1936 1601 quod
1958 1559 2033 1591 hinc
2055 1559 2190 1591 habetur
2212 1559 2302 1601 quod
2325 1559 2408 1590 beati
2436 1569 2503 1591 non

1435 1609 1571 1643 possunt
1586 1602 1724 1636 formare
1746 1604 1880 1635 verbum
1897 1605 1936 1635 de
1958 1605 2029 1635 Deo
2045 1604 2127 1636 clare
2141 1604 2210 1635 viso
2230 1610 2268 1635 ut
2286 1604 2340 1640 sic,
2356 1604 2503 1646 quamvis

1435 1646 1559 1687 possint
1577 1646 1715 1678 formare
1729 1649 1865 1679 verbum
1883 1649 1922 1679 de
1940 1648 1989 1679 his
2003 1658 2086 1690 quae
2101 1648 2135 1679 in
2150 1649 2220 1679 Deo
2236 1647 2392 1680 videntur.
2416 1647 2503 1680 Cum

1435 1690 1521 1721 enim
1543 1692 1678 1722 verbum
1693 1691 1734 1723 sit
1752 1692 1929 1724 similitudo
1945 1702 2099 1734 expressa,
2117 1699 2149 1724 et
2171 1692 2286 1724 clarius
2301 1699 2504 1733 praesentans

1434 1745 1503 1766 rem
1526 1742 1714 1776 conceptam
1737 1746 1836 1777 quam
1858 1737 1978 1778 species
2000 1737 2170 1778 impressa;
2195 1736 2221 1767 si
2236 1736 2434 1778 impossibile
2457 1743 2504 1768 est

1434 1779 1568 1810 inveniri
1591 1780 1730 1820 speciem
1746 1780 1933 1822 impressam
1957 1788 2093 1812 creatam
2108 1788 2252 1821 respectu
2269 1781 2411 1818 alicuius,
2428 1790 2503 1822 pro-

1435 1830 1504 1864 pter
1527 1824 1733 1856 eminentiam
1755 1825 1799 1856 rei
1824 1825 1977 1866 cognitae,
2002 1826 2106 1857 multo
2126 1825 2226 1866 magis
2242 1825 2438 1866 impossibile
2457 1832 2504 1856 est

1433 1868 1568 1900 inveniri
1591 1869 1730 1910 speciem
1761 1879 1950 1910 expressam.
1977 1869 2100 1901 Omnes
2124 1869 2210 1900 enim
2232 1870 2370 1901 rationes
2393 1876 2503 1901 contra

1433 1913 1531 1950 illam,
1549 1920 1624 1944 sunt
1647 1920 1755 1945 contra
1778 1914 1882 1951 istam,
1907 1921 1938 1945 et
1961 1924 2094 1945 omnem
2117 1914 2212 1945 aliam
2234 1914 2384 1955 speciem.
2407 1913 2503 1946 Vide-

1434 1958 1516 1989 bunt
1543 1967 1618 1998 ergo
1650 1958 1761 1989 omnia
1790 1958 1824 1989 in
1846 1958 1953 1990 Verbo
1976 1958 2052 1995 Dei,
2081 1958 2171 1999 quod
2197 1958 2231 1989 in
2254 1958 2411 1999 principio
2438 1965 2505 1990 erat

1434 2002 1521 2043 apud
1544 2002 1660 2039 Deum,
1680 2009 1712 2034 et
1733 2012 1801 2034 non
1815 2002 1848 2033 in
1871 2002 1980 2044 aliquo
1995 2003 2094 2034 verbo
2118 2009 2239 2034 creato:
2263 2002 2340 2044 quia
2354 2002 2419 2034 iam
2434 2011 2503 2035 non

1434 2047 1585 2084 viderent,
1605 2053 1642 2078 ut
1664 2046 1697 2078 in
1718 2046 1821 2079 littera
1843 2047 1968 2079 dicitur.
2462 2073 2466 2076 .

1486 2092 1570 2124 XIV.
1594 2091 1630 2123 In
1653 2092 1861 2134 responsione
1883 2092 1924 2123 ad
1942 2092 2081 2129 tertium,
2097 2092 2222 2124 adverte
2237 2091 2328 2133 quod
2343 2091 2395 2123 hic
2409 2090 2507 2133 poni-

1434 2143 1485 2169 tur
1501 2136 1636 2168 essentia
1651 2137 1757 2168 divina
1780 2136 1975 2168 constituens
1998 2137 2195 2168 intellectum
2215 2137 2346 2168 beatum
2363 2135 2398 2167 in
2419 2142 2502 2174 actu,

1433 2181 1502 2212 vice
1525 2181 1641 2222 speciei
1663 2181 1877 2221 intelligibilis.
1902 2181 1975 2212 Hoc
1991 2188 2099 2213 autem
2121 2181 2257 2223 qualiter
2278 2180 2430 2222 possibile
2451 2179 2502 2218 sit,

1435 2225 1602 2266 dupliciter
1617 2225 1733 2266 exponi
1747 2232 1863 2266 potest.
1883 2225 2002 2262 Primo,
2014 2225 2193 2256 secundum
2211 2234 2420 2256 communem
2434 2233 2503 2257 cur-

1435 2280 1508 2301 sum
1523 2269 1734 2300 iudicantium
1753 2269 1791 2300 de
1810 2269 1971 2301 intellectu
1987 2276 2018 2300 et
2033 2268 2137 2310 specie
2153 2268 2351 2310 intelligibili,
2366 2268 2449 2300 sicut
2461 2268 2502 2300 de

1436 2315 1563 2345 duobus
1586 2313 1752 2354 agentibus
1775 2313 1968 2354 partialibus.
1993 2313 2178 2346 Secundum
2201 2313 2288 2344 enim
2311 2313 2393 2344 hanc
2405 2312 2501 2350 viam,

1435 2358 1551 2390 dicitur
1572 2358 1663 2400 quod
1691 2357 1810 2399 species
1840 2357 2044 2398 intelligibilis
2074 2364 2181 2398 potest
2203 2357 2371 2398 dupliciter
2397 2357 2501 2394 sumi,

1435 2403 1541 2444 primo
1565 2409 1602 2434 ut
1623 2409 1670 2434 est
1692 2402 1796 2434 forma
1814 2402 1989 2439 inhaerens,
2010 2402 2150 2433 secundo
2174 2408 2211 2433 ut
2231 2402 2310 2442 gerit
2332 2401 2436 2433 vicem
2456 2401 2504 2433 in-

1435 2447 1621 2488 telligibilis:
1647 2454 1677 2478 et
1699 2447 1789 2488 quod
1807 2446 1950 2488 primum
1972 2457 2029 2488 per
2044 2446 2188 2478 accidens
2211 2445 2371 2478 concurrit
2393 2445 2435 2477 ad
2453 2445 2503 2478 in-

1436 2491 1593 2532 telligere,
1620 2491 1796 2522 secundum
1819 2501 1895 2522 vero
1918 2501 1975 2532 per
1998 2501 2050 2528 se,
2075 2490 2232 2533 quoniam
2255 2500 2292 2522 ex
2323 2490 2387 2522 hoc
2408 2489 2504 2522 lubet
2765 2523 2768 2532 A

1437 2536 1700 2578 comprincipiare
1732 2535 1989 2567 intellectionem.
2015 2536 2057 2567 Et
2075 2542 2261 2576 propterea,
2286 2534 2313 2566 si
2344 2533 2504 2569 invenitur
2764 2546 2768 2577 q

1437 2581 1599 2613 obiectum
1615 2590 1671 2622 per
1685 2580 1828 2621 seipsum
1842 2587 1956 2621 potens
1973 2579 2237 2621 comprincipiare
2255 2578 2504 2612 inteuectionem
2764 2584 2768 2612 i

1438 2635 1514 2658 cum
1535 2625 1590 2657 tali
1612 2625 1783 2662 intellectu,
1799 2624 1908 2666 ipsum
1931 2635 1988 2666 per
2010 2624 2152 2665 seipsum
2175 2623 2289 2655 dicitur
2309 2623 2393 2655 uniri
2414 2622 2508 2656 intel-
2761 2618 2768 2672 j

1437 2669 1542 2707 lectui,
1562 2676 1594 2701 et
1615 2669 1716 2701 facere
1739 2669 1847 2710 ipsum
1869 2669 1903 2700 in
1926 2675 2009 2706 actu,
2029 2669 2149 2710 absque
2167 2667 2231 2699 hoc
2253 2668 2344 2709 quod
2358 2668 2413 2700 dat
2434 2677 2508 2700 esse
2764 2676 2768 2683 ·

1438 2714 1613 2746 formaliter
1634 2714 1696 2755 ipsi
1718 2713 1902 2745 intellectui.

2557 767 2628 790 Nam.
2638 774 2678 791 vn.

2532 858 2543 868 ·
2558 857 2597 879 Cf.
2611 863 2677 880 nam.
2692 863 2718 880 n.

1491 2759 1534 2791 Et
1555 2758 1702 2800 quamvis
1725 2758 1806 2789 hanc
1828 2758 1914 2790 viam
1937 2758 2133 2800 quandoque
2162 2763 2298 2789 sectatus
2321 2755 2509 2793 docuerim,

1439 2811 1470 2836 et
1486 2803 1566 2835 forte
1583 2803 1769 2844 scripserim,
1785 2803 1912 2834 elevatis
1924 2809 2031 2834 tamen
2045 2801 2160 2834 mentis
2174 2801 2287 2839 oculis,
2301 2801 2398 2832 vilem
2410 2800 2511 2832 nimis

1439 2848 1578 2889 aspicere
1599 2847 1711 2879 videor
1733 2854 1880 2878 naturam
1903 2846 2162 2888 cognoscitivam,
2179 2845 2206 2877 si
2228 2845 2268 2877 de
2291 2855 2329 2876 ea
2350 2844 2443 2886 quasi
2465 2844 2509 2876 de

1440 2892 1636 2924 naturalibus
1658 2891 1823 2933 agentibus
1845 2891 2013 2923 iudicatur.
2037 2890 2071 2923 Si
2092 2890 2199 2921 anima
2221 2889 2308 2922 enim
2331 2898 2427 2930 supra
2449 2898 2507 2920 na·

1439 2944 1546 2970 turam
1569 2943 1624 2973 est,
1639 2943 1676 2968 ut
1690 2935 1872 2977 vegetativa,
1890 2946 1972 2977 quae
1995 2942 2042 2967 est
2064 2933 2184 2971 infima,
2200 2939 2341 2970 tentatur,
2361 2933 2442 2964 dum
2463 2932 2507 2964 ad

1441 2991 1554 3013 omnes
1577 2980 1745 3022 positionis
1768 2979 1956 3011 differentias
1980 2979 2076 3011 simul
2106 2984 2231 3014 movet;
2257 2983 2380 3019 quanto
2403 2976 2505 3018 magis

1440 3024 1636 3057 intellectus!

1494 3070 1562 3101 XV.
1586 3069 1766 3100 Dicendum
1789 3075 1836 3099 est
1858 3078 1933 3109 ergo
1964 3067 2072 3110 quod,
2096 3065 2242 3109 quamvis
2274 3065 2451 3098 intellectus
2473 3071 2506 3098 et

1441 3113 1560 3155 species
1582 3112 1786 3154 intelligibilis
1810 3123 1842 3143 se
1856 3113 1993 3144 habeant
2007 3111 2098 3153 quasi
2121 3110 2188 3141 duo
2207 3109 2350 3150 partialia
2372 3109 2505 3151 agentia,

1441 3167 1583 3199 quorum
1598 3157 1733 3189 alterum
1755 3157 1975 3196 substantiam,
1991 3156 2126 3187 alterum
2141 3154 2279 3195 speciem
2300 3153 2506 3187 inteueetioai

1441 3202 1585 3242 praebet;
1613 3201 1691 3232 haec
1714 3207 1821 3232 tamen
1851 3200 2018 3242 proportio
2041 3208 2108 3231 non
2138 3205 2185 3230 est
2207 3198 2328 3239 prima,
2355 3199 2412 3230 aed
2433 3205 2506 3230 ante

1441 3246 1545 3287 ipsam
1567 3252 1613 3277 est
1635 3245 1725 3286 quod
1748 3255 1781 3276 se
1804 3245 1922 3276 habent
1943 3244 2025 3276 sicut
2047 3242 2177 3274 materia
2200 3250 2230 3274 et
2245 3243 2366 3280 sorma3
2391 3249 2423 3275 et
2443 3242 2507 3274 hoc

1442 3300 1498 3331 per
1520 3300 1552 3321 se
1568 3290 1742 3331 loquendo.
1767 3290 1810 3321 Et
1825 3295 2000 3330 propterea,
2019 3287 2166 3329 quamvis
2185 3287 2324 3318 secunda
2339 3286 2506 3328 proportio

1442 3344 1479 3365 ex
1502 3334 1591 3365 dictis
1614 3334 1764 3370 salvetur,
1791 3343 1859 3365 non
1881 3339 1987 3364 tamen
2006 3331 2126 3373 prima:
2151 3331 2334 3372 praesertim
2353 3331 2444 3372 quod
2469 3339 2507 3362 ex

1441 3378 1601 3409 intellectu
1633 3384 1663 3409 et
1692 3377 1795 3419 specie
1818 3376 1855 3408 fit
1876 3376 1977 3416 magis
2009 3386 2111 3407 unurn
2141 3385 2240 3417 quam
2263 3385 2300 3406 ex
2323 3373 2454 3406 materia
2475 3381 2507 3406 et

1443 3421 1555 3458 forma,
1575 3429 1611 3453 ut
1625 3424 1780 3453 Averroes
1795 3421 1829 3452 in
1848 3421 1889 3452 III
1905 3420 1946 3451 de
1960 3421 2078 3451 Anima
2089 3419 2108 3440 *
2129 3426 2212 3451 recte
2228 3419 2346 3451 docuit.
2371 3418 2508 3459 Oportet
2533 3423 2545 3435 ⁰

1441 3466 1537 3506 igitur
1559 3466 1678 3496 salvare
1701 3465 1790 3506 quod
1812 3464 1989 3496 intellectus
2012 3464 2122 3495 videns
2145 3465 2261 3500 Deum,
2284 3462 2372 3504 prius
2395 3469 2507 3494 natura

1442 3510 1482 3541 sit
1504 3510 1611 3548 Deus,
1637 3515 1668 3540 et
1691 3515 1798 3540 tamen
1820 3508 1908 3539 nulla
1931 3508 2065 3540 intentio
2095 3508 2252 3540 intellecta
2275 3507 2315 3539 sit
2341 3507 2374 3538 in
2397 3515 2452 3543 eo,
2478 3514 2508 3538 et

1442 3560 1516 3594 post
1537 3554 1642 3584 videat
1663 3554 1779 3584 Deum.

1496 3598 1540 3629 Ut
1562 3604 1670 3628 autem
1693 3597 1726 3627 in
1750 3596 1791 3627 111
1819 3596 1910 3628 Cont.
1937 3597 2041 3634 Gent„
2066 3606 2134 3636 cap.
2151 3605 2197 3632 u,
2223 3595 2348 3631 dicitur,
2375 3594 2507 3626 essentia

1443 3641 1564 3678 divina,
1590 3641 1647 3672 etsi
1671 3640 1790 3672 nullius
1819 3640 1921 3671 forma
1949 3651 2016 3672 esse
2046 3640 2148 3681 possit
2170 3639 2203 3671 in
2225 3649 2338 3680 genere
2365 3638 2486 3670 entium
2499 3662 2506 3675 ,
