2768 4178
85 1873 94 1881 ‘
110 1873 146 1894 De
155 1871 213 1893 Fide
220 1871 297 1898 Orth„

87 1899 128 1921 lib.
145 1899 185 1926 111,
201 1904 251 1926 cap.
266 1904 297 1920 ιν,

88 2086 98 2096 “
107 2085 142 2106 De
147 2084 206 2106 Fide
213 2084 299 2106 Catho—

90 2112 144 2137 lica,
156 2111 232 2133 Serm.
243 2117 250 2132 t
261 2111 297 2135 (al.

87 2138 162 2160 Serm.
175 2138 204 2159 de
219 2138 298 2168 Temp.

86 2171 156 2186 cxxix
171 2181 177 2191 ‚
206 2170 247 2185 sen
274 2170 298 2185 m

90 2191 169 2213 Coena
177 2191 245 2212 Dom.
256 2192 298 2221 119:

89 2218 149 2239 inter
182 2220 299 2244 supposit.

89 2244 164 2266 Serm.
180 2249 290 2265 ccxxxur.

187 2271 201 2304 β

89 2307 98 2316 ·
113 2307 165 2327 Art.
180 2304 299 2333 praeced,

91 2332 119 2354 ad
134 2338 153 2360 5.

94 3454 103 3463 ·
118 3453 171 3474 Art.
184 3459 208 3479 4,
223 3459 242 3480 5.

315 280 392 328 406
972 278 1240 325 QUAESTIO
1269 278 1450 325 XXXIX,
1480 277 1778 314 ARTICULUS
1806 277 1858 314 Vl

319 361 394 392 licet
412 370 470 401 pro
491 358 623 390 essentia
642 359 674 389 in
691 358 868 389 abstracto:
892 365 922 388 et
940 368 1007 388 non
1023 357 1160 387 sumitur
1177 366 1236 397 pro
1257 356 1390 387 essentia
1444 356 1589 397 negativa
1602 380 1609 393 ,
1634 355 1751 387 scilicet
1773 356 1863 387 Deus
1893 365 1956 386 non
1980 361 2119 397 generat
2125 362 2139 393 ;
2161 364 2269 386 veram
2298 361 2426 395 oportet
2448 364 2516 386 esse

319 406 353 436 in
377 411 542 439 concreto,
567 403 654 434 iuxta
677 400 889 443 propositum'
909 401 1122 442 praecedentis
1154 400 1286 431 articuli.
1310 419 1331 424 -
1349 401 1391 431 Et
1444 400 1664 431 affirmativam
1688 400 1973 436 contradictoriam,
1999 399 2116 430 scilicet
2137 399 2228 430 Deus
2245 405 2392 440 generat.
2412 399 2454 430 Et
2471 399 2517 430 sic

321 449 400 480 ratio
425 448 615 479 convincens
639 447 679 477 ad
701 447 782 477 hanc
808 446 1040 487 expositionem
1065 451 1127 481 est,
1152 444 1228 485 quia
1247 445 1285 475 de
1309 455 1390 485 quo·
1444 444 1521 476 haec
1544 444 1729 475 affirmativa
1753 451 1799 476 est
1821 454 1911 481 vera,
1937 454 2003 474 non
2027 444 2135 474 solum
2163 443 2347 484 accipiendo
2370 443 2404 484 ly
2425 444 2516 474 Deus

321 493 397 523 libet
421 493 458 523 de
482 501 548 532 quo
574 490 728 531 contingit
743 500 866 531 negare,
884 497 989 531 potest
1012 489 1159 520 affirmari
1179 489 1389 519 contradicto·
1444 499 1503 529 pro
1518 489 1617 525 Patre,
1638 489 1693 519 sed
1710 488 1804 519 etiarn
1820 498 1879 529 pro
1897 488 2030 519 essentia
2044 488 2077 518 in
2097 494 2255 519 concreto.
2281 487 2424 518 Sumitur
2441 497 2515 528 ergo

321 537 375 568 rie.
393 537 434 567 Et
456 542 694 576 consequenter,
713 545 787 566 cum
810 536 848 565 de
873 534 1006 565 essentia
1021 534 1054 564 in
1076 539 1224 564 concreto
1248 532 1326 563 falsa
1350 533 1390 563 sit
1443 533 1475 563 in
1499 533 1558 564 hac
1581 533 1683 564 littera
1706 534 1843 564 essentia
1866 543 1925 574 pro
1951 532 2084 563 essentia
2107 532 2141 562 in
2165 532 2330 563 abstractu.

1139 693 1458 736 ARTICULUS
1489 694 1697 737 SEXTUS

626 789 782 821 UTRUM
805 788 1029 819 PERSONAE
1053 786 1231 818 POSSINT
1255 787 1516 818 PRAEDICARI
1539 788 1597 818 DE
1621 787 1860 819 N0M1N113us
1884 788 2214 820 ESSENTiALfflus

1110 865 1119 890 1
1139 865 1222 894 Sent„
1243 865 1301 891 dist.
1320 873 1354 895 w.
1374 873 1420 899 qn.
1438 873 1466 897 11,
1486 870 1533 891 art.
1554 873 1577 896 2,
1596 866 1628 890 ad
1647 873 1677 898 4,
1698 865 1722 891 5.

442 994 457 1006 ‚‹
534 969 557 994 D
592 968 733 993 sexi-um
761 967 814 992 sm
835 966 1074 992 paoeemrua.
1104 954 1265 991 Videtur
1284 953 1389 1003 quod

349 1003 406 1057 ((51
450 1003 451 1018 ³
533 1022 721 1059 personae
742 1021 821 1046 non
849 1008 995 1057 possint
1021 1007 1234 1057 praedicari
1253 1007 1300 1045 de
1321 1019 1389 1044 no-

341 1068 344 1074 “
400 1081 456 1099 v>
482 1062 701 1107 (minibus
736 1061 996 1099 essentialibus
1031 1060 1237 1108 concretis,
1266 1068 1308 1097 ut
1336 1060 1389 1098 di-

380 1093 469 1146 ἐῷ
493 1110 655 1163 matur,
685 1116 790 1152 Deus
821 1120 875 1152 est
908 1120 981 1151 tres
1007 1115 1218 1160 Personae,
1247 1114 1310 1152 vel
1339 1120 1394 1150 est

1446 954 1630 991 essentiae
1651 962 1687 991 et
1706 967 1906 1004 personae.
1937 955 2113 993 Essentia
2132 964 2261 994 autem
2282 957 2412 995 divina
2439 971 2519 996 non

1445 1008 1570 1044 solum
1605 1007 1709 1045 idem
1746 1015 1801 1045 est
1834 1008 1983 1045 realiter
2011 1021 2100 1046 cum
2128 1022 2206 1047 una
2232 1023 2420 1059 persona,
2451 1011 2519 1049 sed

1447 1073 1535 1097 cum
1571 1060 1702 1098 tribus.
1741 1061 1852 1099 Unde
1887 1069 1923 1098 et
1950 1074 2028 1099 una
2056 1074 2238 1112 persona,
2269 1071 2306 1101 et
2333 1064 2452 1112 duae,
2484 1072 2521 1102 et

354 974 366 998 ³

361 993 371 1012 ζ

325 1170 500 1207 Trinitas.
539 1169 647 1205 Haec
679 1168 783 1205 enim
817 1175 871 1205 est
899 1168 1009 1215 falsa,
1048 1168 1161 1204 homo
1189 1173 1244 1204 est
1269 1167 1391 1204 omnis

321 1224 460 1268 homo,
502 1222 590 1271 quia
625 1234 696 1270 pro
734 1221 838 1258 nullo
877 1220 1164 1270 suppositorum
1201 1220 1391 1258 verificari

321 1282 467 1325 potest:
497 1286 622 1324 neque
651 1274 754 1311 enim
794 1275 970 1311 Socrates
1004 1281 1061 1311 est
1094 1274 1220 1311 omnis
1248 1275 1390 1321 homo,

322 1341 447 1377 neque
481 1329 610 1375 Plato,
645 1340 771 1377 neque
804 1327 938 1377 aliquis
972 1328 1077 1365 alius.
1117 1328 1195 1365 Sed
1223 1327 1393 1364 similiter

321 1382 406 1428 ista,
436 1383 540 1418 Deus
568 1386 623 1418 est
651 1381 832 1428 Trinitas,
867 1393 938 1430 pro
972 1381 1076 1418 nullo
1106 1380 1392 1430 suppositorum

322 1443 478 1472 naturae
504 1434 654 1471 divinae
672 1434 860 1472 verificari
878 1442 1024 1484 potest:
1054 1446 1181 1481 neque
1202 1434 1302 1471 enirn
1323 1435 1393 1471 Pa-

322 1496 378 1525 ter
398 1495 453 1525 est
478 1487 656 1535 Trinitas,
677 1499 801 1536 neque
822 1487 947 1535 Filius,
968 1500 1093 1536 neque
1119 1487 1279 1536 Spiritus
1300 1488 1394 1524 San-

324 1549 416 1579 ctus.
446 1542 549 1588 Ergo
578 1541 673 1578 haec
703 1548 758 1577 est
785 1541 888 1588 falsa,
921 1542 1027 1578 Deus
1054 1546 1108 1577 est
1137 1541 1311 1578 Trinitas.

378 1606 413 1631 2.
444 1595 685 1641 PRAETEREA,
723 1593 902 1631 inferiora
934 1606 1013 1631 non
1046 1593 1314 1643 praedicantur
1346 1594 1393 1631 de

324 1648 400 1685 suis
419 1653 436 1668 “
456 1647 715 1696 superioribus
743 1647 814 1684 nisi
842 1646 1065 1684 accidentali
1091 1647 1393 1695 praedicatione,

323 1704 366 1738 ut
385 1713 472 1737 curn
502 1701 600 1747 dico,
621 1700 766 1737 animal
793 1706 848 1737 est
872 1702 1008 1737 homo.-
1037 1699 1172 1737 accidit
1192 1700 1294 1737 enim
1314 1701 1393 1738 ani-

325 1754 414 1791 mali
454 1766 535 1791 esse
573 1753 786 1790 hominem.
824 1753 902 1790 Sed
935 1754 1010 1790 hoc
1044 1766 1188 1790 nomen
1220 1755 1325 1790 Deus
1353 1766 1393 1790 se

324 1808 440 1844 habet
467 1807 515 1844 ad
544 1814 619 1843 tres
647 1819 831 1856 personas
866 1806 963 1844 sicut
990 1818 1197 1843 commune
1226 1807 1275 1844 ad
1303 1807 1394 1844 infe-

325 1860 436 1906 riora,
466 1867 508 1897 ut
535 1861 800 1897 Damascenus
830 1860 919 1897 dicit
936 1859 967 1897 *.
997 1861 1101 1908 Ergo
1120 1859 1272 1897 videtur
1290 1860 1395 1908 quod

325 1913 483 1951 nomina
516 1925 771 1962 personarum
804 1925 883 1950 non
920 1913 1067 1962 possint
1101 1913 1312 1962 praedicari
1347 1913 1394 1950 de

324 1967 400 2004 hoc
427 1966 584 2004 nomine
613 1968 728 2013 Deus,
758 1966 829 2004 nisi
858 1966 1148 2004 accidentaliter.

380 2021 454 2057 SED
475 2031 621 2057 CONTRA
650 2032 716 2057 EST
743 2020 849 2068 quod
867 2020 1102 2067 Augustinus
1123 2019 1221 2066 dicit,
1243 2019 1282 2056 in
1309 2020 1395 2056 Ser-

326 2085 442 2110 mone
471 2073 516 2110 de
543 2074 636 2110 Fide
654 2073 674 2095 '¹‘
692 2072 727 2110 βε
762 2073 960 2110 Credimus
989 2085 1105 2110 unum
1131 2074 1257 2110 Deum
1279 2085 1394 2110 unam

326 2139 404 2164 esse
431 2126 549 2163 divini
575 2127 736 2163 nominis
770 2126 1001 2164 Trinitatem.

380 2181 605 2216 Resposmzo
643 2191 827 2217 mcENDUM
855 2179 982 2228 quod,
1012 2179 1107 2217 sicut
1140 2179 1217 2216 iam
1251 2179 1395 2216 dictum

328 2240 384 2269 est
401 2232 432 2279 ²¹²,
462 2232 548 2269 licet
567 2233 726 2269 nomina
752 2233 968 2282 personalia
986 2234 1048 2270 vel
1068 2232 1275 2269 notionalia
1294 2232 1397 2270 adie-

328 2285 427 2323 ctiva
455 2297 534 2322 non
561 2286 709 2334 possint
740 2285 948 2335 praedicari
980 2286 1026 2323 de
1056 2285 1220 2322 essentia
1229 2298 1237 2331 3
1267 2293 1397 2322 tamen

328 2338 564 2376 substantiva
590 2346 771 2388 possunt,
800 2346 956 2388 propter
990 2339 1131 2375 realem
1164 2338 1397 2375 identitatem

382 2453 409 2485 α)
428 2452 492 2478 suis.
509 2466 528 2471 —
546 2452 610 2477 Om.
627 2452 699 2477 FGa.

381 2487 406 2521 β)
427 2488 453 2513 in
468 2488 596 2513 Sermone
615 2488 648 2513 de
666 2488 742 2513 Fide.
758 2501 779 2507 ·-
797 2487 824 2512 in
844 2488 973 2513 Sermone
994 2488 1028 2514 de
1049 2488 1116 2513 Fide
1136 2488 1174 2513 ad
1196 2488 1305 2514 Petrum
1329 2488 1399 2520 BDb,

329 2524 361 2548 de
381 2524 508 2548 Sermone
527 2523 560 2548 de
579 2523 646 2548 Fide
665 2524 706 2548 ed.
720 2530 745 2552 a,
766 2523 792 2548 in
812 2523 880 2548 libro
899 2524 932 2548 de
951 2523 1019 2548 Fide
1036 2524 1074 2548 ad
1088 2524 1197 2549 Petrum
1218 2523 1245 2549 Ρ.

1446 1121 1522 1151 tres
1553 1121 1716 1163 possunt
1735 1114 1783 1151 de
1813 1114 1975 1152 essentia
2001 1115 2231 1164 praedicari3
2260 1124 2302 1154 ut
2329 1117 2360 1154 si
2379 1122 2394 1144 ⁷
2420 1117 2520 1155 dica-

1446 1180 1544 1214 mus,
1565 1168 1722 1205 essentia
1743 1173 1797 1204 est
1813 1169 1927 1205 Pater
1940 1173 1977 1205 et
1987 1169 2106 1206 Filius
2125 1175 2162 1205 et
2173 1169 2333 1218 Spiritus
2348 1171 2518 1208 Sanctus.

1448 1221 1498 1257 Et
1517 1220 1606 1270 quia
1632 1221 1709 1258 hoc
1728 1233 1874 1258 nomen
1892 1222 1998 1259 Deus
2015 1234 2084 1271 per
2103 1235 2144 1259 se
2163 1223 2280 1260 habet
2307 1224 2413 1273 quod
2432 1235 2520 1274 sup-

1447 1281 1567 1323 ponat
1597 1286 1669 1323 pro
1699 1274 1881 1322 essentia,
1910 1282 1951 1311 ut
1980 1274 2125 1312 dictum
2154 1283 2211 1313 est
2228 1275 2265 1324 *,
2295 1276 2395 1325 ideo,
2426 1276 2522 1314 sicut

1447 1328 1544 1364 haec
1572 1335 1628 1364 est
1654 1340 1760 1375 vera,
1780 1328 1936 1365 essentia
1955 1334 2010 1365 est
2026 1334 2100 1365 tres
2117 1329 2318 1377 Personae,
2347 1329 2398 1367 ita
2425 1330 2522 1367 haec

1450 1388 1505 1417 est
1532 1393 1636 1428 vera,
1666 1382 1771 1418 Deus
1799 1386 1853 1418 est
1877 1387 1951 1418 tres
1977 1382 2178 1419 Personae.

1502 1435 1562 1471 An
1590 1446 1727 1471 PR1M1JM
1756 1446 1855 1471 ERGO
1883 1446 2068 1472 mel-:noum
2096 1437 2214 1484 quod,
2244 1436 2341 1474 sicut
2368 1447 2483 1486 supra
2501 1436 2522 1459 *

1450 1487 1593 1524 dictum
1622 1494 1689 1535 est,
1719 1487 1795 1524 hoc
1822 1500 1967 1525 nomen
1995 1489 2108 1525 homo
2135 1501 2206 1538 per
2233 1501 2273 1526 se
2297 1489 2415 1527 habet
2432 1493 2521 1539 sup-

1449 1552 1596 1589 ponere
1614 1553 1685 1590 pro
1705 1553 1892 1589 persona;
1922 1541 1989 1579 sed
2011 1553 2055 1578 ex
2081 1541 2262 1580 adiuncto
2281 1543 2397 1580 habet
2416 1542 2523 1594 quod

1451 1600 1522 1631 stet
1554 1605 1625 1643 pro
1660 1601 1795 1631 natura
1829 1594 2028 1631 communi
2060 1594 2092 1632 *.
2131 1596 2180 1632 Et
2211 1595 2300 1633 ideo
2335 1596 2431 1634 haec
2467 1603 2523 1634 est
2551 1607 2561 1617 ·

1450 1647 1555 1694 falsa,
1575 1647 1688 1684 homo
1718 1652 1772 1684 est
1797 1648 1920 1685 omnis
1942 1648 2074 1685 homo:
2103 1648 2193 1696 quia
2211 1661 2282 1698 pro
2307 1649 2413 1686 nullo
2433 1661 2523 1699 sup-

1449 1700 1574 1749 posito
1608 1699 1798 1737 verificari
1834 1707 1972 1749 potest.
2013 1701 2091 1738 Sed
2128 1702 2203 1739 hoc
2237 1714 2380 1740 nomen
2416 1703 2522 1740 Deus

1450 1766 1520 1802 per
1545 1765 1585 1790 se
1604 1753 1720 1790 habet
1748 1753 1854 1802 quod
1882 1761 1954 1790 stet
1979 1752 2051 1802 pro
2081 1754 2254 1792 essentia.
2283 1755 2408 1804 Unde,
2438 1755 2523 1793 licet

1450 1818 1522 1856 pro
1551 1806 1655 1843 nullo
1685 1803 1972 1855 suppositorum
1997 1806 2148 1844 divinae
2177 1815 2336 1845 naturae
2364 1807 2461 1846 haec
2479 1807 2524 1846 sit

1450 1871 1555 1906 vera,
1585 1860 1690 1896 Deus
1717 1864 1772 1896 est
1792 1859 1974 1906 Trinitas,
2006 1867 2061 1896 est
2087 1867 2218 1898 tamen
2245 1872 2340 1898 vera
2366 1873 2437 1910 pro
2467 1872 2525 1899 es-

1451 1912 1583 1950 sentia.
1613 1933 1636 1940 ·-
1666 1912 1785 1959 Quod
1813 1925 1893 1950 non
1921 1913 2141 1961 attendens,
2176 1914 2408 1952 porretanus
2437 1925 2523 1952 eam

1451 1965 1603 2014 negavit
1620 1965 1652 2002 *.

1505 2021 1564 2056 Ao
1584 2030 1774 2056 SECUNDUM
1799 2031 1984 2056 melerinum
2004 2020 2122 2068 quod,
2144 2031 2233 2058 cum
2253 2019 2400 2068 dicitur,
2419 2021 2525 2058 Deus

1450 2073 1513 2109 vel
1541 2072 1669 2109 divina
1697 2073 1854 2110 essentia
1882 2078 1937 2109 est
1961 2073 2085 2120 Pater,
2116 2081 2173 2110 est
2198 2073 2431 2123 praedicatio
2455 2085 2526 2125 per

1451 2125 1698 2174 identitatem,
1729 2138 1808 2163 non
1837 2133 1966 2163 autem
1995 2126 2092 2164 sicut
2118 2125 2306 2165 inferioris
2335 2126 2524 2178 desupe-

1453 2179 1562 2216 riori:
1592 2179 1680 2228 quia
1713 2178 1752 2216 in
1780 2179 1918 2216 divinis
1953 2191 2032 2217 non
2061 2187 2117 2217 est
2143 2179 2357 2218 universale
2387 2187 2424 2218 et
2451 2180 2525 2219 sin-

1452 2233 1592 2280 gulare.
1631 2232 1765 2278 Unde,
1795 2232 1891 2269 sicut
1923 2240 1979 2269 est
2006 2245 2076 2282 per
2107 2245 2149 2270 se
2177 2233 2248 2271 ista
2271 2231 2304 2281 δ,
2332 2234 2448 2272 Pater
2474 2239 2527 2272 est

1452 2286 1568 2330 Deus,
1598 2284 1649 2321 ita
1679 2292 1715 2321 et
1742 2284 1828 2333 ista,
1858 2286 1963 2322 Deus
1982 2292 2037 2322 est
2051 2287 2166 2323 Pater
2174 2299 2188 2331 ‚·
2217 2294 2253 2324 et
2280 2287 2384 2325 nullo
2404 2287 2525 2326 modo

1453 2350 1522 2387 per
1550 2337 1725 2374 accidens
1744 2337 1775 2374 ²⁸.

1507 2453 1534 2486 γ)
1553 2452 1585 2477 si.
1603 2466 1622 2472 —
1641 2453 1702 2477 Om.
1722 2453 1794 2478 FGa.

1507 2487 1532 2520 δ)
1552 2491 1592 2513 est
1605 2495 1659 2520 per
1677 2495 1705 2513 se
1723 2488 1784 2513 Ista.
1801 2501 1822 2508 -
1840 2488 1892 2514 isra
1911 2491 1951 2513 est
1964 2495 2017 2520 per
2034 2495 2063 2514 se
2080 2488 2136 2514 BG.

1010 2611 1344 2645 Commentaria
1365 2611 1618 2645 Cardinalis
1639 2611 1840 2644 Caietam

391 2711 498 2731 nunus
522 2700 632 2731 clarus.
656 2717 676 2722 —
699 2699 734 2736 In
761 2709 895 2740 corpore
919 2707 965 2730 est
989 2709 1053 2730 una
1077 2699 1256 2736 conclusio,
1281 2699 1400 2730 habens

332 2713 469 2775 Tduas
492 2750 605 2785 partes.
627 2744 668 2774 Et
691 2750 738 2774 est
752 2743 847 2774 haec:
867 2743 1007 2774 Nomina
1028 2751 1093 2774 tam
1109 2742 1286 2784 personalia
1301 2754 1399 2785 quam

331 2788 517 2826 notionalia,
531 2788 556 2818 si
572 2794 645 2819 sunt
664 2787 824 2824 adiecfiva,
841 2798 907 2819 non
920 2787 1141 2828 praedicantur
1155 2787 1193 2818 de
1210 2787 1358 2824 essentia;
1374 2787 1399 2818 si

329 2843 406 2864 vero
430 2832 633 2869 substantiva,
650 2832 870 2873 praedicantur
886 2832 924 2862 de
942 2842 988 2863 ea.

387 2878 428 2908 Et
443 2877 551 2918 quoad
567 2876 703 2917 primam
719 2876 848 2917 quidem
867 2883 999 2917 partem,
1013 2875 1086 2907 satis
1100 2876 1233 2917 probata
1251 2875 1400 2917 relinqui-

331 2929 383 2952 tur
399 2931 435 2952 ex
450 2921 647 2961 praecedenti
663 2920 806 2951 articulo.
821 2939 840 2943 -
851 2921 969 2958 Quoad
986 2921 1159 2951 secundam
1171 2930 1257 2957 vero,
1269 2920 1400 2950 manife-

332 2972 430 2996 statur
445 2976 481 2996 ex
498 2965 572 2995 reali
591 2965 752 2995 identitate
768 2964 849 2996 inter
865 2965 1033 2995 essentiam
1049 2971 1079 2996 et
1093 2975 1244 3005 personas
1260 2964 1400 3005 singulas

332 3017 362 3040 et
379 3019 506 3046 omnes;
528 3016 559 3040 et
575 3009 636 3040 hoc
660 3015 803 3049 respectu
825 3009 975 3040 essentiae
994 3016 1060 3040 tarn
1080 3009 1113 3039 in
1129 3010 1285 3040 abstracto
1301 3018 1400 3050 quam

331 3054 364 3084 in
381 3060 543 3090 concret0;
559 3053 602 3084 ita
615 3053 704 3094 quod
721 3060 854 3094 utraque
871 3060 917 3084 est
932 3063 1014 3090 vera,
1029 3054 1165 3084 essentia
1181 3059 1228 3084 est
1243 3059 1309 3084 tres
1323 3053 1401 3084 Per-

331 3108 440 3136 sonae,
462 3104 492 3128 et
511 3098 602 3128 Deus
625 3103 672 3128 est
695 3103 760 3128 tres
775 3098 954 3135 Personae;
977 3105 1012 3128 ut
1036 3098 1116 3128 clare
1135 3104 1220 3138 patet
1239 3097 1272 3128 in
1287 3097 1398 3129 littera.

389 3143 430 3173 Et
453 3142 577 3172 adverte
601 3141 690 3182 quod
712 3141 745 3172 id
768 3142 857 3182 quod
881 3141 993 3172 dicitur
1020 3142 1058 3173 de
1082 3141 1299 3178 substantivis,
1328 3141 1402 3172 licet

332 3185 507 3217 verificetur
530 3192 673 3226 respectu
689 3186 840 3216 essentiae
859 3192 924 3216 tam
940 3186 972 3216 in
989 3186 1144 3217 abstracto
1164 3196 1263 3227 quam
1278 3185 1311 3216 in
1328 3195 1401 3216 con-

334 3237 434 3267 creto;
459 3230 548 3271 quod
572 3237 679 3261 tamen
703 3230 823 3261 dictum
847 3237 893 3260 est
908 3230 946 3260 de
962 3230 1121 3261 adiectivis
1145 3230 1178 3260 in
1194 3230 1297 3271 prima
1312 3236 1400 3270 parte

334 3274 556 3310 conclusionis,
574 3280 718 3314 respectu
743 3274 893 3305 essentiae
909 3274 942 3304 in
966 3275 1121 3305 abstracto
1146 3281 1272 3306 tantum
1286 3273 1400 3306 intelli-

334 3328 397 3358 gas.
415 3319 463 3348 Eo
488 3318 577 3359 quod
601 3318 686 3349 idem
702 3325 749 3349 est
771 3318 927 3349 iudicium
947 3314 1161 3349 de'adiectivis
1185 3325 1216 3350 et
1231 3317 1347 3349 verbis:
1365 3327 1400 3348 ac

335 3372 390 3402 per
412 3362 484 3398 hoc,
501 3362 540 3392 de
556 3372 622 3403 quo
646 3361 823 3393 verificatur
839 3362 928 3403 quod
946 3368 1094 3403 generat,
1109 3359 1290 3394 'verificatur
1305 3362 1400 3393 etiam

335 3406 423 3446 quod
440 3411 486 3437 est
500 3416 675 3447 generans,
689 3413 720 3437 et
736 3407 774 3436 de
790 3416 856 3447 quo
871 3413 1003 3446 negatur
1023 3417 1134 3443 unum,
1151 3413 1283 3447 negatur
1298 3405 1398 3442 aliud;

336 3456 366 3480 et
388 3450 451 3479 iam
475 3457 559 3489 patet
584 3460 620 3480 ex
644 3450 733 3481 dictis
756 3450 774 3469 *
797 3457 955 3491 quantum
983 3451 1060 3482 haec
1090 3450 1233 3483 differant
1255 3456 1399 3491 respectu

337 3493 472 3524 concreti
497 3501 526 3524 et
550 3494 693 3525 abstracti
716 3494 939 3525 substantialis.
1326 3514 1328 3517 -

395 3537 431 3567 11.
458 3538 491 3567 ln
508 3538 714 3577 responsione
729 3539 769 3568 ad
786 3539 972 3575 secundum,
989 3539 1125 3570 dubium
1148 3538 1293 3570 occurrit.
1311 3538 1400 3576 Quo-

337 3580 423 3611 niam
439 3591 580 3620 expresse
596 3582 628 3611 in
653 3592 705 3623 qu.
722 3593 775 3612 vm
792 3583 831 3613 de
853 3583 998 3614 Potentia
1014 3584 1086 3619 Dei,
1104 3590 1159 3614 art.
1182 3593 1210 3619 2,
1228 3583 1268 3613 ad
1290 3583 1319 3618 6,
1337 3585 1402 3613 Au-

338 3631 405 3655 ctor
424 3624 501 3662 ¹dicit
517 3635 581 3655 non
605 3636 671 3656 esse
695 3626 962 3666 praedicationem
987 3637 1042 3667 per
1066 3637 1108 3663 se,
1134 3637 1209 3658 cum
1232 3626 1400 3667 paternitas

1453 2699 1651 2740 praedicatur
1667 2699 1706 2730 de
1722 2699 1864 2736 essentia,
1881 2699 1949 2730 imo
1969 2699 2014 2730 ibi
2027 2699 2165 2731 incidere
2188 2700 2353 2741 sophisma
2371 2701 2525 2733 Acciden-

1453 2743 1506 2774 tis:
1531 2743 1582 2774 hic
1600 2750 1707 2774 autem
1732 2743 1806 2774 dicit
1829 2743 1919 2785 quod
1941 2744 2019 2775 haec
2040 2751 2086 2776 est
2108 2754 2166 2784 per
2188 2754 2231 2781 se,
2257 2751 2287 2776 et
2310 2745 2400 2776 nullo
2423 2746 2525 2778 modo

1453 2797 1510 2829 per
1533 2787 1694 2824 accidens,
1718 2787 1809 2819 Deus
1832 2793 1879 2819 est
1901 2788 2009 2819 Pater.

1511 2831 1553 2863 Et
1582 2838 1691 2873 posset
1722 2831 1830 2872 augeri
1861 2831 2017 2864 dubitatio
2050 2831 2252 2873 simpliciter3
2286 2833 2342 2864 sed
2369 2833 2524 2875 quoniam

1454 2876 1551 2907 unico
1573 2876 1670 2907 verbo
1691 2875 1858 2907 difficultas
1882 2883 2061 2914 evacuatur,
2086 2882 2278 2918 pertranseo,
2298 2877 2524 2918 distinguendo

1454 2920 1543 2962 quod
1561 2920 1762 2961 praedicatio
1780 2930 1844 2961 per
1865 2930 1900 2951 se
1923 2927 1969 2952 est
1988 2921 2120 2962 duplex:
2143 2921 2302 2962 quaedam
2325 2921 2475 2960 identica‚
2494 2928 2525 2953 et

1454 2965 1613 3006 quaedam
1620 2964 1787 3006 formalis.
1805 2965 1888 2996 Inter
1912 2975 1991 3006 quas
2014 2971 2140 2996 tantum
2163 2964 2265 3001 distat,
2283 2965 2372 3006 quod
2387 2965 2524 2997 identica

1454 3019 1511 3050 per
1534 3019 1566 3039 se
1591 3019 1657 3039 non
1680 3015 1813 3040 vocatur
1835 3009 1980 3040 absolute
1998 3019 2061 3050 per
2082 3019 2128 3047 se,
2156 3009 2211 3039 sed
2235 3019 2310 3040 cum
2334 3009 2523 3041 determina-

1454 3053 1551 3090 tione,
1569 3053 1686 3084 scilicet
1695 3063 1759 3094 per
1773 3063 1808 3084 se
1824 3053 1978 3085 identica:
1995 3053 2049 3084 illa
2064 3059 2172 3084 autem
2192 3052 2378 3094 simpliciter
2392 3060 2524 3085 vocatur

1448 3107 1512 3138 per
1533 3107 1577 3128 se.
1599 3097 1683 3128 Cum
1708 3104 1816 3128 autem
1840 3098 2010 3138 utrobique
2033 3097 2178 3128 dicantur
2200 3097 2388 3129 huiusmodi
2407 3108 2524 3139 propo-

1454 3141 1584 3172 sitiones
1615 3141 1786 3178 identicae,
1811 3141 1896 3172 salva
1921 3142 2049 3173 veritate
2071 3141 2178 3182 potuit
2200 3141 2243 3172 ibi
2267 3142 2329 3173 dici
2347 3142 2438 3183 quod
2457 3151 2523 3173 non

1455 3192 1528 3216 sunt
1547 3195 1603 3226 per
1626 3195 1675 3222 se,
1701 3185 1776 3226 quia
1799 3196 1866 3216 non
1890 3185 2053 3222 formales,
2078 3192 2114 3216 ut
2136 3185 2178 3216 ibi
2203 3186 2386 3226 exponitur:
2412 3192 2443 3218 et
2460 3185 2522 3223 hic,

1454 3228 1544 3270 quod
1560 3236 1634 3260 sunt
1649 3240 1706 3270 per
1721 3239 1764 3266 se,
1781 3229 1814 3260 in
1829 3229 1996 3261 latitudine
2011 3229 2230 3267 identicarum,
2255 3237 2291 3261 ut
2310 3229 2361 3261 hic
2379 3229 2524 3262 innuitur

1455 3273 1534 3304 etin
1549 3273 1706 3314 principio
1727 3273 1954 3315 responsionis,
1971 3281 2002 3304 et
2024 3273 2057 3304 in
2079 3273 2212 3305 intento.
2231 3274 2369 3305 Intendit
2383 3280 2523 3315 namque

1455 3318 1543 3358 quod
1567 3328 1633 3348 non
1658 3318 1770 3349 accidit
1793 3319 1863 3349 Deo
1891 3327 1958 3349 esse
1981 3318 2106 3348 Patrem
2120 3341 2127 3354 ,
2161 3327 2235 3349 cum
2266 3325 2373 3349 tamen
2404 3317 2524 3350 accidat

1455 3361 1583 3392 animali
1606 3362 1791 3393 identificari
1814 3362 1948 3393 homini.
1976 3362 2033 3392 Est
2057 3371 2131 3402 ergo
2156 3362 2247 3393 nullo
2270 3363 2371 3392 modo
2395 3371 2452 3402 per
2472 3370 2524 3393 ac-

1455 3406 1561 3437 cidens
1578 3407 1686 3447 quoad
1705 3406 1917 3437 identitatem:
1939 3411 1970 3436 et
1985 3412 2092 3436 tamen
2110 3406 2278 3437 intervenit
2296 3406 2417 3437 fallacia
2432 3405 2524 3437 Acci-

1455 3450 1556 3480 dentis
1587 3450 1696 3491 quoad
1719 3450 1955 3481 formalitatem.
1972 3468 1990 3472 -
2008 3450 2049 3480 Et
2072 3450 2116 3480 sic
2140 3450 2250 3481 omnia
2273 3456 2467 3481 consonant:
2491 3455 2523 3480 et

1455 3501 1646 3525 evacuantur
1673 3501 1859 3535 argumenta
1888 3493 1927 3524 de
1957 3493 2244 3534 praedicationibus
2276 3493 2463 3526 formalibus
2492 3499 2524 3524 et

1455 3537 1578 3568 directis
1607 3544 1638 3569 et
1660 3548 1717 3578 per
1739 3547 1782 3574 se,
1806 3538 1893 3568 iuxta
1916 3538 2032 3568 modos
2053 3538 2175 3578 positos
2198 3538 2231 3568 in
2254 3538 2340 3569 libris
2366 3537 2524 3569 Posterio-

1455 3591 1528 3612 rum
1544 3581 1575 3618 *;
1600 3582 1677 3612 nihil
1694 3582 1779 3612 enirn
1795 3581 1913 3612 horum
1936 3582 2106 3614 identicam
2129 3582 2396 3623 praedicationem
2420 3581 2523 3612 mole-

1456 3631 1524 3662 stat,
1549 3625 1675 3666 proprie
1699 3626 1875 3666 loquendo.

2547 1288 2742 1318 'An.4,ad3.

2547 1447 2560 1460 ⁶
2573 1447 2634 1470 lbtd.

2550 1971 2717 2021 {ibcfxmgaeg.
2735 1972 2768 2020 ii}

2551 2025 2612 2075 ἐξ·
2652 2025 2683 2048 ut
2696 2025 2768 2047 tm·

2613 2040 2684 2077 bm-

2552 2349 2562 2358 ·
2577 2347 2607 2370 Ι).
2620 2353 2662 2376 ³9,
2674 2352 2737 2377 ¹053-

2551 3586 2559 3595 ·
2574 3585 2626 3608 le.
2636 3585 2654 3613 Ι,
2669 3591 2768 3615 σιμ-π,

2550 3618 2574 3634 ¹²·
2587 3619 2604 3639 4
2617 3618 2670 3642 “lq-
