2768 4178
15 1491 94 1522 ’,ΑΛ
104 1489 214 1522 praeced.

15 1543 26 1554 ·
37 1542 87 1572 Qu.
94 1545 228 1570 xxviium-t.

26 3024 36 3034 '¹
49 3022 76 3045 In
91 3022 214 3051 symbolo.

27 3177 38 3186 '¹
52 3175 122 3198 vm.
136 3181 158 3203 7.

933 268 1199 316 QUAESTIO
1228 268 1354 315 XXX,
1383 267 1679 304 ARTICULUS
1708 268 1741 302 11

2353 267 2427 314 337

929 400 1260 433 Commenta-ria.
1283 397 1532 431 Cardmalis
1555 397 1754 431 Caietam

311 511 418 532 rrimus
442 499 605 531 manifeste
629 498 750 540 quaerit
779 498 817 528 de
840 497 915 528 reali
935 497 1122 537 pluralitate.
1145 514 1165 518 -
1189 496 1224 525 In
1248 505 1315 525 cor-

253 513 390 586 Tpore
413 545 506 575 unica
529 550 576 574 est
599 541 777 578 conclusio,
808 540 990 581 responsiva
1011 540 1156 582 quaesito
1169 538 1315 582 [affirma-

250 589 328 620 tive:
354 589 390 619 In
413 587 526 619 divinis
550 593 624 618 sunt
646 586 753 627 plures
773 594 937 626 personae.

309 633 352 664 Et
378 633 530 673 probatur
559 631 602 661 sic
631 640 668 660 ex
695 629 795 660 dictis.
825 628 860 658 ln
891 627 1004 658 divinis
1032 635 1106 658 sunt
1136 627 1242 667 plures
1270 636 1316 657 re-

251 677 384 708 lationes
414 676 530 706 reales:
560 684 634 714 ergo
665 679 739 704 sunt
766 672 872 713 plures
899 682 948 702 res
977 671 1180 702 subsistentes
1208 670 1240 700 in
1270 670 1315 700 di—

250 720 337 751 vina*
352 727 482 751 natura:
515 728 590 758 ergo
620 717 726 758 plures
755 725 918 756 personae.
942 733 963 738 —
985 716 1026 747 Et
1055 722 1141 746 tenet
1170 714 1313 755 sequela:

251 764 327 805 quia
356 773 491 805 persona
519 761 624 792 divina
654 759 807 801 significat
837 759 1022 791 relationem
1052 767 1087 790 ut
1115 769 1183 790 rem
1215 759 1315 789 subsi-

253 814 396 839 stentem.

1429 495 1466 526 11.
1493 495 1527 525 In
1551 495 1757 536 responsione
1781 496 1820 526 ad
1843 496 2029 533 secundum,
2054 497 2108 528 ubi
2133 507 2169 528 ex
2192 508 2231 528 eo
2255 498 2342 539 quod
2366 509 2431 529 non

1371 546 1581 580 opponuntur
1603 540 1636 570 in
1661 540 1773 570 divinis
1797 539 1948 580 sapientia
1972 547 2002 571 et
2024 541 2164 578 bonitas,
2190 541 2321 572 infertur
2343 543 2432 583 quod

1370 593 1437 613 non
1461 583 1698 624 distinguuntur
1720 584 1860 620 realiter,
1890 594 1955 614 non
1979 592 2106 625 oportet
2128 585 2213 615 aliud
2235 586 2330 617 huius
2354 596 2431 617 con-

1371 627 1552 668 sequentiae
1576 627 1822 659 fundamentum
1849 628 1966 664 iacere,
1998 639 2096 669 quam
2124 630 2212 670 quod
2239 630 2307 660 sola
2330 640 2431 671 oppo-

1371 671 1443 702 sitio
1474 671 1602 702 relativa
1632 682 1680 702 res
1711 672 1832 703 divinas
1863 672 2034 712 distinguit.
2067 674 2143 703 Non
2171 673 2256 704 enim
2286 674 2430 705 absolute

1370 715 1477 746 intulit
1493 725 1530 746 ex
1545 716 1712 755 negatione
1732 715 1955 757 opposifionis,
1979 717 2181 756 negationem
2205 718 2431 749 distinctionis:

1371 759 1426 790 sed
1448 759 1590 799 explicite
1613 760 1763 800 apposuit
1784 761 1818 802 ly
1841 761 1873 790 in
1897 760 2023 791 divinis.
2048 761 2088 791 Et
2111 769 2277 802 propterea
2291 762 2352 792 hoc
2368 761 2431 793 suf—

1371 802 1435 834 ficit
1458 803 1498 833 ad
1520 804 1732 844 propositum.

1021 972 1338 1014 ARTICULUS
1369 972 1666 1015 SECUNDUS

757 1068 913 1099 UTRUM
937 1068 980 1099 IN
1003 1067 1091 1099 DEO
1116 1067 1213 1098 slNT
1237 1067 1400 1098 PLURES
1423 1067 1648 1099 PERSONAE
1673 1068 1798 1105 QUAM
1822 1068 1931 1099 TRES

570 1147 579 1172 1
599 1147 681 1177 Sent„
702 1147 760 1172 dist.
779 1154 802 1178 x,
822 1151 869 1172 art.
889 1146 917 1178 5;
937 1146 996 1171 dist.
1013 1153 1099 1176 xxxin,
1119 1150 1166 1170 art.
1187 1152 1210 1176 2,
1230 1145 1263 1170 ad
1280 1153 1306 1176 ¹3
1326 1145 1360 1170 lV
1382 1146 1459 1170 Cont.
1480 1146 1567 1175 Germ,
1588 1153 1643 1179 cap.
1661 1153 1733 1177 xxv13
1754 1146 1795 1171 De
1813 1147 1881 1176 Por„
1902 1154 1946 1179 qu.
1965 1154 2003 1177 rx,
2023 1152 2069 1172 art.
2088 1155 2116 1181 9;

1107 1181 1250 1212 Compend.
1273 1180 1369 1210 neol„
1390 1188 1444 1212 cap.
1464 1188 1513 1211 Lvr,
1533 1189 1573 1205 Lx.

292 1283 444 1331 &xa-4³2<
465 1282 489 1307 n
509 1282 698 1307 SECUNDUM
713 1282 766 1306 slc
786 1280 1024 1306 PROCEDssUR.
1040 1267 1198 1305 Videtur
1212 1267 1318 1316 quod

261 1331 267 1333 ⁴
285 1320 373 1366 ἱ3ὲ
386 1317 444 1381 ‘33
467 1323 505 1360 in
524 1324 608 1360 Deo
629 1322 702 1359 sint
728 1323 854 1371 plures
872 1332 1060 1370 personae
1090 1332 1206 1368 quam
1229 1327 1316 1356 tres.

274 1378 277 1381 ’
340 1371 375 1374 '-
412 1371 663 1413 YPluralitas
693 1375 794 1411 enirn
830 1385 1082 1424 personarum
1110 1372 1150 1409 in
1183 1372 1318 1409 divinis

315 1443 324 1459 ³
338 1420 403 1453 ‘'5''
427 1418 524 1465 est
542 1427 756 1465 secundum
774 1427 1026 1475 pluralitatem
1043 1425 1318 1475 proprietatum

255 1482 509 1529 relativarum,
537 1488 580 1518 ut
608 1480 750 1518 dictum
780 1487 835 1517 est
862 1479 893 1517 ³³.
925 1479 1002 1516 Sed
1039 1486 1203 1528 quatuor
1231 1485 1319 1514 sunt

256 1534 456 1573 relationes
483 1533 523 1571 in
551 1533 700 1580 divinis,
719 1541 762 1570 ut
789 1545 903 1582 supra
930 1532 950 1554 'l‘
979 1532 1122 1569 dictum
1151 1539 1222 1568 est:
1250 1531 1319 1567 sci-

255 1587 342 1624 licet
358 1587 574 1636 paternitas,
595 1586 739 1634 filiatio,
762 1585 978 1622 communis
998 1584 1151 1633 spiratio
1177 1592 1213 1620 et
1231 1596 1320 1632 pro-

256 1639 389 1677 cessio.
408 1640 512 1688 Ergo
540 1646 703 1688 quatuor
729 1650 917 1688 personae
946 1645 1034 1675 sunt
1061 1637 1101 1674 in
1129 1637 1277 1674 divinis.

309 1704 346 1730 2.
365 1693 599 1740 PRAETEREA,
619 1704 699 1729 non
725 1692 811 1741 plus
840 1690 965 1728 differt
983 1698 1117 1728 natura
1142 1703 1164 1727 a
1184 1690 1319 1727 volun-

254 1752 330 1783 tate
357 1745 396 1782 in
423 1746 507 1782 Deo
536 1751 565 1791 ‘²‘‚
586 1757 703 1793 quam
724 1752 858 1781 natura
886 1744 934 1781 ab
963 1743 1162 1780 intellectu.
1186 1743 1262 1780 Sed
1281 1743 1320 1779 in

255 1797 393 1836 divinis
431 1805 487 1834 est
518 1797 590 1834 alia
617 1809 783 1846 persona
810 1809 908 1846 quae
942 1796 1115 1846 procedit
1141 1808 1210 1844 per
1237 1808 1319 1832 mo-

197 1880 202 1886 .
257 1850 350 1888 dum
377 1850 601 1897 voluntatis,
630 1857 672 1887 ut
699 1862 827 1896 amor;
857 1857 894 1886 et
922 1849 993 1886 alia
1022 1861 1120 1897 quae
1147 1849 1320 1897 procedit

254 1915 325 1952 per
356 1903 518 1940 modum
555 1910 732 1950 naturae,
765 1910 806 1940 ut
839 1902 950 1939 filius.
981 1903 1083 1949 Ergo
1118 1909 1174 1938 est
1205 1901 1319 1938 etiam

256 1955 329 1993 alia
348 1968 446 2005 quae
465 1955 638 2005 procedit
655 1968 725 2005 per
745 1956 907 1993 modum
935 1955 1155 2001 intellectus,
1175 1962 1217 1991 ut
1235 1967 1320 1991 ver-

257 2009 374 2055 bum,
390 2016 426 2046 et
453 2009 525 2046 alia
548 2020 646 2057 quae
673 2008 845 2058 procedit
871 2020 941 2056 per
959 2009 1122 2045 modum
1150 2015 1318 2055 naturae,

257 2069 299 2098 ut
323 2061 436 2099 filius.
467 2063 516 2098 Et
542 2061 595 2098 sic
623 2061 758 2098 iterum
787 2061 956 2110 sequitur
987 2061 1092 2109 quod
1126 2073 1205 2098 non
1234 2068 1321 2100 sunt

257 2121 405 2151 tantum
432 2122 507 2151 tres
534 2126 722 2164 personae
749 2113 788 2151 in
817 2113 964 2151 divinis.

314 2167 348 2204 3.
370 2168 603 2215 Pmream,
631 2167 669 2204 in
698 2167 810 2204 rebus
841 2166 972 2204 creatis
1007 2165 1112 2214 quod
1141 2167 1316 2204 excellen-

257 2220 331 2257 tius
350 2227 417 2267 est,
432 2220 560 2269 plures
577 2220 694 2257 habet
712 2219 953 2268 operationes
972 2218 1207 2256 intrinsecas:
1228 2219 1323 2256 sicut

257 2273 378 2310 homo
416 2285 531 2321 supra
567 2272 639 2309 alia
673 2272 850 2309 animalia
885 2272 1002 2308 habet
1041 2271 1244 2319 intelligere
1287 2280 1324 2308 et

257 2325 367 2363 velle.
389 2326 466 2362 Sed
485 2326 591 2362 Deus
609 2325 648 2362 in
667 2325 857 2362 infinitum
878 2324 1024 2362 excedit
1042 2337 1199 2361 ornnem
1220 2337 1323 2361 crea-

258 2385 394 2415 turam.
415 2378 517 2426 Ergo
539 2389 618 2415 non
638 2379 762 2415 solum
782 2386 838 2415 est
856 2377 908 2414 ibi
926 2390 1091 2426 persona
1109 2377 1323 2426 procedens

258 2443 328 2480 per
346 2430 510 2468 modurn
527 2431 733 2469 voluntatis
753 2439 789 2467 et
816 2442 885 2479 per
910 2431 1071 2468 modum
1096 2430 1323 2478 intellectus,

259 2483 328 2523 sed
355 2483 510 2520 infinitis
537 2484 618 2520 aliis
645 2483 782 2520 modis.
803 2485 906 2532 Ergo
930 2491 1017 2521 sunt
1043 2484 1212 2521 infinitae
1239 2496 1323 2532 per-

260 2549 379 2574 sonae
407 2536 446 2573 in
472 2536 621 2574 divinis.
1278 2564 1280 2567 .

313 2601 351 2636 4.
362 2590 596 2636 PRAETEREA,
609 2601 655 2625 ex
669 2588 814 2625 infinita
828 2589 994 2626 bonitate
1005 2589 1125 2626 Patris
1141 2597 1207 2637 est,
1219 2589 1324 2638 quod

260 2641 406 2679 infinite
435 2642 603 2691 seipsum
628 2641 896 2688 communicet,
925 2641 1176 2690 producendo
1195 2655 1325 2692 perso-

261 2707 353 2732 nam
373 2694 555 2732 divinam.
581 2694 659 2732 Sed
678 2694 792 2731 etiarn
811 2694 849 2731 in
870 2694 1010 2743 Spiritu
1030 2696 1170 2733 Sancto
1197 2704 1252 2733 est
1270 2696 1325 2732 in-

262 2747 369 2785 finita
397 2747 557 2784 bonitas.
582 2748 685 2795 Ergo
706 2747 865 2796 Spiritus
885 2748 1045 2785 Sanctus
1067 2748 1243 2797 producit
1272 2749 1326 2786 di-

261 2801 394 2838 vinam
413 2812 632 2849 personam,
658 2807 695 2836 et
713 2799 775 2836 illa
794 2800 918 2848 aliam,
940 2807 976 2837 et
994 2800 1047 2837 sic
1065 2801 1103 2838 in
1123 2801 1324 2839 infinitum.

321 2854 352 2890 5.
369 2854 602 2900 PRAETEREA,
623 2865 739 2890 omne
759 2853 864 2901 quod
885 2853 1097 2891 continetur
1115 2855 1186 2890 sub
1207 2855 1327 2892 deter-

263 2905 409 2944 minato
437 2917 610 2953 numero,
633 2913 687 2942 est
715 2913 994 2943 mensuratum:
1022 2919 1204 2954 numerus
1225 2908 1327 2944 enirn

265 2971 446 2996 mensura
464 2959 656 3007 quaedam
676 2966 742 2995 est.
765 2958 842 2996 Sed
859 2971 1056 3008 personae·
1071 2959 1222 2997 divinae
1242 2968 1329 2998 sunt

265 3011 489 3059 immensae,
508 3019 550 3049 ut
567 3019 671 3060 patet
689 3024 758 3060 per
785 3012 1035 3049 Athanasium
1054 3012 1091 3049 *ε
1117 3014 1329 3051 Immensus

265 3065 389 3110 Pater,
406 3065 608 3102 immensus
622 3065 751 3108 Filius,
768 3065 970 3102 immensus
985 3066 1143 3114 Spiritus
1157 3067 1326 3103 Sanctus.

267 3118 360 3153 Non
380 3129 469 3164 ergo
489 3117 559 3154 sub
579 3129 739 3154 numero
760 3117 923 3154 ternario
945 3118 1193 3156 continentur.

322 3169 396 3206 SED
431 3181 576 3206 CONTRA
613 3182 678 3207 EST
711 3170 816 3218 quod
852 3170 986 3208 dicitur
1014 3172 1027 3207 I
1058 3173 1162 3208 Ioan.
1193 3172 1258 3209 ult.
1287 3171 1327 3208 *ε

272 3223 363 3259 Tres
390 3227 478 3259 sunt
502 3223 568 3270 qui
592 3223 841 3260 testimonium
869 3223 960 3260 dant
986 3224 1022 3260 in
1052 3224 1168 3270 caelo,
1194 3226 1327 3271 Pater,

276 3275 438 3312 Verbum
459 3280 496 3311 et
512 3276 670 3323 Spiritus
689 3278 858 3313 Sanctus.
880 3276 1159 3323 Quaerentibus
1188 3284 1328 3324 autem,

1426 1269 1650 1304 Respommo
1671 1280 1854 1305 DICENDUM
1874 1269 1991 1318 quod,
2018 1271 2228 1308 secundum
2252 1272 2434 1319 praemis-

1373 1332 1434 1367 sa,
1465 1332 1620 1356 necesse
1649 1328 1705 1357 est
1731 1334 1874 1369 ponere
1904 1329 2049 1358 tantum
2076 1331 2151 1359 tres
2185 1336 2368 1372 personas
2396 1324 2434 1361 in

1374 1372 1522 1410 divinis.
1546 1373 1752 1410 Ostensum
1775 1381 1830 1410 est
1847 1373 1867 1395 '¹‘
1896 1375 1997 1411 enim
2027 1376 2132 1423 quod
2150 1377 2276 1424 plures
2304 1389 2434 1426 perso-

1373 1437 1445 1462 nae
1465 1433 1552 1462 sunt
1569 1426 1697 1474 plures
1713 1427 1914 1464 relationes
1933 1427 2190 1475 subsistentes,
2207 1429 2254 1465 ab
2269 1430 2434 1467 invicem

1374 1478 1522 1515 realiter
1556 1478 1760 1516 distinctae.
1792 1479 1917 1516 Realis
1952 1488 2079 1517 autem
2117 1481 2302 1518 distinctio
2340 1483 2436 1520 inter

1374 1531 1574 1568 relationes
1609 1531 1756 1568 divinas
1785 1545 1862 1569 non
1892 1540 1947 1570 est
1975 1533 2045 1570 nisi
2073 1534 2112 1570 in
2140 1535 2284 1571 ratione
2314 1548 2434 1584 oppo-

1374 1583 1517 1621 sitionis
1559 1584 1748 1622 relativae.
1779 1586 1880 1633 Ergo
1919 1594 2066 1634 oportet
2104 1587 2198 1624 duas
2236 1588 2435 1625 relationes

1374 1637 1569 1686 oppositas
1603 1637 1653 1674 ad
1687 1639 1782 1675 duas
1818 1650 2001 1686 personas
2037 1639 2244 1687 pertinere:
2278 1641 2309 1677 si
2337 1653 2436 1688 quae

1374 1697 1499 1727 autem
1528 1690 1728 1727 relationes
1757 1691 1954 1739 oppositae
1972 1704 2051 1728 non
2079 1700 2175 1739 sunt,
2197 1693 2245 1730 ad
2274 1694 2436 1731 eandem

1373 1755 1580 1791 personam
1614 1755 1770 1780 necesse
1808 1751 1963 1781 esteas
2000 1745 2199 1793 pertinere.
2230 1747 2437 1783 Paternitas

1375 1808 1463 1844 ergo
1495 1804 1530 1832 et
1557 1796 1700 1843 filiatio,
1722 1809 1809 1833 cum
1830 1797 1902 1834 sint
1930 1798 2127 1846 oppositae
2157 1799 2366 1846 relationes,
2389 1800 2437 1837 ad

1374 1850 1469 1886 duas
1496 1861 1679 1898 personas
1701 1861 1745 1886 ex
1766 1850 1987 1887 necessitate
2006 1851 2206 1899 pertinent.
2227 1853 2437 1889 Paternitas

1373 1901 1483 1949 igitur
1502 1902 1708 1939 subsistens
1729 1909 1784 1939 est
1802 1915 1967 1951 persona
1987 1903 2118 1951 Patris,
2141 1912 2176 1941 et
2194 1905 2324 1941 filiatio
2349 1906 2437 1942 sub-

1375 1955 1508 1992 sistens
1537 1962 1593 1991 est
1620 1967 1785 2003 persona
1813 1955 1907 1992 Filii.
1927 1956 2035 1993 Aliae
2063 1964 2191 1993 autem
2217 1957 2314 1994 duae
2343 1959 2437 1995 rela-

1373 2008 1496 2044 tiones
1524 2007 1572 2044 ad
1600 2016 1775 2045 neutram
1803 2009 1940 2045 harum
1969 2009 2251 2058 oppositionem
2283 2011 2436 2058 habent,

1375 2061 1442 2097 sed
1457 2060 1527 2097 sibi
1543 2061 1708 2098 invicem
1729 2070 1985 2110 opponuntur.
2007 2063 2243 2111 Impossibile
2260 2071 2316 2100 est
2329 2064 2439 2111 igitur

1377 2114 1480 2162 quod
1514 2115 1651 2151 ambae
1687 2114 1753 2150 uni
1780 2127 1969 2163 personae
2003 2115 2242 2153 conveniant.
2278 2117 2439 2165 Oportet

1377 2179 1466 2214 ergo
1495 2168 1600 2215 quod
1628 2167 1688 2204 vel
1716 2179 1794 2204 una
1823 2180 1954 2204 earum
1984 2168 2186 2205 conveniat
2211 2169 2359 2218 utrique
2385 2170 2438 2207 di-

1378 2228 1523 2256 ctarum
1550 2231 1820 2268 personarum:
1850 2228 1915 2257 aut
1948 2221 2054 2268 quod
2087 2234 2163 2258 una
2190 2222 2276 2268 uni,
2305 2231 2340 2259 et
2368 2223 2439 2260 alia

1378 2272 1449 2309 alii.
1471 2273 1563 2308 Non
1592 2279 1719 2309 autem
1739 2280 1864 2320 potest
1892 2285 1975 2310 esse
1995 2274 2098 2322 quod
2126 2274 2319 2323 processio
2350 2288 2438 2312 con-

1377 2324 1506 2362 veniat
1532 2325 1633 2362 Patri
1662 2332 1698 2361 et
1726 2325 1831 2372 Filio,
1861 2327 1922 2362 vel
1951 2326 2055 2363 alteri
2089 2339 2242 2364 eorum:
2272 2328 2359 2376 quia
2387 2329 2439 2365 sic

1378 2386 1599 2427 sequeretur
1635 2378 1740 2426 quod
1768 2379 1960 2427 processio
1998 2379 2226 2427 intellectus,
2257 2393 2354 2428 quae
2385 2389 2440 2418 est

1378 2430 1569 2479 generatio
1598 2430 1638 2467 in
1672 2430 1828 2478 divinis,
1859 2432 2070 2469 secundum
2108 2445 2222 2480 quam
2261 2434 2440 2482 accipitur

1377 2484 1582 2532 paternitas
1602 2491 1638 2520 et
1655 2484 1798 2530 filiatio,
1817 2485 1987 2533 prodiret
2006 2498 2050 2521 ex
2070 2486 2314 2533 processione
2333 2499 2440 2523 amo-

1379 2537 1440 2584 ris,
1462 2536 1674 2573 secundum
1701 2549 1817 2585 quam
1847 2537 2026 2586 accipitur
2045 2538 2196 2586 spiratio
2227 2547 2263 2575 et
2289 2552 2440 2588 proces-

1380 2590 1448 2636 sio,
1469 2590 1500 2626 si
1527 2602 1692 2639 persona
1720 2602 1902 2638 generans
1932 2599 1968 2627 et
1995 2591 2119 2638 genita
2146 2592 2396 2640 procederent
2419 2605 2442 2629 a

1380 2643 1566 2692 spirante:
1591 2643 1697 2691 quod
1726 2651 1781 2680 est
1809 2651 1939 2680 contra
1967 2646 2176 2692 praemissa
2198 2644 2229 2681 ²3.
2250 2645 2442 2694 Relinqui-

1380 2704 1439 2733 tur
1478 2707 1567 2744 ergo
1607 2695 1712 2744 quod
1749 2696 1900 2744 spiratio
1939 2697 2141 2734 conveniat
2178 2705 2215 2734 et
2254 2711 2442 2747 personae

1381 2749 1501 2786 Patris
1531 2757 1567 2786 et
1602 2761 1790 2798 personae
1820 2749 1921 2796 Filii,
1950 2757 2081 2798 utpote
2120 2751 2263 2788 nullam
2297 2752 2442 2788 habens

1383 2801 1664 2851 oppositionem
1685 2802 1881 2838 relativam
1910 2814 1980 2839 nec
2010 2803 2057 2839 ad
2081 2803 2343 2851 paternitatem
2372 2817 2443 2841 nec

1383 2855 1432 2892 ad
1459 2854 1693 2892 filiationem.
1725 2855 1773 2891 Et
1799 2867 1868 2903 per
1897 2867 2137 2903 consequens
2166 2865 2315 2904 oportet
2338 2857 2442 2905 quod

1383 2908 1585 2945 conveniat
1611 2907 1804 2956 processio
1833 2908 1938 2945 alteri
1965 2921 2164 2957 personae,
2186 2922 2282 2957 quae
2311 2910 2444 2946 dicitur

1382 2973 1548 3010 persona
1568 2960 1726 3009 Spiritus
1753 2961 1890 3007 Sancti,
1913 2973 2011 3009 quae
2030 2974 2099 3010 per
2119 2963 2278 2999 modum
2302 2962 2442 2998 amoris

1382 3013 1566 3063 procedit,
1586 3021 1628 3050 ut
1647 3026 1762 3062 supra
1779 3013 1799 3035 *
1818 3014 1990 3050 habitum
2012 3021 2076 3051 est.
2098 3015 2334 3063 Relinquitur
2353 3027 2442 3063 ergo

1383 3075 1530 3103 tantum
1559 3074 1633 3103 tres
1653 3078 1836 3115 personas
1865 3079 1946 3103 esse
1966 3067 2004 3103 in
2030 3067 2178 3114 divinis,
2208 3067 2346 3104 scilicet
2373 3069 2443 3104 Pa-

1383 3127 1479 3156 trem
1501 3127 1537 3156 et
1564 3119 1701 3156 Filium
1723 3127 1758 3155 et
1787 3119 1968 3168 Spiritum
1998 3120 2190 3156 Sanctum.
2267 3121 2272 3123 “

1437 3174 1495 3208 An
1516 3184 1653 3209 PRIMUM
1682 3184 1779 3209 ERGO
1808 3184 1990 3209 nlcssNDUM
2019 3173 2134 3221 quod,
2157 3172 2242 3208 licet
2261 3173 2334 3209 sint
2353 3185 2443 3221 qua-

1384 3233 1470 3262 tuor
1489 3224 1690 3261 relationes
1717 3225 1755 3261 in
1776 3224 1932 3271 divinis,
1962 3233 2090 3262 tamen
2117 3237 2192 3261 una
2213 3237 2355 3272 earum,
2377 3225 2443 3261 sci-

1386 3278 1470 3314 licet
1498 3277 1664 3325 spiratio,
1695 3289 1773 3314 non
1801 3285 1996 3325 separatur
2023 3291 2045 3314 a
2072 3290 2235 3326 persona
2264 3278 2384 3314 Patris
2408 3286 2444 3314 et

2461 1383 2472 1394 ⁹
2485 1383 2538 1404 Art.
2553 1383 2659 1411 praeced.

2469 2649 2478 2657 '¹
2495 2647 2543 2674 Qu.
2554 2653 2625 2673 xxvii,
2638 2650 2680 2668 art.

2468 2675 2494 2702 3⁴,
2510 2673 2538 2695 ad
2552 2680 2572 2702 3.

2470 3027 2479 3036 ·
2495 3025 2563 3051 ibid„
2574 3029 2616 3047 art.
2631 3031 2655 3051 4.

273 3327 373 3369 Quid
398 3327 498 3364 tres?
516 3329 775 3377 respondetur,
801 3330 892 3365 Tres
913 3341 1111 3377 personae,
1131 3337 1174 3366 ut
1201 3332 1330 3378 Augu·
1387 3330 1477 3377 Filii,
1508 3330 1575 3366 sed
1595 3330 1776 3366 convenit
1794 3330 1956 3378 utrique.
1979 3331 2027 3366 Et
2046 3330 2109 3376 sic,
2131 3330 2215 3366 licet
2235 3330 2281 3366 sit
2300 3330 2442 3378 relatio,

0 3388 1 3392 ’
30 3386 83 3434 {iga
102 3385 242 3440 ‘¹33¹'123s‘
271 3380 390 3417 stinus
419 3380 527 3428 dicit,
563 3380 601 3418 in
631 3382 700 3419 VII
729 3382 775 3418 de
806 3383 843 3418 T
839 3382 910 3418 rin.
939 3381 959 3404 '¹‘
988 3383 1085 3419 Sunt
1115 3382 1225 3430 igitur
1257 3390 1331 3420 tres
1386 3396 1464 3420 non
1485 3387 1643 3419 tamen⁷
1663 3382 1797 3419 dicitur
1818 3383 2041 3430 proprietas,
2063 3383 2150 3431 quia
2170 3395 2248 3419 non
2268 3383 2445 3420 convenit
2566 3396 2582 3420 γ

65 3429 71 3434 ’
105 3429 146 3473 ’β
171 3428 178 3434 ”
219 3428 225 3434 ’
270 3445 458 3482 personae
486 3440 632 3470 tantum
659 3432 676 3462 β
703 3434 742 3471 in
772 3434 920 3472 divinis.
1387 3436 1451 3472 uni
1480 3443 1625 3472 tanturn
1652 3447 1860 3483 personae:
1891 3448 2015 3483 neque
2046 3443 2100 3472 est
2123 3433 2135 3456 ὃ
2164 3435 2292 3472 relatio
2315 3448 2443 3484 perso·
2570 3442 2583 3466 δ

1439 3566 1465 3599 γ)
1486 3569 1582 3590 tamen.
1600 3579 1618 3583 -
1637 3565 1698 3590 Om.
1717 3565 1788 3589 FGa.

326 3564 352 3596 α)
373 3563 398 3588 in
420 3564 486 3588 Deo.
503 3576 523 3582 —
541 3562 602 3587 Om.
621 3562 676 3587 FG.
1358 3565 1361 3629 Ι

1440 3600 1464 3633 ὃ)
1486 3608 1566 3633 neque
1586 3604 1633 3626 est.
1650 3613 1669 3619 -
1687 3603 1726 3625 est
1744 3608 1796 3625 om.
1816 3601 1861 3625 Pb.

325 3598 350 3631 β)
371 3602 484 3623 tantum.
501 3612 520 3616 —
538 3598 599 3622 Om.
618 3598 773 3623 ABCDEab.

415 3652 524 3676 Summi:
543 3651 643 3675 Timor..
664 3651 694 3675 D.
714 3651 827 3675 Tuomst
846 3651 877 3675 T.
897 3653 914 3676 I.
2269 3654 2302 3685 43
