2768 4178
0 808 5 823 I

0 827 4 843 ³

29 810 42 822 ³
56 810 103 839 Qu.
119 810 191 838 xum!
200 814 244 833 art.

0 842 122 866 ''¹3¹4-

965 249 1233 295 QUAESTIO
1262 252 1402 300 XLVI,
1430 254 1730 294 ARTICULUS'
1756 259 1769 294 I

274 335 402 365 autem
432 335 468 365 et
494 326 684 378 posterius
703 326 742 364 in
762 327 960 364 duratione
990 328 1222 366 constituunt
1248 337 1343 367 tem-

272 394 366 431 pus:
397 393 486 430 ergo
515 388 604 419 ante
631 380 822 418 mundum
855 380 925 417 fuit
951 387 1124 430 tempus;
1154 382 1260 430 quod
1289 390 1344 419 est

272 434 521 484 impossibile.

327 500 363 536 9.
393 489 628 535 PRAETEREA,
657 486 782 535 posita
810 497 924 522 causa
953 486 1165 534 sufficienti,
1190 488 1343 536 ponitur

274 541 451 578 effectus:
482 553 597 578 causa
625 539 728 577 enirn
757 539 806 576 ad
826 551 945 587 quarn
965 551 1046 575 non
1064 539 1234 588 sequitur
1252 541 1342 577 effe-

274 602 368 641 ctus,
397 601 454 631 est
482 606 597 631 causa
624 592 857 642 imperfecta,
886 591 1059 639 indigens
1087 591 1162 628 alio
1191 593 1241 629 ad
1267 594 1342 630 hoc

273 647 380 696 quod
408 646 567 684 effectus
595 653 786 694 sequatur.
826 644 904 682 Sed
931 645 1038 682 Deus
1066 652 1123 681 est
1150 645 1342 684 sufficiens

274 712 389 737 causa
407 699 564 737 mundi:
594 706 631 736 et
648 698 785 746 finalis,
806 697 952 735 ratione
973 710 1066 735 suae
1085 698 1281 745 bonitatis;
1306 707 1343 736 et

273 753 510 803 exemplaris,
539 752 686 789 ratione
713 764 806 789 suae
834 751 1059 800 sapientiae;
1091 759 1127 788 et
1155 751 1341 800 effectiva,

272 806 418 844 ratione
437 817 529 843 suae
548 804 759 855 potentiae;
787 811 829 841 ut
849 817 895 841 ex
913 804 1173 853 superioribus
1187 804 1208 827 ‘¹‘
1225 812 1339 854 patet.

273 860 374 896 Cum
403 871 494 906 ergo
527 859 634 895 Deus
661 858 708 895 sit
734 858 782 895 ab
811 865 984 906 aeterno,
1013 865 1050 895 et
1077 858 1247 895 mundus
1274 858 1343 895 fuit

273 912 322 950 ab
349 919 517 958 aeterno.

331 977 389 1003 io.
418 966 654 1016 PRAETgREA,
669 995 672 999 .
685 964 792 1002 cuius
815 963 912 1001 actio
933 971 990 1001 est
1008 971 1174 1011 aeterna,
1196 971 1232 1001 et
1251 964 1341 1001 effe-

272 1025 352 1056 ctus
372 1025 561 1055 aeternus.
593 1018 670 1055 Sed
698 1017 796 1055 actio
824 1017 898 1054 Dei
926 1025 982 1054 est
1010 1017 1091 1054 eius
1119 1017 1339 1066 substantia,

272 1083 372 1121 quae
392 1079 448 1109 est
466 1078 632 1109 aeterna.
662 1072 765 1119 Ergo
786 1078 823 1108 et
850 1070 1019 1108 mundus
1039 1078 1095 1107 est
1113 1078 1302 1112 aeternus.

325 1125 400 1162 SED
421 1136 568 1162 CONTRA
586 1136 653 1161 EST
671 1124 777 1173 quod
805 1123 939 1161 dicitur
967 1125 1071 1161 Ioan.
1088 1135 1160 1161 xvu
1180 1123 1220 1161 *z
1254 1124 1339 1161 Cla-

271 1178 380 1226 rzfica
393 1185 402 1199 ¹
420 1190 492 1224 me,
511 1179 636 1224 Pater,
652 1178 756 1226 apud
772 1177 1015 1226 temetipsum,
1036 1177 1206 1214 claritate
1223 1189 1339 1226 quam

270 1231 389 1268 habui
399 1231 624 1281 priusquam
643 1231 805 1268 mundus
812 1231 947 1278 fieret,·
966 1238 1003 1267 et
1021 1230 1200 1267 Proverb.
1221 1242 1282 1267 vm
1297 1230 1338 1267 *z

270 1282 459 1322 fflmirizis
486 1284 652 1333 possedit
685 1295 746 1320 me
782 1284 820 1320 in
848 1283 952 1320 initio
979 1283 1131 1320 viarum
1157 1294 1338 1330 suarum,

270 1342 474 1386 antequam
501 1337 706 1386 quidquam
721 1338 878 1386 faceret
901 1348 926 1373 a
948 1336 1136 1385 principio
1157 1341 1181 1372 ³².

276 1415 279 1418 ι
324 1391 551 1428 ΒΕεΡοΝυεο
582 1402 768 1428 D1CEND1JM
795 1389 887 1427 nihil
911 1387 923 1410 ²
952 1397 1101 1438 praeter
1132 1390 1262 1426 Deum
1290 1390 1339 1426 ab

270 1451 425 1481 aeterno
463 1443 590 1481 fuisse.
629 1444 679 1480 Et
705 1443 781 1480 hoc
813 1442 970 1492 quidem
1003 1454 1149 1491 ponere
1177 1455 1256 1480 non
1286 1451 1341 1480 est

235 1514 242 1521 ·
268 1495 516 1547 impossibile.
547 1497 756 1534 Ostensum
777 1503 833 1533 est
851 1495 955 1533 enim
974 1508 1090 1545 supra
1103 1495 1124 1518 '⁸‘
1147 1496 1251 1545 quod
1269 1509 1339 1534 vo-

268 1550 393 1587 luntas
419 1549 494 1587 Dei
523 1557 580 1586 est
607 1561 721 1586 causa
749 1561 887 1586 rerum.
918 1549 981 1586 Sic
1010 1561 1099 1597 ergo
1119 1549 1246 1599 aliqua
1273 1562 1339 1587 ne-

269 1614 376 1640 eesse
409 1609 466 1640 est
493 1614 589 1650 esse,
609 1602 705 1639 sicut
732 1614 890 1640 necesse
919 1610 975 1639 est
993 1603 1123 1640 Deum
1141 1603 1240 1640 velle
1259 1603 1338 1640 illa:

269 1666 360 1694 curn
387 1655 592 1693 necessitas
621 1655 779 1692 effectus
799 1667 846 1692 ex
865 1655 1087 1693 necessitate
1108 1668 1247 1693 causae
1276 1657 1340 1693 de-

233 1735 240 1742 ·
267 1709 454 1759 pendeat,
482 1716 525 1746 ut
552 1708 688 1747 dicitur
713 1708 751 1745 in
779 1709 816 1746 V
842 1709 1058 1758 Metaphys.
1079 1709 1100 1731 ²²
1129 1709 1339 1746 Ostensum

107 1789 115 1801 ,
168 1762 176 1770 ’
233 1763 240 1796 ἶ
269 1770 326 1800 eet
352 1770 482 1800 autem
510 1774 626 1812 supra
643 1762 664 1784 *
691 1762 808 1811 quod,
829 1763 1003 1799 absolute
1030 1763 1239 1811 loquendo,
1259 1775 1338 1800 non

205 1816 212 1823 '
233 1816 240 1828 ’
270 1823 327 1854 est
343 1827 501 1853 necesse
525 1816 655 1853 Deum
673 1815 773 1852 velle
793 1815 936 1865 aliquid
955 1815 1026 1853 nisi
1046 1816 1224 1865 seipsum.
1246 1817 1339 1853 Non

269 1876 326 1906 est
354 1881 444 1918 ergo
474 1868 734 1906 necessarium
761 1869 890 1906 Deum
908 1869 1007 1906 velle
1037 1870 1142 1918 quod
1170 1869 1340 1907 mundus

268 1922 381 1964 fuerit
397 1934 563 1971 semper.
585 1922 663 1959 Sed
683 1929 839 1959 eatenus
858 1922 1027 1959 mundus
1055 1930 1122 1970 est,
1152 1930 1340 1972 quatenus

268 1976 375 2013 Deus
402 1976 486 2013 vult
517 1975 623 2012 illum
657 1987 761 2012 esse:
796 1987 885 2012 curn
921 1988 1004 2013 esse
1033 1975 1168 2013 mundi
1196 1988 1242 2013 ex
1268 1989 1340 2014 vo-

267 2030 410 2066 luntate
438 2028 511 2066 Dei
539 2028 755 2078 dependeat
786 2028 882 2066 sicut
915 2041 960 2065 ex
989 2041 1058 2066 sua
1091 2042 1216 2066 causa.
1248 2030 1340 2067 Non

269 2089 327 2120 est
366 2082 478 2131 igitur
514 2082 773 2119 necessarIum
815 2082 1006 2119 mundum
1049 2095 1202 2132 semper
1244 2095 1339 2121 esse.

267 2135 381 2174 Unde
409 2147 481 2173 nec
510 2135 806 2173 demonstrative
833 2135 988 2184 probari
1014 2143 1152 2185 potest.

323 2189 409 2226 Nec
437 2188 602 2226 rationes
620 2201 716 2238 quas
744 2188 794 2226 ad
812 2190 888 2227 hoc
906 2189 1127 2226 Aristoteles
1146 2189 1290 2227 inducit
1307 2189 1339 2238 ²¹⁶,

234 2241 241 2274 ἶ
270 2250 358 2280 sunt
395 2242 717 2280 demonstrativae
746 2242 986 2291 simpliciter,
1022 2243 1089 2280 sed
1126 2243 1340 2280 secundum

173 2293 196 2333 ‚⁸
235 2321 241 2327 -
271 2295 379 2345 quid:
409 2295 549 2333 scilicet
577 2296 627 2333 ad
651 2295 991 2333 contradicendum
1011 2296 1256 2333 rationibust‘
1275 2309 1339 2333 an-

269 2348 492 2397 tiquorum,
529 2348 757 2398 ponentium
793 2349 984 2386 mundum
1012 2349 1178 2398 incipere
1206 2362 1341 2387 secun-

200 2435 227 2442 ..
270 2402 364 2440 dum
393 2402 583 2452 quosdam
613 2403 754 2440 modos
781 2402 820 2439 in
846 2402 1005 2439 veritate
1034 2402 1289 2451 impossibiles
1308 2399 1339 2440 ᾗ.

270 2456 320 2492 Et
346 2456 422 2492 hoc
450 2463 608 2505 apparet
637 2468 682 2492 ex
709 2455 840 2492 tribus.
880 2455 1012 2492 Primo
1041 2456 1220 2504 quidem,
1250 2456 1340 2504 quia

230 2530 242 2536 -
269 2516 349 2545 tarn
369 2508 408 2545 in
426 2509 513 2545 VIII
529 2509 678 2557 Physic.
695 2508 715 2530 ’¹‘
734 2520 851 2557 quam
871 2508 909 2545 in
929 2510 942 2545 I
963 2509 1009 2545 de
1032 2509 1145 2546 Caelo
1160 2509 1211 2557 ²¹⁰⁸,
1231 2522 1340 2558 prae-

270 2561 381 2598 mittit
407 2561 596 2611 quasdam
625 2561 837 2610 opiniones,
862 2569 904 2598 ut
923 2563 1173 2610 Anaxagorae
1195 2570 1231 2599 et
1249 2563 1341 2600 Ern-

269 2614 440 2664 pedoclis
469 2622 505 2652 et
533 2614 722 2662 Platonis,
759 2622 892 2652 contra
925 2627 1023 2664 quos
1056 2615 1222 2653 rationes
1251 2628 1341 2653 con-

269 2668 505 2706 tradictorias
533 2667 686 2705 inducit.
708 2689 732 2695 -
754 2669 946 2715 Secundo,
976 2668 1077 2717 quia,
1105 2669 1341 2718 ubicumque

271 2721 319 2759 de
347 2722 420 2758 hac
447 2721 606 2758 materia
634 2722 812 2770 loquitur,
842 2721 987 2759 inducit
1012 2722 1229 2759 testimonia
1249 2723 1341 2759 anti-

271 2786 460 2824 quorum:
490 2775 596 2824 quod
624 2787 703 2811 non
733 2782 788 2811 est
816 2774 1139 2823 demonstratoris,
1166 2775 1233 2813 sed
1253 2789 1341 2825 pro-

270 2827 444 2866 babiliter
457 2828 925 2877 persuadentis-Tertio,
947 2828 1036 2878 quia
1057 2841 1234 2878 expresse
1255 2829 1342 2866 dicit

222 2903 230 2910 -
270 2881 310 2919 in
330 2883 344 2918 I
364 2881 427 2918 lib.
453 2883 490 2918 T
484 2882 578 2930 opic.
599 2881 631 2929 ²⁸,
661 2883 767 2930 quod
786 2882 977 2930 quaedam
997 2890 1085 2919 sunt
1102 2883 1343 2931 problemata

272 2934 487 2982 dialectica,
518 2935 565 2972 de
594 2935 732 2984 quibus
760 2934 926 2972 rationes
954 2944 1037 2973 non*
1061 2936 1268 2984 habemus,
1301 2943 1343 2972 ut

274 2994 399 3025 utrum
427 2989 665 3025 mundus·sit
690 2994 874 3025 aeternus.

326 3042 385 3077 AD
401 3053 539 3079 PRIMUM
554 3053 652 3078 ERGO
670 3053 854 3083 mcizNDuM
875 3042 992 3090 quod,
1009 3049 1216 3091 antequam
1232 3055 1343 3079 mun-

275 3094 346 3131 dus
366 3101 475 3142 esset,
503 3094 682 3144 possibile
710 3094 778 3131 fuit
795 3100 807 3114 ⁹
835 3094 1026 3132 mundum
1047 3107 1141 3144 esse,
1162 3108 1241 3132 non
1261 3095 1342 3144 qui-

275 3148 364 3184 dem
402 3147 615 3185 secundum
652 3148 864 3197 potentiam
900 3148 1120 3197 passivam,
1160 3161 1258 3198 quae
1289 3156 1343 3185 est

274 3200 449 3246 materia;
478 3201 547 3238 sed
574 3201 787 3238 secundum
816 3201 1027 3250 potentiam
1065 3202 1230 3239 activam
1259 3201 1341 3239 Dei.

275 3254 324 3290 Et
343 3253 457 3290 etiam
477 3254 690 3292 secundum
710 3254 814 3304 quod
844 3254 978 3292 dicitur
1005 3255 1147 3304 aliquid
1170 3255 1342 3292 absolute

2378 272 2456 310 479

1396 332 1589 380 possibile,
1618 346 1697 372 non
1725 337 1937 374 secundum
1962 338 2127 387 aliquam
2146 340 2366 388 potentiam,
2388 341 2455 378 sed

1399 395 1442 420 ex
1462 385 1542 422 sola
1560 387 1778 425 habitudine
1798 390 2058 438 terminorum,
2075 392 2140 440 qui
2159 392 2229 429 sibi
2248 406 2327 430 non
2345 406 2456 443 repu-

1396 445 1526 483 gnant;
1546 440 1756 477 secundum
1776 442 1880 490 quod
1898 441 2076 491 possibile
2097 446 2302 494 opponitur
2320 447 2454 495 impos-

1394 489 1502 535 sibili,
1522 498 1563 527 ut
1580 499 1682 540 patet
1698 505 1768 541 per
1785 495 2075 544 Philosophum,
2094 497 2132 534 in
2152 498 2187 535 V
2204 499 2418 547 Metaphys.
2435 499 2455 521 '¹‘

1424 544 1507 600 ‘An
1536 555 1724 583 SECUNDUM
1752 558 1935 585 mcENDUM
1963 550 2069 596 quod
2095 550 2187 588 illud
2214 552 2320 600 quod
2340 552 2455 589 habet

1395 602 1573 633 virtutem
1600 605 1643 634 ut
1670 598 1716 634 sit
1742 611 1909 648 semper,
1940 613 1985 638 ex
2012 614 2088 651 quo
2117 604 2232 640 habet
2258 604 2360 641 illam
2379 605 2454 641 vir-

1395 653 1535 695 tutem,
1570 661 1648 686 non
1685 652 1917 701 quandoque
1947 661 2002 690 est
2038 663 2075 692 et
2105 656 2338 705 quandoque
2375 670 2454 695 non

1397 707 1472 736 est:
1508 702 1576 738 sed
1604 710 1809 751 antequam
1837 705 1994 743 haberet
2020 707 2119 744 illam
2146 708 2345 758 virtutem,
2374 723 2453 748 non

1396 752 1474 789 fuit.
1504 753 1614 790 Unde
1634 756 1728 793 haec
1748 757 1854 804 ratio,
1883 771 1981 807 quae
2009 761 2162 808 ponitur
2184 763 2232 799 ab
2253 763 2452 800 Aristotele

1396 805 1434 863 in
1463 807 1477 841 I
1506 806 1551 842 de
1583 808 1695 845 Caelo
1717 809 1753 855 ²¹²,
1783 822 1861 847 non
1890 812 2078 850 concludit
2104 813 2320 863 simpliciter
2347 816 2453 864 quod

1395 859 1688 908 mcorruptibilia
1725 874 1804 899 non
1831 862 2079 912 incoeperunt
2107 878 2214 904 esse:
2252 868 2320 905 sed
2348 869 2453 917 quod

1395 923 1474 947 non
1498 911 1746 962 incoeperunt
1765 927 1847 952 esse
1865 928 1934 964 per
1952 919 2112 955 modurn
2131 921 2352 968 naturalem,
2374 934 2451 971 quo

1395 965 1622 1011 generabilia
1651 974 1687 1003 et
1715 969 1968 1017 corruptibilia
1994 970 2176 1020 incipiunt
2204 985 2285 1009 esse
2304 971 2329 1009 ε.

1447 1019 1506 1054 AD
1544 1029 1702 1056 TERTmM
1740 1032 1922 1058 DICENDUM
1960 1024 2065 1071 quod
2091 1025 2331 1074 Aristoteles,
2369 1026 2407 1064 in
2437 1028 2450 1064 Ι

1392 1070 1559 1118 ΡΙιγςίε.,
1587 1072 1726 1119 probat
1761 1074 1958 1111 materiam
1996 1088 2076 1113 esse
2104 1077 2324 1126 ingenitam,
2351 1091 2422 1128 per
2439 1085 2459 1102 ⁰·

1393 1123 1469 1159 hoc
1497 1124 1602 1172 quod
1629 1137 1708 1162 non
1727 1126 1842 1163 habet
1869 1128 2079 1166 subiectum
2106 1130 2153 1167 de
2182 1143 2258 1180 quo
2287 1131 2343 1168 sit.
2373 1133 2449 1169 InI

1394 1183 1523 1213 autem
1541 1177 1587 1213 de
1610 1178 1722 1215 Caelo
1742 1185 1779 1215 et
1793 1180 1954 1227 Mundo,
1983 1183 2120 1229 probat
2144 1185 2291 1221 caelum
2310 1184 2450 1232 ingeni-

1393 1236 1488 1276 tum,
1505 1230 1594 1278 quia
1612 1242 1691 1268 non
1710 1232 1825 1269 habet
1844 1234 2071 1271 contrarium
2087 1248 2131 1272 ex
2146 1249 2221 1285 quo
2241 1246 2449 1284 generetur.

1393 1282 1506 1319 Unde
1528 1290 1631 1331 patet
1649 1285 1755 1333 quod
1773 1297 1841 1333 per
1859 1294 2062 1336 utrumque
2082 1300 2160 1325 non
2180 1291 2414 1328 concluditur
2431 1297 2451 1313 π

1394 1335 1465 1372 nisi
1485 1337 1591 1384 quod
1610 1337 1767 1374 materia
1787 1345 1823 1374 et
1842 1340 1989 1376 caelum
2017 1353 2096 1378 non
2119 1341 2365 1391 incoeperunt
2382 1356 2451 1393 per

1393 1389 1690 1438 generationem,
1709 1398 1752 1427 ut
1772 1391 1927 1439 quidam
1955 1394 2161 1442 ponebant,
2181 1396 2383 1445 praecipue
2403 1397 2451 1434 de

1395 1443 1512 1479 caelo.
1544 1443 1628 1479 Nos
1656 1451 1785 1480 autem
1814 1444 1972 1482 dicimus
2000 1448 2105 1494 quod
2133 1449 2291 1485 materia
2310 1457 2346 1486 et
2365 1462 2450 1486 coe-

1393 1496 1475 1532 lum
1493 1496 1680 1544 producta
1708 1504 1793 1534 sunt
1820 1497 1858 1535 in
1887 1510 1967 1535 esse
1994 1511 2064 1548 per
2083 1500 2324 1550 creationem,
2345 1509 2387 1539 ut
2406 1515 2451 1540 ex

1394 1548 1502 1586 dictis
1520 1548 1540 1570 *
1567 1556 1680 1598 patet.

1446 1604 1506 1639 An
1535 1614 1708 1644 QUARTUM
1727 1615 1910 1640 D1CENDUM
1930 1605 2035 1653 quod
2062 1605 2111 1642 ad
2130 1606 2314 1643 rationem
2338 1608 2450 1645 vacui

1393 1667 1473 1692 non
1501 1655 1639 1692 sufficit
1667 1656 1704 1692 in
1724 1668 1797 1705 quo
1817 1656 1908 1693 nihil
1925 1663 1997 1694 est:
2026 1658 2093 1695 sed
2122 1659 2321 1708 requiritur
2347 1661 2451 1708 quod

1394 1709 1441 1745 sit
1459 1708 1624 1757 spatium
1645 1721 1763 1758 capax
1783 1709 1963 1758 corporis,
1983 1710 2023 1747 in
2042 1723 2118 1760 quo
2138 1724 2216 1749 non
2237 1713 2282 1749 sit
2301 1725 2450 1762 corpus,

1393 1769 1435 1799 ut
1452 1769 1556 1811 patet
1574 1774 1643 1811 per
1662 1762 1916 1810 Aristotelem,
1938 1763 1975 1800 In
1995 1764 2047 1800 IV
2064 1765 2211 1813 Physic.
2231 1765 2252 1787 *
2279 1767 2362 1803 Nos
2386 1779 2451 1803 au-

1394 1823 1472 1857 tem
1501 1815 1662 1852 dicimus
1690 1828 1769 1852 non
1792 1816 1906 1853 fuisse
1934 1817 2063 1854 locum
2091 1825 2156 1854 aut
2183 1818 2346 1867 spatium
2366 1827 2451 1857 ante

1395 1868 1595 1906 mundum.

1448 1924 1507 1959 AD
1528 1933 1690 1965 QUlNTUM
1709 1934 1892 1959 DlCENDUM
1921 1923 2025 1971 quod
2043 1923 2188 1971 primus
2207 1931 2334 1961 motor
2353 1937 2451 1962 sem-

1394 1987 1464 2024 per
1489 1975 1627 2012 eodem
1657 1975 1775 2012 modo
1797 1987 1836 2011 se
1856 1975 2008 2012 habuit:
2036 1976 2203 2024 primurn
2223 1984 2350 2015 autem
2370 1991 2452 2015 mo-

1396 2029 1469 2066 bile
1498 2041 1577 2065 non
1615 2040 1766 2077 semper
1795 2029 1933 2065 eodem
1968 2029 2086 2066 modo
2116 2042 2156 2065 se
2188 2030 2335 2078 habuit,
2366 2031 2453 2080 quia

1396 2082 1562 2131 incoepit
1583 2094 1675 2129 esse,
1698 2094 1784 2118 cum
1804 2081 1907 2131 prius
1928 2094 2006 2118 non
2025 2082 2164 2119 fuisset.
2187 2083 2263 2120 Sed
2281 2084 2356 2120 hoc
2374 2097 2453 2121 non

1396 2136 1463 2172 fuit
1489 2147 1559 2184 per
1586 2135 1857 2182 mutationem,
1887 2135 1955 2171 sed
1982 2147 2051 2183 per
2078 2135 2326 2184 creationem,
2355 2149 2452 2186 quae

1396 2202 1475 2226 non
1495 2196 1551 2226 est
1570 2188 1740 2235 mutatio,
1757 2195 1798 2225 ut
1811 2200 1925 2237 supra
1938 2187 1958 2210 '¹‘
1978 2188 2120 2225 dictum
2141 2196 2206 2226 est.
2227 2190 2338 2226 Unde
2351 2197 2454 2239 patet

1396 2243 1500 2291 quod
1528 2243 1624 2279 haec
1653 2242 1762 2288 ratio,
1793 2253 1909 2290 quam
1936 2241 2044 2290 ponit
2071 2241 2290 2278 Aristoteles
2309 2242 2347 2279 in
2365 2243 2451 2280 VIII

1395 2296 1543 2344 Physic.
1564 2295 1595 2342 ³¹⁵,
1625 2294 1796 2344 procedit
1824 2302 1954 2331 contra
1983 2307 2048 2331 eos
2068 2294 2132 2343 qui
2160 2295 2353 2343 ponebant
2370 2308 2453 2332 mo-

1397 2349 1484 2386 bilia
1504 2355 1668 2395 aeterna,
1689 2348 1757 2385 sed
1776 2356 1925 2384 motum
1943 2360 2021 2384 non
2049 2355 2265 2394 aeternum;
2294 2356 2335 2385 ut
2351 2357 2454 2397 patet

1397 2415 1443 2439 ex
1463 2402 1708 2451 opinionibus
1727 2403 1974 2449 Anaxagorae
1996 2408 2031 2437 et
2051 2401 2294 2449 Empedoclis
2312 2401 2342 2438 ³¹⁵.
2369 2403 2452 2438 Nos

1396 2463 1523 2493 autem
1542 2455 1731 2504 ponimus,
1749 2466 1794 2490 ex
1809 2466 1886 2502 quo
1908 2453 2062 2490 mobilia
2082 2453 2338 2502 incoeperunt,
2355 2467 2452 2492 sem-

1395 2522 1464 2559 per
1492 2509 1605 2545 fuisse
1634 2515 1794 2544 motum.

1449 2564 1508 2599 AD
1537 2573 1677 2598 SEXTUM
1706 2571 1888 2597 mcENDUM
1926 2559 2029 2607 quod
2057 2558 2223 2607 primum
2256 2572 2370 2608 agens
2398 2567 2454 2596 est

1396 2628 1511 2664 agens
1539 2613 1806 2651 voluntarium.
1834 2613 1883 2649 Et
1910 2611 2086 2660 quamvis
2122 2612 2254 2649 habuit
2279 2614 2452 2649 volunta-

1395 2677 1474 2706 tem
1503 2675 1695 2705 aeternam
1716 2664 1951 2715 producendi
1970 2665 2134 2713 aliquem
2163 2665 2353 2713 effectum,
2373 2678 2452 2702 non

1395 2730 1524 2759 tamen
1552 2720 1730 2770 produxit
1754 2726 1950 2755 aeternum
1969 2724 1984 2748 Ρ
2003 2717 2191 2755 effectum.
2211 2719 2295 2754 Nec
2315 2726 2370 2755 est
2387 2731 2452 2755 ne-

1397 2787 1501 2812 cesse
1530 2773 1636 2823 quod
1663 2778 1990 2822 praesupponatur
2017 2770 2141 2819 aliqua
2169 2771 2347 2819 mutatio,
2380 2784 2451 2808 nec

1397 2828 1510 2866 etiarn
1521 2834 1676 2877 propter
1691 2824 1998 2873 imaginationem
2012 2823 2205 2872 temporis.
2218 2825 2334 2860 Aliter
2349 2824 2450 2861 enim

1397 2890 1453 2919 est
1466 2879 1748 2928 inteIIIgendum
1768 2878 1814 2915 de
1834 2885 1967 2925 agente
1987 2876 2208 2926 particulari,
2225 2877 2330 2924 quod
2343 2889 2451 2925 prae—

1397 2934 1575 2983 supponit
1595 2932 1747 2981 aliquid‚
1769 2938 1804 2967 et
1824 2937 1954 2966 causat
1973 2931 2148 2975 alterum3
2179 2937 2214 2965 et
2241 2929 2346 2966 aliter
2364 2935 2379 2950 θ
2403 2930 2449 2966 de

1397 2995 1529 3036 agente
1558 2984 1784 3031 universali,
1823 2984 1928 3031 quod
1964 2981 2140 3031 producit
2175 2989 2308 3018 totum.
2347 2982 2451 3019 Sicut

1397 3053 1511 3089 agens
1543 3038 1766 3088 particulare
1792 3035 1967 3084 producit
1995 3035 2174 3081 formam,
2209 3042 2245 3071 et
2270 3047 2450 3084 praesup-

1396 3093 1502 3143 ponit
1520 3090 1738 3128 materiam:
1767 3088 1868 3125 unde
1898 3095 2047 3137 oportet
2074 3087 2177 3136 quod
2206 3087 2369 3125 formam
2397 3087 2451 3124 in-

1398 3147 1510 3184 ducat
1538 3143 1749 3182 secundum
1776 3141 2063 3190 proportionem
2099 3140 2146 3176 ad
2179 3140 2344 3177 debitam
2371 3153 2451 3177 ma-

1397 3200 1540 3237 teriam.
1575 3196 1686 3234 Unde
1720 3194 1986 3232 rationabiliter
2013 3194 2051 3230 in
2079 3193 2162 3241 ipso
2196 3193 2452 3230 consideratur

1397 3253 1500 3301 quod
1519 3249 1661 3287 inducit
1688 3249 1852 3285 formam
1880 3247 1918 3284 in
1946 3247 2058 3283 talem
2090 3245 2286 3282 materiam
2312 3254 2349 3282 et
2373 3258 2451 3283 non

329 3366 347 3398 ι)
369 3366 502 3399 Gartfica.
520 3381 538 3387 -
557 3368 593 3392 Et
611 3375 680 3393 num:
697 3369 816 3402 clarifica
835 3369 945 3394 codices.

327 3403 353 3434 κ)
372 3409 390 3426 α
404 3402 549 3434 principio.
567 3417 586 3421 -
603 3403 637 3427 ab
655 3403 732 3429 initio
751 3404 853 3429 codices
872 3410 898 3429 et
915 3405 966 3429 ab.

327 3436 355 3469 λ)
375 3437 449 3462 nihil.
467 3452 486 3456 -
503 3438 575 3470 quod
593 3438 659 3463 nihil
677 3439 740 3471 pFG
760 3445 786 3464 et
804 3440 845 3465 ed.
863 3447 888 3469 a,
909 3440 981 3472 quod
999 3440 1066 3464 nihil
1079 3440 1193 3472 ponitur
1212 3440 1255 3470 sF,
1270 3438 1341 3470 quod

275 3473 342 3498 nihil
359 3475 451 3504 potest
473 3473 600 3497 PABDEb
620 3479 646 3498 et
664 3474 697 3506 C,
717 3475 761 3507 qui
780 3475 887 3508 insuper
909 3483 957 3508 pro
982 3475 1048 3500 nihil
1067 3478 1157 3507 potest
1181 3475 1206 3499 in
1225 3474 1340 3506 margine

274 3508 352 3543 habet
366 3515 418 3533 non
432 3511 473 3532 est
483 3509 659 3534 necessarium
672 3509 782 3542 aliquid.
801 3510 841 3536 Cf.
856 3511 1015 3542 Caletanum,
1029 3516 1054 3535 et
1068 3512 1124 3536 loca
1141 3511 1214 3535 citata
1233 3511 1258 3534 in
1271 3509 1342 3542 prin-

273 3544 341 3577 cipio
360 3543 470 3573 articuli.
490 3548 550 3576 post
566 3543 679 3569 titulum.

329 3580 357 3613 μ)
378 3579 534 3604 rationibus.
552 3593 572 3598 —
587 3579 764 3611 positionibus
781 3581 904 3606 ABCDG.

328 3615 351 3647 ν)
367 3615 494 3646 possibile
504 3615 573 3647 suit.
590 3629 607 3634 -
626 3618 686 3640 erat
699 3616 826 3647 possibile
844 3617 954 3641 codices.

1448 3365 1470 3398 ξ)
1490 3372 1553 3390 esse.
1571 3379 1587 3382 -
1607 3364 1668 3388 Om.
1688 3363 1788 3387 codices
1808 3367 1832 3386 et
1851 3362 1901 3386 ab.

1448 3401 1473 3432 o)
1488 3407 1548 3432 per.
1565 3413 1584 3419 -
1598 3402 1711 3430 propter
1729 3398 1830 3422 codices
1850 3402 1874 3421 et
1892 3404 1908 3420 a
1919 3396 1942 3420 b.

1446 3437 1475 3467 π)
1490 3442 1541 3467 per
1560 3438 1701 3465 utrumque
1719 3441 1770 3458 non
1783 3432 1958 3458 concluditur.
1975 3445 1994 3451 -
2008 3438 2059 3463 per
2078 3433 2218 3462 utrumque
2231 3437 2282 3454 non
2296 3429 2451 3455 excluditur

1394 3470 1569 3502 BCDEFGpA
1589 3475 1614 3493 et
1631 3476 1649 3493 a
1660 3470 1683 3493 b.

1447 3507 1470 3539 ρ)
1496 3508 1632 3544 aeter-nuru
1657 3503 1784 3537 effectum.
1802 3516 1822 3521 —
1838 3502 1950 3534 aliquem
1975 3501 2093 3534 effectum
2117 3504 2254 3525 aeternum
2272 3500 2307 3530 Β,
2331 3499 2450 3534 effectum

1393 3545 1529 3567 aeternum
1549 3545 1635 3564 ceteri.

1447 3576 1471 3608 σ)
1491 3579 1517 3600 et
1535 3575 1621 3599 aliter.
1639 3587 1658 3592 -
1676 3574 1755 3598 aliter
1773 3572 1877 3603 ACDE,
1896 3576 1922 3597 et
1941 3571 2028 3596 FGab.
2045 3585 2064 3590 -
2082 3571 2132 3594 Pro
2156 3570 2228 3603 quod
2244 3570 2385 3602 producit,
2405 3568 2452 3602 qui

1389 3612 1516 3644 producit
1534 3609 1688 3634 ABCDEab.

2481 502 2491 511 '
2501 500 2572 523 S.Th.
2582 501 2634 524 lect.
2641 508 2690 524 x1v.

2481 538 2492 543 —
2510 527 2563 549 Did.
2585 528 2625 550 lib.
2642 529 2675 550 IV
2685 545 2692 556 ,

2481 559 2533 582 cap.
2542 560 2585 581 ιιι,
2599 560 2622 576 n.
2633 555 2656 582 8,
2667 561 2690 583 9.

2479 820 2691 870 -s‘351’1;.1{¹.¹÷.22.³12

2576 974 2589 1005 Ε

2575 1084 2589 1101 0

2478 1561 2487 1570 ·
2498 1560 2602 1588 Quam,
2612 1564 2655 1584 art.
2664 1567 2687 1583 2.

2476 1774 2560 1802 *Cap.1,
2566 1775 2605 1797 n.6
2613 1775 2685 1800 (sffh.

2478 1801 2530 1822 lect.
2543 1803 2570 1828 1);
2585 1808 2636 1829 cap.
2645 1807 2685 1827 vn,

2478 1833 2542 1849 num.
2557 1835 2573 1854 4
2593 1830 2626 1854 (s.
2641 1828 2686 1850 Th.

2478 1854 2529 1875 lect.
2548 1856 2578 1880 x).
2594 1866 2605 1870 -
2620 1854 2656 1876 Cf.
2676 1855 2687 1876 1

2480 1880 2558 1907 Cael„
2581 1887 2632 1908 cap.
2647 1887 2685 1908 lx,

2478 1912 2542 1928 num.
2564 1913 2590 1935 9:
2612 1913 2631 1928 s.
2641 1907 2687 1929 Th.

2478 1933 2530 1954 lect.
2544 1940 2590 1956 xxx.

2478 2197 2490 2208 ⁸
2497 2197 2545 2224 Qu.
2554 2203 2606 2224 xrs,
2615 2200 2659 2218 art.
2666 2203 2686 2224 2,

2479 2223 2508 2245 ad
2522 2229 2543 2245 2.

2479 2302 2575 2350 12:³4³:
2586 2308 2687 2351 ‘3235‘13-

2479 2407 2490 2419 ⁸
2504 2407 2561 2429 Ibid.
2571 2413 2637 2429 num.
2647 2412 2668 2429 2.
2678 2418 2691 2423 -

2480 2433 2504 2455 S.
2514 2434 2558 2455 Th.
2573 2434 2623 2455 lect.
2639 2439 2655 2455 ι.
