2768 4178
955 243 1223 290 QUAESTIO
1253 244 1413 291 xxxv,
1443 245 1739 282 ARTICULUS
1769 247 1800 282 11

279 325 385 359 patre:
417 320 611 361 quandoque
635 321 812 352 secundum
840 331 906 352 esse
929 321 1124 352 intellectum
1147 332 1203 352 seu
1228 322 1345 362 cogita-

2392 248 2466 296 373

1401 322 1554 354 firmative
1574 331 1635 354 est:
1660 324 1769 364 Imago
1784 324 1817 354 in
1834 325 1946 355 divinis
1965 332 2011 356 est
2027 336 2145 357 nomen
2161 327 2336 367 personale.
2354 344 2375 349 —
2390 327 2468 358 Pro-

279 370 360 399 tum,
384 370 420 394 ut
442 370 545 395 statua
568 364 710 396 Caesaris
733 366 833 396 oritur
847 375 866 395 a
886 365 1020 396 Caesare
1036 366 1173 406 cogitato
1189 366 1222 396 in
1241 373 1347 397 mente
1401 367 1500 398 batur.
1525 368 1665 398 Nomina
1682 368 1886 409 importantia
1905 369 2061 409 originem
2076 371 2109 400 in
2128 371 2250 407 divinis,
2269 377 2343 402 sunt
2359 381 2466 412 perso-

278 406 414 439 artificis.
439 408 531 439 Unde
551 416 636 449 patet
658 409 919 450 consequentiam
938 409 1016 440 nihil
1034 410 1145 441 valere.

1400 411 1496 441 nalia:
1517 421 1592 451 ergo
1607 412 1713 453 imago
1730 420 1776 443 est
1790 423 1909 443 nomen
1924 414 2098 453 personale.
2116 432 2136 437 —
2154 415 2352 446 Antecedens
2368 422 2466 456 patet.

338 451 391 483 IV.
416 452 534 490 Quoad
548 454 736 492 secundum,
760 453 923 484 conclusio
942 454 1126 494 responsiva
1141 454 1284 496 quaesito
1301 454 1346 484 af-
1400 454 1636 496 Consequentia
1650 466 1726 487 vero
1742 463 1827 488 tenet
1842 467 1879 488 ex
1895 457 2015 488 ratione
2031 458 2176 499 imaginis
2192 459 2356 499 assignata.

1050 617 1367 660 ARTICULUS
1397 618 1695 661 SECUNDUS

871 710 1028 742 UTRUM
1052 710 1207 742 NOMEN
1233 711 1422 743 lMAolNis
1445 713 1512 743 SIT
1536 713 1757 745 PROPRIUM
1780 714 1876 744 F1L11

0 776 10 858 -rrr

598 787 673 819 Infra,
693 796 738 821 qu.
756 795 827 818 xcm,
848 794 895 814 art.
912 796 932 819 1,
953 789 984 824 agl
1006 796 1035 819 23
1055 789 1064 814 1
1084 789 1168 820 Sent.‚
1189 790 1247 815 dist.
1266 798 1303 819 m,
1323 798 1367 823 qu.
1386 798 1422 821 111,
1443 791 1474 816 ad
1496 791 1522 822 5;
1543 792 1601 817 dist.
1620 800 1706 824 xan,
1725 801 1771 826 qu.
1790 801 1817 822 11,
1837 798 1884 818 art.
1902 801 1923 824 ι,
1942 794 1974 818 ad
1995 793 2008 818 3
2015 802 2022 825 3
2041 799 2087 819 art.
2110 793 2138 825 3;

449 823 477 854 11,
498 823 556 848 dist.
573 830 624 854 xvi,
643 828 690 848 art.
709 830 730 854 1;
752 824 855 849 Contra
872 831 979 849 errores
999 825 1104 857 Graec„
1123 833 1179 858 cap.
1199 833 1215 850 x
1222 834 1228 856 ;
1248 825 1257 850 1
1279 826 1348 855 Cor„
1368 834 1424 859 cap.
1442 834 1476 858 xx,
1497 827 1555 852 lect.
1572 835 1592 852 11
1599 834 1606 858 ;
1626 828 1654 857 11,
1674 836 1729 861 cap.
1748 835 1782 860 xv,
1802 829 1860 854 lect.
1878 836 1910 860 ¹13
1933 829 2039 859 Coloss„
2060 836 2116 862 cap.
2134 837 2152 860 1,
2172 830 2230 854 lect.
2248 837 2287 860 rv;

0 859 4 875 ι
1207 861 1298 891 Helm,
1318 869 1374 894 cap.
1392 869 1409 892 1,
1429 862 1487 887 lect.
1506 870 1534 887 11.

356 1096 373 1104 ⁷,
395 1094 407 1104 ἱ
434 1053 462 1092 ‘fi
491 1051 553 1088 lio.
585 1051 703 1100 Quia,
733 1060 775 1089 ut
804 1052 892 1090 dicit
918 1055 1183 1091 Damascenus
1202 1054 1233 1101 ²⁸,
1264 1054 1347 1103 Spi—

416 1111 427 1135 t'
451 1094 584 1142 ritus
613 1106 774 1143 Sanctus
803 1113 859 1143 est
886 1107 1017 1156 imago
1045 1107 1144 1145 Filii.
1174 1107 1266 1144 Non
1291 1114 1346 1144 est

277 1169 367 1206 ergo
396 1157 595 1207 proprium
623 1158 717 1195 Filii.

332 1222 367 1248 2.
389 1212 622 1258 PRAETEREA,
640 1211 687 1248 de
707 1211 852 1249 ratione
872 1211 1046 1260 imaginis
1066 1219 1122 1249 est
1141 1212 1344 1249 similitudo

278 1275 368 1314 curn
389 1264 669 1314 expressione,
705 1271 747 1301 ut
778 1265 1013 1313 Augustinus
1047 1265 1152 1312 dicit,
1182 1265 1221 1302 in
1249 1265 1344 1302 libro

281 1314 479 1367 Octoginta
507 1317 622 1354 trium
656 1317 804 1360 Quaest.
824 1316 845 1339 ’¹‘
873 1318 951 1356 Sed
970 1318 1044 1354 hoc
1065 1318 1243 1356 convenit
1263 1318 1346 1366 Spi-

276 1370 363 1407 ritui
396 1371 558 1407 Sancto:
591 1370 765 1419 procedit
802 1370 906 1407 enirn
934 1371 982 1407 ab
1020 1370 1094 1407 alio
1131 1371 1344 1408 secundum

133 1431 153 1448 ⁰
275 1423 438 1460 modum
454 1420 718 1460 ‘similitudinis
737 1429 766 1460 α.
797 1424 899 1471 Ergo
926 1423 1087 1473 Spiritus
1107 1424 1270 1461 Sanctus
1291 1431 1346 1461 est

67 1471 69 1473 ¹
147 1471 149 1474 ⁴
275 1476 416 1525 imago.
453 1477 504 1513 Et
529 1476 580 1513 ita
607 1487 687 1513 non
721 1482 778 1513 est
812 1476 1011 1526 proprium
1049 1476 1128 1514 Filii
1165 1477 1271 1526 quod
1299 1477 1346 1514 sit

132 1523 150 1558 Ρ
275 1529 407 1578 Imago
426 1527 455 1566 Ρ.

329 1582 366 1620 3.
389 1582 626 1629 PRAETEREA,
656 1582 778 1619 homo
809 1581 923 1619 etiam
952 1582 1086 1620 dicitur
1109 1582 1238 1631 imago
1257 1583 1343 1630 Dei,

273 1635 489 1674 secundum
515 1634 610 1672 illud
628 1636 642 1672 1
663 1635 716 1672 ad
737 1636 825 1672 Cor.
844 1647 880 1672 xi
895 1635 935 1673 *t
971 1636 1038 1673 Vir
1055 1648 1130 1673 non
1149 1637 1257 1673 debet
1281 1648 1343 1674 ve-

275 1688 358 1726 lare
383 1694 499 1737 caput
522 1700 654 1734 suum,
685 1688 866 1737 quoniam
895 1689 1026 1738 imago
1054 1695 1091 1726 et
1115 1689 1242 1739 gloria
1270 1690 1346 1727 Dei

273 1746 338 1780 est.
366 1737 470 1790 Ergo
499 1753 579 1778 non
607 1749 664 1778 est
689 1741 890 1790 proprium
920 1741 1028 1780 Filio.
1205 1783 1215 1789 ,

327 1790 403 1833 SED
432 1805 579 1832 CONTRA
606 1806 673 1831 EsT
691 1794 799 1843 quod
826 1795 1059 1843 Augustinus
1088 1795 1187 1843 dicit,
1215 1796 1267 1833 VI
1297 1795 1343 1832 de

276 1847 314 1886 T
309 1848 382 1886 rin.
402 1846 434 1895 ²⁸,
464 1847 569 1896 quod
595 1847 697 1885 solus
722 1847 842 1884 Filius
869 1854 924 1885 est
950 1849 1089 1898 Imago
1116 1849 1251 1886 Patris.

325 1901 554 1942 RESPONDEO
591 1912 777 1938 DICENDUM
815 1901 920 1950 quod
959 1901 1135 1939 doctores
1174 1903 1340 1939 Graeco-

272 1965 360 1991 rum
389 1953 644 1991 communiter
672 1953 801 1991 dicunt
830 1954 1012 2003 Spiritum
1043 1955 1227 1992 Sanctum
1257 1966 1340 1992 esse

272 2006 482 2056 imaginem
510 2006 631 2044 Patris
660 2014 697 2044 et
724 2006 818 2044 Filii.
841 2007 919 2044 Sed
939 2007 1115 2045 doctores
1139 2008 1242 2046 latini
1271 2007 1340 2046 soli

273 2059 368 2098 Filio
402 2054 611 2098 attribuunt
642 2071 788 2097 nomen
817 2060 1016 2109 Imaginis:
1047 2073 1126 2098 non
1154 2061 1258 2099 enim
1284 2062 1340 2099 in-

271 2112 423 2151 venitur
450 2112 490 2150 in
518 2113 702 2151 canonica
737 2113 930 2162 Scriptura
958 2114 1029 2151 nisi
1059 2114 1107 2151 de
1136 2114 1243 2152 Filio.
1273 2115 1340 2152 Di-

272 2166 367 2203 citur
396 2166 499 2203 enim
531 2166 671 2204 Coloss.
693 2178 703 2203 1
722 2165 763 2203 *ε
789 2167 863 2208 Qui
874 2171 890 2194 ⁷
909 2173 963 2204 est
985 2166 1120 2217 'imago
1143 2169 1220 2205 Dei
1246 2169 1338 2205 invi-

269 2219 402 2266 sibilis,
426 2220 704 2270 primogenitus
731 2225 930 2257 creaturae
937 2233 952 2265 ;
980 2228 1017 2257 et
1044 2221 1096 2257 ad
1124 2222 1246 2258 Hebr.
1268 2233 1278 2258 1
1297 2221 1337 2257 *ε

276 2272 353 2315 Qui
378 2284 464 2310 cum
491 2272 540 2310 sit
563 2271 741 2322 splendor
764 2272 927 2322 gloriae,
956 2279 993 2310 et
1006 2274 1146 2323 figura
1169 2275 1339 2311 substan-

491 1010 636 1036 nomen
665 999 842 1048 Imaginis
876 1012 954 1038 non
983 1000 1029 1037 sit
1055 1001 1254 1050 proprium
1285 1001 1346 1038 Fi-

27 2165 45 2180 *
59 2165 130 2190 ven.
142 2152 172 2196 ¹5·

24 2229 44 2241 '¹
56 2204 161 2259 Van-fg.

270 2325 346 2363 tiae
372 2325 463 2362 eius.

129 2379 146 2406 δ
323 2378 448 2416 Huius
476 2386 604 2416 autem
624 2375 638 2399 ³
666 2378 854 2416 rationem
886 2378 1080 2428 assignant
1107 2379 1264 2428 quidam
1292 2393 1338 2417 ex

271 2432 358 2479 hoc,
388 2431 494 2481 quod
521 2431 638 2468 Filius
665 2431 845 2470 convenit
873 2444 961 2469 cum
982 2433 1093 2470 Patre
1113 2445 1192 2470 non
1212 2434 1338 2470 solum

227 2507 230 2510 ι
271 2484 311 2522 in
329 2492 476 2532 natura,
497 2485 566 2522 sed
585 2484 700 2522 etiam
720 2484 758 2522 in
778 2484 934 2522 notione
951 2486 1147 2534 principii:
1178 2486 1338 2535 Spiritus

270 2545 400 2575 autern
430 2538 592 2574 Sanctus
619 2550 699 2575 non
729 2537 908 2575 convenit
937 2551 1025 2575 cum
1045 2539 1140 2576 Filio
1159 2551 1231 2576 nec
1251 2552 1338 2576 cum

270 2591 381 2627 Patre
401 2590 441 2627 in
459 2590 587 2638 aliqua
615 2591 771 2628 notione
789 2591 820 2627 *.
841 2612 865 2618 -
887 2591 965 2628 Sed
992 2592 1067 2628 hoc
1090 2604 1170 2629 non
1188 2592 1338 2630 videtur

271 2643 458 2680 sufficere.
502 2643 602 2690 Quia
639 2643 735 2680 sicut
772 2644 984 2681 secundum
1021 2645 1222 2682 relationes
1258 2659 1337 2683 non

127 2699 140 2716 ⁸
270 2695 474 2733 attenditur
501 2696 540 2733 in
569 2696 706 2733 divinis
725 2709 850 2745 neque
870 2702 881 2717 ¹
905 2698 1110 2746 aequalitas
1129 2710 1256 2746 neque
1284 2699 1338 2735 in-

27 2767 30 2771 ·
54 2755 146 2805 ‘'fflgg
158 2756 240 2810 *guffi-
269 2749 490 2798 aequalitas,
510 2756 553 2786 ut
571 2749 805 2797 Augustinus
834 2749 922 2786 dicit
940 2750 976 2796 *3
1006 2750 1056 2787 ita
1083 2763 1208 2800 neque
1237 2751 1337 2788 sirni-

79 2797 162 2838 ‘le-13·
183 2799 240 2838 xxv]
269 2802 402 2850 litudo,
432 2814 530 2850 quae
560 2802 761 2851 requiritur
789 2802 836 2839 ad
866 2803 1051 2841 rationem
1078 2804 1263 2852 imaginis.

67 2842 95 2892 ³³·
105 2841 242 2891 ⁰135?aess
323 2855 435 2892 Unde
472 2855 532 2892 alii
571 2855 701 2892 dicunt
737 2855 843 2904 quod
872 2855 1031 2904 Spiritus
1070 2857 1230 2894 Sanctus
1258 2870 1336 2895 non

23 2886 70 2911 ab.
82 2878 114 2917 V,
129 2894 182 2918 up.
190 2895 222 2913 τι.

27 2611 29 2614 ⁴
55 2586 144 2616 D.931.

268 2915 395 2958 potest
429 2908 503 2946 dici
539 2907 667 2956 imago
707 2908 809 2955 Filii,
849 2909 938 2957 quia
974 2909 1145 2957 imaginis
1173 2922 1252 2946 non
1281 2917 1337 2947 est

126 2964 142 2995 t
269 2961 410 3009 imago.
441 2962 580 3011 Neque
609 2961 724 2998 etiam
744 2961 871 3009 imago
900 2962 1041 2999 Patris:
1071 2963 1160 3011 quia
1189 2963 1301 2999 etiam
1322 2963 1336 2989 ζ

314 956 322 973 ³
348 961 376 982 a.
396 962 404 975 ν
416 971 452 987 1..
490 958 513 983 D
529 957 719 984 SECUNDUM
734 958 788 983 SIC
803 958 1044 985 PROCEDITUR.
1065 947 1224 985 Videtur
1239 948 1362 1000 quod·

1399 948 1526 997 imago
1555 950 1714 987 refertur
1741 950 1963 988 immediate
1989 951 2037 988 acl
2057 951 2095 988 id
2115 951 2221 989 cuius
2241 959 2296 989 est
2315 952 2464 1001 imag03

1401 1001 1561 1050 Spiritus
1600 1003 1760 1040 Sanctus
1789 1011 1918 1040 autem
1947 1004 2104 1041 refertur
2132 1004 2181 1042 ad
2209 1006 2362 1042 Patrem
2395 1018 2464 1055 per

1401 1054 1551 1093 Filium.
1590 1056 1728 1104 Neque
1767 1056 1880 1093 etiam
1910 1065 1965 1093 est
1991 1057 2118 1105 imago
2147 1058 2268 1095 Patris
2297 1066 2333 1096 et
2361 1059 2464 1096 Filii:

1399 1109 1489 1156 quia
1516 1108 1569 1145 sic
1598 1116 1696 1146 esset
1722 1122 1799 1146 una
1826 1109 1954 1158 imago
1984 1111 2161 1158 duorum,
2190 1111 2297 1160 quod
2314 1111 2465 1149 videtur

1399 1160 1645 1208 impossibile.
1675 1162 1787 1199 Unde
1817 1163 2039 1212 relinquitur
2063 1164 2169 1211 quod
2190 1164 2349 1213 Spiritus
2370 1165 2463 1203 San-

1400 1221 1480 1250 ctus
1509 1215 1613 1250 nullo
1642 1215 1761 1252 modo
1791 1215 1837 1252 sit
1863 1215 2003 1264 imago.
2024 1237 2048 1243 -
2070 1216 2147 1253 Sed
2174 1217 2250 1254 hoc
2278 1217 2370 1254 nihil
2395 1225 2462 1255 est.

1400 1265 1501 1312 Quia
1527 1267 1640 1303 Pater
1669 1275 1704 1304 et
1732 1267 1848 1305 Filius
1868 1276 1954 1305 sunt
1972 1281 2093 1306 unum
2122 1269 2351 1318 principium
2381 1270 2464 1320 Spi-

1399 1318 1490 1355 ritus
1511 1319 1638 1356 Sancti
1657 1319 1688 1367 *,
1716 1328 1758 1357 ut
1776 1320 1872 1358 infra
1890 1321 1930 1343 ἦ*
1950 1321 2113 1358 dicetur:
2142 1322 2246 1359 unde
2266 1323 2357 1360 nihil
2375 1336 2463 1373 pro-
2489 1334 2542 1372 gp.
2557 1340 2612 1363 πμ.

1398 1371 1504 1408 hibet
1530 1372 1584 1409 sic
1611 1372 1731 1409 Patris
1761 1381 1797 1410 et
1825 1374 1923 1420 Filii,
1953 1374 2178 1423 inquantum
2207 1383 2294 1412 sunt
2319 1388 2462 1424 unum,
2490 1361 2583 1414 art-‘3¹3'
2606 1367 2695 1390 'am’

1399 1436 1482 1461 esse
1519 1437 1635 1462 unam
1675 1425 1902 1474 imaginem3
1938 1439 2025 1463 cum
2062 1428 2174 1464 etiam
2202 1429 2322 1466 homo
2350 1430 2463 1466 totius

1398 1477 1592 1515 Trinitatis
1620 1478 1667 1516 sit
1693 1491 1770 1516 una
1798 1479 1938 1527 imago.

1453 1531 1502 1568 Et
1528 1531 1617 1568 ideo
1646 1532 1752 1569 aliter
1780 1532 1986 1570 dicendum
2016 1540 2071 1570 est
2098 1534 2224 1583 quod,
2255 1534 2349 1572 sicut
2377 1535 2463 1584 Spi-

1399 1583 1490 1621 ritus
1519 1585 1701 1632 Sanctus,
1731 1585 1909 1634 quamvis
1937 1598 2006 1623 sua
2033 1587 2277 1635 processione
2306 1588 2464 1637 accipiat

1398 1645 1575 1675 naturam
1603 1638 1735 1686 Patris,
1766 1638 1861 1675 sicut
1879 1643 1916 1675 e't
1935 1639 2062 1686 Filius,
2084 1652 2162 1683 non
2181 1647 2310 1677 tamen
2330 1641 2464 1689 dicitur

1397 1696 1529 1735 natus;
1556 1691 1618 1737 ita,
1648 1691 1734 1728 licet
1757 1691 1915 1741 accipiat
1943 1692 2110 1741 speciem
2139 1693 2301 1730 similem
2329 1694 2461 1742 Patris,

1397 1756 1476 1780 non
1494 1750 1509 1767 '¹
1537 1744 1671 1781 dicitur
1698 1745 1836 1792 imago.
1867 1745 1966 1792 Quia
1986 1745 2101 1782 Filius
2119 1746 2293 1794 procedit
2310 1755 2353 1783 ut
2370 1748 2462 1784 Ver·
2586 1755 2601 1778 η

1397 1797 1502 1844 bum,
1524 1797 1572 1834 de
1593 1797 1698 1834 cuius
1719 1797 1863 1835 ratione
1888 1805 1944 1835 est
1971 1798 2178 1836 similitudo
2198 1799 2336 1848 speciei
2357 1800 2406 1837 ad
2423 1800 2462 1838 id

1396 1862 1419 1886 a
1447 1863 1525 1899 quo
1553 1851 1746 1899 procedit;
1776 1863 1855 1889 non
1883 1859 2012 1888 autem
2033 1851 2080 1889 de
2101 1851 2244 1889 ratione
2269 1853 2410 1890 amoris
2429 1851 2460 1900 ⁰;
2587 1853 2601 1879 θ

1396 1903 1574 1951 quamvis
1611 1904 1687 1941 hoc
1723 1904 1928 1941 conveniat
1959 1904 2082 1941 amori
2115 1905 2180 1953 qui
2219 1913 2274 1942 est
2302 1906 2461 1956 Spiritus

1397 1957 1569 2003 Sanctus,
1599 1956 1825 2006 inquantum
1856 1965 1912 1994 est
1940 1970 2050 1998 amor
2078 1957 2241 1995 divinus.

1448 2011 1507 2046 AD
1536 2021 1673 2047 PmMUM
1706 2022 1805 2047 ERGO
1843 2022 2027 2048 D1CENDUM
2064 2011 2170 2059 quod
2198 2012 2461 2050 Damascenus

1394 2070 1430 2099 et
1458 2062 1518 2099 alii
1548 2063 1723 2100 doctores
1743 2064 1979 2100 Graecorum
2005 2063 2260 2102 communiter
2277 2071 2285 2085 ⁸
2309 2072 2462 2102 utuntur
2586 2075 2594 2091 ²

1394 2116 1551 2153 nomine
1579 2116 1753 2164 imaginis
1781 2129 1852 2166 pro
1880 2117 2047 2165 perfecta
2079 2116 2333 2155 similitudine.

1447 2171 1507 2205 AD
1526 2181 1716 2206 SECUNDUM
1735 2181 1922 2207 DICENDUM
1941 2170 2059 2218 quod,
2079 2170 2166 2207 licet
2186 2170 2345 2219 Spiritus
2365 2172 2459 2208 San—

1395 2229 1475 2258 ctus
1503 2222 1549 2259 sit
1577 2222 1708 2259 similis
1736 2223 1837 2259 Patri
1863 2230 1899 2259 et
1918 2222 2026 2271 Filio,
2046 2235 2125 2259 non
2143 2231 2273 2260 tamen
2292 2224 2461 2271 sequitur

1393 2274 1500 2322 quod
1529 2275 1574 2311 sit
1602 2275 1742 2324 imago,
1773 2275 1917 2314 ratione
1946 2275 2022 2312 iam
2050 2275 2149 2313 dicta
2167 2275 2199 2313 ²¹⁸.

1446 2329 1506 2364 AD
1534 2340 1695 2366 TERTIUM
1722 2341 1907 2366 D1CENDUM
1926 2328 2031 2378 quod
2058 2328 2184 2377 imago
2213 2329 2367 2366 alicuius
2388 2329 2459 2367 du-

1392 2381 1539 2429 pliciter
1575 2381 1614 2418 in
1652 2381 1778 2430 aliquo
1815 2382 2017 2419 invenitur.
2056 2382 2143 2419 Uno
2180 2383 2321 2430 modo,
2351 2383 2390 2419 in
2418 2396 2458 2420 re

1393 2434 1567 2471 eiusdem
1605 2442 1762 2472 naturae
1799 2436 2012 2472 secundum
2047 2434 2234 2483 speciem:
2261 2442 2304 2472 ut
2329 2435 2457 2484 imago

1393 2486 1490 2534 regis
1526 2487 1717 2524 invenitur
1751 2487 1790 2524 in
1826 2487 1906 2524 filio
1934 2500 2017 2524 suo.
2055 2487 2142 2524 Alio
2179 2488 2320 2535 modo,
2350 2488 2389 2525 in
2417 2501 2456 2526 re

1393 2539 1545 2577 alterius
1581 2547 1759 2577 naturae:
1789 2540 1885 2577 sicut
1919 2540 2047 2588 imago
2077 2540 2172 2588 regis
2200 2540 2391 2578 invenitur
2418 2541 2456 2579 in

1394 2592 1563 2630 denario.
1602 2593 1732 2630 Primo
1762 2600 1889 2630 autem
1923 2593 2064 2640 modo,
2099 2593 2216 2630 Filius
2246 2602 2301 2631 est
2327 2594 2455 2642 imago

1392 2645 1530 2682 Patris:
1558 2646 1727 2683 secundo
1747 2654 1875 2683 autem
1895 2647 2015 2684 modo
2036 2646 2171 2683 dicitur
2189 2647 2309 2684 homo
2329 2647 2455 2696 imago

1392 2698 1476 2735 Dei.
1506 2699 1555 2735 Et
1573 2698 1660 2735 ideo
1681 2699 1729 2736 ad
1751 2698 2024 2747 designandam
2043 2699 2082 2736 in
2100 2699 2257 2736 homine
2276 2706 2290 2720 ²
2317 2700 2454 2749 imper·
2580 2715 2595 2731 κ

1392 2751 1594 2788 sectionem
1637 2751 1808 2799 imaginis
1824 2781 1833 2799 ,
1875 2753 1995 2789 homo
2037 2765 2116 2790 non
2153 2753 2277 2790 solum
2321 2753 2455 2791 dicitur

1392 2804 1531 2852 imago,
1562 2804 1630 2841 sed
1657 2806 1709 2841 ad
1734 2805 1956 2854 imaginem,
1984 2817 2054 2854 per
2081 2806 2185 2854 quod
2213 2813 2340 2842 motus
2373 2806 2454 2856 qui-

1393 2857 1481 2894 dam
1503 2857 1690 2894 tendentis
1718 2857 1757 2894 in
1785 2858 2059 2906 perfectionem
2078 2857 2091 2879 λ
2120 2858 2345 2906 designatur.
2377 2859 2454 2897 Sed
2579 2865 2597 2891 λ

2486 2277 2495 2285 ·
2514 2275 2540 2297 In
2555 2281 2662 2304 corpore.

1381 2910 1439 2947 .de
1468 2910 1562 2946 Filio
1591 2910 1663 2946 Dei
1697 2923 1776 2947 non
1807 2918 1932 2959 potest
1969 2911 2040 2948 dici
2078 2911 2183 2959 quod
2211 2911 2257 2948 sit
2283 2912 2335 2948 ad
2360 2913 2453 2949 ima-

1389 2963 1530 3012 ginem,
1560 2963 1648 3011 quia
1677 2970 1732 3000 est
1758 2964 1926 3012 perfecta
1953 2964 2072 3001 Patris
2100 2964 2239 3012 imago.

322 3093 349 3125 α)
370 3093 477 3118 modum
495 3094 686 3119 similitudinis.
704 3108 724 3113 —
741 3094 942 3120 similitudinem
961 3096 991 3120 Β.

321 3127 347 3161 β)
367 3129 404 3154 Et
422 3129 496 3154 ita...
512 3129 614 3162 Imago.
631 3143 650 3149 -
668 3130 729 3154 Om.
747 3130 824 3155 BCD.

320 3164 348 3196 γ)
369 3164 431 3194 Qui.
448 3178 467 3182 -
485 3164 547 3189 Om.
565 3165 667 3189 codices
687 3170 711 3190 et
730 3165 770 3190 ed.
785 3172 810 3190 a.

321 3198 346 3231 ὃ)
365 3202 463 3224 autem.
481 3213 499 3218 —
517 3202 604 3224 tamen
625 3200 727 3225 codices
746 3206 772 3225 et
789 3208 806 3225 a
817 3200 841 3226 17.

321 3234 343 3266 ε)
364 3241 454 3267 neque.
471 3247 491 3254 -
509 3235 570 3260 Om.
589 3235 701 3260 codices.

319 3269 346 3302 ζ)
365 3270 455 3295 etiam.
472 3283 492 3289 -
510 3270 571 3295 Om.
590 3270 700 3295 codices.

329 3456 436 3476 rrimus
460 3445 561 3476 clarus
585 3452 640 3477 est.
655 3464 675 3469 -
697 3446 733 3477 In
757 3457 890 3487 corpore
917 3447 975 3478 tria
998 3447 1087 3478 facit:
1112 3447 1232 3488 primo,
1260 3448 1334 3479 dicit

270 3458 408 3531 Tquid
435 3500 511 3520 usus
544 3490 582 3520 de
610 3490 673 3520 hoc
700 3491 842 3531 quaesito
873 3491 1004 3530 habeat;
1036 3492 1192 3528 secundo,
1224 3499 1333 3523 tractat

268 3534 346 3565 duas
370 3534 538 3574 opiniones
553 3533 585 3570 *;
611 3534 713 3571 tertio,
739 3534 925 3566 determinat
939 3535 983 3566 **.

22 3533 41 3553 '⁵
54 3538 92 3562 Cf.
105 3545 169 3562 num.
184 3546 218 3562 m.

26 3564 52 3578 υ
65 3565 102 3590 Cf·
115 3572 180 3589 num.
194 3573 226 3589 ¹¹¹⁴·
326 3578 362 3610 11.
376 3578 500 3616 Quoad
510 3579 666 3618 primum,
683 3578 741 3609 tria
756 3578 848 3610 dicit:
873 3579 988 3620 primo,
1006 3589 1102 3610 usum
1118 3579 1329 3616 Graecorum;

1441 3097 1468 3127 η)
1489 3103 1549 3121 ηοη.
1567 3109 1586 3115 -
1603 3096 1672 3121 sicut
1689 3099 1715 3120 et
1734 3096 1826 3125 Filius,
1846 3104 1897 3122 non
1917 3099 2004 3121 tamen
2025 3097 2054 3121 B.

1441 3130 1466 3164 θ)
1485 3131 1593 3156 amoris.
1611 3145 1630 3150 -
1647 3135 1687 3156 est
1704 3131 1802 3156 addunt
1819 3132 1873 3158 BD.

1442 3167 1460 3199 ι)
1481 3167 1664 3192 communiter.
1683 3180 1702 3185 -·
1720 3166 1782 3191 Om.
1800 3168 1832 3192 A.

1440 3203 1465 3234 x)
1486 3202 1512 3226 in
1531 3202 1645 3227 homine.
1662 3216 1681 3221 —
1699 3202 1760 3227 Om.
1779 3202 1851 3227 FGa.
1868 3216 1887 3221 -
1904 3202 1982 3227 homo
2001 3211 2054 3227 om.
2074 3202 2183 3227 codices.

1439 3236 1467 3269 λ)
1482 3237 1508 3262 in
1518 3237 1719 3270 perfectionem.
1731 3250 1751 3257 -
1764 3237 1801 3262 ad
1814 3238 2036 3271 imperfectionem
2050 3238 2082 3269 G,
2098 3238 2123 3263 in
2140 3238 2363 3271 imperfectionem
2373 3238 2448 3264 51).-

1389 3273 1439 3297 Pro
1459 3272 1624 3305 designatur,
1645 3272 1823 3306 designantur
1841 3273 1896 3298 FG.

950 3357 1281 3390 Commentariis,
1304 3357 1553 3391 Cardinalis
1575 3357 1774 3391 Caietam

1387 3448 1536 3484 secundo,
1557 3448 1760 3485 Latinorum;
1785 3449 1886 3486 tertio,
1905 3459 2008 3480 sacrae
2024 3450 2216 3491 Scripturae;
2242 3461 2323 3492 quae
2340 3452 2449 3483 omnia

1389 3493 1469 3523 clare
1492 3498 1599 3532 patent
1621 3492 1654 3526 in
1677 3492 1786 3523 littera.

1445 3536 1497 3566 lII.
1522 3536 1639 3573 Quoad
1656 3536 1842 3574 secundum,
1862 3537 1937 3578 quia
1961 3547 2036 3568 usus
2060 3537 2248 3568 Latinorum
2263 3539 2448 3570 auctoritate

1386 3580 1562 3620 Scripturae
1586 3590 1689 3610 sacrae
1719 3579 1921 3612 confirmatus
1946 3588 2004 3619 est,
2030 3581 2109 3612 circa
2133 3582 2199 3613 eius
2223 3583 2379 3614 rationem
2402 3584 2447 3613 di-
