2768 4178
76 408 87 418 ¹⁵
102 408 140 429 Ps.
152 411 250 433 cxi-vm,
265 405 289 427 6.

184 674 191 689 ῑ

79 724 88 733 ·
103 722 171 744 Vers.
186 727 211 743 ιι.

177 758 192 774 κ

314 262 391 308 264

315 341 500 379 rationem
538 342 669 389 habet,
702 341 883 391 competit
912 343 1018 389 Deo,
1053 342 1266 379 secundum
1295 342 1384 379 illud

317 395 459 432 Psalmi
477 394 508 443 ²⁸,
525 401 769 444 praeceptum
786 396 922 443 posuit,
943 401 978 432 et
996 408 1070 432 non
1085 396 1315 443 praeteribit.
1338 396 1386 432 Et

318 448 531 486 secundum
558 449 634 485 hoc
663 449 844 497 competit
872 449 957 485 Deo
988 448 1081 485 ratio
1104 448 1328 496 prudentiae
1351 456 1386 485 et

317 501 619 551 providentiae-
629 501 819 548 Quamvis
835 501 949 538 etiam
962 501 1034 538 dici
1043 500 1174 550 possit,
1183 501 1289 550 quod
1304 501 1385 550 ipsa

319 554 412 592 ratio
433 567 561 592 rerum
587 554 821 602 agendarum
851 554 1046 591 consilium
1067 554 1105 591 in
1124 555 1209 591 Deo
1235 554 1383 601 dicitur3

318 620 397 645 non
424 616 581 657 propter
609 607 904 657 inquisitionem,
935 607 1002 644 sed
1022 615 1179 656 propter
1199 607 1385 645 certitudi-

318 673 408 698 nem
424 667 431 682 ¹
448 661 681 709 cognitionis,
703 662 751 698 ad
767 673 882 709 quam
899 660 1139 697 consiliantes
1158 660 1384 708 inquirendo

317 714 555 763 perveniunt.
572 714 683 752 Unde
705 714 838 751 dicitur
852 710 1060 762 Ephes.1*:
1087 714 1161 755 Qui
1174 719 1187 734 ³‘
1207 720 1386 762 operatur

319 768 447 804 omnia
474 768 680 804 secundum
710 767 905 804 consilium
933 766 1134 803 voluntatis
1161 778 1263 803 suae.

372 822 431 858 An
460 832 650 858 SECUNDUM
687 832 871 857 D1CENDUM
908 820 1013 868 quod
1050 819 1099 857 ad
1139 831 1270 856 curam
1307 819 1384 856 duo

318 874 522 923 pertinent:
553 873 692 910 scilicet
720 873 816 910 ratio
846 873 998 918 ordinis,
1019 884 1118 921 quae
1148 872 1281 909 dicitur
1298 884 1386 921 pro—

318 927 485 964 videntia
514 935 549 964 et
568 925 580 947 λ
605 926 817 975 dispositio;
843 934 878 963 et
903 926 1072 963 executio
1102 925 1258 971 ordinis,
1286 937 1385 974 quae

373 1044 391 1076 ι)
411 1041 606 1067 certitudinem.
625 1054 644 1059 -
662 1041 847 1065 rectitudinem
868 1041 971 1066 codices
991 1046 1016 1066 et
1034 1048 1050 1065 a
1061 1041 1084 1065 b.
1101 1055 1122 1060 ·-
1141 1040 1191 1065 Pro
1209 1040 1388 1069 consiliantes,

318 1078 502 1104 consiliatores
521 1077 567 1106 Fa,
587 1075 697 1101 consilia
716 1076 748 1101 G.

371 1115 396 1147 κ)
413 1113 474 1143 Qui.
491 1126 510 1132 -
527 1111 599 1145 quod
617 1111 763 1136 ACDEFG.

1011 262 1278 310 QUAESTIO
1308 263 1432 310 XXII,
1462 262 1759 300 ARTICULUS
1790 263 1820 298 II

1441 342 1575 379 dicitur
1594 341 1828 390 gubernatio.
1848 342 2025 388 Quorum
2041 341 2208 389 primum
2225 349 2279 378 est
2299 350 2508 389 aeternum,

1441 395 1652 432 secundum
1681 396 1904 444 temporale.

1493 451 1551 485 AD
1580 460 1740 485 TERTIUM
1769 460 1953 485 DICENDUM
1988 447 2093 496 quod
2120 447 2363 496 providentia
2391 456 2446 485 est
2470 448 2509 485 in

1439 501 1630 538 intellectu
1657 501 1697 548 ²⁸,
1727 500 1795 538 sed
1822 501 2097 550 praesupponit
2133 502 2370 538 voluntatem
2400 501 2507 538 finis:

1424 553 1564 591 “nullus
1593 554 1695 591 enim
1724 554 1907 603 praecipit
1933 554 1979 591 de
2005 554 2160 602 agendis
2183 562 2339 603 propter
2367 554 2507 601 finem,

1439 607 1508 645 nisi
1527 607 1620 645 velit
1638 608 1769 644 finem.
1791 607 1904 645 Unde
1925 615 1960 644 et
1978 607 2179 656 prudentia
2198 607 2472 656 praesupponit
2490 614 2510 636 1⁴²

1438 660 1594 698 virtutes
1624 661 1800 707 morales,
1830 673 1899 710 per
1927 673 2022 709 quas
2042 661 2229 710 appetitus
2257 673 2297 697 se
2326 661 2442 698 habet
2461 661 2508 698 ad

1440 714 1599 760 bonum,
1616 721 1657 750 ut
1673 714 1808 751 dicitur
1821 714 1859 751 in
1878 714 1929 751 VI
1944 714 2064 751 Ethic.
2077 713 2131 741 ³³⁶-
2154 715 2203 751 Et
2221 722 2351 751 tamen
2371 714 2402 750 si
2421 726 2509 763 pro-

1438 766 1608 804 videntia
1637 778 1682 803 ex
1711 767 1859 816 aequali
1888 767 2091 816 respiceret
2118 768 2356 804 voluntatem
2392 775 2427 804 et
2455 767 2511 804 in-

1439 819 1632 856 tellectum
1661 819 1846 866 divinum,
1875 821 1950 860 hoc
1980 828 2078 857 esset
2106 821 2250 870 absque
2281 820 2509 858 detrimento

1441 871 1592 909 divinae
1621 872 1885 921 simplicitatis;
1916 886 2004 911 cum
2033 874 2210 911 voluntas
2241 882 2277 911 et
2301 874 2510 912 intellectus

1440 924 1478 962 in
1507 926 1593 962 Deo
1622 925 1695 962 sint
1722 925 1839 972 idem,
1868 934 1910 963 ut
1939 938 2054 975 supra
2081 926 2101 948 '¹‘
2131 927 2273 964 dictum
2303 936 2370 965 est.

1445 1111 1463 1136 d
1496 1038 1525 1135 ἐξ
1544 1042 1623 1135 2ῑὲιὲ
1634 1039 1675 1099 νεετι
1683 1039 1832 1107 {rigentia
1847 1075 2051 1107 praesupponit.
2065 1089 2083 1094 -
2101 1074 2176 1101 Unde
2190 1078 2386 1110 praesupponit
2403 1082 2430 1104 et
2444 1087 2512 1111 pru-

1463 1117 1494 1135 en
1509 1117 1536 1135 ια
1576 1117 1593 1135 a

1001 1199 1332 1232 Commenta-ria
1356 1198 1606 1232 Cardjnahs
1629 1198 1829 1232 Caietam

380 1302 487 1323 ITULUS
504 1291 605 1322 clarus
625 1297 679 1321 est.
698 1307 718 1312 -
741 1289 776 1320 In
801 1299 933 1330 corpore
959 1288 1050 1320 unica
1075 1296 1121 1320 est
1144 1289 1317 1325 conclusio,
1343 1298 1388 1319 re-

322 1305 529 1377 Tsponsiva
553 1335 695 1376 quaesito
726 1333 927 1365 affirmative:
957 1333 1092 1364 Necesse
1120 1340 1167 1364 est
1194 1343 1261 1364 esse
1284 1333 1388 1373 provi-

322 1381 460 1412 dentiam
476 1380 510 1411 in
525 1380 606 1411 Deo.

379 1426 420 1456 Et
443 1425 602 1465 probatur.
629 1423 734 1454 Omne
758 1423 882 1453 bonum
904 1422 992 1463 quod
1009 1429 1055 1453 est
1070 1422 1102 1452 in
1119 1422 1222 1459 rebus,
1248 1429 1294 1453 est
1309 1431 1390 1452 crea-

321 1477 391 1501 tum
415 1480 432 1499 a
456 1470 541 1500 Deo:
567 1478 641 1508 ergo
659 1468 782 1498 bonum
799 1467 918 1497 ordinis
934 1476 1041 1497 rerum
1056 1467 1089 1496 in
1105 1466 1219 1502 finem,
1251 1473 1281 1497 et
1304 1476 1389 1506 prae-

322 1514 414 1555 cipue
445 1513 614 1549 ultimum‚
647 1518 693 1543 est
720 1518 860 1542 creatum
889 1521 907 1542 a
936 1511 1025 1541 Deo:
1057 1520 1131 1551 ergo
1159 1511 1238 1542 ratio
1270 1510 1389 1541 ordinis

321 1568 428 1589 rerum
451 1558 483 1588 in
506 1557 622 1593 finem,
653 1556 686 1586 in
709 1563 815 1587 mente
845 1555 952 1586 divina
975 1555 1168 1596 praeexistit:
1194 1565 1269 1596 ergo
1292 1555 1325 1585 in
1349 1565 1387 1585 eo

322 1610 368 1634 est
391 1601 598 1643 providentia.

377 1646 574 1677 Antecedens
598 1651 724 1686 patet.-
739 1644 844 1675 Prima
867 1654 942 1674 vero
967 1643 1193 1684 consequentia
1215 1644 1387 1684 probatur:

321 1690 397 1732 quia
419 1691 452 1721 in
475 1691 568 1721 rebus
597 1689 705 1720 creatis
729 1699 796 1720 non
819 1689 927 1719 solum
949 1688 1108 1719 invenitur
1131 1687 1255 1719 bonitas
1279 1698 1389 1719 secun-

322 1736 399 1766 dum
424 1733 613 1766 substantias
636 1743 752 1769 rerum,
777 1733 832 1764 sed
858 1733 1034 1764 secundum
1058 1733 1204 1763 ordinem
1227 1742 1337 1763 earum
1355 1732 1389 1763 in

321 1779 428 1816 finem,
454 1786 484 1810 et
507 1777 675 1820 praecipue
698 1777 860 1809 ultimum.
874 1777 1052 1808 -Secunda
1080 1784 1187 1808 autem
1217 1777 1387 1818 probatur:

322 1823 396 1865 quia
415 1823 502 1854 Deus
522 1829 568 1854 est
584 1832 677 1853 causa
700 1832 806 1853 rerum
829 1831 885 1863 per
907 1821 1262 1852 intellectum.-Tertia
1281 1828 1388 1852 autem

321 1868 474 1908 probatur
495 1877 532 1898 ex
550 1866 618 1907 ipsa
634 1865 816 1897 definitione
833 1865 1068 1906 providentiae:
1100 1866 1175 1907 quia
1204 1865 1330 1897 scilicet
1343 1872 1389 1896 est

321 1913 406 1943 ratio
429 1912 552 1943 ordinis
574 1921 685 1942 rerum
709 1912 741 1941 in
763 1911 878 1952 finem.

376 1957 417 1987 Et
429 1956 625 1987 declarantur
643 1955 785 1995 singulae
800 1954 981 1995 particulae.
993 1954 1111 1990 Primo,
1128 1954 1218 1995 quod
1233 1954 1273 1985 sit
1288 1955 1389 1984 ratio:

321 2001 396 2042 quia
419 2008 465 2031 est
487 1999 668 2041 principalis
692 2009 763 2040 pars
782 1998 976 2039 prudentiae.
1002 1998 1159 2035 Secundo,
1177 1998 1267 2040 quod
1283 1998 1322 2030 sit
1337 2008 1388 2029 or-

320 2045 405 2076 dinis
427 2046 459 2075 in
473 2045 599 2086 finem:
624 2043 699 2085 quia
722 2043 890 2084 proprium
913 2043 1098 2084 prudentiae
1123 2050 1169 2074 est
1191 2042 1336 2074 ordinare
1355 2042 1388 2073 in

319 2089 427 2120 finem.
447 2089 567 2125 Tertio,
584 2088 674 2130 quod
692 2088 731 2119 sit
746 2095 875 2119 rerum:
899 2097 935 2118 ex
954 2087 1127 2118 differentia
1149 2087 1229 2118 inter
1252 2087 1389 2127 pruden-

319 2134 398 2164 tiam
417 2133 627 2164 monasticam
646 2139 677 2163 et
699 2132 942 2163 oeconomicam
962 2132 1012 2162 vel
1029 2131 1208 2172 politicam:
1233 2131 1390 2172 quoniam

320 2178 374 2208 illa
397 2185 443 2209 est
465 2178 545 2209 ratio
569 2177 688 2208 ordinis
718 2176 923 2217 propriorum
955 2183 1086 2207 actuum
1116 2176 1156 2206 ad
1186 2175 1284 2207 finem
1306 2175 1389 2207 vitae

321 2232 405 2259 suae,
430 2222 488 2253 ista
510 2232 586 2252 vero
611 2228 657 2253 est
679 2221 759 2252 ratio
784 2221 903 2251 ordinis
926 2220 1144 2251 subiectorum
1168 2220 1227 2251 sibi
1242 2220 1275 2251 in
1291 2219 1389 2251 finem

321 2276 451 2303 eorum,
476 2273 512 2297 ut
534 2273 620 2307 patet
642 2266 731 2296 Matt.
751 2275 832 2295 xxxv.
858 2265 905 2295 Ex
927 2264 986 2295 hac
1010 2264 1096 2295 enim
1119 2264 1319 2295 distinctione
1343 2274 1389 2294 se-

321 2310 430 2352 quitur
460 2311 548 2351 quod
571 2308 771 2351 providentia
794 2308 900 2339 divina
931 2318 997 2339 non
1030 2315 1077 2339 est
1104 2318 1175 2348 pars
1204 2307 1389 2348 prudentiae

322 2353 531 2385 monasticae:
556 2353 710 2404 quoniam
729 2353 787 2384 ista
806 2352 1011 2393 impossibilis
1036 2358 1082 2383 est
1105 2352 1192 2388 Deo,
1217 2351 1291 2393 quia
1310 2352 1389 2382 nihil

321 2399 415 2430 habet
437 2398 610 2429 ordinabile
633 2398 666 2428 in
689 2397 797 2428 finem.
828 2397 889 2428 Sed
916 2404 963 2428 est
985 2406 1057 2437 pars
1085 2396 1270 2437 prudentiae
1298 2396 1389 2437 quasi

1443 1288 1598 1328 politicae,
1612 1289 1714 1319 immo
1732 1289 1960 1320 monarchicae.
1979 1290 2019 1320 Et
2035 1297 2266 1332 consequenter
2282 1299 2408 1332 oportet
2423 1292 2513 1333 quod

1443 1333 1482 1363 sit
1498 1332 1647 1363 ordinans
1664 1343 1711 1363 res
1728 1333 1788 1373 ipsi
1809 1333 1986 1364 subiectas·
1979 1345 2010 1364 m
2029 1345 2104 1365 suos
2121 1334 2208 1366 fines.
2219 1335 2288 1366 -Et
2307 1335 2513 1368 confirmatur

1442 1377 1519 1408 haec
1536 1376 1678 1408 definitio
1695 1378 1879 1408 auctoritate
1903 1378 2015 1414 Boetii‚
2041 1387 2116 1410 etc.:
2140 1386 2170 1410 et
2191 1389 2228 1410 ex
2244 1379 2416 1411 differentia
2431 1380 2512 1412 inter

1442 1421 1675 1462 providentiam
1695 1428 1725 1452 et
1743 1422 1990 1462 dispositionem.

1501 1466 1539 1496 11.
1564 1465 1656 1497 Circa
1680 1463 2143 1506 definitionem'providentiae,
2161 1468 2295 1499 dubium
2315 1468 2440 1500 difficile
2460 1479 2511 1501 oc-

1444 1510 1552 1541 currit:
1570 1520 1620 1547 an,
1638 1520 1712 1541 cum
1729 1511 1843 1542 dicitur
1861 1511 1984 1542 ordinis
2007 1522 2116 1542 rerum
2136 1513 2167 1542 in
2185 1513 2302 1554 finem,
2321 1513 2513 1554 intelligatur

1443 1561 1473 1585 et
1491 1554 1559 1595 ipse
1579 1555 1659 1585 ordo
1674 1554 1707 1585 in
1724 1554 1830 1592 finem,
1848 1562 1879 1586 et
1896 1558 2063 1596 perventio
2087 1557 2130 1587 ad
2142 1557 2248 1597 finem
2255 1567 2270 1595 ;
2294 1558 2429 1588 anordo
2445 1565 2513 1589 tan-

1442 1605 1523 1630 tum.
1541 1599 1598 1630 Est
1611 1606 1718 1630 autem
1734 1599 1814 1630 ratio
1829 1600 2004 1636 dubitandi,
2019 1601 2093 1642 quia
2110 1611 2253 1641 expresse
2269 1601 2302 1632 in
2318 1602 2512 1642 quaestioni-

1443 1644 1502 1674 bus
1526 1644 1566 1674 de
1586 1644 1668 1680 Ver„
1691 1654 1746 1684 qu.
1763 1654 1804 1680 νι,
1821 1651 1876 1676 art.
1900 1655 1925 1681 1,
1943 1645 2057 1676 dicitur
2072 1645 2161 1686 quod
2185 1645 2383 1685 providentia
2407 1646 2512 1678 divina

1443 1695 1489 1719 est
1504 1687 1583 1719 ratio
1598 1688 1718 1718 ordinis
1732 1688 1766 1719 in
1778 1688 1885 1725 finem,
1899 1696 1930 1720 et
1945 1699 2011 1720 non
2026 1697 2167 1726 eventus,
2181 1689 2262 1721 idest
2276 1691 2510 1723 consecutionis

1442 1732 1542 1772 ipsius
1565 1731 1646 1764 finis.
1680 1733 1716 1763 In
1739 1733 1944 1774 sequentibus
1967 1740 2075 1765 autem
2103 1733 2222 1774 pluries
2250 1734 2383 1766 habetur
2405 1744 2510 1776 oppo-

1443 1776 1550 1813 situm,
1575 1784 1606 1808 et
1628 1776 1660 1807 in
1685 1777 1829 1818 sequenti
1853 1777 1986 1808 articulo
2010 1777 2041 1808 in
2066 1777 2274 1818 responsione
2297 1779 2337 1809 ad
2366 1788 2399 1816 1,
2424 1785 2456 1811 et
2477 1778 2512 1811 in

1443 1828 1498 1852 art.
1519 1830 1542 1861 4
1564 1821 1769 1861 apertissime,
1786 1829 1816 1852 et
1837 1821 1870 1852 in
1891 1828 1947 1853 art.
1965 1823 1984 1852 6
2001 1821 2161 1864 sequentis
2185 1822 2394 1863 quaestionis;
2417 1822 2462 1855 iu
2476 1830 2514 1856 ut

1443 1875 1509 1896 non
1529 1865 1569 1896 sit
1587 1865 1677 1896 locus
1696 1865 1891 1896 inficiationi.

1501 1909 1553 1940 111.
1577 1909 1627 1939 Ad
1651 1909 1712 1940 hoc
1736 1909 1878 1946 breviter,
1898 1909 2017 1941 iudicio
2041 1919 2125 1946 mee,
2146 1911 2317 1950 dicendum
2340 1917 2396 1947 est,
2423 1911 2514 1953 quod

1442 1956 1565 1985 Auctor
1581 1954 1716 1985 mutavit
1738 1954 1926 1985 sententiam
1943 1954 1977 1985 in
2000 1955 2130 1991 melius;
2156 1962 2187 1986 et
2209 1955 2241 1986 id
2266 1956 2304 1986 de
2328 1961 2434 1987 mente
2455 1965 2514 1988 sua

1443 1998 1618 2030 tenendum
1641 2005 1697 2034 est,
1715 1999 1804 2040 quod
1820 1998 1903 2035 hinc,
1921 2006 1952 2029 et
1967 2009 2003 2029 ex
2019 1999 2060 2029 111
2083 1999 2205 2031 Contra
2222 1999 2325 2036 Gent„
2346 2010 2415 2041 cap.
2431 2009 2512 2038 xcxv,

1443 2043 1589 2074 habetur:
1608 2042 1725 2074 scilicet
1740 2043 1829 2084 quod
1852 2043 2051 2084 providentia
2070 2050 2116 2074 est
2132 2043 2211 2075 ratio
2229 2043 2348 2075 ordinis
2363 2043 2396 2075 in
2415 2043 2514 2076 finem

1443 2087 1549 2128 quoad
1565 2092 1746 2128 utrumque,
1766 2087 1883 2118 scilicet
1902 2087 2109 2118 ordinationis
2133 2095 2165 2119 et
2188 2086 2514 2120 consecutionis.—Et

1443 2131 1504 2162 hoc
1527 2131 1744 2162 rationabilius
1769 2138 1823 2162 est.
1850 2131 2015 2169 Quoniam
2038 2132 2235 2172 providentia
2259 2133 2299 2163 ad
2314 2133 2514 2164 voluntatem

1443 2176 1501 2207 Dei
1519 2182 1767 2216 consequentem
1783 2183 1914 2216 spectat;
1932 2183 1962 2207 et
1977 2177 2016 2207 ad
2032 2176 2142 2207 omnia
2158 2177 2404 2218 quomodolibet
2419 2176 2512 2215 entia,

1444 2227 1480 2252 ut
1494 2220 1527 2250 in
1543 2219 1749 2260 sequentibus
1759 2220 1776 2239 *
1788 2220 1916 2260 patebit,
1930 2230 1962 2250 se
1979 2221 2117 2252 extendit
2132 2229 2168 2252 ut
2185 2231 2278 2252 causa
2294 2231 2350 2262 per
2365 2231 2408 2253 se.
2425 2221 2513 2254 Cum
2539 2226 2550 2237 ·

1442 2264 1491 2295 his
1507 2263 1594 2294 enim
1610 2274 1676 2294 non
1692 2270 1752 2294 stat
1768 2264 2001 2304 providentiam
2025 2265 2171 2296 ordinem
2195 2273 2321 2297 tantum
2339 2265 2510 2307 respicere:

1444 2307 1487 2339 sic
1504 2307 1589 2338 enim
1606 2307 1706 2338 multa
1722 2314 1844 2348 praeter
1861 2308 1965 2348 ipsam
1983 2308 2155 2345 evenirent;
2173 2309 2254 2340 sicut
2270 2310 2308 2340 de
2325 2309 2407 2341 facto
2423 2319 2513 2351 prae*

1444 2359 1490 2383 ter
1509 2362 1614 2383 rerum
1639 2351 1785 2382 ordinem
1809 2352 1973 2388 eveniunt,
1999 2353 2054 2383 sed
2078 2363 2144 2384 non
2168 2360 2290 2394 praeter
2314 2354 2459 2385 ordinem
2482 2360 2514 2386 et

1445 2403 1604 2427 eventurn.

1094 2551 1412 2594 ARTICULUS
1443 2550 1741 2594 SECUNDUS

798 2644 955 2675 UTRUM
978 2642 1120 2675 οΜΝιΑ
1143 2643 1240 2674 smT
1263 2642 1476 2675 SUBIECTA
1499 2643 1676 2674 DIVINAE
1700 2643 2025 2675 PROVIDENTIAE

454 2734 528 2764 Infra,
548 2741 593 2766 qu.
607 2741 661 2764 cm,
681 2739 728 2758 art.

767 2733 801 2757 ·1
823 2733 904 2762 Sent.,
925 2732 984 2758 dist.
1002 2740 1084 2762 xxxix,
1104 2740 1148 2765 qu.
1163 2740 1190 2763 11,
1210 2737 1256 2757 art.
1271 2739 1298 2762 ας
1318 2731 1350 2757 111
1365 2732 1442 2758 Cont.
1459 2733 1545 2760 Geni„
1565 2739 1622 2765 cap.
1636 2739 1653 2762 ι,
1673 2740 1738 2759 ιιιιν
1754 2740 1826 2759 Lxxv
1846 2740 1923 2763 xcrv;
1945 2733 1986 2758 De
2005 2733 2092 2763 Verit..
2113 2741 2156 2767 qu.
2169 2741 2193 2764 v,
2213 2739 2259 2760 art.
2275 2741 2287 2759 2
2308 2742 2377 2768 sqq.;

522 2752 665 2802 ⁷Compend.
690 2767 786 2795 Theol.
806 2775 962 2801 cnp.cxx111‚
981 2775 1052 2798 cxxx
1073 2775 1169 2799 cxxxn;
1189 2767 1289 2800 Opusc.
1307 2768 1363 2798 XV,
1383 2768 1426 2793 De
1442 2767 1560 2801 Angelis,
1579 2775 1634 2800 cap.
1647 2774 1700 2797 xm,
1714 2775 1764 2798 x1v,
1779 2775 1825 2798 xv;
1847 2768 1888 2794 De
1907 2768 1970 2794 Div.
1982 2769 2071 2798 Nom„
2091 2776 2146 2802 cap.
2160 2776 2197 2800 m,
2213 2770 2271 2795 lect.
2285 2777 2304 2796 1.

355 2874 445 2902 ),1θ

353 2879 509 2930 55<

358 2903 363 2909 .
384 2894 407 2914 ἢ
440 2889 466 2904 ,,
532 2869 555 2894 n
571 2869 759 2895 SECUNDUM
775 2869 828 2894 sic
843 2868 1082 2894 PaocamrUR.
1104 2856 1264 2894 Videtur
1277 2857 1384 2916 quod

352 2900 502 2978 22HK2
533 2922 612 2948 non
640 2911 771 2948 omnia
799 2910 872 2948 sint
891 2910 1058 2948 subiecta
1078 2909 1230 2948 divinae
1257 2910 1385 2959 provi-

337 2945 392 3020 'sp
436 2990 439 2993 r
479 2961 693 3004 (dentiae.
715 2964 874 3000 Nullum
895 2963 997 3000 enim
1016 2963 1215 3013 provisum
1237 2971 1293 3000 est
1311 2964 1384 3000 for-

324 3027 336 3038 ⁷
376 3032 386 3046 «κ
489 3008 518 3049 N<
532 3024 682 3054 tultum
722 3017 761 3053 Si
791 3029 879 3064 ergo
910 3017 1039 3054 omnia
1068 3025 1155 3054 sunt
1181 3016 1335 3066 provisa
1363 3029 1385 3053 a

321 3069 422 3116 Deo,
453 3068 543 3107 nihil
577 3069 645 3107 erit
676 3069 887 3107 fortuitum:
918 3077 954 3107 et
989 3070 1042 3107 sic
1073 3070 1170 3119 perit
1202 3082 1312 3107 casus
1351 3077 1386 3106 et

320 3122 482 3160 fortuna.
513 3123 631 3170 Quod
651 3131 707 3160 est
726 3131 857 3160 contra
877 3136 1126 3161 communem
1146 3123 1383 3173 opinionem.

375 3186 411 3213 2.
439 3176 673 3223 PRAETEREA,
703 3177 828 3214 omnis
858 3177 1007 3225 sapiens
1027 3177 1204 3226 provisor
1223 3175 1386 3214 excludit

322 3227 512 3266 defectum
541 3236 578 3266 et
605 3230 762 3275 malum,
783 3238 968 3279 quantum
988 3238 1124 3279 potest,
1145 3230 1194 3268 ab
1213 3229 1270 3267 his
1290 3241 1385 3289 quo-

321 3292 405 3318 rum
436 3294 566 3320 curam
594 3283 698 3331 gerit.
728 3282 915 3320 Videmus
943 3290 1070 3320 autem
1089 3283 1208 3321 multa
1226 3282 1356 3320 mala
1347 3294 1386 3319 in

322 3334 434 3371 rebus
461 3347 556 3374 esse.
585 3338 662 3373 Aut
689 3336 799 3384 igitur
818 3337 922 3373 Deus
943 3349 1021 3374 non
1039 3344 1165 3385 potest
1194 3349 1238 3374 ea
1265 3335 1386 3395 impe·

323 3386 414 3435 dire,
436 3395 471 3424 et
491 3388 544 3425 sic
563 3401 642 3426 non
662 3397 717 3426 est
737 3389 997 3439 omnipotens:
1019 3398 1083 3427 aut
1102 3402 1181 3427 non
1200 3389 1248 3427 de
1263 3388 1384 3426 omni-

322 3438 394 3477 bus
424 3453 554 3478 curam
583 3442 708 3480 habet.

378 3554 404 3585 α)
424 3562 490 3587 quae
509 3562 546 3580 ex
564 3556 718 3581 necessitate
732 3557 895 3582 eveniunt·
877 3564 940 3582 -ea
959 3564 1026 3589 quae
1045 3564 1081 3582 ex
1096 3557 1248 3583 necessitate
1262 3556 1386 3582 eveniunt

323 3589 424 3614 codices
444 3595 468 3614 et
487 3591 526 3614 ed.
539 3598 564 3615 a.
577 3592 660 3616 -Ριο
670 3592 868 3624 prouidentiam
888 3599 933 3618 seu
948 3592 1131 3624 prudentiam,
1145 3592 1320 3625 prudentiam
1339 3598 1384 3616 seu

317 3624 517 3656 providentiam
537 3626 648 3652 codices.

1494 2857 1528 2894 3.
1559 2857 1797 2903 PRAETEREA,
1828 2869 1924 2905 quae
1955 2869 2001 2894 ex
2028 2857 2250 2895 necessitate
2280 2858 2460 2897 eveniunt
2477 2865 2509 2906 ⁸,

1438 2908 1718 2959 providentiam
1739 2922 1805 2946 seu
1825 2910 2067 2958 prudentiam
2088 2923 2166 2948 non
2192 2911 2409 2960 requirunt:
2438 2923 2509 2950 un-

1440 2962 1505 3009 de,
1536 2962 1748 3000 secundum
1777 2963 2057 3013 Philosophum
2086 2963 2125 3001 in
2143 2964 2194 3001 Vl
2214 2964 2336 3001 Ethic.
2357 2963 2388 3011 ²⁸²,
2417 2976 2509 3014 pru·

1441 3015 1567 3054 dentia
1596 3024 1651 3053 est
1678 3024 1780 3053 recta
1813 3017 1906 3053 ratio
1941 3017 2260 3065 contingentium,
2292 3017 2340 3055 de
2368 3017 2508 3066 quibus

1441 3077 1495 3107 est
1511 3069 1710 3107 consilium
1731 3077 1767 3106 et
1786 3070 1930 3108 electio.
1953 3070 2054 3107 Cum
2074 3069 2183 3118 igitur
2203 3071 2321 3108 multa
2339 3070 2376 3108 in
2394 3072 2508 3110 rebus

1401 3161 1407 3165 ,
1439 3134 1486 3160 ex
1514 3122 1735 3160 necessitate
1766 3123 1956 3171 eveniant,
1977 3135 2056 3161 non
2085 3123 2215 3161 omnia
2243 3124 2507 3173 providentiae

1439 3175 1666 3213 subduntur.

1492 3240 1528 3276 4.
1557 3230 1788 3275 PRAETEREA,
1810 3229 2041 3278 quicumque
2061 3227 2079 3258 β
2108 3229 2304 3267 dimittitur
2323 3229 2406 3278 sibi,
2426 3242 2507 3268 non

1439 3282 1569 3319 subest
1596 3282 1858 3342 providentiae
1879 3282 2034 3320 alicuius
2054 3283 2309 3330 gubernantis.
2341 3284 2419 3321 Sed
2436 3284 2507 3321 ho-

1439 3334 1562 3372 mines
1591 3335 1658 3372 sibi
1683 3335 1774 3384 ipsis
1803 3335 2039 3373 dimittuntur
2067 3348 2089 3372 a
2117 3337 2201 3373 Deo
2230 3342 2262 3383 7,
2293 3336 2506 3374 secundum

1438 3388 1530 3425 illud
1557 3388 1672 3425 Eccli.
1693 3401 1741 3426 xv
1759 3388 1794 3425 *:
1824 3390 1928 3425 Deus
1955 3389 2004 3425 ab
2041 3389 2144 3426 initio
2176 3390 2363 3427 constituit
2387 3389 2507 3427 homi-
2532 3393 2544 3405 '

1439 3453 1536 3487 nem,
1558 3447 1594 3478 et
1611 3441 1759 3490 reliquit
1776 3453 1861 3478 eum
1882 3441 1918 3478 in
1939 3453 2055 3478 manu
2076 3443 2221 3479 consilii
2236 3443 2314 3485 sui,·
2334 3450 2370 3480 et
2389 3439 2403 3465 ³
2421 3454 2505 3492 spe-

1494 3554 1519 3588 β)
1538 3556 1702 3588 quicumque.
1720 3569 1739 3574 -
1758 3555 1887 3588 quidquid
1906 3555 1936 3580 D.

1493 3590 1520 3624 γ)
1540 3598 1557 3615 a
1576 3591 1642 3616 Deo.
1660 3604 1679 3610 -
1697 3594 1723 3615 et
1740 3591 1916 3616 communiter
1934 3598 2023 3616 omnes
2042 3591 2140 3617 addunt
2157 3590 2253 3616 DFGa.

1493 3625 1518 3658 δ)
1538 3629 1571 3651 et.
1589 3639 1608 3645 -
1627 3626 1688 3651 Om.
1707 3625 1761 3651 AC.
1778 3639 1797 3645 -
1815 3626 1877 3651 Post
1897 3626 1963 3652 iliud
1981 3627 2025 3652 ΑΒ
2045 3627 2143 3652 addunt
2159 3626 2269 3652 Psalmi.

2535 510 2545 520 ·
2560 510 2588 532 D.
2604 516 2666 538 1077.

2635 615 2649 641 Ρ

2537 718 2751 768 “gas-:iirg-

2539 916 2613 945 Qu.
2622 922 2671 944 xxx,
2681 920 2725 939 art.
2739 922 2758 944 ις

2539 933 2676 971 embada.
