2768 4178
37 791 48 802 ⁸
63 790 95 813 Ca
114 802 121 812 s
131 796 164 814 ιι.
175 802 186 807 -
195 789 251 812 Did.

36 817 96 871 ¹33²}-
120 833 127 844 ,
142 822 194 845 cap.
209 822 250 844 ιιι,

11 2279 15 2285 «
40 2270 51 2282 ”
65 2269 133 2293 νεα.
147 2275 182 2300 ²3·

6 2637 8 2669 s
36 2649 175 2678 *mexxm
181 2652 224 2671 art.
230 2655 252 2678 3.

13 2813 17 2823 ‘
39 2808 132 2858 boffa
146 2815 170 2831 v.
185 2820 196 2825 -
216 2807 253 2830 Cf.

39 2862 132 2890 Arsam,
146 2867 199 2890 cap.
208 2867 240 2884 w.

952 228 1220 274 QUAESTIO
1251 229 1391 277 XLIII,
1421 230 1718 268 ARTICULUS
1749 231 1800 267 IV

2388 242 2467 279 449

275 305 430 342 rationali,
452 313 482 337 et
498 307 676 336 secundum
700 316 775 336 eum
797 306 884 336 Deus
900 306 967 346 ipse
983 307 1145 346 attingitur
1164 307 1347 347 operatione
1404 306 1477 349 (nisi
1498 307 1724 351 communiter)
1745 310 1949 340 concedimus
1969 310 2110 341 existenti
2128 310 2161 340 in
2184 318 2312 350 peccato
2333 310 2470 348 mortali,

278 356 456 386 creaturae,
489 350 631 390 sequitur
662 351 750 391 quod
782 350 934 380 excellens
964 350 1016 380 ille
1045 352 1162 381 modus
1186 351 1347 392 quaesitus

277 393 358 423 infra
385 394 586 425 latitudinem
615 394 705 425 istius
734 394 942 425 contineatur.
970 395 1011 425 Et
1034 395 1085 425 hic
1108 405 1218 425 sensus
1243 401 1348 435 aperte

278 438 492 477 praetenditur
513 438 547 468 in
569 438 681 469 littera.

339 482 380 512 Et
403 482 447 513 sic
474 489 560 522 patet
588 482 667 512 nihil
695 483 818 513 obstare
847 481 1060 512 obiectionem
1088 482 1217 513 secundi
1248 483 1347 513 dubii.

280 526 445 563 Quoniam
469 533 529 557 stat
552 527 641 567 quod
660 526 700 557 sit
714 536 787 556 vera
811 536 904 557 causa
927 526 1089 566 assignans
1112 527 1280 567 proprium
1295 537 1347 566 ge-

279 580 350 606 nus,
375 576 406 600 et
427 577 535 601 tamen
558 581 625 600 non
647 570 740 606 valet,
765 579 845 610 ergo
870 570 922 600 ubi
946 575 992 600 est
1016 571 1072 600 illa
1097 581 1212 608 causa,
1238 571 1280 601 ibi
1302 576 1349 601 est

280 614 337 644 illa
352 615 484 655 species,
501 615 565 651 sed,
583 624 662 655 ergo
679 614 721 644 ibi
737 620 784 645 est
799 614 882 644 illud
895 622 1019 655 genus:
1038 614 1110 645 licet
1126 615 1211 645 enirn
1227 616 1350 645 animal

280 657 320 688 sit
342 658 510 698 proprium
524 658 626 688 leonis
649 667 759 698 genus,
777 658 935 688 invenitur
951 664 1057 688 tamen
1078 665 1161 689 extra
1176 659 1313 689 leonem.
1327 677 1348 681 -

279 701 321 732 Et
343 702 499 743 quoniam
523 701 627 733 omnis
659 702 778 742 species
807 702 1010 733 constituitur
1037 701 1210 734 differentia
1237 713 1294 743 per
1316 712 1348 733 se

279 746 328 776 sui
351 746 492 786 generis,
518 752 548 777 et
570 755 638 776 non
661 746 834 776 differentia
862 756 918 786 per
941 746 1100 784 accidens,
1125 754 1161 778 ut
1184 754 1270 787 patet
1292 747 1349 778 VII

278 791 463 831 Metaphys.
480 789 514 827 *;
538 790 612 820 ideo
629 800 666 820 ex
684 790 747 821 hoc
762 791 852 831 quod
867 797 998 831 quartus
1015 791 1068 821 ille
1083 792 1200 822 modus
1216 798 1262 822 est
1277 801 1349 831 pro-

278 833 386 874 prium
407 844 508 874 genus
531 834 622 865 istius
646 834 738 871 novi,
763 842 889 875 oportet
911 836 1001 876 quod
1025 836 1082 866 iste
1106 846 1209 866 novus
1233 836 1349 866 modus

279 877 429 908 consistat
455 878 490 908 in
519 877 691 909 differentia
719 878 779 909 Dei
807 884 843 909 ut
869 881 970 910 amati
992 885 1023 910 et
1045 881 1174 921 cogniti.
1205 880 1246 911 Et
1275 890 1349 911 cum

277 921 375 958 Deus,
400 928 436 953 ut
454 929 578 953 amatus
602 929 633 953 et
656 922 812 963 cognitus,
837 929 959 964 praeter
982 934 1189 954 communem
1212 924 1349 954 modum

278 975 345 996 non
368 966 408 996 sit
431 966 491 996 nisi
515 977 581 997 uno
606 967 723 1003 modo,
748 966 932 1007 simpliciter
954 968 1128 1009 loquendo,
1154 967 1271 999 scilicet
1293 977 1350 1008 per

278 1009 439 1041 caritatem
462 1020 518 1041 seu
541 1011 674 1053 gratiam
697 1011 944 1042 sanctificantem
962 1013 1120 1052 templum
1134 1020 1246 1048 suum;
1272 1022 1347 1042 con-

278 1063 415 1095 sequens
439 1061 485 1086 est
507 1056 597 1096 quod
620 1065 658 1086 ex
679 1055 734 1086 illa
757 1066 851 1086 causa
877 1056 1030 1087 habeatur
1058 1057 1153 1087 etiam
1180 1056 1347 1092 exclusiva,

280 1098 318 1129 de
342 1109 406 1140 qua
430 1106 476 1130 est
499 1099 628 1130 tertium
651 1100 796 1131 dubium.

339 1145 381 1174 At
404 1143 429 1173 si
453 1143 565 1174 dixeris
588 1144 677 1185 quod
707 1143 740 1174 in
767 1144 869 1175 littera
892 1154 959 1174 non
981 1144 1114 1175 habetur
1143 1145 1233 1185 quod
1261 1144 1348 1175 Deus

279 1195 346 1217 non
377 1194 424 1218 est
450 1194 573 1228 praeter
601 1197 809 1219 communem
839 1188 976 1219 modum
999 1194 1123 1219 amatus
1153 1188 1213 1218 nisi
1237 1189 1275 1218 ab
1300 1188 1348 1218 his

279 1239 361 1272 quos
385 1231 547 1268 inhabitat,
567 1238 637 1268 etc„
657 1231 767 1263 fateor.
793 1232 855 1263 Sed
877 1239 1040 1263 memento
1057 1232 1146 1273 quod
1162 1234 1284 1263 Auctor
1298 1232 1348 1262 hic

279 1276 444 1317 supponit
456 1276 662 1316 proprietates
681 1277 797 1316 gratiae
821 1283 851 1307 et
874 1276 1024 1307 caritatis:
1049 1283 1080 1306 et
1103 1282 1279 1316 propterea,
1303 1283 1348 1306 ta-

279 1319 347 1351 cifis
369 1319 428 1357 his,
454 1320 592 1351 cucurrit
605 1321 645 1351 ad
661 1320 912 1351 conclusionem.
933 1321 1004 1360 Ipsa
1019 1329 1151 1361 quoque
1171 1319 1348 1350 exercitatio

1403 362 1458 382 seu
1483 359 1567 383 extra
1589 353 1737 393 gratiam:
1764 364 1861 394 quare
1884 354 1955 390 hoc,
1980 354 2069 395 quasi
2093 355 2125 384 in
2149 362 2300 395 promptu
2324 361 2412 390 esset,
2434 364 2470 384 ex

1401 396 1536 436 practica
1559 397 1813 428 subintellectum
1837 405 1892 428 est.

1462 441 1544 471 VIII.
1569 441 1601 471 Si
1625 451 1700 471 vero
1721 441 1759 472 de
1779 452 1888 472 amore
1903 442 1962 472 Dei
1979 452 2044 483 quo
2062 452 2098 472 ex
2117 442 2242 473 caritate
2259 442 2406 482 diligitur,
2423 442 2469 472 in-

1403 491 1610 525 terpretemur
1620 484 1648 521 θ’,
1664 485 1788 516 brevior
1803 492 1849 516 est
1863 485 1922 516 via.
1943 487 1990 516 Ex
2007 496 2045 516 eo
2060 496 2199 526 namque
2215 487 2313 527 quod,
2331 487 2469 516 amando

1404 536 1434 560 et
1458 529 1690 568 cognoscendo,
1709 536 1849 560 creatura
1870 530 2030 560 rationalis
2054 530 2094 560 ad
2113 537 2234 560 tantam
2253 530 2471 561 celsitudinem

1405 572 1601 608 conscendit,
1626 573 1715 613 quod
1738 574 1845 604 Deum
1868 574 1993 613 ipsum,
2019 574 2099 604 idest
2127 574 2303 604 secundum
2326 575 2415 615 quod
2437 574 2470 604 in

1404 627 1437 647 se
1461 624 1507 647 est
1530 627 1567 646 ex
1590 617 1714 647 caritate
1746 617 1939 657 diligendus,
1971 618 2094 658 attingit
2102 626 2110 654 ;
2135 618 2276 658 sequitur
2306 618 2412 649 statim
2441 625 2471 649 et

1404 661 1493 701 quod
1517 661 1694 691 secundum
1717 660 1802 692 hunc
1826 669 1976 702 quartum
1999 662 2135 692 modum
2158 661 2191 692 in
2204 662 2263 693 hac
2279 662 2328 693 sui
2347 662 2471 694 celsitu-

1405 704 1477 734 dine
1500 710 1635 741 tantum,
1660 705 1766 736 divina
1788 706 1927 736 Persona
1951 715 2016 736 non
2040 706 2147 735 solum
2170 706 2288 743 existat,
2309 707 2364 737 sed
2381 705 2470 736 inha-

1404 749 1481 779 bitet
1503 755 1540 779 ut
1562 748 1595 778 in
1619 749 1750 789 templo,
1775 759 1841 790 quo
1866 750 1987 780 actibus
2011 749 2201 789 cognitionis
2225 756 2255 780 et
2277 749 2394 782 amoris
2417 761 2472 781 co-

1403 792 1491 829 litur;
1517 793 1671 833 quoniam
1695 800 1780 824 extra
1802 793 1884 824 hanc
1908 793 2127 824 celsitudinem
2145 804 2212 824 non
2228 793 2390 834 attingitur
2403 794 2473 835 ipse

1405 837 1582 868 secundum
1613 838 1702 878 quod
1725 837 1759 868 in
1782 847 1815 867 se
1839 844 2020 878 est‚‘prout
2043 848 2080 868 ex
2103 837 2230 868 caritate
2253 838 2403 878 diligitur.
2430 839 2473 869 Et

1404 881 1560 921 quoniam
1574 881 1652 912 haec
1668 881 1822 912 celsitudo
1838 888 1868 912 et
1886 881 1949 912 hoc
1965 881 2123 922 templum
2139 882 2207 912 sola
2222 882 2322 922 gratia
2337 882 2381 918 fit,
2398 882 2471 913 ideo

1404 925 1526 965 optime
1549 924 1697 956 infertur:
1722 926 1807 965 Ergo
1832 925 1899 956 sola
1922 926 2020 966 gratia
2043 931 2168 966 gratum
2186 925 2304 956 faciens
2328 933 2374 957 est
2392 926 2471 957 ratio

1404 976 1440 999 ut
1463 969 1549 999 Deus
1573 979 1659 999 novo
1684 970 1784 999 modo
1808 969 1847 1000 sit
1862 969 1895 1000 in
1904 977 2051 1010 xcreatura
2066 969 2220 1001 rationali.
2234 988 2255 992 -
2270 970 2312 1001 Et
2326 970 2369 1001 sic
2385 976 2472 1010 patet

1403 1013 1521 1043 solutio
1546 1013 1710 1054 utriusque
1734 1013 1832 1044 dubii.
2180 1020 2189 1028 '

1464 1053 1516 1088 IX.
1541 1057 1663 1087 Deinde
1687 1058 1839 1097 probatur
1860 1057 1894 1087 in
1916 1058 2018 1089 littera
2048 1064 2266 1098 assumptum,
2297 1059 2335 1089 de
2365 1059 2471 1089 haberi

1403 1101 1577 1132 Personam
1600 1101 1740 1132 divinam
1764 1102 1803 1132 ab
1828 1102 1937 1142 aliquo
1954 1102 1980 1133 *.
2005 1103 2148 1133 Habetur
2167 1103 2274 1133 solum
2289 1113 2355 1143 quo
2374 1103 2470 1134 libere

1404 1145 1475 1185 quis
1499 1152 1604 1185 potest
1631 1146 1678 1176 uti
1700 1146 1751 1175 vel
1774 1145 1854 1176 frui:
1880 1156 1954 1186 ergo
1981 1147 2120 1177 Persona
2143 1146 2248 1177 divina
2277 1147 2345 1177 sola
2372 1147 2470 1187 gratia

1404 1189 1547 1219 habetur.
1564 1207 1582 1212 -
1598 1190 1755 1220 Probatur
1771 1190 1912 1230 sequela:
1938 1191 2014 1231 quia
2029 1200 2085 1230 per
2100 1191 2203 1221 solam
2221 1191 2352 1231 gratiam
2368 1197 2472 1231 potest

1404 1233 1475 1273 quis
1498 1233 1638 1263 Persona
1662 1233 1767 1263 divina
1789 1233 1861 1264 frui.

1462 1277 1501 1307 X.
1526 1277 1674 1307 Tertium
1697 1284 1819 1313 autem,
1849 1278 1965 1308 scilicet
1993 1278 2081 1318 quod
2109 1278 2177 1318 ipsa
2200 1279 2338 1309 Persona
2365 1279 2470 1310 divina

1404 1320 1500 1351 simul
1520 1321 1613 1351 datur
1636 1327 1666 1351 et
1688 1321 1823 1352 mittitur
1835 1321 1862 1358 *‚
1882 1323 2049 1362 probatur:
2074 1322 2149 1363 quia
2164 1321 2235 1362 ipso
2252 1323 2368 1363 gratiae
2384 1323 2470 1354 dono

279 1363 486 1395 ecclesiastica
509 1365 602 1395 nobis
620 1365 682 1395 hoc
697 1364 846 1396 insinuat.
871 1365 978 1395 Deum
1001 1364 1087 1394 enim
1103 1375 1121 1394 a
1137 1364 1227 1394 nullo
1251 1364 1350 1394 amari
1374 1360 1379 1400 Ι
1405 1364 1538 1405 Spiritus
1563 1365 1696 1396 Sanctus
1719 1365 1874 1396 inhabitat
1897 1373 2082 1396 creaturam.

1063 1526 1382 1568 ARTICULUS
1413 1526 1686 1578 QUARTUS

1005 1618 1163 1650 UTRUM
1185 1618 1315 1650 PATRI
1341 1617 1598 1650 CONVENIAT
1621 1619 1747 1650 MITTI

931 1698 941 1722 1
961 1698 1044 1729 Sent„
1064 1698 1124 1724 dist.
1141 1705 1182 1729 xv,
1202 1705 1247 1731 qu.
1266 1705 1298 1730 ¹13
1321 1698 1425 1723 Contra
1442 1704 1549 1723 errores
1570 1699 1674 1727 Graec„
1694 1705 1749 1731 ευρ.
1768 1705 1819 1723 xxv.

300 1816 375 1842 „w
396 1802 470 1852 μς(
491 1800 514 1825 n
536 1799 709 1831 QUARTUM
729 1799 782 1825 sm
802 1799 1042 1826 paoeemrua.
1062 1787 1223 1825 Videtur
1242 1788 1348 1835 quod

308 1827 472 1899 &²⁴:3¹0
493 1841 607 1878 etiarn
627 1841 756 1878 Patri⁰‘
777 1841 980 1878 conveniat
998 1841 1105 1878 mitti.
1127 1841 1226 1878 Mitti
1246 1840 1348 1878 enim

298 1883 420 1944 ’,ΫῨΓΕ
438 1889 662 1932 divinam
683 1895 894 1932 Personam
920 1902 976 1931 est
1003 1894 1127 1943 ipsam
1147 1894 1240 1931 dari.
1271 1894 1350 1931 Sed

302 1940 313 1946 '
338 1920 436 1977 (2⁹³7)
450 1936 605 1985 XPater
620 1948 684 1985 dat
702 1947 888 1996 seipsum:
910 1960 998 1984 cum
1012 1947 1145 1985 haberi
1164 1960 1243 1984 non
1262 1959 1350 1995 pos-

279 2000 337 2049 sit,
357 2001 428 2038 nisi
447 2013 488 2038 se
507 2000 591 2050 ipso
610 1999 628 2029 β
657 2001 835 2038 donante.
866 2002 968 2049 Ergo
996 2008 1122 2050 potest
1150 2000 1223 2038 dici
1243 2001 1349 2049 quod

277 2055 392 2092 Pater
419 2054 540 2092 mittat
567 2054 747 2103 seipsum.

333 2119 369 2144 2.
399 2108 638 2154 PRAETEREA,
668 2108 839 2144 Persona
871 2106 1000 2144 divina
1032 2107 1188 2144 mittitur
1216 2119 1349 2144 secun-

279 2160 706 2210 duminhabitationem
729 2159 880 2208 gratiae.
912 2161 989 2198 Sed
1007 2173 1076 2209 per
1094 2160 1253 2208 gratiam
1272 2159 1350 2197 tota

278 2213 444 2251 Trinitas
471 2213 655 2251 inhabitat
679 2213 718 2250 in
738 2213 861 2260 nobis,
891 2214 1104 2262 secundum
1132 2213 1223 2250 illud
1242 2215 1348 2251 Ioan.

277 2279 339 2313 mv
356 2266 392 2304 *z
420 2267 484 2304 Ad
501 2279 588 2304 eum
606 2267 810 2312 veniemus,
830 2272 868 2303 et
883 2267 1118 2304 mansionem
1137 2266 1241 2314 apud
1262 2278 1348 2303 eum

267 2321 472 2370 faciemus.
502 2321 605 2368 Ergo
633 2319 825 2368 quaelibet
854 2319 1070 2357 divinarum
1090 2321 1348 2357 Personarum

278 2373 445 2412 mittitur.
1027 2385 1030 2387 ·

333 2427 368 2464 3.
389 2422 623 2473 Pam-zm,
654 2425 841 2475 quidquid
869 2425 1049 2463 convenit
1076 2425 1187 2462 alicui
1215 2427 1350 2462 Perso-

277 2491 364 2527 nae,
393 2479 573 2517 convenit
601 2479 794 2526 omnibus,
823 2486 973 2527 praeter
999 2479 1175 2516 notiones
1205 2486 1240 2515 et
1264 2490 1349 2526 per-

278 2545 405 2570 sonas,
436 2532 513 2570 Sed
541 2532 673 2569 missio
701 2544 781 2569 non
809 2532 995 2579 significat
1021 2537 1036 2558 ⁷
1065 2532 1231 2580 aliquam
1265 2543 1350 2580 per-

279 2597 432 2623 sonam:
462 2597 589 2634 neque
618 2585 731 2622 etiam
759 2585 971 2632 notionem,
1002 2597 1090 2621 cum
1109 2585 1183 2622 sint
1202 2592 1350 2622 tantum

279 2638 449 2688 quinque
477 2638 676 2686 notiones,
708 2646 751 2675 ut
784 2649 898 2686 supra
921 2637 941 2659 '¹‘
974 2637 1117 2675 dictum
1151 2646 1217 2675 est.
1247 2639 1349 2685 Ergo

280 2691 433 2729 cuilibet
457 2692 652 2728 Personae
680 2691 832 2728 divinae
861 2691 1040 2728 convenit
1067 2691 1175 2728 mitti.

335 2746 410 2782 SED
438 2756 585 2782 CONTRA
612 2755 679 2781 EST
699 2744 806 2793 quod
824 2743 1058 2792 Augustinus
1078 2744 1178 2791 dicit,
1199 2744 1238 2780 in
1258 2745 1290 2780 II
1310 2743 1352 2780 li-

280 2799 350 2836 bro
371 2798 417 2835 de
439 2799 476 2835 T
471 2798 543 2835 rin.
563 2797 595 2845 ²¹⁶,
625 2797 731 2845 quod
747 2797 850 2834 solus
867 2799 981 2834 Pater
999 2809 1194 2845 nunquam
1213 2797 1352 2846 legitur

281 2851 426 2890 missus.
1249 2864 1251 2866 ·

335 2906 560 2942 RESPONDEO
587 2915 770 2940 DICENDUM
795 2903 900 2951 quod
920 2902 1050 2940 missio
1070 2902 1109 2938 in
1129 2902 1187 2938 sui
1206 2901 1351 2938 ratione

281 2959 460 3007 importat
482 2956 770 3006 processionem
799 2956 848 2992 ab
878 2956 971 3000 alio;
1002 2962 1039 2992 et
1057 2955 1095 2991 in
1115 2955 1264 3000 divinis,
1294 2967 1351 2990 se-

337 3071 363 3103 α)
383 3071 464 3096 etiam
483 3069 568 3096 Patri.
586 3085 606 3089 -
623 3070 702 3095 Patri
719 3070 800 3095 etiam
820 3070 847 3099 P,
868 3069 948 3094 etiam
968 3076 1020 3093 om.
1040 3069 1106 3093 Gab.

337 3105 363 3139 β)
382 3114 410 3132 se
429 3107 495 3138 ipso.
513 3121 532 3125 -
549 3106 663 3138 seipsum
682 3106 714 3136 Α,
732 3112 760 3130 se
778 3105 808 3129 B.

1406 1787 1576 1824 cundum
1605 1787 1803 1835 originem,
1832 1795 1873 1824 ut
1901 1801 2015 1837 supra
2033 1788 2054 1810 '¹‘
2082 1788 2224 1826 dictum
2250 1797 2315 1827 est.
2345 1791 2468 1838 Unde,

1406 1853 1493 1877 curn
1522 1841 1634 1878 Pater
1662 1853 1741 1878 non
1762 1841 1807 1878 sit
1826 1842 1874 1878 ab
1895 1841 1980 1888 alio,
2010 1842 2114 1878 nullo
2144 1842 2263 1879 modo
2293 1844 2470 1881 convenit

1405 1894 1476 1930 sibi
1495 1893 1608 1939 mitti;
1638 1894 1705 1931 sed
1725 1895 1850 1931 solum
1871 1894 1965 1931 Filio
1986 1902 2023 1931 et
2042 1895 2196 1943 Spiritui
2216 1896 2368 1944 Sancto,
2389 1897 2470 1946 qui-

1404 1947 1476 1983 bus
1505 1947 1684 1984 convenit
1713 1959 1794 1984 esse
1823 1948 1871 1984 ab
1902 1948 1986 1985 alio.

1457 2001 1516 2036 AD
1536 2012 1674 2037 Palmum
1693 2012 1791 2037 ERGO
1810 2012 1994 2038 mcENDUM
2013 2001 2117 2049 quod
2133 2001 2164 2037 si
2182 2001 2275 2038 dare
2292 2002 2471 2051 importet

1403 2053 1599 2090 liberalem
1635 2054 2024 2091 communicationem
2058 2054 2234 2102 alicuius,
2273 2055 2326 2091 sic
2357 2057 2470 2092 Pater

1406 2106 1469 2143 dat
1488 2107 1667 2155 seipsum,
1687 2107 1914 2155 inquantum
1934 2119 1974 2143 se
1993 2107 2193 2144 liberaliter
2213 2108 2471 2145 communicat

1405 2167 1597 2196 creaturae
1617 2160 1666 2197 ad
1685 2160 1900 2197 fruendum.
1933 2160 1972 2197 Si
1991 2173 2085 2198 vero
2105 2160 2283 2209 importet
2311 2161 2471 2198 auctori-

1404 2220 1520 2249 tatem
1550 2212 1672 2250 dantis
1699 2221 1873 2262 respectu
1911 2213 1990 2250 eius
2018 2213 2124 2261 quod
2153 2214 2282 2260 datur,
2312 2214 2364 2251 sic
2392 2227 2471 2251 non

1405 2265 1584 2302 convenit
1613 2266 1694 2303 dari
1712 2266 1751 2302 in
1771 2265 1907 2303 divinis
1926 2266 1997 2303 nisi
2017 2268 2210 2303 Personae
2229 2278 2327 2314 quae
2349 2275 2404 2303 est
2423 2268 2471 2304 ab

1404 2318 1498 2364 alio;
1529 2318 1624 2355 sieut
1650 2331 1722 2356 nec
1750 2319 1857 2356 mitti.

1457 2374 1516 2409 AD
1546 2384 1736 2409 SECUNDUM
1763 2383 1946 2409 DlCENDUM
1972 2372 2086 2420 quod,
2108 2372 2195 2408 licet
2214 2371 2370 2409 effectus
2388 2385 2470 2420 gra-

1404 2425 1478 2461 tiae
1506 2425 1552 2461 sit
1580 2425 1694 2462 etiam
1723 2436 1746 2461 a
1774 2426 1896 2470 Patre,
1925 2425 1991 2473 qui
2011 2425 2193 2461 inhabitat
2210 2437 2280 2474 per
2297 2425 2468 2472 gratiam,

1404 2477 1500 2514 sicut
1529 2485 1564 2513 et
1583 2475 1596 2499 ὃ
1625 2477 1741 2514 Filius
1770 2485 1806 2514 et
1835 2477 1993 2525 Spiritus
2014 2478 2195 2524 Sanctus;
2225 2477 2313 2526 quia
2340 2485 2470 2515 tamen

1405 2543 1483 2567 non
1504 2537 1560 2567 est
1578 2531 1626 2566 ab
1646 2530 1733 2577 alio,
1754 2542 1834 2566 non
1854 2530 1986 2567 dicitur
2004 2531 2108 2566 mitti.
2130 2531 2179 2567 Et
2197 2531 2272 2567 hoe
2292 2538 2347 2567 est
2365 2531 2469 2580 quod

1406 2583 1492 2620 dicit
1510 2583 1756 2630 Augustinus,
1772 2583 1823 2619 IV
1837 2583 1884 2619 de
1901 2584 1937 2619 T
1932 2582 2039 2630 rin.*,
2059 2583 2163 2631 quod
2181 2584 2305 2629 Pater,
2326 2595 2411 2620 cum
2431 2584 2469 2620 in

1405 2642 1572 2684 tempore
1581 2648 1604 2672 a
1615 2647 1806 2684 quoquam
1822 2636 2072 2685 cognoscitur,
2085 2647 2159 2672 non
2170 2636 2305 2672 dicitur
2318 2637 2471 2673 missus.-

1406 2701 1480 2726 non
1501 2689 1600 2726 enim
1619 2690 1732 2726 habet
1748 2689 1794 2725 de
1812 2700 1885 2736 quo
1903 2689 1965 2735 sit,
1985 2695 2053 2725 aut
2070 2701 2124 2725 ex
2147 2701 2220 2737 quo
2233 2689 2426 2737 procedat.

1458 2743 1517 2779 An
1545 2753 1705 2779 TERTIUM
1732 2753 1915 2779 mcENDUM
1944 2742 2048 2790 quod
2072 2741 2215 2789 missio,
2243 2742 2469 2790 inquantum

1405 2795 1583 2843 importat
1609 2795 1896 2843 processionem
1921 2807 1944 2831 a
1962 2794 2143 2841 mittente,
2172 2795 2328 2832 includit
2354 2795 2392 2831 in
2412 2795 2470 2831 sui

1406 2847 1678 2896 significatione
1707 2847 1916 2895 notionem,
1946 2858 2025 2884 non
2054 2848 2208 2896 quidem
2237 2847 2276 2884 in
2304 2847 2468 2896 speciali,

1406 2901 1474 2938 sed
1501 2900 1539 2937 in
1567 2900 1743 2948 generali,
1772 2908 1885 2949 prout
1911 2911 1990 2937 esse
2016 2902 2065 2938 ab
2093 2901 2167 2938 alio
2187 2908 2243 2937 est
2263 2912 2469 2938 commune

1406 2954 1554 2991 duabus
1583 2953 1812 2990 notionibus.

1377 3069 1381 3135 Ι
1460 3069 1486 3101 γ)
1506 3068 1596 3092 missio
1615 3075 1667 3092 non
1686 3067 1828 3100 significat.
1845 3081 1864 3086 —
1883 3067 1957 3093 missi
1975 3075 2027 3092 non
2046 3067 2197 3100 significant
2215 3067 2244 3091 Β.

1459 3102 1483 3135 δ)
1503 3106 1537 3128 et.
1555 3117 1575 3122 —
1592 3103 1653 3127 Om.
1671 3103 1793 3127 ABCDE.

966 3191 1298 3225 Commentaxda
1321 3190 1570 3224 Cardinatis
1593 3190 1793 3223 Caietam

345 3294 453 3314 ITULus
477 3284 588 3314 clarus.
611 3302 631 3306 -
655 3284 690 3313 In
720 3293 851 3324 corpore
882 3292 946 3312 una
975 3281 1138 3312 conclusio
1167 3280 1352 3321 responsiva

288 3296 505 3369 Tquaesito:
527 3327 611 3358 Patri
626 3337 692 3358 non
709 3327 856 3358 convenit
874 3326 965 3362 mitti,
992 3326 1047 3356 sed
1065 3325 1147 3356 Filio
1170 3332 1200 3356 et
1219 3324 1351 3365 Spiritui

285 3373 412 3404 Sancto.

340 3417 505 3447 Probatur.
518 3412 640 3446 'Missio
663 3415 814 3456 importat
841 3414 1076 3455 processionem
1100 3414 1138 3444 ab
1162 3413 1241 3449 alio,
1267 3419 1297 3443 et
1319 3412 1353 3443 in

429 3583 538 3607 Summa
558 3582 658 3606 Timot.
679 3582 710 3606 D.
723 3581 837 3605 ΤΗΟΜΑΕ
857 3581 889 3605 Τ.
908 3581 925 3605 1.

1407 3280 1520 3310 divinis
1545 3280 1722 3310 secundum
1745 3279 1916 3319 originem:
1945 3289 2018 3319 ergo
2043 3288 2108 3308 non
2130 3278 2227 3314 Patri,
2253 3279 2308 3308 sed
2330 3278 2411 3308 Filio
2441 3285 2472 3310 et

1407 3323 1536 3364 Spiritui
1564 3324 1679 3355 Sancto
1709 3323 1857 3354 convenit
1886 3323 1978 3354 mitti.
2002 3340 2020 3345 -
2045 3321 2279 3363 Consequentia
2303 3323 2470 3362 probatur:

1407 3368 1481 3408 quia
1500 3369 1591 3399 Pater
1614 3367 1703 3398 nullo
1727 3368 1827 3398 modo
1853 3374 1899 3398 est
1921 3368 1959 3397 ab
1984 3366 2061 3403 alio,
2086 3365 2140 3396 sed
2162 3366 2260 3396 Filius
2284 3373 2315 3397 et
2337 3366 2470 3406 Spiritus

1407 3412 1548 3443 Sanctus.

2293 3575 2324 3607 57

2499 488 2623 536 {Ctfiuum
2631 493 2710 516 praec.

2498 521 2530 537 im
2542 531 2548 536 .

2499 1107 2508 1116 '¹
2524 1106 2561 1128 Cf.
2576 1112 2640 1129 num.
2654 1097 2676 1129 u.

2501 1333 2508 1340 ¹
2523 1330 2559 1352 Cf.
2574 1330 2634 1352 ibid.

2498 1802 2506 1811 ¹
2521 1802 2575 1822 Art.
2591 1807 2607 1822 1.

2497 2596 2508 2607 ⁴⁵
2528 2596 2586 2624 Cap.
2602 2603 2640 2619 xx.
