2768 4178
46 902 171 952 ἶωῆἕοάφι.
189 907 252 930 nn,

48 957 59 968 ·
75 955 124 984 Qu.
137 961 202 978 xxxv-

27 2399 263 2450 :gaurum-

26 2439 67 2455 ,‚
97 2442 104 2449 ,

50 2775 64 2787 “
79 2774 142 2798 Vide
158 2775 196 2797 De
220 2775 264 2797 Di-

48 2801 265 2856 ffiss'ffi‘:

49 2853 88 2882 11,
119 2861 142 2877 ιι.
157 2860 188 2879 11:
204 2855 266 2877 Con-

49 2881 266 2936 ssffssffir‘·

48 2934 267 2983 ’θὲὶιαῗιή-,ἴὲηθῖ

88 2987 267 3016 Suet-&pam

48 3017 192 3063 aaz.

17 4033 56 4061 ἱ»

982 256 1249 304 QUAESTIO
1279 256 1417 303 XXIII,
1447 257 1743 294 ARTICULUS
1774 259 1787 294 I

807 473 1220 551 QUAESTIO
1257 475 1970 532 VIGESIMATERTIA

1019 601 1104 641 DE
1136 601 1756 644 PRAEDESTINATIONE

1118 727 1152 751 IN
1183 726 1281 751 OCTO
1309 726 1512 753 ARTICULOS
1539 729 1656 754 DIVISA

358 853 428 879 οετ
478 840 824 878 considerationem
875 839 1026 878 dlvinae
1074 840 1360 890 providentiae,

290 852 354 935 Ρ
358 894 550 943 agendum
579 901 635 931 est
663 894 710 931 de
738 894 1086 943 praedestinatione
1114 893 1149 942 *,
1180 902 1215 931 et
1244 894 1291 931 de
1321 894 1361 931 li-

287 950 358 997 bro
387 947 488 986 vitae
515 947 548 985 ³¹⁸.

290 1003 340 1040 Et
367 1001 467 1039 circa
493 1000 882 1050 praedestinationem
911 1008 1144 1050 quaeruntur
1173 1008 1272 1038 octo.

343 1054 496 1092 Primo:
525 1061 656 1091 utrum
684 1055 770 1091 Deo
801 1055 1003 1092 conveniat
1035 1054 1340 1103 praedestinatio.

345 1107 548 1146 Secundo:
579 1107 670 1157 quid
702 1107 749 1144 sit
781 1108 1092 1156 praedestinatio;
1123 1115 1159 1144 et
1187 1113 1204 1128 α
1231 1115 1359 1145 utrum

396 1169 516 1211 ponat
544 1161 686 1210 aliquid
714 1161 753 1198 in
779 1161 1074 1210 praedestinato.

343 1214 497 1252 Tertio:
527 1222 655 1251 utrum
689 1215 775 1251 Deo
811 1222 1002 1263 competat
1039 1213 1257 1263 reprobatio
1296 1213 1360 1250 ali-

345 1274 348 1276 '
397 1280 564 1318 quorum
592 1267 808 1305 hominum.

345 1322 509 1369 Quarto:
540 1322 588 1359 de
618 1321 903 1370 comparatione
927 1319 1282 1369 praedestinationis
1311 1319 1360 1356 ad

1523 842 1770 889 electionem;
1799 851 1927 881 utrum
1957 844 2095 881 scilicet
2121 844 2390 893 praedestinati
2418 845 2480 881 eli-

1522 903 1668 942 gantur.

1469 948 1629 995 Quinto:
1650 957 1779 987 utrum
1799 949 1933 986 merita
1953 950 2025 987 sint
2045 963 2158 987 causa
2176 951 2238 987 vel
2263 949 2356 987 ratio
2371 963 2480 999 prae-

1522 1002 1792 1049 destinationis,
1802 1003 1864 1040 vel
1875 1003 2164 1052 reprobationis,
2174 1011 2238 1040 aut
2248 1003 2441 1040 electionis
2450 1002 2478 1040 β.

1469 1055 1604 1092 Sexto:
1635 1055 1682 1092 de
1709 1056 1928 1093 certitudine
1952 1056 2322 1106 praedestinationis;
2352 1064 2480 1094 utrum

1521 1108 1661 1145 scilicet
1686 1109 1956 1158 praedestinati
1985 1110 2223 1147 infallibiliter
2257 1110 2461 1156 salventur.

1469 1161 1660 1209 Septimo:
1690 1170 1820 1200 utrum
1840 1175 2022 1200 numerus
2041 1163 2410 1212 praedestinatorum
2435 1163 2482 1200 sit

1522 1223 1657 1252 certus.

1469 1267 1637 1304 Octavo:
1658 1275 1786 1304 utrum
1806 1269 2097 1317 praedestinatio
2117 1269 2238 1318 possit
2255 1268 2376 1305 iuvari
2394 1281 2478 1317 pre-

1523 1320 1629 1357 cibus
1658 1329 1889 1358 sanctorum.

1111 1438 1430 1480 ARTICULUS
1460 1438 1666 1481 PRIMUS

895 1531 1053 1562 UTRUM
1076 1530 1272 1562 HOMINES
1295 1531 1717 1563 PRAEDESTINENTUR
1742 1534 1769 1563 A
1793 1532 1882 1564 1)Εο

565 1610 575 1635 Ι
595 1610 679 1639 Sent„
695 1610 753 1636 dist.
767 1618 807 1641 xx„
823 1617 867 1642 qu.
880 1617 897 1639 1,
913 1614 959 1634 art.
976 1617 989 1634 2
998 1617 1006 1640 ;
1026 1609 1057 1634 111
1079 1610 1155 1634 Cont.
1173 1610 1259 1640 Geni„
1275 1617 1330 1643 cap.
1345 1616 1438 1641 cunm
1458 1610 1499 1635 De
1522 1609 1611 1640 Verit„
1627 1617 1671 1642 qu.
1683 1618 1719 1643 vr,
1734 1616 1780 1636 art.
1799 1619 1825 1642 ¹3
1844 1612 1881 1637 ad
1899 1612 1985 1642 Rom„
2001 1620 2057 1645 cap.
2069 1620 2086 1642 1,
2103 1613 2160 1638 lect.
2174 1620 2211 1638 111.

326 1717 481 1766 &hys-44<
503 1711 526 1736 n
554 1710 693 1736 PR1MUM
721 1710 774 1736 sic
802 1709 1041 1735 PROCEDITUR.
1066 1697 1227 1735 Videtur
1255 1697 1359 1746 quod

325 1756 373 1798 w
426 1760 476 1798 5³54
504 1751 682 1789 homines
719 1764 798 1789 non
835 1751 1164 1801 praedestinentur
1201 1764 1223 1788 a
1259 1752 1358 1788 Deo.

310 1798 425 1853 '‘f‘',vae
443 1791 605 1846 'f'Dicit
633 1805 735 1842 enirn
765 1806 1045 1852 Damascenus,
1074 1805 1113 1842 in
1142 1806 1173 1841 ΙΙ
1203 1805 1298 1842 libro
1319 1804 1358 1841 *ε

315 1852 324 1860 ”
350 1837 447 1891 Ψέ)
464 1851 663 1907 &Oportet
694 1870 924 1908 cognoscere
951 1863 965 1884 ⁷
991 1858 1093 1907 quod
1123 1859 1252 1895 omnia
1281 1858 1360 1906 qui-

291 1911 376 1948 dem
393 1912 684 1962 praecognoscit
699 1913 824 1958 Deus,
847 1923 922 1948 non
951 1917 1076 1948 autem
1096 1912 1224 1948 omnia
1247 1923 1361 1960 prae-

291 1964 525 2002 determinat.
548 1965 844 2015 Praecognoscit
870 1965 969 2002 enim
989 1977 1034 2002 ea
1050 1962 1063 1986 δ
1082 1976 1180 2013 quae
1198 1965 1235 2002 in
1256 1965 1362 2001 nobis

291 2023 396 2063 sunt;
423 2030 498 2055 non
536 2024 662 2055 autem
685 2019 1007 2067 praedeterminat
1032 2030 1089 2055 ea.
1122 2018 1200 2055 Sed
1228 2017 1362 2055 merita

293 2078 330 2108 et
367 2071 552 2109 demerita
579 2072 751 2109 humana
784 2079 871 2109 sunt
899 2072 938 2109 in
966 2071 1099 2119 nobis,
1133 2071 1360 2120 inquantum

293 2136 426 2161 sumus
459 2133 679 2162 nostrorum
717 2132 873 2162 actuum
912 2124 1060 2162 domini
1095 2137 1164 2174 per
1200 2124 1362 2161 liberum

246 2191 248 2203 ·
293 2177 502 2216 arbitrium.
537 2179 595 2215 Ea
625 2190 714 2226 ergo
751 2190 850 2226 quae
884 2178 1073 2227 pertinent
1101 2178 1150 2215 ad
1182 2178 1362 2214 meritum

291 2231 355 2268 vel
379 2231 726 2280 demeritum,·non
753 2231 1084 2280 praedestinantur
1111 2236 1122 2252 ¹
1146 2243 1168 2268 a
1196 2232 1293 2268 Deo.
1315 2232 1363 2268 Et

291 2281 347 2322 sic
375 2284 579 2322 hominum
607 2284 900 2334 praedestinatio
931 2284 1083 2322 tollitur.

347 2349 383 2375 2.
404 2338 642 2386 PRAETEREA,
670 2350 805 2375 omnes
835 2345 1028 2375 creaturae
1058 2337 1282 2375 ordinantur
1314 2337 1363 2374 ad

292 2403 382 2429 suos
409 2392 507 2429 fines
535 2404 605 2441 per
633 2391 804 2429 divinam
822 2391 1121 2440 providentiam,
1142 2398 1184 2428 ut
1211 2403 1326 2440 supra
1343 2390 1364 2412 '¹‘

293 2444 437 2482 dictum
456 2453 526 2482 est.
544 2445 621 2483 Sed
641 2445 735 2482 aliae
756 2452 951 2482 creaturae
966 2457 1045 2481 non
1066 2444 1241 2481 dicuntur
1254 2457 1362 2493 prae-

293 2497 471 2536 destinari
500 2510 523 2535 a
551 2499 650 2536 Deo.
672 2499 775 2546 Ergo
805 2510 876 2535 nec
905 2498 1094 2535 homines.

348 2552 383 2589 3.
403 2552 638 2598 PRAETEREA,
660 2551 783 2599 angeli
807 2558 895 2588 sunt
922 2563 1082 2600 capaces
1110 2550 1362 2598 beatitudinis,

293 2604 390 2641 sicut
409 2612 446 2641 et
473 2604 662 2642 homines.
686 2605 763 2642 Sed
783 2604 924 2652 angelis
952 2617 1032 2641 non
1053 2604 1236 2653 competit
1254 2617 1363 2653 prae-

294 2657 485 2704 destinari,
504 2655 556 2706 {ut
582 2657 745 2704 videtur,
776 2670 865 2694 cum
883 2658 922 2694 in
952 2658 1004 2694 eis
1028 2670 1227 2707 nunquam
1256 2657 1364 2694 fuerit

294 2710 468 2756 miseria;
497 2710 789 2759 praedestinatio
810 2718 939 2748 autem
964 2718 1019 2748 est
1037 2711 1274 2760 propositum
1294 2711 1363 2747 mi-

292 2764 452 2810 serendi,
472 2772 515 2800 ut
538 2763 627 2801 dicit
651 2764 885 2812 Augustinus
904 2764 934 2801 ²⁸.
957 2765 1059 2812 Ergo
1088 2764 1265 2801 homines
1285 2776 1363 2800 non

293 2817 635 2866 praedestinantur.

347 2881 386 2917 4.
407 2871 641 2917 PRAETEREA,
662 2869 850 2906 beneficia
877 2870 1099 2907 hominibus
1125 2883 1146 2907 a
1174 2871 1259 2906 Deo
1289 2870 1363 2906 col-

294 2923 380 2971 lata,
400 2936 470 2972 per
499 2923 682 2972 Spiritum
703 2924 886 2960 Sanctum
914 2923 1005 2960 viris
1025 2924 1163 2960 sanctis
1192 2924 1363 2960 revelan-

294 2984 366 3023 tur,
397 2977 610 3014 secundum
630 2976 720 3013 illud
740 2976 926 3024 Apostoli,
948 2978 962 3013 I
988 2977 1074 3014 Cor.
1097 2989 1119 3013 11
1139 2976 1174 3012 *z
1202 2988 1270 3013 nos
1297 2988 1364 3013 au-

295 3035 368 3066 tem
406 3042 482 3066 non
519 3031 690 3079 spiritum
727 3030 837 3066 huius
875 3030 1008 3066 mundi
1038 3029 1271 3078 accepimus,
1299 3030 1366 3066 sed

295 3082 476 3131 Spiritum
495 3084 562 3131 qui
586 3095 636 3119 ex
663 3084 746 3119 Deo
766 3089 829 3128 est,
856 3089 897 3119 ut
921 3084 1084 3120 sciamus
1104 3095 1201 3132 quae
1228 3095 1252 3119 a
1280 3084 1363 3119 Deo

295 3136 435 3172 donata
459 3142 550 3173 sunt
575 3137 691 3173 nobis.
715 3136 754 3173 Si
784 3148 873 3184 ergo
902 3136 1079 3173 homines
1107 3135 1364 3185 praedestina-

296 3196 426 3225 rentur
454 3201 477 3225 a
503 3190 605 3236 Deo,
634 3202 722 3226 cum
750 3189 1044 3238 praedestinatio
1074 3189 1120 3227 sit
1148 3189 1221 3226 Dei
1249 3189 1364 3226 bene-

295 3241 428 3278 ficium
457 3241 482 3288 ζ,
505 3250 602 3279 esset
628 3242 918 3291 praedestinatis
946 3250 1038 3280 nota
1062 3255 1132 3280 sua
1158 3242 1364 3291 praedesti-

296 3294 411 3331 natio.
434 3295 552 3342 Quod
578 3303 682 3344 patet
711 3308 792 3333 esse
821 3296 970 3332 falsum.

349 3409 377 3442 α)
397 3409 462 3442 quid
479 3409 515 3434 sit
528 3409 756 3440 praedestinatio;
774 3414 808 3435 et.
826 3425 846 3430 —-
864 3411 926 3435 Om.
945 3410 1071 3439 ABCEF;
1090 3413 1117 3435 et
1134 3418 1187 3434 om.
1207 3410 1281 3434 DGa.

351 3443 376 3477 β)
401 3451 483 3470 causa
502 3445 578 3469 vel...
592 3445 734 3470 electionis.
752 3461 772 3465 —
790 3446 862 3471 ratio
881 3446 921 3470 vel
944 3453 1025 3470 causa
1046 3445 1303 3477 praedestinationis
1328 3445 1365 3477 (et

296 3480 367 3504 addit
384 3480 417 3512 D)
438 3479 634 3511 reprobationis
652 3483 678 3504 et
696 3481 831 3506 electionis
849 3482 949 3511 ACDE,
969 3481 1040 3506 ratio
1059 3481 1099 3505 vel
1117 3488 1199 3505 causa
1213 3480 1365 3512 praedesti-

296 3515 416 3540 nationis
434 3515 555 3547 reprobis
573 3518 600 3539 et
617 3515 705 3540 electis
724 3516 759 3545 B;
779 3517 889 3541 alterum
909 3517 950 3541 vel
967 3524 1020 3541 om.
1040 3516 1112 3542 FGa.

349 3551 376 3584 γ)
395 3557 562 3583 cognoscere.
579 3563 599 3569 -
617 3557 724 3575 noscere
742 3552 844 3576 codices
864 3557 889 3576 et
907 3552 948 3576 ed.
968 3559 994 3577 a.
1013 3566 1032 3571 -
1051 3552 1102 3576 Pro
1118 3551 1362 3583 praedeterminat‚

290 3586 481 3618 praedestinat
500 3586 576 3610 BFG.

350 3620 375 3654 ὃ)
395 3628 435 3646 ea.
447 3634 467 3641 -
479 3625 506 3646 et
523 3621 599 3646 codd.
612 3626 637 3645 et
652 3621 692 3645 ed.
705 3626 730 3645 a.
744 3635 762 3639 -
775 3622 825 3648 Pro
835 3622 1074 3654 praedem-minat,
1085 3622 1274 3655 praedestinat
1287 3622 1363 3646 BFG.

1470 1698 1543 1735 SED
1573 1710 1719 1735 CONTRA
1738 1711 1803 1736 EST
1823 1700 1928 1748 quod
1947 1700 2081 1737 dicitur
2107 1703 2220 1739 Rom.
2241 1714 2301 1739 vm
2320 1702 2358 1739 *ε
2389 1715 2481 1752 quos

1409 1752 1714 1800 praedestinavit,
1735 1753 1803 1789 hos
1830 1758 1866 1789 et
1891 1754 2050 1790 vocavit.

1469 1805 1694 1842 RESPONDEO
1723 1817 1906 1843 DICENDUM
1935 1807 2039 1855 quod
2059 1808 2143 1844 Deo
2174 1808 2406 1845 conveniens
2426 1816 2482 1845 est

1415 1858 1592 1894 homines
1611 1858 1905 1907 praedestinare.
1929 1860 2072 1897 Omnia
2101 1860 2202 1897 enim
2226 1861 2374 1898 divinae
2394 1874 2481 1910 pro-

1414 1910 1606 1948 videntiae
1635 1911 1843 1959 subiacent,
1864 1920 1905 1949 ut
1932 1925 2047 1961 supra
2067 1913 2087 1935 '¹‘
2107 1921 2302 1951 ostensum
2332 1922 2397 1952 est.
2419 1915 2481 1951 Ad

1417 1964 1697 2012 providentiam
1726 1972 1855 2002 autern
1891 1966 2054 2014 pertinet
2082 1979 2142 2004 res
2169 1967 2207 2004 in
2235 1967 2353 2004 finem
2382 1967 2481 2005 ordi-

1416 2029 1520 2064 nare,
1540 2025 1582 2054 ut
1611 2018 1753 2055 dictum
1781 2026 1836 2055 est
1862 2018 1893 2055 *.
1915 2019 2016 2056 Finis
2042 2027 2170 2056 autem
2199 2020 2248 2057 ad
2275 2033 2392 2070 quem
2421 2032 2481 2057 res

1417 2078 1566 2108 creatae
1595 2071 1818 2108 ordinantur
1844 2084 1867 2108 a
1894 2072 1992 2119 Deo,
2015 2080 2069 2109 est
2097 2074 2247 2122 duplex.
2270 2074 2389 2121 Unus,
2416 2073 2481 2122 qui

1417 2124 1564 2161 excedit
1591 2124 1881 2173 proportionem
1910 2133 2064 2162 naturae
2090 2134 2236 2163 creatae
2265 2134 2302 2163 et
2329 2127 2480 2163 faculta-

1417 2184 1512 2214 tem:
1540 2184 1577 2214 et
1604 2177 1665 2213 hic
1693 2177 1779 2214 finis
1804 2185 1860 2214 est
1885 2178 1963 2214 vita
1991 2186 2156 2226 aeterna,
2177 2192 2276 2228 quae
2295 2179 2334 2216 in
2354 2180 2481 2217 divina

1417 2230 1563 2267 visione
1594 2230 1772 2278 consistit,
1803 2243 1901 2279 quae
1931 2238 1987 2268 est
2015 2244 2130 2281 supra
2157 2241 2331 2269 naturam
2361 2233 2481 2269 cuius-

1417 2283 1507 2320 libet
1536 2291 1748 2331 creaturae,
1780 2291 1821 2320 ut
1848 2296 1963 2332 supra
1989 2283 2009 2305 ’¹‘
2037 2285 2208 2322 habiturn
2237 2291 2251 2308 '²
2280 2294 2344 2322 est.
2374 2285 2482 2322 Alius

1418 2344 1547 2373 autern
1576 2336 1662 2373 finis
1687 2344 1742 2373 est
1769 2345 1926 2374 naturae
1946 2346 2092 2375 creatae
2118 2335 2134 2358 θ
2160 2339 2480 2387 proportionatus,

1418 2402 1534 2438 quern
1563 2390 1703 2427 scilicet
1733 2402 1792 2427 res
1827 2397 1950 2427 creata
1984 2399 2108 2440 potest
2141 2392 2319 2440 attingere
2349 2404 2480 2428 secun-

1419 2443 1512 2480 dum
1540 2443 1720 2480 virtutem
1750 2456 1841 2480 suae
1871 2451 2038 2480 naturae.
2068 2444 2130 2481 Ad
2158 2445 2248 2481 illud
2277 2452 2403 2481 autem
2434 2445 2482 2482 ad

1419 2496 1524 2545 quod
1552 2509 1631 2533 non
1667 2504 1792 2545 potest
1824 2496 1962 2544 aliquid
1996 2497 2134 2534 virtute
2162 2504 2170 2518 ¹
2197 2510 2287 2534 suae
2326 2505 2482 2534 naturae

1418 2550 1629 2598 pervenire,
1650 2557 1800 2598 oportet
1827 2550 1932 2598 quod
1954 2550 2001 2586 ab
2030 2550 2102 2586 alio
2122 2551 2409 2596 transmittatur;
2435 2550 2483 2587 si-

1419 2610 1481 2639 cut
1510 2603 1641 2650 sagitta
1660 2615 1682 2639 a
1711 2602 1906 2650 sagittante
1926 2602 2082 2640 mittitur
2106 2603 2153 2640 ad
2173 2603 2335 2651 signum.
2356 2604 2480 2651 Unde,

1418 2656 1570 2705 proprie
1599 2656 1793 2704 loquendo
1821 2662 1846 2702 ³²,
1873 2656 2061 2693 rationalis
2090 2664 2271 2703 creatura,
2301 2669 2398 2705 quae
2428 2664 2484 2693 est

1420 2721 1538 2758 capax
1565 2709 1666 2746 vitae
1695 2716 1882 2755 aeternae,
1912 2709 2130 2758 perducitur
2157 2710 2195 2746 in
2223 2710 2346 2758 ipsam
2374 2709 2482 2757 quasi

1419 2775 1441 2799 a
1468 2764 1553 2799 Deo
1582 2762 1813 2802 transmissa.
1845 2762 1962 2799 Cuius
2000 2762 2155 2811 quidem
2192 2763 2483 2799 transmissionis

1419 2815 1512 2852 ratio
1542 2815 1580 2851 in
1608 2816 1692 2851 Deo
1721 2815 1953 2863 praeexistit3
1984 2816 2079 2852 sicut
2108 2823 2143 2852 et
2171 2815 2209 2852 in
2231 2828 2276 2852 eo
2307 2824 2362 2853 est
2390 2816 2482 2852 ratio

1419 2868 1560 2905 ordinis
1579 2866 1591 2889 λ
1612 2868 1785 2905 omnium
1815 2868 1853 2905 in
1882 2869 2013 2916 finem,
2036 2881 2151 2917 quarn
2182 2868 2343 2906 diximus
2362 2869 2382 2890 ’¹‘
2402 2881 2482 2906 esse

1417 2921 1712 2970 providentiam.
1725 2921 1837 2958 Ratio
1853 2930 1982 2959 autem
1998 2922 2153 2959 alicuius
2168 2922 2285 2959 fiendi
2301 2922 2339 2958 in
2354 2929 2483 2958 mente

1419 2975 1555 3011 actoris
1584 2974 1765 3020 existens,
1797 2981 1852 3011 est
1888 2976 2078 3024 quaedam
2112 2975 2398 3023 praeexistentia
2431 2975 2484 3011 rei

1418 3028 1569 3065 fiendae
1597 3028 1635 3064 in
1656 3040 1713 3064 eo.
1735 3027 1847 3064 Unde
1876 3028 1970 3064 ratio
1990 3028 2205 3077 praedictae
2233 3027 2483 3064 transmissio-

1418 3081 1476 3118 nis
1505 3089 1696 3117 creaturae
1726 3080 1916 3117 rationalis
1944 3081 1983 3117 in
2011 3081 2130 3118 finem
2164 3081 2264 3117 vitae
2293 3088 2481 3127 aeternae,

1412 3134 1702 3183 praedestinatio
1731 3133 1972 3171 nominatur:
1997 3146 2087 3170 nam
2107 3134 2292 3171 destinare
2320 3141 2375 3170 est
2399 3133 2482 3170 mit-

1418 3195 1507 3229 tere.
1539 3189 1587 3224 Et
1612 3187 1667 3223 sic
1694 3194 1797 3235 patet
1829 3187 1933 3236 quod
1960 3187 2268 3236 praedestinatio,
2297 3194 2482 3236 quantum

1419 3241 1467 3279 ad
1497 3240 1655 3286 obiecta,
1682 3248 1737 3276 est
1766 3240 1957 3288 quaedam
1984 3253 2071 3289 pars
2100 3239 2373 3289 providentiae.

1471 3296 1528 3331 An
1558 3305 1694 3330 PRIMUM
1722 3305 1820 3330 ERGO
1856 3305 2038 3330 morannum
2077 3293 2182 3342 quod
2218 3293 2482 3329 Damascenus

1473 3409 1494 3441 ε)
1512 3408 1757 3441 praedestinantur.
1780 3422 1799 3426 —
1813 3407 2096 3439 prae-determinantur
2114 3407 2169 3431 ΑΕ.

1472 3444 1497 3475 ζ)
1517 3451 1575 3469 cum
1590 3443 1805 3475 praedestinatio
1823 3443 1859 3468 sit
1878 3443 1930 3467 Dei
1948 3442 2106 3475 beneficium.
2124 3455 2143 3460 -
2161 3443 2222 3466 Om.
2241 3442 2380 3466 ACEFGa.

1472 3480 1498 3511 η)
1518 3479 1644 3504 habitum.
1662 3492 1681 3498 —
1699 3481 1832 3503 ostensum
1851 3478 1972 3502 ABCDE.

1473 3513 1496 3547 θ)
1516 3518 1630 3539 creatae.
1647 3527 1667 3534 -
1685 3514 1748 3538 Om.
1767 3514 1867 3538 codices
1886 3519 1911 3537 et
1929 3514 1979 3537 ab.

1474 3550 1492 3583 ι)
1512 3550 1619 3574 virtute.
1637 3563 1655 3567 -
1673 3556 1710 3573 ex
1728 3549 1826 3573 virtute
1845 3548 2024 3572 ABCDEGab.

1473 3586 1498 3617 κ)
1518 3584 1657 3616 loquendo.
1675 3597 1693 3602 —
1712 3584 1773 3608 Om.
1792 3583 1956 3608 ACDEFGa.

1470 3619 1499 3653 λ)
1519 3620 1629 3645 ordinis.
1647 3634 1666 3638 -
1683 3619 1861 3644 ordinationis
1880 3618 1934 3643 FG.

2405 268 2476 305 271
2525 304 2531 309 θ

2507 1706 2517 1716 “
2531 1704 2596 1726 Vens.
2611 1711 2639 1733 3⁰
2646 1721 2653 1727 .

2507 1917 2516 1925 “
2526 1916 2574 1943 Qu.
2581 1922 2637 1943 xxn,
2645 1919 2687 1938 art.
2695 1922 2718 1938 2.

2506 2026 2517 2037 ·
2527 2026 2595 2054 mid„
2609 2031 2649 2049 art.
2665 2033 2681 2049 ι.

2509 2288 2518 2296 ·
2533 2286 2580 2313 Qu.
2591 2292 2632 2313 xri,
2643 2290 2685 2308 art.
2695 2293 2719 2313 4.

2605 2323 2620 2373 3

2510 2874 2519 2883 '¹
2531 2872 2644 2900 Qu.xx11,
2655 2877 2724 2895 arm.

2607 2900 2625 2926 λ
