2768 4178
63 362 73 371 '¹
81 359 106 382 S.
113 359 158 381 Th.
166 359 218 380 lect.
224 364 272 380 xvi.

61 398 73 403 -
93 385 146 408 Did.
167 386 206 407 lib.
226 385 272 413 111,

63 419 114 441 cap.
125 418 164 440 vn,
180 419 203 434 n.
214 418 236 440 9.

61 577 72 588 '⁵
84 576 132 605 Qu.
140 582 183 604 ιιι,
193 580 235 598 art.
244 582 274 598 12.

43 2014 45 2016 .
60 1995 70 2005 ⁸
85 1994 137 2016 Art.
152 1993 257 2021 praeced.

58 2042 70 2053 ⁸
87 2042 153 2064 Vers.
167 2048 190 2068 4.

156 2091 170 2124 β

60 2471 71 2482 “
85 2470 152 2493 Vers.
168 2471 190 2492 6.

155 2525 172 2550 Υ

58 2635 69 2646 “
85 2634 136 2657 Art.
146 2633 250 2661 praeced.

58 2901 67 2910 ·
86 2899 153 2921 Vers.
167 2905 197 2921 21.

306 275 377 311 158

302 354 396 391 citur
424 354 462 391 in
491 355 543 392 IV
561 356 778 404 Metaphys.
795 356 815 378 ’¹‘
845 356 921 394 Sed
942 369 986 393 ex
1008 356 1206 394 effectibus
1235 356 1372 394 divinis

303 407 473 445 divinam
502 416 679 446 naturam
707 421 787 447 non
813 422 1022 460 possumus
1056 422 1287 458 cognoscere
1316 422 1373 447 se-

303 461 472 499 cundum
502 462 607 510 quod
636 462 675 500 in
702 475 742 500 se
773 471 840 510 est,
869 470 912 500 ut
939 463 1105 500 sciamus
1130 463 1177 500 de
1211 475 1256 500 ea
1284 458 1375 512 qu'id

302 520 377 559 est,·
405 515 473 552 sed
499 528 570 565 per
597 516 761 554 modum
782 516 1010 554 eminentiae
1031 524 1067 553 et
1087 516 1312 553 causalitatis
1337 524 1374 553 et

302 568 525 617 negationis,
547 576 589 606 ut
617 570 766 619 supra*
795 570 938 608 dictum
959 577 1025 607 est.
1055 570 1104 606 Et
1137 569 1191 606 sic
1209 570 1285 606 hoc
1304 582 1372 607 no-

355 683 382 714 η)
403 690 498 708 nomen
518 683 575 709 hoc.
588 696 608 703 -
625 683 675 709 hoc
693 691 787 709 nomen
807 684 907 715 ACDE,
927 692 979 708 om.
999 685 1028 709 Β.

979 277 1248 324 QUAESTIO
1277 277 1383 324 XIII,
1413 276 1710 314 ARTICULUS
1740 277 1793 313 IX

1429 368 1519 393 men
1538 357 1643 394 Deus
1666 355 1852 404 significat
1871 362 2046 392 naturam
2067 354 2250 392 divinam.
2272 354 2499 404 Impositum

1429 417 1485 446 est
1513 409 1616 447 enim
1645 422 1790 447 nomen
1818 410 1893 447 hoc
1911 414 1925 432 ’¹
1955 409 2002 446 ad
2031 408 2171 458 aliquid
2207 408 2499 457 significandum

1429 475 1544 512 supra
1573 463 1705 500 omnia
1733 462 1917 511 existens,
1947 462 2054 512 quod
2083 469 2139 499 est
2166 461 2397 511 principium
2417 473 2501 498 om-

1428 516 1548 564 nium,
1575 524 1611 554 et
1639 524 1831 554 remotum
1859 517 1907 554 ab
1929 515 2120 553 omnibus.
2142 516 2230 552 Hoc
2249 514 2352 552 enim
2380 514 2500 552 inten-

1428 569 1522 607 dunt
1549 570 1762 618 significare
1790 570 2034 607 nominantes
2062 570 2203 606 Deum.

986 772 1321 806 Commentaria
1343 772 1596 806 Cam-dinalis
1617 773 1820 806 Caietam·

332 864 352 884 N
376 854 488 891 titulo,
514 863 628 885 nomen
652 859 792 885 naturae
814 853 951 885 sumitur
969 860 1005 884 ut
1033 853 1236 893 distinguitur
1263 859 1372 883 contra

305 866 454 929 Inomen
477 905 543 930 tam
567 898 770 939 operationis,
802 908 900 940 quam
924 897 1125 938 perfectionis
1148 897 1239 938 quasi
1263 907 1371 938 super-

302 943 426 974 additae
449 950 578 974 naturae
602 953 659 983 per
681 943 819 973 modum
842 942 1052 983 proprietatis.

358 988 395 1019 11.
418 988 453 1018 In
481 997 614 1028 corpore
641 997 705 1018 una
733 993 779 1018 est
804 987 987 1023 conclusio,
1015 986 1200 1027 responsiva
1226 985 1371 1027 quaesito

302 1042 377 1063 cum
401 1031 611 1068 distinctione,
635 1031 697 1063 sic:
722 1031 809 1062 Deus
834 1038 880 1062 est
903 1041 1023 1062 nomen
1047 1037 1186 1067 naturae,
1208 1030 1317 1072 quoad
1339 1030 1372 1060 id

300 1076 341 1106 ad
356 1076 446 1117 quod
461 1086 580 1106 nomen
603 1075 793 1116 impositum
817 1082 878 1112 est;
904 1075 1098 1116 operationis
1112 1085 1198 1111 vero,
1215 1075 1325 1116 quoad
1340 1075 1373 1105 id

301 1131 319 1150 a
334 1130 401 1161 quo
421 1120 611 1161 impositum
631 1127 686 1151 est.
703 1138 724 1143 —
743 1120 831 1150 Haec
850 1119 1014 1151 conclusio
1038 1119 1072 1150 in
1094 1119 1197 1151 littera
1219 1119 1373 1160 probatur

301 1165 410 1206 quoad
426 1165 507 1195 duo:
525 1164 642 1195 scilicet
655 1164 764 1205 quoad
779 1164 1015 1195 distinctionem
1031 1174 1130 1205 quam
1146 1164 1180 1194 in
1195 1174 1228 1195 se
1244 1164 1372 1200 claudit,

300 1215 332 1240 et
354 1209 463 1250 quoad
482 1203 655 1240 secundam
670 1203 804 1250 partem.
827 1209 934 1240 Prima
953 1216 1060 1240 autem
1078 1219 1151 1249 pars
1175 1215 1211 1240 ut
1229 1215 1306 1240 nota
1329 1218 1374 1239 re-

298 1253 464 1294 linquitur.
1192 1279 1198 1286 ,

352 1299 508 1329 Probatur
532 1308 606 1339 ergo
630 1297 790 1329 distinctio
815 1298 868 1329 sic.
892 1298 1034 1329 Nomina
1050 1307 1158 1328 rerum
1180 1307 1237 1339 per
1260 1308 1292 1328 se
1316 1307 1371 1328 co-

299 1343 469 1383 gnitarum,
490 1342 607 1374 habent
629 1342 662 1373 id
685 1353 703 1373 a
726 1352 792 1384 quo
817 1349 847 1374 et
870 1343 910 1373 ad
929 1343 1018 1384 quod
1042 1352 1162 1373 nomen
1185 1342 1371 1383 imponitur,

299 1387 400 1418 idem:
425 1397 532 1419 rerum
555 1394 663 1418 autem
685 1396 742 1428 per
765 1387 825 1418 alia
848 1393 982 1424 tantum,
1003 1394 1081 1428 puta
1104 1386 1242 1423 effectus,
1263 1396 1373 1427 opera-

1427 852 1530 883 tiones
1554 859 1609 884 aut
1627 853 1834 894 proprietates
1854 854 2063 895 cognitarum,
2083 855 2200 886 habent
2222 854 2256 885 id
2279 864 2297 885 a
2320 864 2396 896 quo,
2414 853 2501 885 aliud

1428 897 1467 927 ab
1491 906 1530 927 eo
1547 897 1587 927 ad
1610 897 1699 938 quod
1715 907 1835 928 nomen
1850 898 2038 939 imponitur.
2063 899 2125 930 Sed
2145 899 2277 930 nomina
2298 899 2403 929 divina
2426 905 2501 930 sunt

1427 951 1535 971 rerum
1558 941 1688 972 secundi
1715 942 1844 973 ordinis.
1877 942 1962 983 Ergo
1985 943 2018 973 in
2042 943 2086 974 eis
2111 943 2198 974 aliud
2221 950 2269 974 est
2292 954 2309 974 a
2333 953 2414 984 quo,
2440 950 2499 974 etc.

1427 986 1513 1026 Ergo
1536 985 1570 1027 ly
1590 986 1681 1016 Deus
1705 986 1800 1017 habet
1821 986 1909 1017 aliud
1930 997 1949 1017 a
1973 997 2057 1028 quo,
2083 994 2141 1019 etc.
2163 1006 2183 1011 —
2206 987 2309 1018 Maior
2331 988 2498 1028 probatur:

1427 1030 1503 1072 quia
1519 1030 1599 1061 sicut
1615 1030 1826 1070 cognoscitur,
1843 1031 1886 1062 ita
1902 1031 2096 1062 nominatur.
2113 1032 2154 1063 Et
2166 1031 2383 1063 manifestatur
2397 1042 2500 1063 exem-

1427 1075 1483 1115 plo
1506 1074 1620 1115 lapidis
1643 1075 1752 1116 quoad
1771 1075 1944 1106 secundam
1969 1082 2108 1116 partem,
2133 1083 2164 1107 et
2188 1077 2378 1117 qualitatum
2404 1076 2500 1108 sensi-

1427 1119 1541 1150 bilium
1564 1119 1672 1160 quoad
1696 1119 1843 1160 primam.
1872 1119 1979 1150 Minor
2002 1126 2088 1161 patet
2111 1130 2148 1151 ex
2171 1121 2262 1152 dictis
2284 1121 2318 1152 in
2341 1122 2500 1163 quaestio-

1428 1174 1468 1194 ne
1491 1174 1533 1194 xn
1547 1163 1574 1195 *.

1481 1208 1627 1240 Secunda
1650 1215 1758 1239 autem
1781 1208 1996 1239 conclusionis
2011 1218 2082 1249 pars
2098 1209 2261 1249 probatur.
2286 1210 2335 1251 Ly
2348 1209 2439 1241 Deus
2455 1217 2501 1242 est

1427 1253 1617 1294 impositum
1647 1253 1686 1284 ab
1714 1253 1884 1284 universali
1914 1252 2131 1294 providentia:
2156 1263 2242 1294 ergo.
2262 1271 2283 1276 -
2301 1254 2501 1285 Antecedens

1427 1298 1581 1338 probatur
1603 1297 1780 1338 dupliciter.
1804 1298 1923 1334 Primo,
1948 1307 1986 1328 ex
2009 1297 2175 1328 communi
2201 1308 2261 1329 usu
2285 1298 2498 1339 loquentium.

1428 1342 1590 1378 Secundo,
1616 1342 1801 1373 auctoritate
1825 1342 1981 1384 Dionysii.
2012 1342 2053 1373 Et
2077 1341 2286 1374 confirmatur
2313 1343 2345 1373 in
2370 1352 2501 1384 respon-

1428 1387 1518 1417 sione
1533 1386 1551 1406 *
1574 1386 1759 1418 auctoritate
1783 1386 1982 1418 Damasceni.
2397 1388 2411 1395 ⁸

1121 1530 1441 1573 ARTICULUS
1473 1530 1676 1574 NONUS

861 1621 1018 1652 UTRUM
1042 1620 1135 1652 Hoc
1158 1620 1314 1652 NOMEN
1336 1619 1460 1651 DEUs
1480 1620 1547 1651 SIT
1572 1619 1935 1652 COMMUNJCABILE

325 1727 395 1783 2425*
415 1729 481 1762 ψέξ-
511 1727 533 1752 D
563 1726 690 1752 Nonum
723 1727 776 1752 su:
804 1726 1045 1752 PROCEDITUR.
1077 1714 1239 1752 Videtur
1266 1714 1371 1764 quod

331 1763 383 1798 5
431 1754 494 1827 ἕρ
513 1769 588 1805 1108
616 1780 759 1805 nomen
791 1769 897 1805 Deus
926 1768 972 1805 sit
1000 1768 1319 1806 communicabile
1339 1775 1368 1806 α.

318 1819 441 1879 15:73
456 1808 753 1871 Cuicumque
779 1821 883 1859 enim
913 1822 1220 1859 communicatur
1241 1834 1300 1859 res
1325 1822 1371 1859 si-

358 1848 689 1924 *ζ’ἳῂ)3111118ειῒε1
716 1887 786 1924 per
812 1887 968 1923 nomen,
1000 1876 1306 1928 communicatur
1334 1883 1371 1913 et

298 1941 442 1967 nomen
470 1928 609 1977 ipsum.
641 1928 717 1966 Sed
746 1929 821 1965 hoc
850 1941 995 1966 nomen
1013 1929 1129 1975 Deus,
1158 1937 1200 1966 ut
1226 1929 1369 1966 dictum

300 1990 357 2020 est
374 1982 405 2030 *,
435 1981 621 2030 significat
646 1981 816 2020 divinam
844 1990 1032 2030 naturam,
1054 1995 1155 2031 quae
1184 1990 1241 2020 est
1264 1995 1370 2020 corn-

297 2035 536 2074 municabilis
552 2035 644 2083 aliis,
661 2036 874 2073 secundum
890 2035 983 2074 illud
999 2038 1030 2073 11
1048 2037 1127 2074 Pet.
1146 2035 1202 2074 1²¹⁶:
1223 2048 1368 2086 magna

301 2096 337 2127 et
356 2090 524 2140 pretiosa
546 2089 737 2138 promissa
756 2087 774 2118 Ρ
803 2090 909 2127 nobis
937 2091 1108 2136 donavit,
1139 2096 1179 2126 ut
1198 2102 1272 2138 per
1298 2091 1370 2128 hoc

298 2144 514 2192 efficiamur
540 2143 690 2180 divinae
726 2148 916 2180 consortes
951 2149 1122 2181 naturae.
1162 2144 1264 2192 Ergo
1293 2144 1369 2181 hoc

299 2209 443 2234 nornen
470 2197 575 2233 Deus
604 2204 659 2233 est
688 2196 1022 2234 communicabile.

354 2262 388 2287 2.
418 2251 660 2297 Proxumum,
691 2250 772 2286 sola
800 2250 959 2287 nomina
989 2249 1146 2299 propria
1174 2263 1253 2287 non
1282 2258 1370 2288 sunt

300 2302 646 2340 communicabilia.
687 2302 765 2340 Sed
792 2303 867 2340 hoc
896 2315 1039 2340 nomen
1071 2304 1177 2340 Deus
1205 2316 1284 2340 non
1313 2312 1369 2342 est

298 2369 443 2394 nomen
456 2356 667 2405 proprium,
685 2356 753 2393 sed
767 2356 1054 2406 appellativum:
1075 2356 1181 2406 quod
1201 2364 1304 2406 patet
1324 2370 1369 2395 ex

299 2411 374 2448 hoc
403 2410 508 2459 quod
536 2410 651 2447 habet
677 2410 833 2459 plurale,
864 2410 1078 2448 secundum
1105 2410 1197 2448 illud
1226 2411 1368 2449 Psalmi

299 2476 404 2501 Lxxxl
424 2463 460 2500 *ε
489 2465 576 2513 Ego
614 2463 715 2509 dixi,
753 2463 807 2500 dii
841 2464 936 2501 estis.
977 2464 1079 2512 Ergo
1111 2464 1187 2501 hoc
1224 2477 1368 2502 nomen

298 2519 402 2555 Deus
432 2525 487 2554 est
505 2522 520 2544 ⁷
549 2516 882 2554 communicabile.

355 2572 388 2608 3.
419 2571 651 2617 ΡΒΑΕΤΕΕΕΑ,
681 2571 757 2608 1108
785 2582 931 2608 110111811
959 2571 1064 2607 Deus
1091 2571 1300 2620 imponitur
1319 2572 1366 2609 ab

300 2624 534 2673 operatione,
550 2631 591 2661 ut
610 2623 753 2661 dictum
774 2631 830 2661 est
843 2623 874 2661 ³¹⁸.
906 2623 984 2661 Sed
1003 2624 1076 2662 alia
1095 2625 1254 2662 nomina
1269 2638 1367 2674 quae

299 2678 550 2727 imponuntur
578 2678 662 2714 Deo
693 2678 741 2715 ab
771 2677 1068 2727 operationibus,
1098 2678 1179 2716 sive
1208 2679 1257 2715 ab
1278 2678 1368 2716 effe-

300 2732 433 2779 ctibus,
463 2739 550 2768 sunt
579 2731 922 2777 communicabilia,
944 2739 985 2768 ut
1009 2732 1140 2778 bonus,
1165 2732 1313 2780 sapiens
1333 2740 1369 2769 et

299 2784 533 2822 huiusmodi.
563 2785 666 2832 Ergo
696 2792 732 2821 et
759 2785 835 2822 hoc
857 2782 870 2805 δ
898 2797 1043 2822 110111811
1062 2786 1167 2823 Deus
1187 2793 1243 2823 est
1263 2798 1367 2823 com-

300 2837 542 2876 municabile.

354 2892 428 2928 SED
449 2902 594 2928 CONTRA
614 2902 679 2927 EST
699 2891 803 2939 quod
828 2891 962 2928 dicitur
981 2892 1069 2940 Sap.
1086 2904 1146 2929 x1v
1160 2891 1195 2929 *z
1226 2893 1368 2929 incom-

300 2944 526 2982 municabile
545 2956 681 2981 nomen
701 2944 814 2994 lignis
833 2951 869 2981 et
886 2945 1070 2993 lapidibus
1089 2946 1369 2994 imposuerunt,-

300 3006 336 3036 et
364 2997 530 3047 loquitur
558 2997 606 3035 de
635 2997 791 3035 nomine
817 2997 975 3036 deitatis.
1006 2999 1108 3047 Ergo
1128 2999 1203 3036 hoc
1222 3011 1368 3037 nomen

300 3054 404 3089 Deus
433 3059 489 3089 est
516 3063 659 3088 nomen
688 3051 1058 3089 incommunicabile.

354 3107 579 3143 Rnsrouusso
594 3116 777 3142 mel-:unum
793 3105 898 3154 quod
914 3105 1069 3154 aliquod
1084 3118 1229 3143 nomen
1243 3113 1369 3155 potest

301 3171 382 3195 esse
413 3157 730 3196 communicabile
765 3158 983 3207 dupliciter:
1012 3171 1090 3195 uno
1119 3159 1252 3206 modo,
1280 3171 1369 3208 pro-

298 3212 397 3261 prie;
426 3212 500 3249 alio
530 3211 661 3258 modo,
691 3224 761 3260 per
788 3211 1083 3249 similitudinem.
1109 3212 1268 3262 Proprie
1287 3212 1368 3261 qui-

300 3266 389 3302 dem
410 3264 729 3302 communicabile
747 3273 813 3312 est,
831 3265 937 3314 quod
952 3265 1165 3303 secundum
1185 3273 1304 3304 totam
1324 3265 1369 3303 si-

299 3319 585 3366 gnificationem
608 3317 785 3366 nominis,
809 3326 863 3356 est
889 3319 1208 3356 communicabile
1227 3319 1367 3357 multis.

299 3373 373 3408 Per
387 3372 674 3409 similitudinem
689 3379 818 3410 autem
840 3372 1159 3410 communicabile
1180 3380 1246 3421 est,
1264 3372 1368 3422 quod

301 3432 356 3461 est
376 3425 692 3462 communicabile
713 3425 926 3463 secundum
947 3425 1087 3475 aliquid
1109 3438 1245 3463 eorum
1270 3438 1367 3476 quae

354 3546 380 3578 α)
400 3546 435 3571 sit
453 3547 678 3572 communicabile.
695 3561 715 3566 -
732 3548 767 3573 sit
787 3555 881 3573 nomen
902 3548 1118 3574 communicabile
1138 3549 1249 3574 codices.

354 3580 379 3614 β)
395 3582 538 3613 promissa.
555 3595 575 3602 -
594 3583 655 3607 Om.
674 3583 795 3608 ABCDE.

352 3618 379 3649 γ)
399 3620 446 3642 est.
458 3631 478 3636 -
497 3625 589 3642 nomen
610 3618 707 3643 addunt
726 3618 846 3643 ABDEF.

353 3651 377 3685 δ)
398 3656 423 3678 et
441 3653 498 3679 hoc.
515 3667 534 3672 -
553 3653 601 3678 hoc
620 3653 726 3679 PBEab.

1426 1713 1669 1751 includuntur
1697 1713 1735 1751 in
1764 1713 1930 1751 nominis
1962 1713 2248 1763 significatione.
2280 1717 2367 1754 Hoc
2395 1717 2498 1756 enim

1426 1780 1571 1805 nomen
1599 1768 1656 1805 leo
1693 1767 1846 1816 proprie
1881 1768 2189 1806 communicatur
2221 1770 2402 1808 omnibus
2429 1771 2500 1809 illis

1426 1821 1464 1858 in
1493 1821 1632 1871 quibus
1660 1820 1852 1858 invenitur
1880 1829 2014 1858 natura
2046 1834 2165 1870 quam
2203 1823 2388 1872 significat
2420 1825 2497 1862 hoc

1426 1887 1570 1912 nomen
1589 1875 1647 1912 leo
1666 1874 1703 1911 *ε
1731 1887 1800 1923 per
1819 1874 2103 1912 similitudinem
2122 1888 2218 1913 vero
2238 1878 2499 1916 communiea-
2527 1890 2536 1900 ·

1425 1928 1498 1965 bile
1528 1937 1583 1965 est
1597 1934 1608 1948 ‘
1627 1927 1696 1965 illis
1725 1927 1789 1977 qui
1810 1928 2035 1978 participant
2063 1928 2205 1978 aliquid
2223 1930 2433 1979 leoninum,
2452 1940 2496 1970 ut

1423 1989 1517 2030 puta
1536 1981 1737 2020 audaciam
1757 1983 1819 2019 vel
1840 1981 2112 2030 fortitudinem,
2143 1982 2208 2032 qui
2237 1979 2499 2034 metaphorice

1424 2035 1549 2072 leones
1579 2035 1767 2073 dicuntur.

1477 2089 1539 2126 Ad
1555 2088 1754 2126 sciendum
1771 2096 1900 2125 autem
1916 2101 2015 2138 quae
2035 2088 2194 2127 nomina
2209 2091 2364 2140 proprie
2383 2099 2471 2130 sunt
2484 2091 2499 2119 ζ

1425 2141 1771 2189 communicabilia,
1803 2142 2126 2180 considerandum
2156 2151 2212 2181 est
2239 2145 2345 2194 quod
2369 2145 2510 2195 omnis.

1424 2195 1549 2232 forma
1577 2195 1615 2232 in
1643 2195 1842 2244 supposito
1872 2195 2050 2244 singulari
2079 2195 2265 2245 existens,
2293 2210 2364 2247 per
2390 2199 2499 2248 quod

1423 2248 1695 2296 individuatur,
1717 2249 1936 2286 communis
1965 2256 2021 2286 est
2040 2250 2179 2298 multis,
2199 2251 2262 2288 vel
2282 2253 2496 2291 secundum

1423 2314 1505 2339 rem
1519 2303 1582 2340 vel
1602 2302 1817 2339 secundum
1837 2302 2026 2339 rationem
2045 2303 2226 2341 saltem*:
2248 2303 2344 2342 sicut
2362 2313 2498 2345 natura

1423 2356 1594 2393 humana
1619 2355 1835 2392 communis
1865 2364 1920 2392 est
1947 2356 2076 2394 multis
2105 2357 2319 2398 secundum
2348 2369 2431 2397 rem
2460 2357 2498 2398 et

1423 2409 1622 2456 rationem,
1652 2416 1786 2446 natura
1815 2417 1943 2446 autem
1973 2409 2062 2447 solis
2090 2422 2170 2448 non
2193 2418 2249 2448 est
2278 2413 2497 2452 communis

1423 2462 1550 2500 multis
1588 2462 1800 2500 secundum
1830 2475 1933 2510 rem⁷
1964 2463 2032 2501 sed
2061 2464 2275 2502 secundum
2304 2465 2494 2505 rationem

1422 2524 1588 2563 tantum;
1626 2524 1752 2565 potest
1781 2516 1884 2554 enirn
1921 2525 2057 2554 natura
2085 2517 2175 2554 solis
2207 2518 2359 2568 intelligi
2387 2528 2429 2558 ut
2455 2520 2495 2559 in

1422 2569 1594 2619 pluribus
1627 2570 1832 2619 suppositis
1871 2570 2044 2608 existens.
2085 2571 2134 2608 Et
2161 2572 2236 2609 hoc
2265 2572 2374 2620 ideo,
2405 2573 2494 2623 quia

1422 2623 1630 2661 intellectus
1656 2623 1824 2672 intelligit
1842 2631 2017 2662 naturam
2042 2624 2241 2662 cuiuslibet
2260 2626 2399 2675 speciei
2425 2639 2496 2677 per

1423 2676 1717 2714 abstractionem
1738 2689 1759 2714 a
1779 2677 1956 2726 singulari
1970 2683 2000 2714 ”z
2026 2677 2130 2716 unde
2147 2690 2229 2716 esse
2249 2678 2287 2716 in
2307 2691 2386 2718 uno
2406 2693 2496 2731 sup-

1422 2730 1548 2779 posito
1576 2729 1753 2778 singulari
1773 2731 1835 2768 vel
1864 2730 1902 2768 in
1929 2731 2113 2780 pluribus,
2135 2739 2191 2770 est
2209 2740 2360 2782 praeter
2387 2733 2494 2772 intel—

1422 2785 1562 2822 lectum
1591 2791 1747 2822 naturae
1776 2784 1936 2833 speciei:
1966 2786 2092 2832 unde,
2123 2794 2275 2832 servato
2304 2786 2495 2826 intellectu

1423 2845 1579 2875 naturae
1617 2837 1778 2886 speciei,
1816 2845 1942 2887 potest
1979 2838 2132 2887 intelligi
2169 2846 2211 2876 ut
2246 2839 2285 2877 in
2321 2840 2494 2889 pluribus

1422 2891 1596 2929 existens.
1623 2890 1701 2928 Sed
1721 2890 1920 2939 singulare,
1942 2904 1987 2929 ex
2016 2893 2092 2929 hoc
2110 2892 2194 2941 ipso
2216 2893 2322 2941 quod
2343 2901 2400 2930 est
2417 2893 2494 2932 sin-

1422 2945 1563 2993 gulare,
1585 2951 1640 2982 est
1669 2943 1835 2982 divisum
1854 2945 1903 2982 ab
1924 2945 2101 2983 omnibus
2120 2945 2212 2983 aliis.
2243 2946 2355 2983 Unde
2375 2959 2493 2985 omne

1423 3010 1567 3036 nomen
1593 2997 1817 3047 impositum
1847 2998 1895 3035 ad
1925 2998 2218 3047 significandum
2246 2999 2401 3048 aliquod
2420 3000 2495 3039 sin-

1422 3052 1562 3100 gulare,
1584 3058 1640 3088 est
1662 3051 2027 3089 incommunicabile
2047 3059 2083 3090 et
2101 3064 2142 3090 re
2161 3059 2199 3089 et
2218 3052 2382 3090 ratione:
2412 3066 2493 3094 non

1423 3104 1526 3142 enim
1554 3112 1679 3154 potest
1705 3117 1776 3142 nec
1801 3104 1838 3142 in
1854 3103 1866 3125 ⁰
1886 3105 2190 3154 apprehensione
2211 3105 2347 3144 cadere
2366 3107 2493 3156 plura-

1422 3158 1504 3195 litas
1523 3158 1634 3195 huius
1662 3157 1859 3195 individui.
1890 3159 2002 3196 Unde
2021 3159 2167 3196 nullum
2187 3171 2332 3197 nomen
2352 3160 2493 3209 signifi-

1423 3224 1514 3249 cans
1533 3210 1690 3261 aliquod
1709 3211 1960 3259 individuum,
1979 3219 2035 3249 est
2053 3212 2375 3250 communicabile
2394 3215 2493 3252 mul-

1421 3265 1467 3302 tis
1495 3265 1661 3314 proprie,
1692 3265 1760 3302 sed
1789 3265 1914 3303 solum
1943 3265 2156 3303 secundum
2185 3265 2491 3314 similitudinem;

1422 3318 1517 3355 sicut
1544 3318 1679 3368 aliquis
1706 3317 1967 3367 metaphorice
1994 3326 2121 3367 potest
2150 3318 2222 3356 dici
2241 3319 2416 3367 Achilles,
2436 3320 2491 3358 in—

1422 3379 1609 3421 quantum
1629 3371 1745 3409 habet
1768 3371 1911 3420 aliquid
1931 3371 1978 3408 de
1998 3371 2294 3421 proprietatibus
2321 3373 2489 3422 Achillis,

1422 3424 1561 3462 scilicet
1590 3425 1860 3462 fortitudinem.

1476 3548 1498 3579 ε)
1506 3547 1724 3573 communicabile
1731 3550 1778 3572 est.
1784 3547 2020 3573 -communicatur
2027 3546 2230 3574 auena-Pro
2236 3548 2348 3582 aliquid,
2353 3549 2420 3582 quid
2426 3549 2489 3575 Pab.

1474 3582 1499 3615 ζ)
1518 3586 1590 3608 sunt.
1603 3595 1622 3602 -
1639 3583 1694 3607 sint
1712 3582 1813 3607 AEFG.

1474 3618 1500 3650 η)
1511 3625 1528 3642 a
1538 3618 1680 3651 singulari.
1690 3630 1707 3636 -
1717 3618 1834 3650 aliquam
1849 3618 2028 3651 singularium
2040 3619 2089 3652 pD,
2099 3626 2117 3644 a
2127 3618 2242 3645 materia
2252 3619 2386 3652 singulari
2400 3619 2486 3646 ceteri.

1474 3651 1498 3686 θ)
1519 3660 1565 3678 nec
1584 3653 1619 3678 in.
1636 3666 1656 3673 —
1675 3657 1704 3678 ut
1724 3653 1749 3678 in
1770 3653 1799 3682 E.
1819 3653 1845 3678 in
1866 3654 1972 3680 PBFab.

2528 1392 2539 1403 '
2554 1391 2593 1415 Ad
2607 1397 2626 1415 1.

2525 2316 2535 2326 ·
2549 2314 2579 2338 D.
2592 2315 2642 2345 367,
2658 2321 2723 2345 ¹¹97—
