2768 4178
54 1906 63 1914 '
76 1905 132 1952 Capi.
141 1911 174 1928 vt,
189 1911 272 1931 n.14.-

53 1931 143 1980 aa..
151 1932 206 1980 {331
215 1938 271 1980 ὲὲὶῐ.

60 2710 71 2721 ⁸
87 2710 119 2732 Ca
139 2717 186 2736 .1v,

61 2736 86 2759 S.
95 2717 140 2759 Tti’.
152 2737 196 2759 lect

198 2710 272 2732 nfi-

198 2753 203 2758 -
213 2726 260 2759 {qn-

315 284 390 320 250

992 284 1259 331 QUAESTIO
1289 285 1396 330 XIX,
1430 285 1723 324 ARTICULUS
1753 287 1823 324 XII

1039 437 1356 479 ARTICULUS
1387 437 1771 482 DUODECIMUS

476 538 631 569 UTRUM
655 538 996 570 CONVENIENTER
1023 539 1154 570 CIRCA
1179 539 1364 570 DIVINAM
1389 540 1695 572 VOLUNTATEM
1718 541 1958 574 PONANTUR
1982 543 2179 581 QUINQUE
2204 544 2332 576 SIGNA

993 627 1001 651 1
1022 627 1104 656 Sent„
1125 627 1183 652 dist.
1202 635 1258 659 ην,
1279 632 1325 652 art.
1344 635 1374 659 45
1395 628 1437 653 De
1459 628 1550 658 Verit„
1571 637 1616 662 qu.
1635 637 1704 661 xxm,
1724 635 1770 655 art.
1791 630 1815 655 3.

366 894 381 910 t
398 876 465 916 w
479 873 513 918 x

522 778 626 826 quod
655 778 968 815 inconvenienter
997 778 1094 814 circa
1117 777 1287 815 divinam
1307 791 1376 815 vo-

522 832 702 868 luntatem
730 839 923 881 ponantur
957 831 1124 880 quinque
1153 831 1276 879 signa:
1307 831 1376 868 sci-

521 736 543 761 D
577 736 815 762 DUODECIMUM
853 737 906 761 S1C
940 736 1179 761 PROCEDITUR.
1217 725 1378 762 Videtur
1434 725 1567 763 dicitur
1587 727 1818 764 Matth.V1*:
1837 730 1915 777 fiat
1932 729 2105 766 voluntas
2125 735 2201 776 tua,
2225 730 2321 767 sicut
2338 731 2375 767 in
2396 731 2500 768 caelo

1431 785 1467 815 et
1494 780 1531 816 in
1561 785 1674 817 terra.
1705 781 1822 827 Quod
1852 789 1979 819 autem
2008 783 2208 831 permissio
2237 784 2299 820 vel
2329 784 2500 833 operatio

1432 831 1605 869 dicantur
1623 833 1696 870 Dei
1723 835 1912 882 voluntas,
1938 843 2042 884 patet
2059 849 2128 884 per
2146 837 2413 885 Augustinum,
2435 837 2501 886 qui

501 884 615 931 licet,
639 885 854 933 prohibitio,
878 890 1135 933 praeceptum,
1165 885 1374 930 consilium,
1432 885 1521 922 dicit
1557 885 1594 922 in
1631 887 1824 923 Enchirid.
1850 887 1886 924 *z
1915 889 2025 925 Nihil
2046 891 2116 937 fit,
2151 890 2224 927 nisi
2260 890 2500 939 Omnipotens

305 938 472 986 operatio
509 945 545 974 et
571 939 780 986 permissio.
821 939 924 975 Nam
953 939 1089 975 eadem
1127 950 1225 987 quae
1264 938 1375 975 nobis
1419 938 1517 985 fieri
1541 938 1639 985 velit,
1667 939 1728 976 vel
1753 940 1908 977 sinendo
1938 946 1978 977 ut
1992 943 2081 989 fiat,
2110 943 2170 979 vel
2183 944 2382 991 faciendo,

299 991 487 1039 praecipit
512 992 617 1028 Deus
646 992 707 1028 vel
736 992 904 1038 consulit,
935 992 974 1028 in
1002 991 1113 1029 nobis
1142 991 1374 1041 quandoque

305 1050 505 1092 operatur:
541 1052 577 1081 et
613 1046 748 1082 eadem
784 1057 882 1093 quae
914 1046 1110 1093 prohibet,
1140 1045 1374 1094 quandoque

298 1097 491 1145 permittit.
522 1098 624 1146 Ergo
653 1110 732 1135 non
761 1098 902 1135 debent
931 1110 976 1134 ex
1005 1099 1181 1147 opposito
1212 1098 1339 1136 dividi.

359 1162 394 1187 2.
416 1151 649 1197 PRAETEREA,
666 1151 757 1188 nihil
778 1152 884 1188 Deus
905 1159 1094 1200 operatur,
1111 1152 1181 1189 nisi
1196 1152 1332 1189 volens
1343 1159 1371 1199 α,

303 1210 345 1239 ut
365 1203 497 1240 dicitur
516 1205 604 1252 Sap.
619 1216 654 1241 xi
669 1204 700 1242 ²⁸.
723 1205 801 1242 Sed
819 1206 997 1242 voluntas
1022 1205 1117 1253 signi
1137 1205 1373 1253 distinguitur

303 1269 326 1294 a
344 1257 538 1295 voluntate
568 1257 806 1307 beneplaciti.
836 1259 938 1306 Ergo
959 1259 1125 1307 operatio
1146 1259 1216 1296 sub
1236 1261 1372 1297 volun-

303 1318 377 1347 tate
406 1310 499 1359 signi
528 1311 804 1360 comprehendi
831 1324 910 1349 non
940 1312 1063 1349 debet.

359 1365 393 1401 3.
423 1364 665 1412 PRAETEREA,
696 1366 863 1413 operatio
899 1373 934 1402 et
961 1366 1162 1414 permissio
1198 1378 1371 1403 commu-

302 1417 399 1454 niter
418 1418 467 1454 ad
487 1430 622 1455 omnes
643 1426 832 1455 creaturas
851 1419 1057 1467 pertinent:
1082 1419 1171 1468 quia
1189 1419 1228 1456 in
1248 1420 1372 1457 omni-

303 1471 374 1507 bus
412 1472 518 1508 Deus
548 1479 747 1520 operatur,
778 1479 814 1509 et
842 1472 880 1509 in
909 1472 1090 1510 omnibus
1119 1473 1261 1522 aliquid
1289 1474 1372 1511 fieri

301 1524 491 1573 permittit.
523 1525 599 1562 Sed
621 1531 879 1574 praeceptum,
900 1526 1096 1563 consilium
1118 1535 1154 1564 et
1165 1527 1370 1575 prohibitio

301 1577 490 1626 pertinent
518 1580 567 1616 ad
595 1579 716 1615 solam
755 1579 978 1616 rationalem
1008 1588 1231 1617 creaturam.
1268 1581 1370 1628 Ergo

302 1643 381 1668 non
413 1631 570 1668 veniunt
600 1632 871 1675 convenienter
898 1633 935 1669 in
964 1645 1082 1670 unam
1121 1633 1369 1682 divisionem,

303 1697 391 1721 cum
420 1697 498 1721 non
527 1684 600 1722 sint
627 1686 740 1723 unius
770 1685 924 1723 ordinis.
962 1719 964 1721 .

353 1749 391 1784 4.
421 1738 655 1786 PRAETEREA,
676 1739 823 1776 malum
846 1738 1017 1788 pluribus
1037 1739 1163 1777 modis
1193 1740 1372 1788 contingit

302 1803 418 1840 quam
446 1792 612 1829 bonurn:
642 1792 731 1841 quia
760 1793 907 1830 bonum
938 1792 1119 1841 contingit
1137 1806 1215 1830 uno
1236 1794 1369 1842 modo,

300 1844 368 1881 sed
383 1846 530 1882 malum
550 1845 803 1893 omnifariam,
825 1854 867 1883 ut
884 1854 988 1895 patet
1002 1859 1071 1895 per
1089 1847 1368 1895 Philosophum

300 1897 338 1934 in
359 1898 390 1934 II
406 1899 526 1935 Ethic.
543 1898 574 1946 ²⁸,
596 1907 633 1936 et
651 1912 720 1948 per
745 1899 975 1948 Dionysium
1002 1899 1041 1936 in
1062 1912 1097 1937 1v
1117 1913 1198 1949 cap.
1220 1901 1266 1937 de
1279 1901 1368 1938 Div.

298 1951 415 1988 Nom.
432 1951 464 1988 *.
496 1953 813 1990 Inconvenienter
840 1953 949 2001 igitur
975 1960 1149 2002 respectu
1169 1954 1258 1990 mali
1279 1954 1369 1992 assi-

298 2012 434 2052 gnatur
461 2017 582 2042 unum
611 2006 761 2054 signum
791 2014 950 2052 tanturn,
981 2006 1122 2043 scilicet
1144 2007 1370 2056 prohibitio,·

299 2066 472 2107 respectu
500 2071 593 2095 vero
623 2059 726 2107 boni,
749 2059 826 2097 duo
856 2059 972 2108 signa,
1004 2059 1144 2097 scilicet
1171 2061 1368 2098 consilium

299 2119 336 2148 et
357 2118 614 2160 praeceptum.

352 2166 576 2202 RESPONDEO
605 2178 788 2203 monimum
809 2165 915 2215 quod
934 2165 1156 2204 huiusmodi
1175 2166 1281 2215 signa
1299 2179 1368 2204 vo-

299 2218 448 2255 luntatis
467 2217 484 2246 ¹³
513 2219 687 2255 dicuntur
717 2231 781 2265 ea,
816 2219 954 2267 quibus
993 2219 1264 2257 consuevimus
1303 2220 1367 2256 de-

299 2279 513 2308 monstrare
542 2284 613 2308 nos
633 2271 774 2320 aliquid
792 2273 904 2309 velle.
935 2274 1065 2310 Potest
1085 2281 1213 2310 autem
1233 2273 1368 2321 aliquis

300 2325 490 2362 declarare
519 2337 559 2362 se
587 2325 684 2362 velle
714 2325 866 2374 aliquid,
895 2327 957 2362 vel
986 2338 1056 2375 per
1084 2326 1275 2375 seipsum,
1304 2327 1368 2363 vel

299 2391 367 2427 per
396 2378 523 2415 alium.
554 2379 628 2415 Per
653 2378 822 2427 seipsum
843 2378 1012 2427 quidem,
1034 2380 1261 2428 inquantum
1283 2379 1369 2416 facit

299 2431 452 2481 aliquid,
482 2432 544 2468 vel
573 2431 724 2478 directe,
746 2433 807 2469 vel
831 2431 1013 2470 indirecte
1035 2440 1070 2469 et
1089 2445 1158 2482 per
1178 2432 1366 2470 accidens.

299 2485 450 2522 Directe
480 2484 648 2534 quidem,
680 2498 767 2522 cum
789 2498 858 2534 per
881 2498 920 2522 se
942 2486 1082 2535 aliquid
1107 2494 1301 2535 operatur:
1332 2493 1369 2523 et

300 2546 484 2588 quantum
515 2538 563 2575 ad
591 2539 687 2585 hoc,
719 2538 853 2576 dicitur
888 2551 970 2576 esse
1009 2539 1157 2587 signum
1186 2539 1366 2588 operatio.

301 2591 484 2629 Indirecte
505 2599 646 2638 autern,
662 2591 888 2641 inquantum
909 2605 987 2630 non
1007 2592 1166 2642 impedit
1181 2593 1368 2642 operatio-

301 2658 390 2682 nem
411 2650 443 2682 ⁷:
474 2657 564 2682 nam
594 2658 799 2683 removens
823 2646 1030 2694 prohibens
1051 2646 1186 2683 dicitur
1204 2658 1368 2683 movens

300 2710 369 2748 per
388 2698 575 2743 accidens,
596 2707 638 2735 ut
658 2698 792 2736 dicitur
812 2699 849 2736 in
869 2700 955 2736 VIII
975 2700 1124 2748 Physic.
1141 2699 1161 2721 ’¹‘
1181 2700 1231 2736 Et
1250 2712 1368 2748 quan-

301 2760 383 2790 tum
412 2751 460 2789 ad
489 2752 574 2798 hoc,
597 2751 731 2789 dicitur
751 2752 899 2800 signum
914 2753 1126 2801 permissio.
1158 2753 1231 2790 Per
1251 2753 1367 2790 alium

302 2813 429 2843 autem
461 2805 625 2842 declarat
653 2818 693 2842 se
723 2805 861 2854 aliquid
882 2803 896 2827 ὅ
923 2807 1032 2853 velle,
1062 2806 1289 2855 inquantum
1310 2819 1369 2843 or—

303 2858 406 2896 dinat
425 2858 541 2895 alium
561 2858 608 2895 ad
629 2859 770 2907 aliquid
791 2859 1024 2905 faciendum;
1045 2861 1107 2897 vel
1130 2859 1343 2897 necessaria
1360 2865 1370 2880 ⁸

303 2911 533 2958 inductione,
563 2913 667 2960 quod
686 2912 729 2949 fit
742 2913 1009 2961 praecipiendo
1038 2913 1142 2962 quod
1173 2913 1256 2962 quis
1275 2914 1367 2959 vult,

303 2973 339 3002 et
363 2965 595 3014 prohibendo
616 2965 866 3011 contrarium;
896 2967 957 3002 vel
979 2966 1103 3015 aliqua
1131 2966 1369 3015 persuasoria

302 3018 532 3064 inductione,
562 3019 667 3067 quod
695 3019 857 3067 pertinet
886 3019 934 3056 ad
963 3020 1170 3057 consilium.

357 3072 456 3119 Quia
485 3071 594 3120 igitur
621 3071 679 3109 his
708 3073 833 3110 modis
853 3072 1063 3110 declaratur
1087 3073 1253 3122 aliquem
1271 3073 1369 3110 velle

303 3125 455 3174 aliquid,
485 3133 641 3174 propter
660 3125 734 3162 hoc
754 3125 823 3163 ista
851 3125 1020 3174 quinque
1049 3126 1296 3164 nominantur
1315 3125 1369 3164 in·

303 3179 454 3215 terdum
473 3179 629 3227 nomine
647 3179 848 3216 voluntatis
866 3179 1027 3225 divinae,
1050 3188 1233 3228 tanquam
1263 3179 1370 3227 signa

303 3232 519 3269 voluntatis.
551 3232 669 3279 Quod
698 3232 801 3268 enim
821 3240 1081 3281 praeceptum,
1113 3232 1313 3270 consilium
1334 3239 1371 3268 et

303 3285 508 3333 prohibitio
524 3285 696 3322 dicantur
709 3285 781 3322 Dei
795 3286 983 3334 voluntas,
1000 3294 1103 3334 patet
1121 3298 1190 3335 per
1209 3285 1245 3323 id
1266 3285 1370 3334 quod

355 3428 384 3468 fx)
404 3427 469 3451 nihil
489 3427 561 3452 Deus
579 3429 715 3458 operatur,
731 3426 783 3451 nisi
795 3426 893 3451 volens.
906 3439 925 3446 -
940 3427 1076 3451 voluntate
1094 3426 1193 3452 scilicet
1212 3425 1369 3458 beneplactti

304 3463 555 3530 addai-olamans.
573 3510 592 3516 -
610 3497 672 3522 Om.
686 3497 864 3522 ABCDEFab.

356 3532 383 3565 γ)
402 3533 590 3564 operationem.
608 3546 628 3552 -
646 3536 799 3565 operantem
820 3532 922 3557 codices
941 3538 967 3557 et
986 3540 1002 3557 a
1014 3533 1037 3558 b.

357 3567 380 3599 δ)
400 3568 510 3600 aliquid.
527 3582 546 3587 —
564 3568 659 3600 aliquis
678 3568 781 3600 aliquid
800 3568 901 3593 codices
921 3573 945 3592 et
964 3568 1014 3593 ab.

357 3604 378 3635 ε)
399 3603 555 3628 necessaria.
573 3617 592 3622 -
611 3604 751 3628 necessarii
770 3603 869 3628 ACDE.

1484 991 1554 1028 Vel
1581 999 1708 1040 potest
1736 992 1809 1029 dici
1838 995 1944 1041 quod
1966 995 2165 1042 permissio
2190 1004 2228 1032 et
2251 997 2418 1045 operatio
2442 1009 2499 1034 re-

1430 1045 1600 1081 feruntur
1628 1045 1678 1082 ad
1704 1058 1908 1094 praesens:
1937 1047 2138 1095 permissio
2159 1049 2317 1096 quidem
2341 1050 2391 1087 ad
2419 1062 2499 1087 ma-

1429 1098 1521 1144 lum,
1544 1098 1715 1146 operatio
1734 1111 1829 1136 vero
1853 1099 1903 1136 ad
1933 1101 2091 1137 bonum.
2121 1101 2183 1138 Ad
2203 1102 2371 1140 futurum
2390 1115 2497 1150 vero,

1422 1152 1639 1199 prohibitio,
1669 1159 1844 1201 respectu
1863 1153 1975 1199 mali;
2005 1162 2181 1202 respectu
2199 1167 2294 1192 vero
2323 1156 2416 1193 boni
2434 1169 2498 1194 ne-

1430 1204 1602 1252 cessarii,
1631 1211 1900 1254 praeceptum,·
1937 1215 2112 1256 respectu
2139 1219 2233 1244 vero
2263 1209 2498 1258 superabun-

1429 1257 1551 1295 dantis
1580 1258 1683 1306 boni,
1713 1259 1921 1296 consilium.
2401 1301 2405 1303 Α

1481 1313 1539 1348 AD
1568 1323 1706 1349 PRIMUM
1734 1324 1831 1349 ERGO
1855 1325 2040 1350 mCENDUM
2061 1313 2166 1362 quod
2194 1313 2285 1351 nihil
2307 1314 2496 1363 prohibet,

1429 1365 1526 1402 circa
1555 1366 1719 1402 eandem
1755 1378 1855 1412 rem,
1885 1366 2050 1415 aliquem
2082 1367 2342 1405 diversimode
2375 1369 2498 1406 decla-

1428 1430 1509 1455 rare
1530 1431 1571 1455 se
1591 1418 1733 1467 aliquid
1751 1420 1869 1456 velle:
1899 1419 1995 1456 sicut
2017 1420 2263 1457 inveniuntur
2289 1422 2410 1459 multa
2428 1434 2498 1459 no-

1427 1471 1531 1508 mina
1550 1471 1654 1509 idem
1674 1472 1934 1520 significantia.
1955 1473 2068 1510 Unde
2087 1473 2177 1510 nihil
2195 1474 2374 1523 prohibet
2391 1474 2497 1513 idem

1427 1525 1622 1562 subiacere
1650 1533 1854 1575 praecepto
1882 1533 1919 1562 et
1947 1526 2105 1563 consilio
2122 1526 2136 1553 t
2161 1535 2197 1564 et
2216 1527 2438 1576 operationi,
2461 1535 2498 1566 et

1426 1578 1671 1627 prohibitioni
1699 1579 1761 1616 vel
1789 1579 2040 1628 permissioni.

1479 1634 1538 1669 An
1557 1644 1747 1669 SECUNDUM
1766 1644 1950 1670 meENDUM
1974 1633 2091 1682 quod,
2113 1632 2209 1670 sicut
2236 1634 2343 1671 Deus
2369 1642 2497 1684 potest

1426 1685 1628 1733 significari
1662 1685 1924 1735 metaphorice
1956 1687 2056 1723 velle
2090 1685 2128 1724 id
2164 1687 2270 1735 quod
2306 1699 2387 1725 non
2414 1689 2497 1725 vult

1425 1739 1621 1776 voluntate
1649 1739 1803 1788 proprie
1832 1746 2000 1789 accepta,
2022 1739 2072 1776 ita
2089 1747 2216 1788 potest
2234 1741 2495 1790 metaphorice

1426 1791 1627 1840 significari
1646 1793 1745 1829 velle
1774 1792 1812 1829 id
1841 1793 1947 1840 quod
1975 1793 2129 1841 proprie
2148 1794 2241 1830 vult.
2271 1793 2383 1838 Unde
2403 1794 2495 1832 nihil

1424 1845 1602 1894 prohibet
1630 1845 1678 1882 de
1707 1845 1847 1882 eodem
1877 1858 1961 1883 esse
1988 1846 2226 1883 voluntatem
2256 1847 2494 1896 beneplaciti,

1426 1907 1461 1936 et
1497 1899 1736 1935 voluntatem
1773 1898 1880 1946 signi.
1920 1898 1996 1936 Sed
2036 1899 2210 1947 operatio
2249 1911 2403 1950 semper
2440 1908 2496 1938 est

1425 1951 1562 1989 eadem
1581 1957 1595 1974 ’¹
1624 1963 1712 1988 curn
1745 1952 1941 1989 voluntate
1976 1952 2224 2001 beneplaciti,
2253 1965 2333 1990 non
2365 1961 2495 1991 autem

1422 2013 1672 2055 praeceptum
1699 2005 1762 2042 vel
1792 2005 2014 2043 consilium:
2043 2013 2126 2043 turn
2146 2005 2236 2055 quia
2255 2006 2351 2043 haec
2371 2014 2427 2045 est
2445 2006 2494 2045 de

1422 2058 1624 2108 praesenti,
1644 2058 1736 2095 illud
1765 2057 1812 2095 de
1841 2059 1989 2105 futur03
2018 2066 2100 2096 tum
2128 2059 2218 2108 quia
2241 2059 2337 2097 haec
2354 2072 2426 2109 per
2452 2072 2494 2099 se

1425 2120 1480 2149 est
1509 2112 1665 2149 effectus
1693 2111 1912 2159 voluntatis,
1941 2112 2033 2149 illud
2058 2119 2187 2150 autern
2205 2125 2276 2162 per
2294 2112 2423 2162 atium,
2452 2121 2496 2152 ut

1424 2165 1566 2203 dictum
1596 2173 1651 2202 est
1669 2164 1701 2202 ³¹⁶.

1476 2213 1539 2255 An'
1561 2230 1720 2255 Teanum
1745 2229 1929 2255 DlCENDUM
1958 2219 2063 2266 quod
2092 2227 2264 2256 creatura
2302 2219 2492 2259 rationalis

1423 2279 1478 2308 est
1498 2271 1655 2308 domina
1675 2270 1732 2307 sui
1752 2278 1873 2307 actus:
1895 2278 1931 2307 et
1950 2271 2036 2308 ideo
2058 2271 2156 2309 circa
2172 2272 2295 2320 ipsam
2315 2273 2493 2322 specialia

1423 2324 1613 2373 quaedam
1648 2323 1753 2371 signa
1789 2323 1939 2361 divinae
1968 2324 2173 2362 voluntatis
2191 2322 2204 2345 ⁰
2233 2326 2491 2376 assignantur,

1421 2378 1646 2428 inquantum
1667 2376 1891 2414 rationalem
1912 2385 2123 2415 creaturam
2148 2379 2254 2415 Deus
2274 2378 2423 2416 ordinat
2441 2380 2491 2418 ad

1423 2430 1615 2480 agendum
1634 2430 1847 2468 voluntarie
1868 2438 1904 2467 et
1921 2443 1991 2480 per
2009 2443 2061 2468 se.
2083 2431 2162 2468 Sed
2181 2431 2275 2468 aliae
2296 2440 2490 2470 creaturae

1422 2497 1501 2522 non
1530 2491 1646 2532 agunt
1678 2483 1749 2521 nisi
1768 2491 1897 2520 motae
1916 2490 1924 2504 ‘
1953 2496 1998 2521 ex
2027 2484 2249 2534 operatione
2278 2485 2423 2523 divina:
2454 2493 2491 2524 et

1422 2538 1509 2576 ideo
1536 2537 1634 2574 circa
1662 2537 1753 2574 alias
1782 2549 1860 2574 non
1887 2538 2031 2575 habent
2059 2538 2188 2575 locum
2217 2538 2288 2576 nisi
2317 2539 2488 2588 operatio

1423 2599 1459 2628 et
1485 2590 1699 2640 permissio.

1476 2647 1534 2682 AD
1563 2655 1737 2687 QUARTUM
1765 2655 1949 2681 DtCENDUM
1979 2643 2084 2692 quod
2109 2656 2227 2681 omne
2247 2645 2392 2682 malurn
2412 2645 2490 2682 cul-

1422 2710 1517 2748 pae,
1547 2697 1633 2734 licet
1665 2696 1919 2746 multipliciter
1952 2696 2162 2746 contingat,
2192 2705 2322 2735 tamen
2349 2698 2388 2735 in
2415 2698 2492 2736 hoc

1423 2750 1613 2797 convenit,
1643 2750 1749 2799 quod
1778 2749 1968 2788 discordat
1995 2763 2018 2787 a
2046 2751 2242 2788 voluntate
2275 2750 2424 2790 divina:
2456 2758 2492 2789 et

1423 2805 1510 2842 ideo
1539 2816 1659 2842 unum
1689 2803 1838 2851 signum
1859 2811 2034 2852 respectu
2054 2804 2246 2841 malorum
2267 2804 2490 2853 assignatur,

1423 2858 1561 2896 scilicet
1582 2857 1796 2907 prohibitio.
1830 2857 1907 2894 Sed
1937 2856 2196 2895 diversimode
2224 2857 2328 2895 bona
2355 2870 2396 2894 se
2424 2858 2491 2895 ha-

1423 2913 1513 2949 bent
1541 2911 1589 2948 ad
1614 2910 1824 2948 bonitatem
1846 2909 2027 2947 divinam.
2059 2903 2160 2957 Quia
2179 2910 2371 2960 quaedam
2390 2918 2489 2957 sunt,

1424 2965 1504 3002 sine
1533 2964 1671 3014 quibus
1700 2963 1916 3000 fruitionem
1936 2963 2088 3001 divinae
2109 2963 2285 3000 bonitatis
2306 2963 2489 3014 consequi

1423 3031 1502 3056 non
1529 3029 1734 3067 possumus
1753 3022 1783 3053 ⁸:
1814 3024 1849 3053 et
1878 3025 2051 3066 respectu
2087 3017 2227 3054 horum
2257 3024 2313 3054 est
2334 3029 2490 3066 praece-

1417 3078 1538 3120 ptum.
1565 3071 1769 3118 Quaedam
1788 3082 1882 3107 vero
1904 3077 2001 3116 sunt,
2023 3069 2160 3120 quibus
2179 3069 2381 3119 perfectius
2401 3082 2491 3108 con-

1424 3124 1637 3174 sequimur:
1664 3131 1699 3160 et
1719 3131 1892 3172 respectu
1911 3124 2053 3161 horum
2073 3131 2128 3160 est
2147 3123 2354 3161 consilium.
2375 3144 2398 3152 -
2419 3124 2490 3162 Vel

1424 3177 1631 3216 dicendum
1660 3176 1767 3225 quod
1795 3177 1990 3214 consilium
2020 3183 2077 3213 est
2099 3188 2179 3214 non
2198 3177 2323 3214 solum
2343 3176 2391 3215 de
2410 3189 2491 3214 me-

1423 3231 1579 3268 lioribus
1613 3229 1724 3267 bonis
1757 3230 2020 3279 assequendis,
2050 3229 2118 3266 secl
2147 3229 2261 3267 etiam
2291 3230 2339 3268 de
2368 3229 2492 3268 mino-

1425 3284 1527 3322 ribus
1554 3283 1663 3320 malis
1690 3283 1864 3320 vitandis.

1476 3423 1501 3456 ζ)
1521 3427 1547 3449 et
1565 3423 1684 3449 consilto.
1700 3437 1720 3443 -
1738 3423 1799 3448 Om.
1820 3423 1921 3448 codIces
1941 3427 1966 3447 et
1984 3421 2034 3447 ab.
2046 3436 2065 3441 -
2077 3422 2128 3447 Pro
2147 3423 2228 3448 altero
2240 3426 2275 3452 et,
2290 3423 2332 3448 vel
2343 3422 2489 3454 ACDEFG,

1424 3460 1625 3527 om-n?·eadem.
1642 3507 1662 3514 -
1680 3494 1713 3519 de
1730 3493 1822 3519 eodem
1840 3493 1917 3522 AFG,
1937 3493 2030 3518 eadem
2051 3494 2084 3519 de
2100 3493 2191 3520 eodem
2211 3494 2270 3519 edd.
2289 3493 2340 3519 ab.

1478 3528 1502 3562 θ)
1522 3530 1675 3555 voluntatis.
1694 3543 1713 3548 -
1731 3528 1863 3554 voluntati
1880 3528 2002 3553 ACDEF.

1480 3566 1498 3597 ι)
1518 3569 1613 3590 motae.
1633 3579 1650 3583 —
1668 3568 1744 3590 actae
1763 3563 1887 3588 ACDEG.

1479 3601 1503 3631 κ)
1519 3600 1575 3625 sine
1589 3600 1682 3632 quibus
1732 3607 1782 3624 non
1794 3606 1945 3632 possumus.
1956 3614 1976 3619 -
1989 3600 2082 3632 quibus
2095 3599 2258 3633 sufficIenter
2304 3605 2447 3632 possumus
2458 3598 2489 3623 D.

2531 746 2540 756 ·
2556 745 2624 768 νει-ο.
2641 753 2675 769 ιο.

2529 901 2538 910 ·
2554 900 2611 928 cap.
2626 907 2681 923 xcv.

2520 2172 2532 2184 ⁶
2545 2172 2571 2195 tn
2586 2179 2693 2202 corpore.
