2696 4094
989 207 1259 254 QUAESTIO
1290 209 1323 255 Ι,
1353 208 1652 245 ARTICULUS
1683 209 1715 244 11
2433 223 2455 258 9

303 289 379 326 SED
399 300 547 326 CONTRA
567 300 633 325 EST
647 288 754 337 quod
769 293 784 315 ⁷
798 286 1034 335 Augustinus
1054 287 1156 330 dicit,
1173 288 1263 324 XIV
1278 287 1324 324 de

250 344 288 380 Τ
283 342 433 380 rinitate
451 341 492 379 *ε
521 342 628 379 Huic
658 341 835 379 scientiae
871 340 1088 378 attribuitur
1124 340 1218 377 illud
1244 346 1325 377 tan-

246 396 440 433 tummodo
460 407 534 444 quo
547 395 651 444 fides
668 394 921 432 saluberrima
940 394 1127 444 gignitur,
1149 394 1324 441 nutritur,

246 449 470 499 defenditur,
486 450 702 486 roboratur.
724 448 811 485 Hoc
830 455 960 485 autem
975 448 1024 485 ad
1040 447 1186 485 nullam
1206 447 1326 484 scien-

245 503 338 541 tiam
374 502 539 552 pertinet
570 501 642 540 nisi
675 501 726 539 ad
763 513 914 539 sacram
952 500 1179 538 doctrinam.
1223 501 1327 549 Ergo

246 569 356 595 sacra
385 555 559 594 doctrina
587 562 645 593 est
671 554 841 592 scientia.

301 611 538 648 Responmzo
571 620 758 646 mcENDUM
797 620 949 645 sacram
987 608 1204 645 doctrinam
1244 620 1329 645 esse

246 663 459 702 scientiam.
476 662 556 700 Sed
570 662 771 709 sciendum
787 669 844 699 est
858 662 965 711 quod
981 661 1123 711 duplex
1139 670 1195 698 est
1209 662 1329 699 scien-

245 717 387 755 tiarum
414 722 549 765 genus.
587 715 793 763 Quaedam
822 715 926 753 enim
962 722 1067 762 sunt,
1107 727 1207 764 quae
1241 728 1330 765 pro-

248 770 390 809 cedunt
418 782 464 807 ex
491 769 689 819 principiis
717 769 817 807 notis
841 769 987 806 lumine
1007 769 1170 806 naturali
1190 767 1203 790 ⁸
1222 769 1332 806 intel-

246 825 379 871 lectus,
399 823 498 861 sicut
522 822 774 870 arithmetica,
795 822 1020 871 geometria,
1042 829 1079 859 et
1097 822 1331 860 huiusmodi.

249 877 457 926 Quaedam
476 888 572 914 vero
593 883 692 924 sunt,
713 888 814 926 quae
833 872 1052 926 procedunt
1072 888 1117 913 ex
1135 876 1333 926 principiis

247 930 349 970 notis
372 936 384 952 ‘
410 931 556 969 lumine
585 930 793 980 superioris
821 930 1022 967 scientiae:
1053 930 1150 966 sicut
1177 942 1334 979 perspe-

249 985 350 1023 ctiva
376 984 552 1035 procedit
572 996 617 1022 ex
636 983 830 1033 principiis
857 983 1063 1022 notificatis
1081 995 1152 1032 per
1180 995 1336 1033 geome-

247 1038 378 1087 triam,
407 1045 446 1076 et
472 1038 623 1076 musica
652 1050 697 1075 ex
730 1037 927 1088 principiis
954 1049 1026 1086 per
1054 1036 1334 1074 arithmeticam

249 1092 364 1131 notis.
394 1093 444 1130 Et
471 1093 547 1130 hoc
576 1091 699 1129 modo
727 1103 836 1129 sacra
866 1091 1042 1140 doctrina
1071 1097 1127 1127 est
1155 1089 1332 1138 scientia:

252 1254 398 1313 ὦέιζᾶπ
411 1251 484 1284 &aaa
496 1243 515 1270 ἱ-
529 1250 662 1276 Ominum
680 1249 783 1275 codices
801 1253 828 1274 et
845 1249 894 1274 ab.
906 1261 926 1268 -
944 1248 996 1273 Pro
1013 1249 1181 1278 attribuitur,
1202 1248 1332 1273 tribuitur
1357 1247 1361 1287 Ι

305 1321 332 1356 ὃ)
351 1305 480 1348 naturast.
499 1335 518 1341 -
535 1321 670 1346 naturalis
688 1319 742 1346 ec.
759 1333 779 1340 -
797 1319 847 1345 Pro
866 1323 893 1345 et
911 1319 1072 1349 huiusmodi,
1092 1322 1141 1344 etc.
1160 1319 1192 1344 D.

251 1357 467 1422 ήῗωκᾳέἑῖ
479 1356 633 1425 xgtttissffigt
651 1356 721 1382 notis
733 1356 763 1386 B,
778 1356 825 1381 sed
840 1355 955 1388 primum
970 1355 1133 1388 expungitur.
1147 1369 1167 1374 -
1181 1355 1253 1380 Idem
1272 1360 1333 1387 post

1379 287 1468 336 quia
1483 288 1496 313 ζ
1510 287 1683 336 procedit
1699 300 1744 324 ex
1759 288 1951 337 principiis
1971 289 2069 326 notis
2088 289 2232 326 lumine
2253 290 2459 338 superioris

1380 340 1573 388 scientiae,
1594 353 1693 390 quae
1723 341 1864 378 scilicet
1892 350 1948 378 est
1977 342 2133 379 scientia
2161 343 2235 380 Dei
2265 351 2300 379 et
2329 343 2460 380 beato-

1381 405 1478 431 rum.
1518 394 1630 432 Unde
1659 394 1755 431 sicut
1783 395 1931 432 musica
1964 395 2084 432 credit
2110 395 2297 444 principia
2325 396 2460 433 tradita

1381 447 1453 484 sibi
1482 448 1530 484 ab
1556 447 1809 493 arithmetico,
1831 448 1880 485 ita
1901 448 2073 486 doctrina
2094 461 2201 486 sacra
2222 449 2341 486 credit
2359 450 2461 499 prin=

1383 501 1481 550 cipia
1510 502 1680 539 revelata
1709 501 1809 538 sibi*
1838 514 1860 538 a
1889 503 1988 539 Deo.

1436 556 1496 591 Ao
1517 567 1655 592 ramum
1679 566 1778 592 ERGO
1799 567 1984 592 memnon
2004 556 2111 603 quod
2129 556 2317 605 principia
2337 556 2462 593 cuius-

1382 608 1474 644 libet
1501 608 1683 645 scientiae
1710 609 1773 645 vel
1802 616 1890 645 sunt
1918 616 2010 645 nota
2028 621 2098 657 per
2117 621 2170 656 se,
2190 610 2253 646 vel
2273 610 2461 646 reducun-

1383 670 1444 698 tur
1463 661 1513 698 ad
1532 661 1708 699 notitiam
1723 660 1735 682 ⁰
1759 662 1967 711 superioris
1987 662 2179 699 scientiae.
2201 663 2250 699 Et
2268 663 2356 700 talia
2376 670 2463 700 sunt

1383 715 1570 765 principia
1598 727 1730 752 sacrae
1760 715 1973 762 doctrinae,
2002 723 2045 752 ut
2074 715 2218 752 dictum
2248 723 2304 753 est
2321 716 2353 753 ³¹³.

1438 771 1498 805 AD
1527 781 1718 806 SECUNDUM
1747 780 1932 806 mOENDUM
1961 769 2067 818 quod
2087 769 2289 817 singularia
2307 770 2461 807 tradun-

1385 830 1445 859 tur
1473 822 1511 859 in
1540 835 1648 859 sacra
1677 821 1862 870 doctrina,
1888 834 1967 859 non
1996 822 2085 871 quia
2114 822 2161 859 de
2191 822 2244 859 eis
2271 823 2462 872 principa—

1385 876 1468 913 liter
1485 882 1680 913 tractetur:
1698 875 1767 912 sed
1782 875 2078 913 introducuntur
2092 883 2174 912 tum
2190 876 2229 913 in
2244 877 2463 924 exemplum

1385 930 1499 977 vitae,
1520 929 1617 966 sicut
1636 929 1674 966 in
1694 928 1859 966 scientiis
1888 929 2117 975 moralibus;
2138 937 2220 966 tum
2247 929 2360 967 etiam
2385 937 2393 950 ⁸
2414 930 2462 966 ad

1388 983 1664 1020 declarandum
1693 982 1960 1020 auctoritatem
1987 983 2161 1020 virorum
2189 995 2259 1032 per
2287 995 2385 1032 quos
2414 984 2461 1020 ad

1387 1049 1458 1073 nos
1487 1036 1671 1074 revelatio
1702 1036 1832 1074 divina
1860 1036 2057 1085 processit,
2087 1049 2204 1086 super
2232 1049 2349 1085 quam
2378 1037 2461 1073 fun-

1388 1090 1499 1127 datur
1527 1102 1634 1127 sacra
1662 1090 1848 1139 scriptura
1876 1102 1943 1126 seu
1973 1090 2146 1127 doctrina
2161 1090 2192 1127 ³¹².

1440 1247 1465 1281 ζ)
1485 1249 1556 1281 quia.
1575 1263 1594 1267 —
1612 1256 1680 1281 quae
1700 1249 1728 1274 B.
1747 1262 1766 1267 —
1783 1249 1894 1274 scientia
1913 1254 1971 1274 ante
1993 1249 2044 1274 Dei
2062 1257 2116 1274 om.
2129 1249 2231 1274 codices
2251 1254 2276 1274 et
2294 1250 2343 1274 ab.

1441 1284 1468 1316 η)
1487 1284 1546 1309 sibi.
1565 1297 1583 1303 -
1601 1284 1664 1309 Om.
1677 1284 1789 1309 codices.

1440 1317 1466 1351 θ)
1485 1319 1523 1344 ad
1541 1320 1675 1345 notitiam.
1693 1334 1714 1339 -
1732 1320 1759 1344 in
1780 1319 1904 1345 notitiam
1924 1320 2036 1345 codices.

1442 1355 1460 1387 ι)
1479 1355 1570 1380 etiam.
1583 1369 1602 1374 —
1614 1355 1677 1380 Om.
1693 1355 1794 1380 codices
1810 1361 1835 1380 et
1853 1355 1902 1381 ab.
1920 1369 1939 1374 -
1958 1356 2022 1380 Item
2039 1363 2086 1388 pro
2105 1362 2193 1387 super,
2213 1363 2305 1387 supra.
2323 1369 2343 1375 —·
2361 1355 2389 1379 In
2403 1354 2461 1386 fine,

1386 1391 1511 1416 doctr-ina
1530 1397 1575 1416 seu
1594 1391 1730 1423 scriptura
1749 1392 1780 1415 A.

937 1488 1273 1522 Commentaria
1296 1488 1550 1522 cardinalis
1572 1488 1775 1523 Caietam

282 1597 306 1621 u
337 1587 434 1620 titulo
465 1587 562 1619 huius
592 1586 723 1618 secundi
756 1587 898 1623 articuli,
932 1594 1009 1618 nota
1041 1587 1124 1618 duos
1159 1587 1330 1618 terminos:

284 1632 392 1675 primo
415 1632 448 1674 ly
470 1632 625 1670 scientia,·
652 1631 794 1663 secundo
820 1631 854 1673 ly
881 1641 977 1663 sacra
1008 1632 1166 1663 doctrina.
1197 1631 1333 1663 Scientia

255 1677 342 1711 enim
364 1677 503 1709 sumitur
525 1675 577 1708 hic
599 1675 742 1717 proprie,
767 1683 804 1708 ut
827 1683 873 1708 est
895 1676 1116 1708 intellectualis
1143 1676 1244 1707 virtus
1267 1674 1332 1718 (VI

197 1736 204 1744 ·
253 1720 425 1765 mest),
455 1728 486 1754 et
513 1720 640 1752 habitus
666 1720 915 1752 conclusionum
943 1731 999 1762 per
1028 1721 1334 1752 demonstrationem

254 1766 449 1810 acquisibilis
477 1776 515 1797 ex
537 1765 710 1807 principii&
738 1765 780 1797 Et
803 1766 959 1807 quoniam
987 1766 1060 1797 talia
1091 1773 1166 1797 sunt
1194 1766 1335 1797 subiecta

255 1811 363 1856 qualia
377 1811 606 1854 permittuntur
629 1820 648 1841 a
670 1810 870 1851 praedicatis,
895 1821 1096 1852 consequens
1119 1818 1166 1842 est
1188 1811 1279 1851 quod
1302 1810 1335 1851 ly

254 1865 352 1890 saera
367 1857 516 1889 doctrina
532 1861 679 1887 sumatur
693 1855 744 1886 hic
760 1865 820 1896 pro
836 1855 980 1887 doctrina
994 1855 1130 1886 revelata
1148 1861 1184 1887 ut
1199 1861 1246 1886 est
1262 1865 1335 1886 con-

255 1902 447 1935 elusionum.
463 1901 577 1942 Neque
592 1900 680 1931 enim
695 1899 832 1932 sumitur
847 1910 906 1940 pro
923 1907 989 1932 tota
1013 1898 1184 1943 (quoniam
1201 1899 1335 1931 stultum

255 1946 382 1979 videtur
404 1955 555 1988 quaerere
579 1955 620 1976 an
643 1951 711 1976 tota
732 1944 884 1986 cognitio,
902 1945 1052 1976 claudens
1071 1945 1104 1975 in
1128 1955 1161 1976 se
1180 1944 1336 1986 principia

257 1990 290 2024 et
312 1990 545 2026 conclusiones,
563 1989 604 2021 sit
626 1989 765 2027 scientia,
783 1999 858 2020 cum
877 1996 1001 2021 constet
1019 1989 1252 2031 principiorum
1269 1999 1336 2020 non

222 2052 229 2059 ·
257 2045 326 2068 esee
342 2033 535 2077 scientiam):
549 2034 605 2065 sed
619 2044 678 2075 pro
693 2034 763 2076 ipsa
775 2034 930 2071 absolute,
947 2041 984 2065 ut
999 2034 1032 2065 in
1048 2034 1154 2075 primo
1166 2033 1334 2070 articulo&

257 2081 410 2113 adiuncto
433 2086 578 2120 respectu
601 2079 641 2109 ad
665 2078 898 2110 conclusiones.
923 2079 969 2110 Ita
991 2079 1082 2120 quod
1105 2089 1216 2110 sensus
1240 2089 1336 2120 quae·

258 2123 380 2162 ationis
394 2131 454 2156 est:
479 2126 532 2155 An
554 2133 642 2154 sacra
665 2123 818 2160 doctrina,
842 2133 942 2165 quam
964 2123 1172 2165 probavimus
1195 2133 1336 2154 necessa-

257 2169 348 2207 riam,
372 2169 483 2211 quoad
506 2167 729 2200 conclusiones
753 2178 826 2200 suas
849 2168 964 2199 habeat
986 2168 1144 2199 rationem
1167 2168 1335 2205 scientiae;

259 2225 300 2247 m
323 2224 400 2252 non,
417 2213 474 2245 sed
497 2213 671 2254 opinionis,
697 2219 754 2244 etc.
779 2213 821 2244 Et
836 2212 880 2244 sic
895 2212 982 2244 idem
1005 2213 1142 2244 omnino
1167 2219 1213 2244 est
1229 2213 1334 2244 subie-

259 2266 348 2292 ctum
370 2257 568 2301 quaestionis
592 2264 624 2289 et
641 2257 858 2289 conclusionis
883 2258 1100 2299 responsivae:
1127 2264 1158 2289 et
1176 2258 1335 2299 quaestio-

198 2320 204 2327 ·
258 2312 316 2336 nes
338 2310 516 2346 aequantur
538 2311 610 2334 vere
638 2302 738 2340 scitis,
763 2302 850 2334 iuxta
873 2302 1052 2334 doctrinam
1076 2302 1102 2333 11
1127 2303 1250 2334 Ροειεν.
1265 2303 1283 2322 *

299 2346 354 2381 '11.
378 2348 414 2380 ln
437 2357 588 2389 corpore,
617 2346 784 2389 proposita
815 2347 1022 2378 conclusione
1052 2347 1253 2388 responsiva,
1278 2348 1336 2379 tria

259 2393 350 2438 fucit:
375 2393 484 2438 primo*
505 2392 638 2433 ponitur
656 2392 750 2424 unica
773 2391 951 2428 distinctim
975 2392 1118 2424 secundo
1135 2392 1337 2424 modificatur

201 2453 211 2488 '.
260 2437 426 2471 conclusio
449 2436 634 2479 responsiva
657 2436 691 2474 *;
715 2437 808 2468 tertio
833 2437 1001 2468 deducitur
1024 2436 1230 2468 corollarium
1253 2438 1298 2468 **.

318 2482 488 2515 Distinctio
501 2489 563 2514 est:
580 2481 717 2513 Scientia
737 2481 864 2523 duplex,
883 2481 1112 2513 subalternam
1129 2488 1159 2512 et
1179 2482 1336 2513 subalter-

260 2533 351 2567 Μία,
364 2537 402 2559 ex
413 2527 425 2558 1
438 2526 580 2558 Postera*
591 2526 774 2558 Differentia
788 2526 870 2558 inter
881 2526 939 2557 has
950 2534 1005 2563 est,
1017 2527 1107 2568 quod
1119 2526 1337 2558 subaltemans

259 2572 404 2616 procedit
415 2582 453 2603 ex
464 2571 740 2613 propositionibus
751 2581 808 2612 per
822 2581 856 2602 se
871 2571 973 2603 notis:
986 2572 1198 2603 subalternata
1210 2582 1285 2602 vero
1301 2582 1338 2602 ex

259 2617 424 2661 principiis
439 2617 541 2652 notis,
561 2626 628 2647 non
644 2626 701 2657 per
716 2626 759 2652 se,
777 2616 832 2647 sed
846 2616 968 2647 lumine
985 2616 1158 2657 superioris
1174 2617 1336 2648 scientiae:

260 2669 298 2695 ut
320 2668 407 2704 patet
429 2661 463 2692 in
485 2660 682 2692 arithmetica
695 2667 726 2692 et
741 2661 878 2698 musica,
894 2661 1068 2702 geometria
1084 2668 1115 2692 et
1130 2661 1335 2702 perspectiva.

317 2706 370 2738 111.
395 2705 488 2737 Circa
503 2705 586 2736 hanc
609 2705 846 2736 distinctionem
869 2715 905 2737 ac
925 2705 1143 2742 differentiam,
1161 2706 1232 2737 vide
1247 2707 1336 2747 quod

261 2762 299 2784 ex
314 2750 445 2793 propria
460 2750 582 2781 ratione
597 2749 745 2782 scientiae
760 2750 905 2782 absolute
921 2751 1060 2782 nascitur
1075 2751 1152 2782 haec
1165 2750 1338 2782 differentia

261 2796 419 2837 assignata
441 2795 474 2825 in
496 2795 612 2826 littera:
638 2801 669 2826 et
691 2802 859 2836 propterea
874 2802 1029 2837 tanquam
1052 2796 1156 2836 prima
1179 2802 1210 2826 et
1233 2806 1336 2826 essen—

261 2841 343 2874 tialis
366 2839 540 2871 differentia
562 2840 643 2870 inter
666 2839 935 2871 subalternantem
950 2847 981 2872 et
996 2840 1243 2872 subalternatam
1267 2850 1337 2871 sus-

262 2885 410 2928 cipienda
437 2891 501 2915 est:
527 2891 557 2915 et
586 2894 624 2914 ex
651 2884 700 2915 his
723 2883 852 2925 oportet
881 2895 995 2916 omnes
1019 2884 1218 2916 difficultates
1242 2884 1336 2921 solvi,

262 2931 289 2962 si
312 2929 455 2974 doctrina
477 2939 551 2960 vera
574 2935 629 2960 est.
655 2929 741 2960 Scito
763 2928 860 2970 igitur
882 2930 972 2970 quod
991 2930 1031 2960 de
1046 2930 1167 2960 ratione
1191 2929 1338 2960 scientiae

262 2975 423 3011 absolute,
448 2980 485 3005 ut
507 2974 712 3014 distinguitur
739 2981 849 3005 contra
871 2974 951 3005 alios
975 2974 1102 3005 habitus
1126 2984 1181 3005 seu
1206 2974 1336 3005 virtutes

261 3019 500 3055 intellectuales,
518 3025 565 3049 est
583 3018 698 3049 habere
723 3018 946 3050 conclusiones
961 3019 1099 3050 visibiles
1115 3019 1148 3049 in
1164 3019 1237 3055 alio,
1258 3018 1339 3049 idest

262 3064 297 3095 in
318 3062 499 3104 principiis:
523 3063 680 3104 quoniam
708 3063 815 3094 omnis
837 3063 967 3095 scientia
991 3073 1027 3094 ex
1051 3063 1215 3104 principiis
1238 3063 1340 3094 oritur

262 3107 449 3140 necessario.
474 3109 516 3139 Et
531 3118 569 3139 ex
584 3108 647 3139 hoc
670 3108 814 3149 sequitur
836 3109 927 3149 quod
950 3118 1009 3139 nec
1032 3108 1161 3139 scientia
1184 3108 1338 3139 subalter-

263 3162 353 3188 nanS,
376 3161 436 3183 nec
458 3153 680 3189 subalternata,
703 3152 798 3184 habet
821 3152 1013 3186 evidentiam
1037 3153 1284 3184 conclusionum
1307 3153 1339 3183 in

263 3196 389 3238 seipsis;
404 3197 461 3227 sed
475 3197 584 3229 adiuta
598 3198 709 3229 habitu
725 3197 968 3238 principiorum.
989 3197 1111 3228 Verum
1126 3198 1159 3228 in
1175 3198 1238 3228 hoc
1255 3197 1340 3228 diffe-

263 3248 348 3278 runt,
367 3241 458 3282 quod
480 3241 723 3274 subaltemantis
747 3242 971 3273 conclusiones
993 3242 1132 3273 visibiles
1155 3249 1231 3273 sunt
1254 3252 1291 3273 ex
1310 3249 1341 3273 et

263 3287 297 3317 in
319 3285 483 3327 principiis
509 3287 706 3326 immediate,
731 3286 812 3318 idest
833 3287 954 3328 absque
978 3287 1041 3317 alio
1070 3286 1178 3317 medio
1207 3287 1339 3317 habitu:

263 3331 494 3362 subalternatae
508 3340 585 3362 vero
600 3331 823 3363 conclusiones
837 3331 975 3362 visibiles
991 3338 1066 3362 sunt
1078 3341 1115 3362 ex
1129 3331 1211 3362 etin
1226 3331 1340 3372 princi—

264 3376 325 3417 piis
340 3385 397 3416 per
413 3385 447 3405 se
463 3375 548 3406 notis
565 3376 714 3415 mediate,
730 3376 890 3407 mediante
909 3376 1027 3407 scilicet
1041 3375 1150 3407 habitu
1166 3375 1340 3407 scientifico

264 3420 509 3451 subalternante.
545 3418 588 3450 Et
608 3420 687 3452 haec
709 3428 757 3452 est
779 3421 953 3452 essentialis
977 3427 1008 3452 et
1030 3431 1088 3461 per
1111 3430 1144 3451 se
1168 3420 1340 3451 differentia

264 3465 346 3496 inter
375 3464 644 3495 subalternantem
671 3472 702 3496 et
724 3466 972 3497 subalternatam
1003 3465 1177 3496 scientiam.
1210 3465 1341 3496 Ceterae

265 3507 373 3541 autem
401 3509 599 3540 conditiones
622 3516 698 3540 sunt
721 3517 968 3552 consequentes;
993 3517 1049 3541 aut
1071 3517 1146 3541 sunt
1169 3510 1244 3540 talis
1267 3510 1340 3540 sub-

265 3554 412 3590 alternae,
429 3563 495 3584 non
520 3553 717 3584 subalternae
732 3561 770 3586 ut
784 3554 843 3586 sic:
869 3561 947 3596 puta
963 3555 1053 3596 quod
1069 3564 1134 3586 una
1150 3554 1234 3585 dicat
1252 3555 1339 3595 quia,

266 3605 298 3630 et
319 3598 416 3630 altera
432 3604 570 3639 propter
591 3598 669 3639 quid
675 3605 688 3636 ,·
710 3605 766 3630 aut
788 3600 878 3640 quod
901 3600 1064 3631 obiectum
1086 3599 1181 3630 addat
1197 3598 1340 3629 differen-

393 3661 519 3685 Summa
538 3660 639 3684 Tuam..
660 3660 690 3684 D.
710 3659 825 3684 'saonae
844 3660 876 3685 T.
896 3661 914 3685 1.

1387 1586 1465 1618 tiam
1488 1587 1714 1618 accidentalem
1746 1594 1935 1618 extraneam.
1970 1587 2058 1617 Haec
2082 1595 2221 1626 namque
2254 1592 2300 1616 est
2323 1585 2463 1618 conditio

1388 1631 1666 1663 subalternationis
1689 1632 1799 1673 quoad
1822 1631 2002 1662 obiectum:
2026 1630 2080 1661 illa
2095 1640 2171 1660 vero
2187 1630 2464 1661 subalternationis

1389 1676 1498 1717 quoad
1514 1676 1678 1717 principia,
1702 1676 1801 1717 gratia
1825 1675 1983 1711 materiae,
2009 1682 2044 1706 ut
2067 1674 2148 1705 infra
2171 1674 2299 1716 patebit.

1442 1721 1617 1752 Essentiale
1640 1731 1715 1762 ergo
1740 1721 1830 1752 omni
1846 1720 1994 1752 scientiae
2018 1719 2147 1760 proprie
2171 1719 2283 1758 dictae,
2299 1719 2379 1750 idest
2403 1719 2464 1749 dis-

1390 1765 1551 1802 cursivae,
1577 1773 1624 1797 est
1647 1766 1761 1797 habere
1793 1765 2014 1796 conclusiones
2044 1764 2198 1800 visibiles,
2227 1774 2294 1794 non
2317 1764 2349 1794 in
2374 1771 2405 1794 et
2428 1774 2464 1794 ex

1391 1820 1433 1846 se,
1451 1811 1507 1841 sed
1527 1811 1560 1841 in
1576 1818 1607 1842 et
1621 1820 1657 1842 ex
1681 1811 1754 1842 alio.
1772 1811 1813 1841 Et
1829 1820 1866 1840 ex
1889 1810 1937 1840 his
1957 1809 2160 1840 deducuntur
2175 1809 2331 1850 quinque.
2354 1809 2464 1839 Primo

1391 1856 1481 1896 quod
1504 1855 1610 1886 omnis
1634 1855 1763 1886 scientia
1787 1862 1833 1886 est
1857 1854 1986 1886 scientia
2015 1864 2051 1884 ex
2075 1863 2132 1884 sua
2161 1853 2402 1884 continuatione
2427 1853 2465 1883 ad

1390 1900 1536 1931 habitum
1552 1899 1759 1941 superiorem.
1778 1899 1942 1937 Quoniam
1957 1898 2086 1929 nonnisi
2103 1908 2139 1929 ex
2154 1898 2208 1928 illa
2224 1898 2465 1929 continuatione

1391 1944 1582 1975 evidentiam
1606 1945 1700 1975 habet
1723 1944 1982 1979 conclusionum;
2009 1950 2039 1974 et
2062 1949 2098 1974 ut
2121 1942 2236 1973 dicitur
2260 1943 2271 1972 1
2297 1943 2417 1973 Poster.
2436 1942 2464 1980 *,

1392 1999 1455 2020 non
1483 1990 1562 2020 sciet
1586 1999 1648 2020 non
1673 1989 1793 2020 habens
1823 1988 2127 2020 demonstrationem
2154 1987 2464 2018 demonstrabilium.

1391 2033 1630 2065 Demonstratio
1655 2033 1741 2064 enim
1758 2040 1804 2064 est
1819 2042 1901 2074 quae
1926 2031 2104 2068 continuat3
2122 2042 2189 2062 non
2207 2031 2348 2062 curando
2364 2031 2466 2062 modo

1392 2085 1463 2109 actu
1487 2079 1538 2109 vel
1561 2078 1713 2119 potentia.
1731 2095 1750 2101 -
1767 2077 1914 2109 Secundo
1934 2077 2024 2118 quod
2038 2076 2167 2107 scientia
2190 2076 2403 2106 subalternata
2419 2083 2467 2106 est

1392 2123 1521 2154 scientia
1545 2133 1581 2153 ex
1601 2122 1850 2158 continuatione,
1868 2131 1923 2152 seu
1941 2120 2222 2156 continuabilitate,
2242 2120 2282 2150 ad
2302 2120 2466 2151 scientiam

1393 2167 1606 2208 superiorem,
1632 2167 1743 2198 eadem
1767 2167 1898 2197 ratione.
1918 2183 1935 2189 -
1956 2166 2063 2196 Tertio
2087 2165 2176 2206 quod
2199 2174 2256 2205 per
2283 2175 2316 2195 se
2340 2165 2466 2195 habitus

1393 2212 1623 2253 principiorum
1647 2211 1868 2252 proximorum
1892 2210 2122 2241 subalternatae
2146 2216 2193 2240 est
2216 2209 2342 2240 habitus
2366 2209 2466 2240 scien-

1392 2256 1495 2288 tificus
1520 2256 1748 2287 subalternam.
1765 2273 1782 2279 -
1800 2256 1926 2293 Quarto
1942 2255 2031 2296 quod
2049 2254 2177 2285 scientia
2201 2254 2420 2284 subalternans
2437 2261 2467 2285 et

1393 2302 1605 2333 subalternata
1634 2311 1700 2332 non
1729 2300 1905 2331 necessario
1929 2306 2140 2340 opponuntur
2164 2308 2201 2329 ex
2224 2306 2312 2339 parte
2335 2298 2466 2335 obiecti,

1393 2357 1451 2378 nec
1482 2357 1519 2377 ex
1542 2353 1629 2386 parte
1658 2345 1804 2381 subiecti,
1835 2345 1891 2375 sed
1919 2344 2027 2385 potius
2058 2354 2095 2374 ex
2123 2350 2210 2383 parte
2242 2343 2466 2374 conditionum

1394 2391 1506 2422 medii:
1532 2391 1608 2432 quia
1635 2390 1753 2421 scilicet
1784 2389 1928 2420 medium
1956 2389 1989 2419 in
2020 2388 2253 2419 subalternante
2284 2388 2466 2419 immediate

1392 2436 1534 2476 iungitur
1557 2435 1720 2476 principiis
1744 2444 1800 2475 per
1819 2444 1851 2465 se
1871 2434 1966 2470 notis,
1982 2433 2211 2464 subalternatae
2225 2443 2300 2463 vero
2321 2432 2465 2469 mediate,

1394 2481 1552 2512 mediante
1568 2480 1686 2511 scilicet
1708 2479 1816 2510 habitu
1834 2478 1960 2509 alterius
1976 2477 2102 2518 speciei.
2116 2495 2134 2501 -
2151 2477 2271 2514 Quinto
2285 2477 2374 2518 quod
2391 2478 2466 2507 sub-

1393 2526 1544 2557 alternata
1568 2532 1599 2556 et
1621 2524 1839 2555 subalternans
1855 2530 1930 2554 sunt
1946 2521 2186 2563 compossibiles
2201 2522 2234 2552 in
2258 2522 2374 2551 eodem
2393 2522 2466 2552 sub-

1393 2571 1491 2602 iecto:
1517 2570 1593 2611 quia
1617 2579 1683 2600 non
1707 2574 1920 2609 opponuntur
1935 2577 1973 2597 ex
1995 2574 2083 2608 parte
2108 2566 2249 2597 subiecti.
2265 2566 2338 2596 -Et
2355 2575 2392 2596 ex
2416 2566 2464 2596 his

1394 2615 1560 2646 deducitur
1589 2620 1735 2652 sextum,
1757 2613 1847 2654 quod
1875 2611 2031 2652 principia
2061 2611 2206 2652 proxima
2237 2611 2466 2641 subalternatae

1393 2666 1529 2701 possunt
1553 2658 1671 2699 duplici
1696 2657 1804 2688 habitu
1829 2656 1993 2697 cognosci,
2018 2656 2135 2687 scilicet
2152 2655 2281 2686 scientia
2301 2655 2464 2695 superiori,

1393 2712 1424 2736 et
1446 2704 1523 2740 fide;
1548 2710 1584 2734 ut
1607 2703 1639 2733 in
1663 2702 1764 2733 littera
1793 2711 1936 2742 expresse
1968 2701 2096 2737 dicitur,
2129 2700 2207 2731 dum
2238 2700 2271 2730 in
2296 2699 2466 2730 corollario

1393 2749 1525 2790 ponitur
1541 2748 1618 2779 fides
1642 2748 1681 2777 de
1701 2746 1873 2787 principiis,
1891 2753 1922 2776 et
1940 2745 1972 2776 in
1988 2745 2189 2776 distinctione
2209 2744 2340 2785 ponitur
2355 2744 2465 2774 lumen

1393 2793 1565 2835 superioris
1595 2791 1742 2823 scientiae
1774 2792 1813 2822 de
1843 2791 1973 2821 eisdem.
1999 2790 2060 2821 Sed
2093 2789 2223 2820 scientia
2252 2789 2396 2828 superior
2420 2795 2467 2819 est

1393 2848 1507 2869 eorum
1531 2837 1657 2868 habitus
1680 2846 1736 2876 per
1759 2846 1802 2870 se,
1819 2835 1895 2877 quia
1919 2845 1956 2866 ex
1980 2834 2136 2865 essentiali
2161 2833 2409 2874 comparatione,
2429 2843 2465 2863 ex

1393 2893 1458 2924 qua
1488 2883 1582 2912 habet
1613 2881 1825 2912 subalternata
1855 2880 1944 2921 quod
1980 2879 2019 2910 sit
2043 2878 2187 2909 scientia:
2220 2877 2297 2908 fides
2319 2887 2396 2908 vero
2420 2884 2466 2908 est

1394 2937 1507 2959 eorum
1531 2926 1657 2957 habitus
1681 2935 1737 2966 per
1759 2925 1920 2960 accidens,
1941 2924 2016 2965 quia
2040 2923 2160 2954 ratione
2185 2922 2315 2953 subiecti
2339 2922 2373 2952 in
2396 2931 2462 2962 quo

1395 2980 1450 3009 est,
1475 2978 1552 3012 puta
1576 2970 1764 3011 perspectivi
1787 2979 1854 3000 non
1877 2975 2067 3009 geometrae.

1446 3017 1503 3047 Est
1526 3023 1633 3047 autem
1661 3024 1765 3045 unum
1788 3014 1839 3045 hic
1866 3013 2115 3048 advertendum,
2141 3011 2230 3052 quod
2253 3011 2285 3040 in
2310 3010 2411 3051 prima
2435 3017 2476 3053 et-

1395 3060 1550 3093 essentiali
1566 3059 1749 3091 conditione
1765 3059 1995 3090 subalternatae
2011 3056 2158 3088 scientiae
2178 3062 2371 3086 concurrunt
2386 3055 2463 3085 duo.

1395 3106 1539 3137 Primum
1559 3111 1606 3135 est
1627 3103 1818 3134 inevidentia
1836 3104 1869 3134 in
1893 3113 1936 3139 se,
1954 3112 2028 3133 cum
2045 3101 2201 3132 evidentia
2217 3110 2253 3130 ex
2277 3106 2308 3129 et
2327 3099 2359 3129 in
2383 3098 2463 3129 alio:

1395 3151 1573 3182 secundum
1604 3155 1651 3180 est
1673 3148 1824 3179 mediatio
1857 3147 2088 3188 principiorum
2117 3145 2357 3186 proximorum,
2382 3153 2465 3184 quae

1395 3203 1442 3227 est
1465 3205 1559 3226 causa
1581 3193 1666 3224 illius
1689 3192 1899 3223 inevidentiae
1922 3192 1955 3222 in
1972 3201 2015 3222 se.
2040 3191 2102 3222 Sed
2119 3190 2260 3230 primum
2278 3188 2397 3218 horum
2420 3195 2467 3218 est

1396 3239 1538 3275 formale,
1553 3246 1583 3269 et
1601 3244 1831 3279 consequenter
1860 3236 1994 3267 omnino
2028 3244 2152 3275 semper
2180 3232 2386 3273 requisitum:
2419 3242 2465 3262 se-

1397 3285 1539 3316 cundum
1563 3290 1670 3313 autem
1693 3289 1740 3313 est
1762 3281 1941 3312 materiale,
1966 3280 1999 3311 Si
2027 3279 2113 3310 enim
2135 3284 2244 3319 posset
2274 3277 2386 3307 salvari
2413 3276 2466 3306 illa

1395 3327 1585 3360 inevidentia
1605 3337 1680 3358 curn
1695 3326 1874 3357 visibilitate
1890 3326 1922 3356 in
1939 3325 2011 3360 alio,
2030 3325 2148 3364 absque
2167 3321 2370 3357 mediatione,
2388 3321 2466 3351 nihil

1396 3374 1503 3404 minus
1520 3372 1786 3403 subalternaretur
1800 3371 1864 3401 illi:
1889 3370 1973 3411 quia,
1991 3376 2027 3399 ut
2042 3369 2106 3398 iam
2130 3374 2216 3407 patet
2239 3376 2276 3396 ex
2293 3366 2392 3401 dictis,
2413 3375 2466 3405 pe—

1396 3429 1452 3449 nes
1475 3418 1568 3448 illurn
1584 3416 1721 3447 modum
1740 3414 1914 3446 evidentiae
1938 3420 1985 3444 est
1999 3412 2172 3444 essentialis
2201 3418 2231 3442 et
2247 3421 2303 3451 per
2327 3420 2359 3440 se
2379 3409 2466 3440 diffe-

1396 3463 1495 3494 rentia
1518 3458 1607 3492 inter‘
1622 3461 1890 3492 subalternantem
1915 3466 1945 3489 et
1972 3457 2227 3488 subalternatam.
2252 3455 2294 3485 Et
2321 3455 2394 3485 hinc
2419 3464 2465 3484 se-

1396 3508 1504 3549 quitur
1528 3506 1617 3547 quod
1640 3515 1706 3536 non
1731 3511 1858 3545 oportet
1881 3502 2035 3544 principia
2054 3501 2266 3532 subalternata
2285 3509 2322 3530 ex
2341 3498 2467 3529 formali

1396 3552 1517 3583 ratione
1532 3549 1808 3581 subalternationis
1825 3548 1938 3579 habere
1949 3552 2085 3587 propter
2098 3544 2192 3587 quid:
2206 3544 2260 3575 sed
2276 3551 2323 3574 sat
2339 3550 2384 3574 est
2400 3553 2466 3573 esse

1395 3597 1452 3627 illo
1469 3596 1569 3626 modo
1586 3594 1822 3635 propositiones
1847 3592 2040 3623 inevidentes
2064 3597 2095 3621 et
2117 3589 2264 3620 visibiles.
2292 3620 2296 3623 ,

2309 3658 2322 3673 2

2589 665 2602 689 θ

2493 720 2499 726 ·
2516 717 2542 738 ln
2560 723 2668 744 corpore.

2490 1094 2499 1104 ⁸
2515 1094 2541 1115 D.
2558 1101 2608 1123 ¹153-

2494 1950 2502 1959 “
2519 1949 2577 1976 Cap.
2589 1955 2614 1975 ιι,
2630 1955 2652 1970 η.
2665 1950 2687 1970 8.
