2768 4178
125 1267 164 1283 -HJ
182 1268 207 1282 ,ίῐ

1015 260 1282 307 QUAESTIO
1311 260 1397 306 XL,
1426 260 1720 298 ARTICULUS
1752 261 1802 297 IV
1854 232 1859 236 λ

313 337 478 367 communi
495 337 676 378 spiratione,
693 342 791 369 ut'est
805 346 901 375 actus,
915 346 946 370 et
961 347 996 370 ut
1012 346 1058 370 est
1071 339 1192 371 relatio.
1208 357 1227 362 —
1243 339 1376 376 Quarto,

313 380 477 420 distinguit
498 382 699 422 personalem
722 383 947 423 proprietatem
969 383 1078 420 Patris,
1102 393 1184 424 quae
1200 383 1268 413 sola
1284 389 1376 413 resta-

311 424 380 460 bat;
405 426 494 465 quod
517 432 622 465 potest
645 426 811 466 dupliciter
834 427 1036 463 considerari,
1061 427 1177 458 scilicet
1199 434 1235 457 ut
1257 426 1376 462 relatio,

312 475 344 499 et
366 475 402 499 ut
425 469 630 500 constitutiva
652 480 815 510 personae.
839 470 881 501 Et
904 470 996 510 ponit
1018 471 1099 501 hanc
1123 470 1376 501 conclusionem:

311 513 402 553 quod
424 513 602 553 paternitas,
626 521 663 544 ut
685 513 804 550 relatio,
821 514 962 554 sequitur
977 514 1227 553 generationem;
1252 521 1288 544 ut
1302 524 1376 544 vero

313 556 517 587 constitutiva
539 567 706 597 personae,
731 558 888 598 praecedit
911 558 1155 597 generationem.
1180 558 1221 588 Et
1244 558 1378 588 declarat

312 600 449 640 primam
475 606 614 640 partem:
645 601 720 641 quia
748 601 857 631 relatio
881 601 1032 632 fundatur
1055 611 1150 641 super
1177 608 1293 632 actum.
1324 602 1377 632 Se-

313 644 451 674 cundam
466 653 558 674 vero:
582 644 658 685 quia
681 645 762 675 actio
786 645 1015 685 praesupponit
1033 655 1203 685 personam
1222 651 1377 685 agentem.

371 688 424 719 IV.
449 687 540 719 Circa
562 688 676 718 ultima
702 688 785 719 dicta
812 689 947 719 dubium
975 689 1120 720 occurrit.
1144 689 1272 726 Primo,
1303 690 1378 730 quia

311 731 459 762 videntur
480 731 558 762 haec
580 732 761 762 contrariari
792 742 887 772 supra
910 733 999 763 dictis
1026 733 1059 763 in
1083 733 1214 764 articulo
1241 743 1269 764 2.
1294 733 1378 770 Quia

312 781 368 806 aut
383 775 549 816 loquimur
571 775 610 806 de
633 776 754 815 origine
771 783 801 807 et
815 776 967 807 relatione
989 777 1165 807 secundum
1179 787 1263 808 rem:
1290 785 1319 808 et
1333 777 1377 807 sic

311 828 380 849 non
396 818 553 849 differunt.
573 821 639 850 Aut
655 820 831 850 secundum
845 820 1016 851 rationem:
1038 828 1069 852 et
1083 821 1136 858 sic,
1154 831 1228 852 cum
1244 828 1377 862 utraque

313 871 424 893 earum
446 862 486 893 sit
508 862 675 902 multiplex
697 862 867 906 (quoniam
890 871 995 905 potest
1011 865 1095 895 sumi
1114 865 1204 905 origo
1222 873 1257 895 ut
1275 865 1374 905 origo,

311 912 343 936 et
365 912 402 936 ut
424 906 626 937 constitutiva
648 917 810 947 personae,
835 908 916 939 sicut
934 915 964 939 et
982 907 1124 951 relatio);
1150 916 1179 940 et
1194 919 1251 940 nec
1267 909 1376 940 relatio

311 956 348 980 ut
369 949 498 987 relatio,
523 960 581 981 nec
604 951 694 991 origo
718 959 754 983 ut
777 952 877 992 ori30‚
902 953 1081 984 constituit:
1107 960 1162 983 aut
1184 953 1376 992 distinguen-

312 993 392 1024 dum
414 1001 479 1024 erat
495 995 533 1024 de
549 995 679 1034 origine,
697 996 777 1026 sicut
793 996 831 1026 de
854 997 1005 1027 relatione
1029 997 1212 1027 distinctum
1236 1003 1297 1032 est;
1322 1004 1377 1028 aut

310 1036 536 1068 affirmandum
558 1049 625 1069 non
648 1047 714 1070 erat
736 1040 825 1081 quod
840 1040 950 1072 relatio
965 1041 1066 1081 magis
1081 1051 1180 1081 quam
1195 1041 1285 1081 origo
1300 1051 1375 1071 con-

310 1081 412 1112 stituit
435 1088 466 1112 et
488 1082 660 1123 distinguit.

366 1126 406 1156 V.
420 1125 512 1157 Circa
527 1127 661 1157 eandem
677 1137 808 1168 quoque
823 1135 946 1168 partem
961 1129 1096 1159 dubium
1112 1128 1247 1159 occurrit
1261 1129 1374 1172 maius,

310 1169 476 1206 Quoniam
498 1171 676 1210 paternitas,
693 1171 779 1202 verbi
796 1173 903 1212 gratia,
923 1179 979 1203 aut
993 1179 1039 1203 est
1051 1173 1156 1203 forma
1175 1172 1376 1203 constitutiva

310 1213 370 1243 sub
393 1223 536 1254 expressa
559 1215 680 1246 ratione
712 1216 920 1255 paternitatis;
944 1224 999 1247 aut
1022 1217 1082 1247 sub
1105 1216 1165 1246 alia
1187 1216 1317 1246 ratione.
1342 1216 1374 1246 Si

310 1258 370 1287 sub
393 1258 527 1290 ratione.
535 1259 740 1299 paternitatis,
758 1269 832 1299 ergo
852 1260 1043 1301 inquantum
1059 1260 1184 1290 relatio:
1210 1267 1241 1290 et
1255 1260 1299 1290 sic
1313 1259 1374 1290 dis-

281 1310 284 1311 ’
308 1299 421 1332 tinctio
437 1300 540 1333 ..nuna-
565 1302 599 1333 Si
621 1303 680 1334 sub
697 1303 756 1334 alia
770 1304 902 1342 ratione,
917 1311 1015 1334 ruunt
1029 1314 1123 1343 supra
1142 1303 1234 1339 dieta,
1258 1303 1374 1343 quibus

45 2525 51 2534 ῃ
61 2494 76 2507 ⁴
89 2493 139 2545 gu.
152 2501 222 2545 mat,
233 2499 276 2518 nrt.

19 2542 23 2543 .
227 2528 276 2551 n.5.

26 2562 30 2567 ”
45 2577 51 2584 ‘
63 2576 277 2608 ’Gummnchffl

24 2642 27 2659 ;
64 2626 276 2656 ‘Ctnunmpraem

310 1351 442 1376 conatus
471 1352 518 1376 est
538 1348 661 1377 Auctor
689 1347 854 1378 ostendere
882 1348 972 1388 quod
1001 1347 1190 1378 constituere
1214 1354 1244 1378 et
1267 1347 1374 1378 distin-

308 1398 405 1429 guere
426 1399 597 1430 personam
619 1390 659 1421 sit
686 1398 773 1422 actus
795 1391 966 1428 relationis,
991 1398 1027 1422 ut
1049 1391 1252 1431 distinguitur
1266 1397 1374 1421 contra

304 1432 476 1464 essentiam
498 1440 531 1464 et
553 1440 663 1465 contra
685 1434 850 1474 originem,
875 1442 912 1466 ut
933 1442 1020 1475 patet
1041 1435 1074 1465 in
1097 1442 1153 1466 art.
1171 1445 1188 1465 2
1207 1442 1238 1475 et
1255 1436 1283 1466 3.

365 1476 421 1509 VI.
443 1477 486 1508 Et
508 1477 713 1509 confirmatur
735 1485 829 1519 atque
853 1486 986 1519 augetur
1004 1479 1148 1510 dubium.
1173 1479 1337 1516 Quoniam
1355 1489 1374 1509 a

309 1530 335 1552 s.
350 1521 480 1552 Thema
502 1527 641 1562 quatuor
663 1522 840 1562 praedicata
863 1523 1017 1554 habemus
1036 1523 1139 1560 realia,
1155 1523 1276 1553 ratione
1292 1533 1372 1563 quo-

307 1573 382 1595 rum
396 1564 575 1596 attribuitur
596 1565 741 1596 relationi
758 1567 947 1598 constituere
964 1577 1142 1608 personam.
1167 1567 1311 1597 Primum
1327 1573 1374 1597 est

307 1610 443 1640 essentia
466 1608 586 1640 divina.
611 1609 717 1650 Inquit
740 1610 826 1640 enim
848 1611 881 1647 in
905 1612 967 1652 Qq.
991 1612 1030 1642 de
1052 1613 1214 1648 Potentia,
1239 1621 1294 1652 qu.
1307 1621 1371 1647 vm,

306 1658 364 1683 art.
391 1653 427 1690 3,
451 1652 485 1682 in
507 1653 714 1693 responsione
738 1655 778 1684 ad
801 1665 838 1696 7,
864 1656 953 1696 quod
981 1655 1147 1687 relationes
1176 1655 1373 1686 constituunt

306 1694 502 1738 hypostases,
518 1696 710 1738 inquantum
726 1705 800 1729 sunt
816 1699 949 1730 essentia
964 1699 1078 1730 divina.
1091 1717 1111 1722 -—
1128 1699 1310 1730 Secundum
1327 1705 1372 1729 est

305 1739 340 1782 ly
361 1740 481 1772 divina.
506 1741 612 1782 Inquit
635 1742 720 1772 enim
743 1742 776 1772 in
796 1743 808 1772 I
827 1743 928 1781 Sent.‚
953 1743 1023 1774 dist.
1041 1754 1121 1779 xxvr,
1143 1751 1199 1774 art.
1217 1753 1251 1779 2,
1276 1743 1315 1773 ad
1341 1753 1369 1779 2,

305 1784 396 1825 quod
418 1784 545 1822 relatio,
569 1785 761 1827 inquantum
790 1787 909 1823 divina,
934 1787 1098 1827 distinguit
1119 1787 1326 1828 hypostasim.
1350 1805 1371 1809 -

306 1827 454 1859 Tertium
476 1836 522 1860 est
544 1829 578 1870 ly
599 1830 782 1861 subsistens.
806 1831 891 1861 Dixit
915 1831 1000 1861 enim
1023 1831 1056 1861 in
1077 1841 1094 1861 2
1119 1831 1250 1862 articulo
1276 1831 1371 1861 huius

306 1872 510 1912 quaestionis,
534 1873 567 1903 in
589 1874 796 1914 responsione
815 1875 856 1905 ad
875 1885 907 1914 4,
932 1875 1021 1916 quod
1044 1875 1163 1912 relatio,
1188 1875 1214 1905 si
1236 1875 1276 1906 sit
1298 1876 1370 1906 sub-

305 1915 426 1953 sistens,
451 1916 509 1948 fert
531 1927 640 1948 secum
663 1918 897 1949 distinctionem
918 1919 1156 1960 suppositalem.
1175 1937 1195 1942 -—
1212 1919 1371 1956 Quartum

306 1965 354 1990 est
374 1960 408 2001 ly
431 1961 499 2001 ipsa
516 1971 669 2001 persona.
693 1962 779 1993 Dixit
795 1963 880 1993 enim
898 1962 931 1993 in
947 1963 1107 2003 praedicto
1124 1963 1264 1999 articulo,
1283 1964 1371 2004 quod

305 2003 471 2035 relationes
486 2005 684 2036 constituunt
699 2013 730 2037 et
744 2006 943 2046 distinguunt
960 2007 1155 2048 hypostases,
1179 2007 1370 2048 inquantum

305 2055 380 2080 sunt
402 2048 489 2089 ipsae
512 2059 666 2090 personae
689 2050 902 2082 subsistentes.

360 2092 408 2123 Ex
430 2093 547 2134 quibus
571 2094 721 2125 omnibus
745 2094 899 2126 conflatur
919 2095 1118 2135 ambiguitas,
1143 2106 1182 2126 an
1207 2096 1245 2126 de
1265 2103 1370 2126 mente

305 2145 330 2166 s.
346 2136 492 2168 Thomae
511 2137 621 2168 relatio
637 2138 676 2169 sit
695 2138 898 2169 constitutiva
915 2149 1079 2180 personae,
1096 2140 1208 2170 stando
1223 2139 1303 2170 infra
1326 2140 1369 2170 la-

303 2179 473 2216 titudinem
502 2181 661 2213 relationis
691 2190 722 2214 et
749 2182 972 2214 conditionum
1002 2184 1087 2214 eius:
1116 2194 1156 2214 an
1180 2191 1215 2214 ut
1238 2183 1370 2215 includit

304 2225 481 2262 essentiam,
506 2235 561 2256 seu
585 2225 716 2266 aliquod
739 2226 911 2258 essentiale.
935 2227 1085 2269 Undique
1104 2228 1189 2258 enim
1209 2227 1369 2268 angustiae

304 2275 387 2300 sunt.
412 2269 444 2300 Si
467 2269 552 2300 enim
575 2269 656 2300 infra
670 2270 870 2301 latitudinem
893 2271 1055 2302 relativam
1079 2272 1250 2308 constituit,
1272 2279 1370 2303 ruunt

303 2311 435 2353 allegata
449 2323 486 2344 ex
503 2313 582 2344 locis
597 2314 773 2354 praedictis.
798 2315 831 2346 Si
845 2322 952 2346 autem
969 2322 1004 2346 ut
1023 2323 1069 2346 est
1091 2315 1177 2346 idem
1200 2316 1293 2346 alicui
1316 2317 1369 2347 ab·

303 2356 421 2394 soluto,
438 2357 609 2395 constituit,
634 2358 776 2399 sequitur
799 2359 886 2400 quod
910 2360 1115 2399 personalitas
1137 2360 1170 2390 in
1194 2360 1308 2391 divinis
1323 2367 1370 2392 est

302 2398 477 2432 formaliter
499 2402 661 2433 absoluta:
686 2402 776 2433 cuius
800 2403 988 2444 oppositum
1012 2403 1146 2434 confessi
1169 2414 1281 2435 sumus
1295 2404 1340 2435 *.“

359 2445 428 2477 VII.
452 2446 618 2477 Accedunt
646 2456 777 2487 quoque
808 2454 992 2487 argumenta
1023 2448 1174 2484 Aureoli,
1198 2448 1284 2488 apud
1307 2448 1368 2480 Ca-

302 2489 460 2528 preolum,
477 2489 510 2520 in
525 2500 596 2520 xxvr
611 2490 810 2521 distinctione
821 2491 918 2521 Primi
930 2489 955 2528 *,
976 2491 1150 2531 specialiter
1165 2499 1273 2522 contra
1288 2491 1368 2523 illud

304 2532 424 2564 dictum
447 2541 615 2574 sumptum
638 2543 674 2564 ex
698 2534 760 2574 Qq.
785 2533 825 2565 de
846 2536 991 2566 Potentia
1014 2536 1078 2565 Dei
1092 2533 1118 2566 *.
1141 2553 1160 2558 -
1183 2536 1225 2567 Et
1247 2546 1366 2573 rursus,

304 2585 413 2608 contra
431 2577 560 2608 tertium
583 2578 713 2614 dictum,
730 2585 896 2618 sumptum
915 2589 951 2609 ex
969 2589 986 2609 2
1004 2579 1135 2610 articulo
1158 2579 1253 2610 huius
1272 2591 1366 2620 quae-

303 2621 424 2658 stionis,
448 2621 573 2657 scilicet,
598 2623 712 2652 relatio
728 2627 763 2652 ut
785 2622 958 2653 subsistens
980 2625 1163 2654 constituit:
1185 2625 1366 2665 quaerendo

303 2665 381 2707 quid
397 2665 548 2705 importat
562 2665 595 2706 ly
612 2671 647 2696 ut
661 2666 836 2697 subsistens
844 2676 859 2704 ;
883 2674 923 2702 et,
939 2667 1080 2703 breviter,
1098 2667 1262 2698 inferendo
1278 2670 1366 2709 quod

303 2709 365 2740 hoc
388 2709 467 2740 nihil
482 2709 568 2740 aliud
591 2716 638 2740 est
661 2709 720 2740 nisi
744 2710 834 2750 quod
855 2710 940 2741 idem
960 2711 1130 2742 constituat
1146 2722 1188 2748 se,
1212 2712 1262 2742 vel
1277 2713 1367 2753 quod

303 2753 497 2784 constituens
521 2760 557 2784 ut
579 2753 788 2784 constitutum
812 2755 990 2786 constituat.

360 2797 442 2829 VIII.
467 2798 519 2828 Ad
533 2797 722 2828 evidentiam
741 2798 868 2835 horum,
888 2799 966 2829 scito
982 2800 1080 2840 quod,
1096 2799 1168 2830 licet
1183 2810 1248 2830 non
1265 2801 1367 2832 desint

302 2842 490 2873 Thomistae
506 2848 647 2872 tenentes
663 2842 861 2882 oppositum,
878 2849 1007 2883 propter
1020 2843 1074 2874 illa
1089 2844 1224 2874 adducta
1246 2855 1284 2875 ex
1302 2845 1364 2885 Qq.

302 2886 432 2926 Dispp.,
457 2892 487 2916 et
510 2885 569 2916 illis
593 2885 763 2917 alludentia
785 2886 819 2916 in
842 2887 854 2916 1
874 2887 984 2925 Sent.;
1009 2887 1087 2917 mihi
1115 2894 1220 2918 tamen
1244 2888 1367 2919 videtur

303 2930 342 2960 de
365 2936 470 2961 mente
494 2940 518 2960 s.
535 2930 696 2966 Thomae,
721 2930 809 2971 quod
837 2930 1002 2961 relationes
1030 2931 1100 2961 illae
1124 2942 1203 2972 quas
1231 2932 1365 2963 dicimus

301 2974 497 3015 personales,
528 2973 643 3004 scilicet
673 2974 792 3014 primae
816 2981 846 3005 et
868 2974 1198 3012 incommunicabiles,
1222 2975 1302 3006 infra
1322 2977 1365 3007 la-

301 3016 472 3048 titudinem
499 3018 679 3054 relativam,
713 3028 805 3048 suam
831 3024 952 3055 tamen,
978 3019 1175 3050 constituunt
1205 3030 1365 3060 personas.

301 3062 435 3092 Moveor
450 3067 558 3092 autem
573 3071 610 3092 ex
626 3062 766 3092 doctrina
783 3062 877 3092 huius
892 3063 1096 3103 quaestionis.
1112 3063 1264 3103 Expresse
1281 3064 1366 3094 enim

301 3105 335 3135 in
358 3105 467 3145 primis
491 3112 578 3136 actus
601 3106 812 3136 constituendi
835 3107 1040 3146 personaliter
1065 3107 1098 3137 in
1123 3117 1140 3137 2
1165 3107 1297 3138 articulo
1320 3115 1365 3139 at-

302 3149 438 3180 tributus
461 3156 507 3180 est
529 3150 687 3186 relationi,
713 3157 747 3180 ut
770 3150 972 3190 distinguitur
994 3158 1102 3181 contra
1125 3152 1310 3189 essentiam,
1336 3159 1366 3183 et

302 3193 398 3224 etiam
413 3193 577 3233 originem.
593 3194 678 3233 Ergo
694 3204 761 3224 non
777 3194 968 3234 inquantum
984 3202 1030 3226 est
1046 3195 1187 3231 essentia,
1205 3196 1366 3228 constituit

302 3247 482 3277 personam.
499 3255 518 3259 -
533 3237 655 3268 Deinde
670 3237 703 3268 in
720 3238 852 3268 articulo
875 3239 890 3268 3
917 3248 1059 3278 expresse
1078 3238 1199 3270 dictum
1214 3246 1260 3270 est
1276 3241 1365 3281 quod

302 3281 468 3311 relationes
491 3281 672 3321 personales
695 3282 800 3312 ferunt
825 3291 933 3312 secum
956 3292 1013 3313 sua
1036 3282 1209 3322 supposita.
1234 3283 1266 3314 Si
1290 3294 1364 3323 ergo

302 3335 411 3355 secum
435 3324 553 3361 ferunt,
578 3335 644 3355 non
666 3325 858 3366 inquantum
881 3333 955 3357 sunt
977 3326 1118 3363 essentia,
1147 3327 1363 3367 suppositam:

303 3368 457 3409 quoniam
474 3375 597 3399 constat
612 3370 701 3410 quod
716 3379 783 3400 non
798 3370 903 3400 ferunt
919 3380 1027 3401 secum
1046 3370 1222 3401 essentiam.
1240 3389 1260 3393 -
1275 3372 1365 3402 Post«

302 3413 439 3443 modum
455 3412 549 3443 etiam
564 3412 691 3450 ibidem,
708 3413 741 3443 in
757 3414 963 3454 responsione
979 3414 1019 3444 ad
1041 3424 1069 3450 2,
1086 3414 1228 3454 explicite
1245 3415 1365 3446 dictum

303 3463 349 3487 est
372 3456 460 3497 quod
483 3456 574 3486 Pater
596 3463 642 3487 est
664 3458 847 3497 paternitate
870 3468 936 3488 non
960 3458 1066 3488 solum
1088 3459 1191 3494 Pater,
1216 3459 1271 3489 sed
1294 3459 1365 3500 quis

303 3508 333 3532 et
355 3500 544 3541 hypostasis.
569 3500 703 3531 Constat
726 3507 833 3532 autem
855 3502 943 3542 quod
963 3501 995 3531 id
1015 3502 1103 3542 quod
1127 3502 1274 3533 convenit
1297 3513 1364 3543 per-

302 3554 399 3574 sonae
426 3544 610 3584 paternitate
639 3544 829 3581 formaliter,
853 3555 919 3575 non
953 3546 1100 3576 convenit
1123 3546 1150 3576 ei
1173 3546 1365 3587 inquantum

302 3595 349 3619 est
372 3588 482 3619 eadem
505 3588 665 3624 essentiae,
690 3589 745 3618 sed
768 3595 804 3619 ut
826 3589 932 3628 potius
957 3586 1157 3629 distinguitur
1180 3591 1217 3620 ab
1243 3601 1288 3621 ea.
1344 3590 1347 3593 ’

2413 272 2491 308 419

1490 339 1542 369 IX.
1568 340 1611 370 Ut
1634 346 1740 370 tamen
1764 340 1872 370 omnia
1897 348 2087 377 consonent,
2118 349 2147 372 et
2171 341 2283 372 melius
2307 342 2494 382 percipiatur

1431 382 1606 419 intentum,
1632 384 1710 414 scito
1739 385 1827 424 quod
1850 384 1936 415 aliud
1959 392 2004 415 est
2026 385 2210 416 relationem
2238 386 2351 416 habere
2374 386 2494 426 aliquid

1432 427 1506 466 quia
1531 432 1577 457 est
1599 428 1708 458 eadem
1733 429 1906 459 essentiae:
1933 435 1964 459 et
1986 428 2072 459 aliud
2101 436 2146 460 est
2174 429 2358 460 relationem
2380 430 2492 460 habere

1432 470 1551 510 aliquid
1575 476 1610 501 ut
1633 477 1679 502 est
1702 473 1847 503 essentia.
1872 472 2016 503 Primum
2039 473 2124 503 enim
2140 473 2292 513 significat
2310 474 2493 504 relationem

1432 513 1545 544 habere
1567 514 1647 545 illud
1670 515 1708 545 ab
1732 516 1866 547 essentia
1885 516 2087 547 radicaliter:
2110 517 2285 548 secundum
2304 518 2492 558 autemsor-

1433 558 1570 588 maliter.
1602 559 1794 599 Exemplum
1825 559 1935 600 primi,
1964 561 2078 591 relatio
2102 566 2148 592 est
2171 571 2223 592 res
2246 562 2361 593 realis.-
2390 571 2492 592 exem-

1432 601 1523 641 plum
1547 602 1692 639 secundi,
1717 604 1831 634 relatio
1855 609 1901 635 est
1923 605 2075 635 creatrix.

1490 646 1592 682 Unde,
1615 646 1648 676 in
1672 647 1848 687 proposito,
1867 648 2024 687 imaginor
2039 648 2137 688 quod,
2154 649 2428 688 quemadmodum
2447 660 2492 680 re-

1431 688 1507 719 latio
1530 689 1597 726 illa,
1622 700 1688 720 non
1711 700 1748 721 ex
1770 691 1832 722 hoc
1855 692 1944 732 quod
1967 692 2090 728 relatio,
2116 692 2171 722 sed
2194 702 2230 722 ex
2253 703 2319 723 esse
2342 694 2431 734 quod
2454 694 2492 724 de

1432 742 1566 764 numero
1590 734 1802 765 essentialium
1825 742 1880 771 est,
1905 742 1951 766 est
1973 736 2074 772 realis,
2098 743 2134 766 ut
2157 737 2281 776 supra*
2304 737 2424 768 dictum
2447 745 2493 768 est

1432 783 1540 807 contra
1562 778 1765 814 Porretanos;
1790 785 1821 810 et
1843 785 1950 809 tamen
1972 780 2094 810 realitas
2118 780 2264 810 convenit
2286 781 2429 811 relationi
2447 782 2491 812 illi

1431 830 1488 859 per
1517 821 1654 861 seipsam
1682 821 1869 858 formaliter,
1894 832 1950 862 per
1973 823 2138 854 essentiam
2167 831 2273 854 autem
2301 825 2490 856 radicaliter:

1430 864 1472 894 ita
1496 874 1562 895 esse
1586 865 1781 896 subsistentis
1808 873 1938 897 naturae
1961 867 2160 898 subsistentia
2182 867 2391 908 hypostatica,
2416 879 2491 900 con-

1430 908 1515 939 venit
1537 909 1582 939 illi
1605 909 1757 946 relationi,
1781 917 1859 950 puta
1881 910 2066 950 paternitati,
2087 921 2142 951 per
2161 911 2295 951 seipsam
2310 911 2490 949 formaliter,

1430 962 1486 991 per
1505 953 1672 983 essentiam
1696 960 1803 984 autem
1826 954 2006 985 radicaliter.
2031 955 2071 985 Et
2087 954 2130 985 sic
2144 955 2253 985 relatio
2276 955 2339 992 illa,
2363 957 2490 993 nonxin-

1430 1002 1587 1035 quantum
1609 996 1718 1028 relatio
1743 995 1832 1039 (quia
1854 998 1898 1028 sic
1921 998 2100 1030 conveniret
2123 999 2212 1029 omni
2234 998 2412 1042 relationi),
2437 1001 2491 1031 sed

1430 1039 1621 1079 inquantum
1644 1041 1712 1078 illa,
1737 1041 1816 1072 idest
1838 1041 2028 1082 inquantum
2044 1052 2092 1072 res
2107 1042 2234 1073 relativa
2249 1043 2445 1084 hypostatica
2460 1051 2491 1075 et

1430 1083 1540 1122 prima,
1565 1084 1728 1115 constituit
1750 1095 1928 1125 personam.
1955 1086 2063 1126 Itaque
2086 1096 2152 1116 esse
2176 1087 2414 1118 constitutivum
2433 1088 2489 1129 hy-

1430 1127 1577 1166 postasis,
1603 1138 1658 1158 seu
1681 1138 1748 1158 esse
1771 1129 2024 1169 hypostaticum,
2049 1140 2114 1160 non
2138 1131 2258 1161 ratione
2281 1131 2412 1162 alicuius
2436 1133 2489 1162 ab·

1430 1170 1526 1201 soluti
1549 1171 1721 1202 formaliter
1743 1172 1788 1202 illi
1812 1173 1967 1209 convenit,
1992 1174 2048 1203 sed
2070 1173 2190 1204 ratione
2212 1175 2270 1205 sui.

1486 1215 1525 1245 X.
1548 1215 1614 1245 Nec
1637 1216 1823 1255 oppositum
1845 1217 1959 1247 volunt
1980 1217 2051 1248 loca
2073 1218 2204 1257 allegata
2218 1218 2245 1249 *.
2271 1219 2433 1256 Quoniam
2456 1220 2488 1250 in

1430 1258 1491 1298 Qq.
1509 1258 1620 1298 Dispp.
1637 1259 1771 1290 intendit
1793 1261 1882 1300 quod
1902 1261 2090 1291 constituere
2106 1262 2221 1292 habent
2236 1263 2274 1292 ab
2291 1263 2421 1294 essentia
2435 1273 2487 1294 ra-

1428 1301 1596 1339 dicaliter;
1621 1310 1656 1333 ut
1677 1309 1763 1342 patet
1785 1313 1822 1333 ex
1844 1314 1898 1344 qu.
1915 1314 1956 1340 ix,
1973 1311 2029 1335 art.
2048 1306 2075 1340 5,
2092 1306 2132 1335 ad
2157 1306 2205 1341 13,
2225 1306 2278 1336 ubi
2301 1307 2385 1337 idem
2408 1307 2488 1338 iudi-

1429 1345 1515 1375 cium
1534 1345 1573 1375 de
1587 1345 1649 1376 hoc
1664 1353 1777 1382 censet,
1794 1354 1824 1378 et
1839 1347 1878 1377 de
1892 1348 2012 1378 ratione
2031 1358 2126 1388 quare
2144 1350 2234 1379 Pater
2250 1356 2296 1380 est
2311 1351 2487 1390 paternitaS‚

1428 1388 1546 1420 scilicet
1564 1396 1692 1430 propter
1715 1390 1910 1421 identitatem
1929 1402 2003 1422 cum
2022 1392 2170 1429 essentia;
2194 1394 2283 1433 quod
2305 1402 2427 1426 constat
2441 1405 2487 1425 ra-

1428 1432 1568 1463 dicaliter
1595 1433 1737 1473 intelligi.
1761 1452 1781 1457 -
1803 1435 1926 1466 Relatio
1955 1445 2085 1476 quoque
2113 1443 2217 1476 potest
2241 1437 2405 1477 dupliciter
2428 1439 2487 1469 dici

1427 1476 1557 1507 divina:
1579 1487 1646 1508 uno
1665 1478 1764 1508 modo
1789 1478 1932 1516 identice,
1950 1479 2024 1520 quia
2039 1480 2154 1511 scilicet
2174 1487 2220 1512 est
2235 1482 2345 1513 eadem
2361 1482 2484 1519 deitati;

1427 1520 1491 1550 alio
1515 1521 1614 1551 modo
1635 1521 1841 1562 formaliter,
1870 1523 1944 1563 quia
1968 1523 2083 1554 scilicet
2106 1531 2151 1555 est
2173 1525 2206 1555 in
2229 1535 2341 1565 genere
2364 1526 2486 1557 divino-

1427 1574 1510 1595 rum.
1535 1565 1570 1594 In
1594 1565 1769 1605 proposito,
1794 1566 1856 1597 hoc
1878 1567 2017 1597 secundo
2040 1568 2139 1598 modo
2162 1569 2270 1599 relatio
2295 1576 2340 1600 est
2363 1570 2485 1601 divina:

1428 1614 1474 1638 est
1497 1608 1582 1638 enim
1605 1610 1772 1649 paternitas
1795 1610 1849 1640 illa
1871 1610 1997 1641 increati
2016 1618 2046 1642 et
2065 1612 2214 1652 supremi,
2231 1623 2266 1643 ac
2285 1623 2340 1653 per
2358 1613 2419 1644 hoc
2442 1615 2486 1644 di-

1426 1651 1491 1682 vini
1520 1652 1656 1691 ordinis,
1685 1653 1786 1694 seipsa
1815 1654 2004 1691 formaliter;
2034 1656 2178 1696 quamvis
2205 1657 2244 1687 ab
2272 1657 2403 1688 essentia
2426 1658 2486 1689 hoc

1427 1695 1540 1726 habeat
1563 1697 1746 1733 radicaliter,
1771 1698 1821 1728 cui
1843 1705 1889 1729 est
1912 1699 2031 1730 eadem.
2048 1717 2068 1722 -
2083 1700 2124 1730 Et
2139 1701 2292 1742 quoniam
2309 1711 2356 1731 res
2373 1711 2409 1731 ex
2425 1702 2486 1733 hoc

1427 1740 1516 1780 quod
1532 1740 1637 1770 divina
1653 1741 1833 1778 formaliter,
1847 1743 2017 1773 subsistens
2037 1753 2091 1774 seu
2107 1744 2379 1776 substantificaest
2394 1743 2486 1787 (nihil

1427 1783 1512 1814 enirn
1532 1784 1676 1815 divinum
1691 1785 1858 1816 accidentis
1874 1793 2019 1817 naturam
2037 1787 2150 1818 habere
2169 1787 2303 1830 potest);
2322 1789 2437 1820 idcirco
2452 1790 2485 1820 in

1426 1827 1512 1857 idem
1540 1828 1622 1859 redit
1648 1829 1749 1860 dicere
1779 1830 1893 1860 relatio
1917 1836 1951 1861 ut
1973 1831 2097 1869 divina,
2124 1839 2154 1862 et
2177 1838 2211 1862 ut
2233 1833 2415 1864 subsistens.
2441 1834 2485 1864 Ita

1425 1871 1515 1911 quod
1538 1872 1665 1909 relatio,
1696 1880 1772 1913 puta
1795 1874 1972 1914 paternitaS,
1997 1882 2032 1905 ut
2055 1875 2266 1907 substantifica
2289 1877 2414 1907 relativa
2438 1887 2484 1908 res

1426 1921 1480 1951 est,
1502 1925 1671 1955 personam
1686 1917 1784 1948 Patris
1802 1918 1981 1954 constituit;
2006 1919 2228 1950 subintellectis
2245 1920 2312 1950 aliis
2331 1921 2484 1952 conditio-

1425 1958 1527 1995 nibus,
1544 1959 1660 1991 scilicet
1675 1961 2029 1993 incommunicabilitate
2046 1970 2076 1994 et
2091 1963 2262 2003 primitate;
2288 1964 2327 1994 ad
2343 1964 2483 1995 differen-

1424 2002 1501 2032 tiam
1525 2004 1712 2043 spirationis.
1737 2015 1818 2046 quae
1842 2006 1937 2036 etiam
1960 2006 1985 2036 si
2009 2007 2068 2037 soli
2091 2007 2173 2038 Patri
2197 2008 2385 2045 conveniret,
2410 2010 2484 2050 quia

1424 2057 1490 2077 non
1507 2055 1553 2078 est
1568 2048 1679 2088 prima,
1697 2059 1763 2079 non
1783 2050 1985 2081 constitueret
2001 2061 2179 2090 personam.
2200 2052 2291 2082 Unde
2307 2059 2392 2092 patet
2407 2053 2484 2093 quid

1424 2097 1470 2121 est
1493 2091 1588 2128 dictu,
1613 2093 1727 2123 relatio
1751 2099 1786 2124 ut
1807 2094 1979 2125 subsistens
1994 2095 2026 2131 *;
2052 2095 2176 2132 scilicet,
2201 2103 2236 2126 ut
2255 2096 2483 2128 substantificae

1423 2141 1552 2165 naturae
1582 2138 1759 2167 secundum
1782 2147 1814 2167 se
1837 2137 2010 2169 formaliter
2037 2146 2092 2169 est.
2123 2139 2171 2169 Ex
2193 2139 2255 2170 hoc
2284 2140 2368 2170 enim
2390 2141 2484 2172 habet

1423 2179 1511 2219 quod
1531 2180 1700 2211 constituat
1718 2181 1923 2222 hypostasim,
1940 2189 1970 2213 et
1985 2183 2074 2223 quod
2090 2193 2154 2213 non
2171 2183 2303 2214 includit
2318 2185 2484 2215 essentiam

1422 2223 1597 2260 intrinsece,
1621 2225 1675 2254 sed
1699 2232 1903 2256 connotatam
1926 2233 1962 2256 ut
1985 2226 2131 2257 radicem.
2147 2245 2167 2249 —
2183 2227 2223 2258 Et
2246 2228 2412 2268 quoniam,
2438 2239 2483 2259 se-

1424 2267 1566 2297 cundum
1588 2268 1760 2304 veritatem,
1785 2269 1836 2300 hic
1859 2279 1925 2300 non
1949 2277 1995 2300 est
2018 2270 2174 2301 distinctio
2193 2271 2273 2301 inter
2291 2272 2483 2303 constituens

1423 2317 1454 2340 et
1477 2311 1695 2348 constitutum,
1720 2313 1780 2343 nisi
1803 2313 1835 2343 in
1859 2314 1957 2344 modo
1981 2314 2191 2354 significandi;
2214 2315 2339 2351 idcirco,
2364 2317 2403 2346 ad
2422 2317 2484 2347 hoc

1421 2354 1659 2392 insinuandum,
1677 2356 1796 2387 dictum
1814 2364 1859 2388 est
1875 2358 1964 2398 quod
1978 2358 2087 2388 relatio
2112 2359 2273 2390 constituit
2295 2361 2482 2400 inquantum

1422 2404 1470 2429 est
1485 2400 1554 2440 ipsa
1563 2410 1707 2440 persona
1716 2409 1730 2438 ‚·
1751 2400 1840 2438 idest,
1851 2402 1959 2432 relatio
1977 2402 2139 2433 constituit
2151 2413 2319 2442 personam
2336 2404 2396 2434 hoc
2413 2405 2481 2435 solo

1421 2443 1531 2479 modo,
1555 2443 1672 2475 scilicet
1693 2445 1844 2484 ponendo
1868 2445 2012 2485 seipsam,
2037 2446 2111 2486 quia
2131 2453 2176 2476 est
2191 2447 2259 2486 ipsa
2274 2457 2417 2487 persona.
2442 2449 2483 2479 Et

1421 2493 1589 2526 propterea
1618 2489 1811 2519 constituens
1840 2496 1871 2519 et
1898 2489 2105 2520 constitutum
2136 2497 2209 2520 sunt
2237 2491 2369 2521 omnino
2397 2491 2481 2522 idem

1420 2530 1542 2560 realiter
1565 2537 1596 2561 et
1617 2531 1803 2568 formaliter,
1827 2532 1961 2573 soloque
1989 2534 2088 2563 modo
2112 2533 2304 2573 significandi
2328 2535 2480 2566 distincta.

1475 2573 1666 2614 Colligendo
1690 2575 1783 2615 igitur
1806 2576 1923 2612 omnia,
1949 2587 2023 2607 cum
2039 2577 2157 2608 dictum
2181 2586 2244 2608 est:
2268 2578 2390 2609 Relatio
2407 2589 2480 2610 con-

1421 2617 1521 2649 stituit
1543 2629 1731 2658 personam,
1760 2620 1836 2660 quia
1863 2627 1909 2650 est
1931 2621 2040 2651 divina
2064 2623 2230 2661 essentia„
2247 2622 2322 2662 quia
2349 2622 2480 2661 divina,

1421 2661 1495 2702 quia
1510 2662 1694 2700 subsistens,
1711 2664 1786 2704 quia
1801 2665 1869 2704 ipsa
1879 2673 2043 2704 persona;
2061 2667 2195 2696 essentia
2210 2666 2355 2702 radicem,
2372 2667 2480 2698 divina

1421 2706 1636 2737 denominatio
1654 2707 1869 2738 conditionem
1889 2707 2055 2739 formalem
2071 2709 2102 2739 in
2120 2710 2293 2746 communi,
2313 2711 2481 2741 subsisten-

1421 2751 1466 2780 tia
1490 2751 1623 2780 eandem
1638 2751 1671 2780 in
1687 2751 1823 2791 speciali,
1841 2759 1871 2782 et
1886 2753 1954 2792 ipsa
1965 2763 2106 2792 persona
2121 2754 2256 2784 modum
2272 2755 2481 2785 constituendi

1420 2803 1590 2833 personam
1618 2796 1776 2834 expressit.
1805 2796 1927 2826 Tantae
1957 2797 2042 2827 enim
2074 2797 2266 2828 celsitudinis
2299 2798 2480 2829 constitutio

1420 2838 1564 2877 pluribus
1588 2839 1710 2875 debuit,
1735 2840 1842 2879 quoad
1864 2840 1970 2880 plures
1994 2841 2201 2877 conditiones,
2226 2842 2407 2874 nominibus
2431 2853 2480 2872 ex-

1420 2881 1538 2922 plicari.

1477 2926 1530 2956 XI.
1548 2926 1641 2956 Unde
1656 2927 1786 2957 Aureoli
1803 2927 1939 2958 rationes
1954 2928 1971 2947 *
1995 2938 2106 2958 omnes
2123 2936 2252 2960 cessant.
2276 2930 2479 2960 Advertentes

1420 2979 1558 3010 namque
1582 2970 1710 3010 quando
1735 2971 1773 3001 de
1795 2971 1908 3007 radice,
1933 2973 2062 3012 quando
2087 2973 2125 3003 de
2141 2973 2322 3003 conditione
2344 2973 2478 3010 formali,

1420 3020 1451 3044 et
1466 3013 1594 3054 quando
1619 3014 1657 3044 de
1681 3014 1780 3044 modo
1804 3015 2015 3046 constituendi
2035 3023 2081 3046 est
2097 3026 2210 3053 sermo,
2235 3027 2292 3047 nec
2315 3017 2479 3048 miscentes

1421 3067 1522 3087 unum
1552 3058 1655 3094 alteri,
1680 3058 1928 3090 animadvertent
1956 3060 2070 3100 pariter
2098 3067 2152 3090 aut
2178 3060 2211 3090 in
2239 3060 2412 3101 aequivoco
2435 3062 2478 3091 la-

1420 3102 1543 3137 borare;
1567 3108 1621 3132 aut
1644 3112 1710 3132 non
1730 3112 1796 3133 esse
1819 3103 2042 3134 inconveniens
2065 3105 2154 3144 quod
2176 3104 2398 3135 inconveniens
2422 3115 2478 3145 ap-

1419 3152 1515 3185 paret,
1528 3152 1606 3185 puta
1620 3146 1709 3186 quod
1725 3147 1918 3177 constituens
1934 3148 2102 3178 constituat
2115 3148 2304 3189 inquantum
2316 3156 2362 3179 est
2372 3148 2479 3189 ipsum

1421 3189 1648 3226 constitutum,
1680 3189 1705 3220 si
1735 3190 1768 3231 ly
1791 3191 1979 3231 inquantum
2011 3191 2166 3231 specificet
2195 3192 2330 3222 modum
2363 3193 2478 3223 consti-

1418 3233 1537 3268 tuendi,
1563 3240 1620 3263 etc.

1476 3277 1543 3307 XII.
1559 3277 1713 3317 Expedita
1727 3278 1822 3318 igitur
1838 3278 1948 3309 ultima
1967 3278 2156 3315 difficultate,
2174 3280 2390 3319 retrogradum
2405 3290 2477 3321 pro-

1419 3328 1581 3368 sequendo
1605 3327 1766 3364 ordinem,
1791 3329 1830 3358 ad
1860 3329 1995 3369 reliquas
2026 3329 2195 3359 dicendum
2218 3336 2272 3360 est.
2306 3330 2347 3360 Et
2369 3331 2408 3360 ad
2432 3341 2477 3361 se-

1420 3372 1556 3402 cundam
1570 3371 1587 3390 *
1611 3371 1741 3411 quidem
1757 3372 1870 3402 dicitur
1893 3373 1990 3413 quod,
2015 3373 2095 3403 sicut
2118 3373 2202 3412 apud
2225 3373 2345 3413 logicos
2369 3374 2476 3405 relatio

1420 3415 1584 3455 dupliciter
1607 3414 1815 3454 significatur,
1840 3416 1956 3446 scilicet
1979 3422 2014 3447 ut
2036 3422 2184 3456 concepta
2209 3423 2239 3447 et
2262 3422 2296 3447 ut
2319 3419 2476 3456 exercita,

1420 3466 1450 3489 et
1472 3466 1578 3489 tamen
1609 3466 1738 3490 unamet
1760 3459 1868 3490 relatio
1893 3466 1953 3496 est;
1984 3460 2027 3490 ita
2049 3460 2081 3490 in
2105 3461 2269 3500 proposito
2292 3462 2474 3500 paternitas,

1419 3510 1455 3533 ut
1473 3502 1612 3538 exercita,
1630 3503 1833 3543 consequitur
1851 3510 1956 3534 actum
1972 3504 2195 3543 generationis;
2216 3511 2246 3535 et
2260 3504 2403 3544 ipsamet,
2419 3506 2476 3536 sub

1419 3556 1561 3586 expressa
1584 3546 1704 3577 ratione
1727 3547 1918 3586 paternitatis
1948 3554 1982 3578 ut
2005 3554 2174 3587 concepta,
2205 3549 2361 3587 praecedit
2384 3559 2476 3589 gene-

1419 3591 1589 3626 rationem,
1615 3597 1645 3620 et
1668 3590 1830 3621 constituit
1856 3590 2062 3631 hypostasim.
2093 3592 2185 3622 Unde
2209 3602 2273 3622 non
2297 3592 2477 3623 coincidunt

2518 734 2528 744 ⁸
2544 733 2591 761 Qu.
2600 740 2678 761 xxvm,
2688 737 2731 756 art.

2518 765 2538 781 2.

2517 1222 2525 1230 ·
2539 1221 2574 1243 cf.
2589 1227 2654 1244 num.
2667 1228 2699 1244 vr.

2511 2099 2519 2107 ¹¹
2535 2097 2569 2119 Cf.
2585 2104 2648 2120 num.
2663 2105 2702 2120 vn.

2506 2931 2518 2942 ⁸
2533 2930 2569 2952 Cf.
2584 2937 2647 2954 num.
2661 2937 2704 2953 vu.

2506 3378 2513 3385 ³
2529 3376 2563 3399 cf.
2578 3383 2641 3399 num.
2656 3384 2679 3399 v,
