2768 4178
49 1461 58 1470 ·
69 1460 157 1482 Homil.
168 1466 222 1482 xxvt
235 1460 260 1482 in

50 1487 143 1514 Evang.

53 2002 62 2010 ·
76 1999 143 2021 Vers.
157 2006 181 2026 4.

281 271 359 317 446
968 272 1235 319 QUAESTIO
1265 272 1403 319 XLIII,
1434 270 1732 308 ARTICULUS
1763 271 1794 306 11

965 394 1296 427 Commentaria
1320 393 1569 425 Gar-<linaiis
1593 393 1793 425 Caietam

347 493 454 514 rrULus
478 494 515 514 ex
538 484 767 515 consuetudine
789 484 967 524 Scripturae
991 483 1092 513 clarus
1116 489 1172 513 est.
1190 483 1262 512 -In
1285 492 1352 512 cor-

289 497 424 568 Tpore
446 528 538 558 unica
562 535 608 558 est
629 528 801 565 conclusio,
826 527 1008 568 responsiva
1027 527 1225 557 affirmative:
1249 525 1355 557 Alicui

285 573 442 602 Personae
466 572 588 602 divinae
611 579 716 611 potest
739 573 906 603 convenire
930 571 1022 602 mitti.

342 617 496 646 Probatur
522 616 575 646 sic.
600 616 710 647 Missio
733 617 866 647 includit
889 617 971 646 duo:
997 615 1113 646 scilicet
1135 615 1354 645 habitudinem

286 660 496 700 processionis
511 670 528 690 a
544 660 697 696 mittente,
715 661 764 691 vel
789 661 965 691 secundum
983 659 1164 699 imperium,
1179 659 1229 689 vel
1244 669 1354 690 secun-

287 705 363 734 dum
382 704 560 741 consilium,
576 705 626 735 vel
641 705 818 735 secundum
837 704 1005 744 originem3
1023 710 1053 734 et
1075 703 1295 734 habitudinem
1315 703 1354 733 ad

286 748 318 777 id
341 758 407 788 quo
432 748 575 788 mittitur,
592 748 803 790 incoeptionis
828 748 965 786 essendi,
989 747 1171 788 simpliciter
1193 748 1242 777 vel
1266 757 1353 777 novo

286 793 394 823 modo.
416 793 500 832 Ergo
525 793 681 824 Personae
705 793 827 824 divinae
851 800 955 833 potest
979 798 1157 832 competere
1181 791 1301 829 missio,
1319 798 1355 821 ut

285 836 437 876 importat
459 837 678 868 habitudinem
700 837 910 878 processionis
934 836 1111 868 secundum
1126 835 1298 875 originem,
1325 842 1355 865 et

286 880 504 911 habitudinem
527 881 738 922 incoeptionis
762 882 837 912 novi
865 881 954 912 modi
983 880 1104 911 essendi
1128 879 1161 910 in
1185 879 1258 910 alio.
1276 897 1293 902 —
1314 880 1355 910 Et

287 924 492 956 confirmatur
512 936 718 967 consequens.
745 926 829 963 Quia
848 926 886 956 de
910 925 993 956 facto
1013 924 1112 955 Filius
1137 930 1183 954 est
1201 923 1317 954 missus
1337 934 1355 953 a

1234 1012 1287 1020 Μ

1407 483 1508 519 Patre,
1526 489 1562 513 ut
1585 491 1671 512 novo
1695 481 1795 511 modo
1820 488 1900 512 esset
1922 480 1956 510 in
1979 480 2117 515 munde,
2143 480 2260 511 scilicet
2279 491 2334 521 per
2358 492 2479 513 assum-

1408 533 1496 566 ptam
1520 536 1656 557 carnem.

1468 571 1504 601 II.
1529 571 1666 611 Adyerte
1689 570 1740 600 hic
1764 570 1853 610 quod
1886 569 1981 599 simul
2005 568 2106 598 littera
2135 569 2261 600 tradidit
2285 576 2315 600 et
2338 570 2416 610 quid
2440 570 2480 601 sit

1409 615 1529 652 missio,
1548 622 1578 645 et
1593 621 1673 656 quot
1688 614 1840 652 includat,
1858 621 1888 645 et
1903 613 2130 654 quotupliciter
2149 614 2287 650 dicatur;
2314 621 2344 644 et
2361 615 2480 655 absque

1409 659 1470 689 alio
1495 659 1602 689 medio
1626 659 1733 689 intulit
1761 658 2019 689 conclusionem:
2051 658 2205 697 quoniam
2235 665 2357 688 constat
2385 658 2479 689 alicui

1408 704 1565 733 Personae
1590 703 1713 733 divinae
1736 703 1904 733 convenire
1928 701 2166 743 processionem
2189 703 2366 733 secundum
2389 702 2481 742 origi-

1409 757 1502 783 nem,
1532 753 1563 777 et
1585 757 1708 777 novum
1736 747 1872 777 modum
1903 746 2025 777 essendi
2053 745 2086 775 in
2119 747 2246 788 aliquo,
2276 753 2311 777 ut
2336 747 2374 777 de
2398 746 2479 776 Filio

1409 791 1602 831 explanatur.

1465 834 1610 865 Dubium
1633 841 1740 865 autem
1772 835 1862 875 quod
1886 834 1965 865 circa
1995 836 2153 866 rationem
2175 835 2336 866 missionis
2361 841 2422 872 est,
2446 834 2480 864 in

1409 879 1524 909 ultimo
1544 879 1639 909 huius
1663 878 1858 920 quaestionis
1882 878 2013 910 articulo
2038 879 2234 912 tractabitur:
2259 879 2414 921 quoniam
2437 878 2480 909 ibi

1409 933 1446 953 ex
1470 923 1636 963 proposito
1660 923 1781 953 accidit.

1057 1087 1375 1129 ARTlCULUs
1406 1076 1706 1129 SECUNDUS

740 1180 897 1212 UTRUM
920 1180 1060 1212 MISSIO
1085 1180 1151 1212 SIT
1175 1180 1392 1216 AETERNA,
1418 1180 1502 1211 VEL
1526 1179 1803 1211 TEMPORALIS
1827 1179 2015 1210 TANTUM

1140 1261 1149 1285 1
1169 1261 1252 1290 sent„
1273 1261 1332 1285 dist.
1349 1268 1390 1292 xv,
1410 1268 1455 1293 qu.
1474 1268 1507 1290 lv,
1528 1265 1576 1285 art.
1599 1260 1621 1285 3.

325 1378 366 1401 «κ
408 1385 422 1399 ,,
437 1373 459 1387 »ν
482 1362 522 1387 D
538 1362 727 1387 SECUNDUM
743 1362 796 1386 sm
811 1361 1050 1386 PROCEDrrUR.
1071 1349 1231 1387 Videtur
1250 1350 1355 1409 quod

318 1429 323 1443 ¹.
338 1401 364 1423 ’·”
415 1395 478 1471 ⁸7⁷³„
499 1403 629 1440 missio
658 1403 778 1452 possit
808 1415 891 1440 esse
921 1410 1085 1440 aeterna.
1122 1402 1223 1440 Dicit
1251 1402 1353 1439 enim

305 1437 419 1515 ,Vtar
446 1455 707 1504 (Gregorius
726 1456 761 1493 *ε
792 1468 835 1493 eo
865 1457 1022 1493 mzttitur
1039 1456 1169 1503 Filius,
1195 1468 1269 1505 quo
1287 1468 1355 1506 ge—

344 1485 471 1545 ζῖ99)
455 1502 667 1547 waeratur
698 1509 776 1546 Sed
800 1509 991 1558 generatio
1012 1509 1094 1546 Filii
1115 1517 1170 1547 est
1189 1517 1354 1547 aeterna.

288 1566 389 1613 Ergo
420 1572 455 1601 et
483 1563 626 1601 missio.

342 1630 376 1655 2.
397 1619 632 1664 PRAETEREA,
654 1615 880 1665 cuicumque
902 1615 1082 1653 convenit
1100 1616 1242 1664 aliquid
1262 1624 1356 1653 tem-

286 1671 476 1720 poraliter,
506 1670 596 1707 illud
625 1676 801 1707 mutatur.
833 1669 910 1707 Sed
938 1670 1109 1706 Persona
1128 1669 1258 1707 divina
1277 1682 1356 1707 non

288 1732 466 1762 mutatur.
500 1725 602 1771 Ergo
632 1722 762 1759 missio
791 1723 943 1760 divinae
972 1724 1166 1760 Personae
1194 1736 1273 1760 non
1303 1731 1358 1760 est

287 1777 518 1826 temporalis,
549 1776 616 1813 sed
645 1784 810 1813 aeterna.

343 1832 378 1868 3.
408 1832 650 1876 PRAETEREA‚
680 1829 811 1866 missio
840 1828 1128 1878 processionem
1162 1829 1354 1878 importat.

289 1884 366 1921 Sed
385 1883 584 1942 processio
601 1882 818 1920 divinarum
838 1883 1095 1951 Personarum
1115 1891 1170 1920 est
1190 1890 1355 1920 aeterna.

288 1939 389 1985 Ergo
420 1945 456 1974 et
483 1936 627 1973 missio.

347 1991 421 2027 SED
461 2001 610 2027 CONTRA
648 2001 714 2026 EST
758 1988 866 2038 quod
903 1988 1036 2026 dicitur
1078 1989 1200 2026 Galat.
1242 2001 1277 2026 1v
1310 1989 1355 2026 *ε

293 2044 389 2080 Cum
416 2044 518 2081 venit
537 2042 731 2092 plenitudo
757 2043 946 2090 temporis,
975 2042 1077 2079 misit
1093 2043 1198 2080 Deus
1215 2043 1355 2079 Filium

287 2109 411 2134 suum.

346 2151 573 2187 RESPONDEO
602 2161 786 2186 DICENDUM
806 2148 912 2197 quod
940 2148 978 2185 in
1005 2147 1064 2185 his
1093 2160 1193 2196 quae
1215 2148 1357 2198 impor-

288 2210 367 2240 tant
395 2202 579 2250 originem
613 2202 830 2239 divinarum
858 2203 1128 2249 Personarum,
1158 2210 1214 2239 est
1242 2215 1358 2250 quae-

289 2256 380 2293 dam
415 2255 627 2293 differentia
663 2255 903 2292 attendenda.
944 2255 1148 2301 Quaedam
1182 2255 1284 2292 enim
1319 2256 1358 2292 in

289 2309 348 2346 sui
384 2308 655 2356 significatione
692 2308 899 2356 important
935 2308 1058 2344 solam
1096 2308 1357 2345 habitudinem

290 2362 338 2399 ad
366 2361 612 2410 principium,
641 2368 683 2398 ut
705 2362 894 2410 processio
924 2368 960 2398 et
987 2361 1119 2398 exitus.
1155 2361 1358 2408 Quaedam

289 2427 397 2462 vere,
419 2427 506 2452 curn
526 2414 747 2452 habitudine
776 2415 825 2452 ad
844 2413 1083 2463 principium,
1105 2414 1359 2452 determinant
1392 2425 1394 2427 ’

289 2468 545 2517 processionis
572 2467 790 2505 terminum.
821 2468 1000 2514 Quorum
1025 2467 1216 2516 quaedam
1237 2468 1357 2505 deter-

290 2522 436 2559 minant
466 2521 673 2558 terminum
706 2528 928 2568 aeternum,
967 2520 1062 2557 sicut
1096 2521 1292 2570 generatio
1322 2529 1357 2558 et

288 2575 463 2623 spiratio:
484 2587 574 2612 nam
594 2574 785 2623 generatio
807 2581 862 2611 est
879 2574 1075 2623 processio
1096 2574 1247 2611 divinae
1268 2575 1358 2611 Per-

289 2641 405 2665 sonae
443 2628 481 2665 in
510 2635 684 2665 naturam
713 2627 903 2673 divinam;
934 2635 970 2665 et
997 2627 1172 2676 spiratio,
1202 2627 1356 2676 passive

289 2689 454 2730 accepta,
474 2681 654 2730 importat
671 2681 958 2730 processionem
978 2680 1133 2718 Amoris
1152 2681 1357 2718 subsisten-

287 2735 344 2772 tis.
366 2735 570 2782 Quaedam
584 2746 691 2781 vero,
708 2747 796 2771 cum
811 2734 1033 2771 habitudine
1049 2734 1097 2771 ad
1112 2734 1354 2784 principium,

287 2787 494 2836 important
524 2788 730 2825 terminum
762 2788 1014 2836 temporalem
1038 2793 1075 2835 α,
1106 2787 1202 2825 sicut
1229 2788 1355 2825 missio

289 2849 324 2878 et
352 2841 474 2878 datio:
502 2841 660 2878 mittitur
692 2840 794 2878 enim
823 2841 966 2889 aliquid
995 2841 1044 2878 ad
1072 2842 1147 2878 hoc
1173 2849 1216 2878 ut
1242 2841 1289 2878 sit
1316 2841 1354 2878 in

288 2893 427 2943 aliquo,
454 2901 490 2931 et
518 2894 628 2932 datur
660 2894 709 2931 ad
737 2895 811 2931 hoc
831 2892 966 2943 quodss
985 2895 1191 2941 habeatur;
1221 2895 1356 2932 Perso-

288 2959 423 2985 sonam
452 2956 580 2985 autem
610 2947 781 2985 divinam
804 2947 936 2985 haberi
955 2948 1004 2985 ab
1025 2947 1151 2996 aliqua
1171 2956 1355 2992 creatura,

341 3062 367 3094 α)
388 3062 570 3094 temporalem.
586 3075 605 3081 -
619 3061 788 3094 personalem
809 3062 837 3087 Β.

341 3096 366 3130 β)
386 3097 465 3129 quod.
483 3110 502 3116 -
521 3101 550 3122 ut
569 3097 679 3122 codices.

340 3132 366 3166 γ)
386 3132 475 3158 etiam.
493 3146 511 3152 -
530 3133 591 3157 Om.
611 3133 722 3158 codices.
741 3146 759 3152 —·
778 3132 841 3157 Item
862 3138 921 3165 post
940 3134 988 3158 vel.

1410 1350 1472 1386 vel
1502 1361 1584 1386 esse
1613 1361 1718 1387 novo
1753 1349 1873 1387 modo
1903 1349 2086 1387 existendi
2114 1350 2152 1388 in
2182 1363 2246 1399 ea,
2278 1359 2333 1389 est
2360 1352 2484 1400 quod-

1412 1402 1501 1439 dam
1530 1403 1752 1451 temporale.

1463 1454 1579 1494 Unde
1599 1456 1725 1493 missio
1747 1463 1783 1493 et
1801 1456 1901 1493 datio
1917 1456 1956 1494 in
1976 1456 2114 1494 divinis
2140 1457 2315 1495 dicuntur
2333 1466 2484 1509 tempo-

1411 1509 1536 1546 raliter
1554 1516 1714 1546 tantum.
1749 1509 1951 1547 Generatio
1972 1517 2100 1547 autem
2122 1519 2158 1548 et
2175 1511 2330 1559 spiratio
2356 1513 2482 1550 solum

1411 1563 1459 1599 ab
1479 1570 1647 1600 aeterno.
1676 1563 1871 1600 Processio
1893 1571 2021 1600 autem
2043 1571 2079 1600 et
2098 1565 2220 1601 exitus
2246 1564 2420 1603 dicuntur
2443 1565 2483 1603 in

1413 1615 1551 1652 divinis
1571 1623 1608 1652 et
1628 1616 1865 1653 aeternaliter
1884 1624 1921 1653 et
1939 1617 2218 1666 temporaliter:
2247 1630 2339 1655 nam
2367 1619 2483 1656 Filius

1412 1669 1460 1706 ab
1495 1677 1650 1706 aeterno
1687 1669 1872 1718 processit
1908 1677 1950 1707 ut
1984 1670 2030 1707 sit
2061 1671 2188 1717 Deus;
2224 1672 2484 1721 temporaliter

1412 1729 1540 1759 autem
1577 1730 1618 1759 ut
1646 1722 1760 1759 etiam
1783 1728 1798 1749 Ἰ
1826 1723 1872 1760 sit
1907 1724 2047 1771 homo,
2081 1724 2297 1761 secundum
2334 1725 2483 1764 missio-

1412 1788 1501 1812 nem
1530 1775 1739 1821 visibilem;
1768 1777 1831 1813 vel
1860 1776 1974 1813 etiam
2002 1784 2045 1813 ut
2072 1777 2118 1814 sit
2145 1777 2184 1815 in
2216 1777 2396 1826 homine,
2426 1791 2484 1817 se-

1413 1829 1581 1865 cundum
1609 1828 1839 1866 invisibilem
1867 1829 2104 1867 missionem.

1465 1884 1524 1918 AD
1540 1894 1677 1919 PRtMUM
1694 1894 1792 1919 ERGO
1807 1894 1993 1919 DtCENDUM
2014 1883 2119 1932 quod
2135 1883 2343 1932 Gregorius
2362 1884 2483 1934 loqui-

1411 1943 1471 1972 tur
1500 1933 1583 1972 de⁸
1606 1935 1850 1983 generatione
1879 1936 2081 1995 temporali
2101 1936 2196 1984 Filii,
2217 1949 2297 1974 non
2316 1949 2339 1974 a
2358 1938 2482 1985 Patre,

1412 1989 1480 2026 sed
1500 2001 1523 2025 a
1542 1990 1676 2026 Matre.
1698 2010 1722 2017 -
1742 1989 1823 2036 Vel,
1845 1989 1935 2038 quia
1955 2001 2001 2026 ex
2019 1990 2095 2027 hoc
2123 1989 2208 2039 ipso
2233 1990 2349 2027 Filius
2367 1991 2485 2029 habet

1412 2043 1517 2091 quod
1544 2041 1665 2092 possit
1692 2042 1803 2090 mitti,
1835 2042 1939 2091 quod
1960 2050 2016 2080 est
2034 2043 2083 2080 ab
2111 2051 2268 2081 aeterno
2297 2044 2455 2092 genitus.

1465 2098 1524 2133 AD
1553 2107 1744 2133 SECUNDUM
1779 2107 1964 2133 D1CENDUM
1998 2096 2103 2145 quod
2140 2096 2311 2134 divinam
2348 2098 2485 2136 Perso-

1412 2161 1503 2186 nam
1541 2161 1624 2186 esse
1653 2161 1758 2186 novo
1795 2149 1915 2187 modo
1943 2148 1983 2186 in
2011 2149 2158 2199 aliquo,
2186 2151 2250 2188 vel
2278 2151 2326 2187 ab
2355 2150 2483 2201 aliquo

1411 2202 1543 2239 haberi
1572 2202 1841 2251 temporaliter,
1872 2215 1951 2240 non
1981 2211 2037 2240 est
2055 2211 2212 2252 propter
2228 2204 2484 2242 mutationem

1412 2255 1565 2292 divinae
1585 2256 1790 2301 Personae,
1819 2257 1888 2294 sed
1915 2263 2073 2305 propter
2100 2257 2353 2294 mutationem
2382 2270 2485 2295 crea-

1411 2316 1539 2345 turae:
1570 2308 1665 2345 sicut
1693 2317 1728 2345 et
1747 2316 1758 2332 ε
1783 2310 1889 2346 Deus
1917 2310 2176 2358 temporaliter
2196 2310 2330 2348 dicitur
2349 2311 2484 2348 Domi-

1412 2374 1495 2408 nus,
1524 2369 1681 2410 propter
1709 2362 1960 2399 mutationem
1989 2358 2194 2400 creaturae.

1465 2417 1524 2451 AD
1552 2426 1712 2452 ’reanum
1740 2427 1925 2452 DICENDUM
1953 2415 2060 2476 quod
2089 2415 2217 2453 missio
2246 2428 2326 2453 non
2354 2417 2481 2454 solum

1411 2468 1591 2517 importat
1627 2468 1915 2517 processionem
1949 2481 1972 2505 a
2003 2469 2215 2518 principio,
2254 2469 2322 2507 sed
2361 2469 2482 2508 deter-

1412 2521 1532 2558 minat
1559 2521 1813 2570 processionis
1841 2522 2047 2559 terminum
2074 2523 2339 2583 temporalem.
2369 2523 2482 2561 Unde

1411 2574 1541 2612 missio
1570 2575 1696 2612 solum
1725 2582 1782 2611 est
1808 2575 2041 2624 temporalis.
2061 2597 2086 2604 -
2106 2576 2177 2613 Vel
2206 2575 2237 2622 ζ,
2267 2575 2398 2614 missio
2426 2576 2483 2614 in·

1411 2628 1526 2666 cludit
1557 2628 1844 2677 processionem
1883 2635 2097 2676 aeternam,
2128 2637 2165 2666 et
2192 2629 2333 2678 aliquid
2365 2629 2482 2678 addit,

1411 2681 1550 2719 scilicet
1577 2683 1832 2730 temporalem
1862 2681 2064 2720 effectum:
2093 2683 2278 2720 habitudo
2304 2683 2407 2721 enim
2427 2683 2483 2721 di-

1409 2734 1525 2773 vinae
1553 2736 1746 2772 Personae
1775 2736 1823 2772 ad
1851 2747 1966 2772 suum
1990 2735 2218 2785 principium
2237 2748 2317 2773 non
2336 2743 2392 2774 est
2411 2736 2484 2774 nisi

1410 2789 1459 2826 ab
1475 2795 1642 2825 aeterno.
1663 2788 1774 2826 Unde
1789 2788 1943 2836 gemina
1957 2789 2092 2826 dicitur
2104 2789 2312 2839 processio,
2329 2797 2484 2827 aeterna

1410 2841 1550 2879 scilicet
1577 2849 1614 2879 et
1641 2841 1873 2890 temporalis,
1903 2854 1983 2879 non
2007 2850 2165 2892 propter
2182 2843 2258 2880 hoc
2290 2843 2396 2891 quod
2415 2844 2483 2880 han

1410 2894 1543 2932 bitudo
1571 2895 1620 2932 ad
1648 2894 1877 2944 principium
1915 2896 2148 2944 geminetur:
2179 2896 2247 2933 sed
2275 2895 2482 2944 geminatio

1410 2955 1466 2985 est
1495 2960 1540 2985 ex
1568 2956 1672 2997 parte
1700 2948 1851 2986 termini
1879 2949 2101 2998 temporalis
2129 2957 2166 2986 et
2192 2949 2346 2986 aeterni.

1462 3062 1486 3094 ὃ)
1506 3063 1548 3088 de.
1567 3077 1584 3082 —
1604 3063 1644 3088 vel
1662 3063 1696 3088 de
1714 3063 1838 3088 CDEFG.

1462 3099 1483 3130 ε)
1503 3099 1571 3124 sicut
1589 3102 1624 3124 et.
1641 3112 1660 3118 -
1677 3098 1725 3124 sed
1743 3102 1769 3124 et
1790 3099 1861 3129 AFa,
1881 3099 1950 3124 sicut
1968 3099 1998 3130 B,
2016 3098 2064 3124 sed
2082 3097 2158 3124 CDE.

1460 3132 1486 3166 ζ)
1511 3133 1569 3170 Vel.¹
1581 3147 1600 3154 -
1618 3134 1688 3159 Nam
1709 3134 1739 3159 B.

969 3220 1302 3255 commentaria.
1325 3220 1576 3255 Gai-clinans
1598 3221 1799 3255 Caietam

319 3318 337 3338 N
362 3308 471 3345 titulo,
497 3309 528 3350 ly
552 3314 675 3340 tantum
705 3309 846 3350 positum
871 3317 916 3341 est
947 3318 1076 3351 propter
1098 3312 1352 3351 processionem,
1407 3311 1564 3362 quaedam
1588 3310 1764 3351 significant
1788 3311 1894 3343 solum
1918 3311 2138 3342 habitudinem
2161 3312 2201 3342 ad
2222 3312 2423 3363 principium,
2444 3318 2482 3343 ut

292 3320 400 3392 Iquae
430 3353 631 3393 distinguitur
654 3354 687 3384 in
716 3360 874 3384 aeternam
905 3360 935 3385 et
963 3356 1183 3405 temporalem,
1208 3365 1259 3385 xrv
1281 3355 1351 3386 dist.

290 3396 300 3425 l
319 3397 403 3427 Sent.
427 3397 472 3427 Ita
490 3398 578 3438 quod
602 3398 744 3439 quaestio
769 3405 832 3429 est:
857 3401 908 3429 An
927 3398 1036 3429 missio
1057 3399 1179 3431 divinae
1197 3400 1353 3430 Personae

290 3439 509 3480 distinguenda
532 3442 571 3472 sit
589 3441 622 3472 in
645 3449 804 3473 aeternam
820 3449 850 3473 et
871 3443 1096 3482 temporalem;
1121 3454 1161 3474 an
1177 3443 1354 3475 inveniatur

290 3491 413 3515 tantum
432 3485 541 3515 missio
560 3487 752 3526 temporalis,
774 3494 804 3517 et
823 3487 909 3517 nulla
928 3487 967 3518 sit
986 3487 1095 3518 missio
1115 3495 1248 3519 aeterna.

348 3528 385 3559 11.
411 3529 445 3558 In
469 3539 600 3570 corpore
624 3530 753 3570 ponitur
782 3541 845 3561 una
868 3531 1026 3562 distinctio
1049 3532 1254 3570 trimembris,
1279 3542 1354 3563 cum

290 3572 388 3602 tribus
408 3573 674 3610 conclusionibus,
694 3575 779 3605 iuxta
795 3575 917 3615 singula
935 3576 1086 3606 membra.
1110 3576 1278 3607 Distinctio
1298 3583 1353 3607 est.

290 3616 468 3647 Nominum
492 3617 734 3657 significantium
755 3619 910 3659 originem
934 3620 1112 3650 divinarum
1130 3621 1352 3657 Personarum,

1402 3357 1585 3396 processio.
1604 3356 1772 3406 quaedam,
1790 3366 1864 3387 cum
1887 3355 2070 3387 habitudine
2086 3356 2125 3386 ad
2141 3356 2343 3408 principium,
2355 3365 2482 3398 proces—

1409 3399 1506 3430 sionis
1529 3400 1701 3430 terminum
1722 3407 1895 3437 aeternum,
1917 3407 1953 3431 ut
1972 3402 2140 3441 generatio
2162 3408 2193 3432 et
2211 3401 2362 3441 spiratio.
2381 3410 2481 3445 quae-

1409 3444 1492 3480 dam,
1509 3454 1583 3474 cum
1602 3444 1785 3475 habitudine
1802 3445 1840 3475 ad
1858 3444 2061 3485 principium,
2078 3444 2289 3485 processionis
2307 3445 2482 3476 terminum

1409 3489 1627 3528 temporalem,
1646 3495 1681 3519 ut
1702 3490 1809 3519 missio
1833 3495 1863 3519 et
1880 3488 1978 3519 datio.
2004 3489 2102 3526 Quod
2120 3490 2290 3531 probatur:
2315 3489 2390 3530 quia
2408 3488 2480 3520 mit-

1407 3531 1483 3563 titur
1510 3532 1629 3573 aliquid
1662 3533 1702 3563 ad
1729 3532 1790 3563 hoc
1818 3533 1907 3573 quod
1931 3533 1963 3563 in
1995 3533 2103 3574 aliquo
2133 3533 2190 3571 sit,
2220 3533 2403 3574 simpliciter
2428 3531 2479 3562 vel

1408 3586 1494 3607 novo
1523 3576 1640 3612 modo;
1667 3577 1758 3607 datur
1788 3586 1862 3607 vero
1894 3577 1933 3607 ad
1964 3577 2025 3608 hoc
2050 3585 2085 3609 ut
2108 3577 2274 3614 habeatur;
2307 3584 2480 3617 utrumque

1410 3627 1517 3651 autem
1540 3620 1657 3650 horum
1682 3627 1727 3651 est
1750 3621 1935 3661 temporale.
