2768 4178
72 421 83 432 ⁸
97 420 126 442 D.
142 425 187 448 233.

68 1370 79 1382 ⁸
93 1369 162 1391 Vers.
177 1375 197 1398 3.

165 1424 188 1440 εε

159 2058 193 2082 ⁷2⁷1

74 3243 85 3253 ·
100 3242 241 3264 continere?

312 291 390 327 410

373 358 495 395 Virtus
515 364 643 393 autem
663 355 931 404 appropriatur
951 355 1046 392 Filio
1064 362 1100 391 et
1115 354 1268 403 Spiritui
1285 355 1380 391 San-

314 419 373 448 cto
393 411 424 457 ³¹⁶,
445 423 523 447 non
544 409 756 446 secundum
777 409 883 456 quod
909 408 1028 445 virtus
1048 407 1182 444 dicitur
1210 407 1292 455 ipsa
1310 420 1379 456 po-

311 464 426 500 tentia
446 463 516 500 rei:
545 462 613 499 sed
646 462 859 500 secundum
897 461 1002 510 quod
1035 460 1226 497 interdum
1258 460 1379 497 virtus

313 516 448 554 dicitur
475 516 513 552 id
533 515 639 563 quod
668 527 690 551 a
709 514 878 563 potentia
906 513 958 550 rei
977 513 1161 562 procedit,
1191 521 1307 562 prout
1326 513 1379 550 di-

313 570 433 606 cimus
462 568 616 616 aliquod
651 567 867 604 virtuosum
905 567 1046 603 factum
1085 578 1166 602 esse
1203 566 1378 603 virtutem

312 622 468 659 alicuius
497 620 651 668 agentis.

365 674 577 711 Secundum
597 685 687 710 uero
707 679 882 721 quartam
903 671 1250 721 considerationem,
1261 677 1380 719 prout

312 728 572 765 consideratur
590 728 695 763 Deus
722 726 760 763 in
788 725 1004 763 habitudine
1027 725 1079 761 ad
1104 736 1192 761 suos
1211 724 1376 773 effectus,

311 781 471 818 sumitur
498 780 559 816 illa
588 779 846 839 appropriatio
871 791 921 815 ex
945 790 1032 826 quo,
1046 789 1120 825 per
1139 789 1262 825 quem,
1284 785 1320 814 et
1339 778 1376 813 in

250 855 256 862 ·
311 833 425 883 quo*.
447 834 555 870 Haec
571 833 671 869 enim
687 831 919 880 praepositio
936 843 985 867 ex
1003 830 1183 878 importat
1204 829 1377 877 quando-

311 899 385 936 que
401 886 557 935 quidem
573 885 836 922 habitudinem
853 889 882 911 ⁷⁷
899 896 1035 921 causae
1050 883 1264 930 materialis,
1278 895 1378 930 quae

310 941 438 977 locum
463 952 542 976 non
561 938 701 975 habet
694 950 732 974 in
752 937 905 974 divinis:
931 936 1137 986 aliquando
1156 948 1251 973 vero
1271 935 1378 972 habi-

310 993 480 1030 tudinem
501 1003 638 1028 causae
655 990 861 1027 efficientis.
883 990 994 1036 Quae
1014 989 1172 1037 quidem
1197 988 1379 1038 competit

311 1047 396 1082 Deo
426 1045 569 1081 ratione
607 1055 697 1080 suae
725 1042 917 1091 potentiae
950 1042 1118 1079 activae:
1147 1042 1251 1079 unde
1285 1049 1322 1078 et
1350 1039 1378 1063 '¹⁸

310 1097 576 1147 appropriatur
595 1096 707 1143 Patri,
728 1095 824 1132 sicut
848 1102 884 1132 et
909 1095 1090 1144 potentia.
1107 1116 1131 1122 -
1148 1095 1255 1131 Haec
1281 1107 1377 1132 vero

309 1150 539 1200 praepositio
562 1161 635 1198 per
665 1148 835 1196 designat
858 1148 1015 1196 quidem
1036 1148 1270 1197 quandoque
1290 1160 1377 1184 cau-

311 1216 394 1242 sam
422 1203 606 1248 mediam;
636 1202 732 1239 sicut
752 1201 911 1238 dicimus
940 1201 1046 1251 quod
1074 1201 1181 1238 faber
1200 1207 1379 1250 operatur

305 1269 377 1306 per
405 1256 630 1293 martellum.
651 1256 702 1292 Et
728 1254 781 1291 sic
809 1255 847 1303 ly
870 1266 943 1303 per
962 1256 1194 1303 quandoque
1222 1266 1301 1291 non
1322 1261 1377 1291 est

310 1309 608 1359 appropriatum,
626 1309 694 1345 sed
712 1307 912 1356 proprium
933 1307 1032 1356 Filii,
1053 1307 1265 1344 secundum
1285 1307 1376 1344 illud

311 1365 417 1400 Ioan.
440 1374 449 1399 1
469 1362 506 1399 *t
541 1362 678 1399 Omnia
699 1372 773 1409 per
791 1361 912 1409 ipsum
921 1362 1034 1410 facta
1053 1366 1160 1405 sunt‚·
1188 1373 1268 1397 non
1288 1360 1377 1408 quia

310 1416 425 1453 Filius
453 1415 499 1452 sit
526 1415 833 1461 instrumentum,
854 1414 922 1451 sed
951 1414 1040 1462 quia
1063 1414 1143 1463 ipse
1158 1419 1181 1434 “
1201 1420 1257 1450 est
1273 1413 1375 1462 prin-

310 1469 452 1518 cipium
488 1467 534 1505 de
566 1467 762 1516 principio.
804 1467 1048 1516 Quandoque
1075 1479 1171 1503 vero
1206 1466 1376 1514 designat

308 1520 572 1559 habitudinem
601 1521 749 1557 formae
777 1532 847 1569 per
875 1532 991 1569 quam
1025 1531 1142 1567 agens
1171 1527 1374 1568 operatur;

309 1575 405 1612 sicut
441 1574 602 1611 dicimus
630 1573 736 1622 quod
769 1573 900 1610 artifex
937 1580 1116 1622 operatur
1141 1585 1214 1621 per
1241 1578 1373 1609 artem.

309 1628 432 1674 Unde,
454 1627 549 1664 sicut
577 1626 761 1675 sapientia
789 1633 826 1663 et
853 1638 914 1663 ars
942 1625 1235 1675 appropriantur
1262 1625 1374 1673 Filio,

310 1681 360 1717 ita
389 1687 425 1717 et
451 1682 490 1729 ly
507 1692 580 1728 per
607 1691 729 1727 quem.
761 1700 785 1707 -
813 1679 921 1716 Haec
948 1691 1043 1716 vero
1071 1678 1302 1728 praepositio
1337 1679 1374 1715 in

311 1735 466 1772 denotat
480 1732 632 1782 proprie
651 1732 916 1769 habitudinem
937 1732 1173 1769 continentis.
1196 1731 1376 1768 Continet

311 1794 438 1823 autem
458 1787 564 1823 Deus
584 1798 644 1822 res
663 1785 873 1834 dupliciter.
899 1785 987 1822 Uno
1008 1785 1139 1832 modo,
1160 1784 1374 1822 secundum

311 1852 398 1876 suas
414 1838 691 1884 similitudines;
716 1845 831 1887 prout
849 1837 989 1875 scilicet
1011 1850 1071 1875 res
1097 1838 1273 1875 dicuntur
1293 1849 1375 1874 esse

310 1893 349 1929 in
363 1893 461 1938 Deo,
479 1892 704 1940 inquantum
723 1898 811 1928 sunt
829 1890 867 1928 in
888 1891 967 1927 eius
987 1890 1152 1928 scientia.
1170 1891 1220 1927 Et
1234 1890 1288 1927 sic
1301 1891 1377 1927 hoc

312 1945 417 1994 quod
446 1945 531 1982 dico
561 1945 598 1981 in
628 1945 718 1993 ipso,
749 1951 847 1981 esset
867 1943 1195 1993 appropriandum
1215 1943 1245 1969 §c
1268 1943 1374 1980 Filio.

310 1998 396 2035 Alio
410 2010 504 2034 vero
524 1998 642 2035 modo
665 1997 905 2034 continentur
924 2009 983 2033 res
998 2009 1021 2033 a
1035 1998 1133 2044 Deo,
1150 1997 1376 2045 inquantum

311 2052 416 2087 Deus
444 2063 513 2087 sua
541 2050 708 2087 bonitate
728 2058 760 2081 ⁷¹⁷¹
792 2062 855 2086 eas
885 2058 1086 2086 conservat
1115 2058 1151 2086 et
1179 2050 1375 2098 gubernat,

311 2103 361 2141 ad
378 2105 498 2140 finem
528 2103 820 2140 convenientem
848 2102 1090 2140 adducendo.
1120 2103 1170 2140 Et
1193 2102 1245 2140 sic
1272 2103 1311 2151 ly
1339 2103 1377 2139 in

311 2168 384 2205 quo
405 2156 670 2205 appropriatur
690 2156 844 2204 Spiritui
865 2156 1018 2203 Sancto,
1041 2155 1137 2192 sicut
1161 2163 1196 2192 et
1214 2156 1377 2193 bonitas.

365 2210 450 2246 Nec
465 2216 614 2268 oportet
629 2209 732 2258 quod
748 2208 932 2245 habitudo
949 2221 1084 2246 causae
1095 2209 1232 2256 finalis,
1244 2220 1378 2256 quam-

311 2262 371 2299 vis
400 2262 446 2298 sit
473 2261 596 2321 prima
625 2274 840 2309 causarum,
870 2261 1136 2321 approprietur
1163 2261 1283 2308 Patri,
1314 2261 1380 2309 qui

314 2322 369 2352 est
396 2314 622 2363 principium
651 2326 730 2351 non
759 2314 807 2351 de
834 2314 1039 2374 principio:
1069 2314 1158 2362 quia
1184 2315 1379 2350 Personae

313 2367 475 2415 divinae,
497 2379 661 2415 quarum
682 2368 795 2404 Pater
815 2374 869 2404 est
887 2367 1127 2416 principium,
1148 2379 1227 2404 non
1245 2379 1380 2426 proce-

314 2420 407 2458 dunt
421 2419 462 2457 ut
489 2421 538 2457 ad
565 2421 698 2467 finem,
720 2432 808 2456 cum
837 2419 1029 2469 quaelibet
1057 2420 1205 2457 illarum
1224 2419 1271 2456 sit
1297 2419 1380 2456 ulti-

312 2485 398 2510 mus
425 2473 535 2519 finis;
566 2474 633 2510 sed
666 2472 826 2510 naturali
853 2473 1111 2521 processione,
1133 2485 1231 2522 quae
1259 2472 1380 2520 magis

312 2527 360 2563 ad
380 2526 566 2563 rationem
591 2525 772 2563 naturalis
791 2525 984 2574 potentiae
1004 2526 1194 2574 pertinere
1215 2525 1378 2563 videtur.

363 2622 407 2656 γγ)
418 2622 576 2654 quandoque
594 2622 699 2654 quidem
719 2622 941 2647 habitudinemoe
923 2623 1112 2655 —quandoque
1128 2623 1310 2648 habitudinem
1325 2623 1378 2653 BD,

311 2658 492 2683 habitudinem
511 2657 670 2689 quandoque
688 2657 746 2682 edd.
765 2657 815 2687 ab,
835 2658 1017 2683 habitudinem
1036 2658 1172 2690 quandam
1190 2658 1219 2683 P.

364 2692 403 2726 ὃὸ)
422 2695 457 2717 et.
475 2706 494 2711 -
512 2693 573 2717 Om.
593 2693 704 2717 codices.
722 2706 741 2711 —
758 2693 836 2717 Patri
854 2698 879 2717 et
898 2700 954 2726 seq.
973 2696 1000 2718 et
1017 2701 1072 2719 om.
1091 2693 1131 2718 ed.
1150 2700 1176 2718 a.

365 2728 400 2760 εε)
420 2728 483 2759 ipse.
501 2742 520 2747 -
538 2728 599 2753 Om.
619 2728 720 2752 codices
739 2733 764 2752 et
784 2729 824 2753 ed.
843 2735 868 2752 a.

363 2762 404 2795 ζζ)
430 2766 497 2788 esset
520 2763 760 2795 appropriandam.
778 2777 798 2782 -
815 2767 882 2788 esset
905 2764 1110 2796 appropriatum
1135 2763 1204 2793 Pab,
1224 2767 1264 2789 est
1281 2771 1378 2796 appro-

307 2798 456 2830 priandum
475 2799 504 2823 B.

364 2833 408 2865 ηη)
428 2833 554 2858 bonitate.
571 2847 591 2852 -
608 2834 745 2858 voluntate
764 2834 794 2858 Β.

364 2867 403 2901 θθ)
423 2869 530 2902 veritqs‚
549 2876 617 2893 cum.
635 2882 649 2887 -
671 2876 730 2894 cum
750 2869 849 2894 veritas
867 2869 953 2894 PBab.

365 2904 393 2936 ιι)
414 2904 484 2934 Quia
537 2904 711 2929 considerari.
729 2917 747 2922 —
767 2904 837 2934 Quia
861 2904 1029 2930 considerari
1046 2906 1084 2936 A,
1113 2904 1287 2930 considerari
1309 2904 1378 2930 enim

311 2939 378 2971 BsD,
397 2939 570 2964 Considerari
588 2939 709 2972 CEFpD;
728 2946 810 2971 supra
825 2947 878 2964 om.
894 2939 931 2971 G;
951 2940 1147 2972 appropriatur
1159 2940 1229 2965 Filio
1277 2940 1378 2965 dictum

311 2977 351 2999 est
369 2982 421 2999 om.
441 2974 482 2999 ed.
500 2981 526 2999 a.

364 3009 405 3042 κκ)
425 3017 468 3034 res
487 3009 664 3035 essentialiter
682 3013 798 3041 sumpta.
815 3023 835 3030 ·—
852 3010 966 3035 essentia
984 3011 1013 3042 F,
1032 3010 1144 3036 scientia
1163 3011 1204 3035 ed.
1222 3018 1248 3036 a.

950 276 1217 324 QUAESTIO
1246 276 1427 325 XXXIX,
1457 276 1754 313 ARTICULUS
1783 276 1870 312 VIII

1488 355 1551 391 Ad
1577 355 1670 391 illud
1695 366 1785 392 vero
1814 355 1917 403 quod
1934 355 1979 390 de
1997 354 2082 391 aliis
2101 355 2298 402 quaeritur
2315 354 2346 401 ²¹⁸,
2377 354 2504 391 dicen-

1436 407 1528 444 dum
1550 409 1655 456 quod
1670 407 1822 454 veritas,
1844 420 1933 444 cum
1948 405 1974 428 ⁰⁰
1987 407 2175 456 pertineat
2193 408 2242 444 ad
2257 407 2501 455 intellectum,

1434 468 1475 497 ut
1503 456 1618 510 supra
1646 460 1666 482 *
1695 460 1837 497 dictum
1876 468 1951 507 est,
1982 460 2249 509 appropriatur
2277 459 2394 496 Filio:
2423 472 2503 497 non

1433 520 1562 550 tamen
1597 521 1653 550 est
1684 513 1881 562 proprium
1912 514 2004 550 eius.
2044 513 2145 560 Quia
2181 512 2341 560 veritas,
2371 519 2413 549 ut
2440 525 2501 549 su-

1433 579 1502 614 pra
1521 566 1541 588 *
1561 566 1703 604 dictum
1725 574 1793 614 est,
1815 566 2046 604 considerari
2065 572 2081 586 ‘⁸
2105 573 2230 614 potest
2248 573 2362 614 prout
2382 573 2438 602 est
2463 565 2502 602 in

1432 619 1634 667 intellectu,
1654 620 1716 657 vel
1743 627 1859 668 prout
1887 627 1942 656 est
1965 620 2004 656 in
2032 632 2084 656 re.
2107 618 2212 656 Sicut
2230 619 2341 666 igitur
2358 618 2500 655 intelle-

1433 679 1514 709 ctus
1535 680 1570 709 et
1590 684 1649 709 res
1674 673 1918 710 essentialiter
1951 680 2103 721 sumpta
2122 678 2149 693 ’¹¹
2178 680 2266 708 sunt
2290 671 2502 708 essentialia

1434 732 1469 761 et
1497 737 1576 761 non
1603 726 1831 773 personalia,
1857 726 1908 763 ita
1936 734 1973 763 et
2004 725 2157 763 veritas.
2179 747 2203 753 -
2223 724 2405 768 Definitio
2435 736 2501 761 au-

1432 784 1510 814 tem
1529 778 1730 825 Augustini
1757 778 1910 815 inducta
1928 777 1965 825 ²²,
1988 779 2098 816 datur
2122 778 2169 815 de
2187 778 2347 815 veritate
2367 789 2500 814 secun-

1433 830 1527 867 dum
1556 831 1663 878 quod
1690 831 1958 879 appropriatur
1986 832 2094 869 Filio.

1486 883 1602 919 Liber
1633 891 1762 920 autem
1789 883 1889 920 vitae
1916 884 1954 921 in
1992 892 2095 921 recto
2129 884 2286 932 quidem
2321 883 2502 933 importat

1433 936 1617 983 notitiam,
1648 936 1717 972 sed
1740 936 1779 972 in
1799 936 1954 985 obliquo
1982 937 2119 974 vitam:
2150 945 2206 974 est
2234 937 2350 983 enim,
2374 944 2416 973 ut
2439 949 2500 973 su-

1431 1001 1500 1037 pra
1519 989 1539 1010 ³¹⁶
1568 989 1711 1026 dictum
1732 996 1798 1036 est,
1819 989 1951 1026 notitia
1978 989 2052 1026 Dei
2081 990 2128 1027 de
2156 990 2215 1026 his
2241 989 2307 1037 qui
2334 989 2500 1026 habituri

1432 1049 1519 1079 sunt
1549 1042 1674 1079 vitam
1701 1049 1908 1079 aeternam.
1939 1042 2051 1079 Unde
2084 1042 2351 1091 appropriatur
2385 1042 2498 1079 Filio:

1431 1095 1517 1131 licet
1538 1095 1616 1132 vita
1636 1095 1903 1144 approprietur
1923 1095 2078 1144 Spiritui
2098 1096 2251 1142 Sancto,
2272 1095 2499 1143 inquantum

1431 1148 1612 1197 importat
1640 1148 1834 1197 quendam
1862 1154 1902 1176 μμ
1929 1148 2149 1185 interiorem
2182 1155 2353 1195 motum,
2385 1155 2422 1184 et
2449 1148 2501 1184 sic

1432 1201 1611 1238 convenit
1639 1214 1728 1238 cum
1747 1201 1903 1250 proprio
1929 1201 2091 1250 Spiritus
2111 1201 2252 1248 Sancti,
2273 1200 2500 1250 inquantum

1431 1262 1487 1304 est
1504 1256 1639 1291 Amor.
1661 1275 1685 1282 —
1704 1255 1800 1291 Esse
1820 1262 1948 1291 autem
1968 1254 2150 1303 scriptum
2170 1255 2219 1291 ab
2239 1254 2324 1301 alio,
2346 1266 2426 1291 non
2445 1261 2502 1291 est

1431 1307 1477 1344 de
1494 1307 1639 1344 ratione
1659 1307 1741 1344 libri
1756 1307 1983 1356 inquantum
2004 1315 2060 1344 est
2078 1307 2228 1352 liber”;
2250 1307 2319 1344 sed
2341 1306 2501 1356 inquan-

1430 1368 1512 1397 tum
1542 1368 1597 1397 est
1616 1360 1814 1408 quoddam
1843 1361 2095 1398 artificiatum.
2117 1360 2229 1398 Unde
2258 1372 2337 1397 non
2356 1360 2500 1409 impor-

1429 1421 1482 1450 tat
1507 1413 1704 1461 originem,
1724 1426 1851 1462 neque
1871 1422 1926 1451 est
1948 1414 2167 1463 personale,
2190 1413 2259 1451 sed
2277 1412 2500 1463 appropria-

1429 1474 1512 1503 tum
1531 1467 1726 1503 Personae
1740 1463 1779 1503 εξ.

1484 1521 1615 1569 Ipsum
1644 1528 1773 1556 autem
1802 1520 1877 1562 Qui
1902 1526 1955 1557 est
1982 1520 2248 1580 appropriatur
2265 1525 2292 1540 ⁶·
2311 1530 2500 1569 personae

1431 1572 1522 1620 Filii,
1543 1585 1622 1610 non
1650 1572 1864 1610 secundum
1892 1573 2088 1622 propriam
2117 1573 2322 1620 rationem,
2347 1572 2415 1610 sed
2443 1583 2500 1609 ra-

1430 1626 1534 1662 tione
1571 1625 1763 1663 adiuncti:
1793 1626 2020 1675 inquantum
2058 1626 2198 1663 scilicet
2230 1626 2269 1663 in
2307 1602 2500 1662 l'ocutione

1430 1678 1503 1716 Dei
1532 1679 1581 1716 ad
1600 1679 1778 1727 Moysen,
1798 1679 2127 1728 praefigurabatur
2145 1678 2316 1716 liberatio
2341 1677 2500 1715 humani

1430 1731 1598 1780 generis,
1629 1744 1727 1780 quae
1765 1732 1863 1768 facta
1891 1740 1948 1769 est
1973 1744 2043 1781 per
2071 1732 2218 1769 Filium.
2249 1731 2332 1769 Sed
2354 1738 2499 1779 tamen,

1430 1785 1644 1822 secundum
1673 1785 1778 1833 quod
1807 1785 1845 1832 ly
1876 1785 1951 1827 Qui
1976 1784 2138 1821 sumitur
2166 1784 2342 1832 relative,
2371 1790 2502 1833 posset

1431 1837 1582 1877 referre,
1598 1837 1790 1874 interdum
1810 1843 1850 1859 ⁷¹⁷³
1868 1849 2075 1886 personam
2095 1837 2198 1874 Filii:
2228 1844 2265 1874 et
2292 1837 2346 1874 sic
2373 1848 2501 1874 sume-

1431 1897 1533 1927 retur
1560 1890 1819 1939 personaliter,
1849 1898 1891 1927 ut
1922 1897 2015 1939 puta
2043 1889 2074 1927 si
2103 1890 2265 1938 dicatur,
2293 1890 2412 1927 Filius
2448 1895 2504 1927 est

1430 1944 1579 1993 genitus
1612 1944 1686 1985 Qui
1711 1949 1786 1988 est‚·
1814 1943 1909 1980 sicut
1937 1951 1974 1980 et
2000 1944 2106 1980 Deus
2122 1944 2272 1993 genitus
2299 1943 2500 1993 personale

1432 2004 1499 2033 est.
1522 1996 1600 2033 Sed
1619 1996 1765 2033 infinite
1785 2004 1983 2046 sumptum
2004 2004 2061 2033 est
2079 1996 2286 2034 essentiale.
2304 2017 2329 2025 -
2348 1997 2398 2033 Et
2415 1995 2502 2033 licet

1431 2050 1506 2086 hoc
1524 2061 1744 2098 pronomen
1762 2055 1793 2080 ⁹?
1821 2050 1906 2096 iste,
1928 2049 2175 2098 grammatice
2203 2049 2420 2098 loquendo,
2450 2048 2501 2087 ad

1432 2102 1598 2152 aliquam
1623 2110 1765 2140 certam
1785 2112 1993 2151 personam
2011 2102 2187 2140 videatur
2208 2102 2418 2152 pertinere3
2446 2109 2502 2139 ta-

1433 2168 1524 2192 men
1543 2155 1734 2205 quaelibet
1762 2168 1821 2193 res
1841 2155 2159 2202 demonstrabilis,
2181 2155 2427 2205 grammatice
2446 2155 2501 2192 lo-

1433 2209 1605 2256 quendo,
1634 2221 1800 2257 persona
1829 2209 1902 2246 dici
1929 2217 2066 2257 potest,
2092 2209 2178 2246 licet
2205 2208 2419 2246 secundum
2447 2207 2502 2245 rei

1433 2269 1608 2298 naturam
1633 2273 1712 2298 non
1732 2261 1777 2298 sit
1795 2273 1979 2310 persona;
2006 2261 2168 2299 dicimus
2187 2262 2290 2299 enim
2310 2262 2376 2299 iste
2395 2261 2501 2310 lapis,

1434 2321 1471 2350 et
1489 2314 1556 2350 iste
1573 2314 1711 2350 asinus.
1742 2314 1853 2351 Unde
1874 2322 1921 2361 et,
1942 2314 2189 2362 grammatice
2217 2315 2425 2364 loquendo,
2446 2326 2503 2351 es-

1434 2366 1554 2404 sentia
1574 2366 1716 2413 divina,
1737 2368 1949 2404 secundum
1979 2367 2084 2416 quod
2109 2367 2340 2415 significatur
2360 2374 2396 2404 et
2415 2378 2503 2416 sup—

1432 2419 1588 2468 ponitur
1614 2431 1683 2468 per
1701 2420 1776 2456 hoc
1804 2432 1948 2457 nomen
1967 2421 2083 2466 Deus,
2103 2427 2230 2469 potest
2248 2419 2503 2458 demonstrari

1434 2473 1509 2509 hoc
1523 2472 1755 2521 pronomine
1770 2478 1801 2493 ⁰⁹
1820 2473 1905 2518 iste;
1927 2473 2141 2510 secundum
2161 2473 2253 2510 illud
2268 2473 2391 2511 Exod.
2402 2484 2452 2510 xv
2464 2472 2500 2510 *ε

1433 2527 1509 2562 Iste
1535 2526 1640 2562 Deus
1667 2537 1784 2572 meus,
1808 2531 1845 2562 et
1868 2526 2093 2576 glorificabo
2121 2538 2220 2563 eum.

1487 2621 1533 2655 λλ)
1553 2622 1672 2647 inducta.
1689 2635 1710 2642 ·-
1727 2623 1882 2648 introducta
1901 2622 2048 2649 ACDEFG.

1488 2658 1535 2692 μμ)
1555 2658 1697 2690 quendam.
1714 2672 1733 2676 -
1752 2658 1813 2683 Om.
1833 2658 1934 2683 codices
1954 2663 1980 2683 et
1998 2659 2040 2684 ed.
2058 2665 2084 2684 a.

1487 2693 1525 2725 νν)
1545 2693 1702 2725 inquantum
1722 2696 1761 2718 est
1780 2693 1855 2718 liber.
1871 2707 1890 2712 —
1909 2693 1971 2718 Om.
1990 2694 2093 2719 codices
2112 2698 2138 2719 et
2155 2693 2195 2718 ed.
2215 2699 2241 2719 a.

1488 2726 1526 2760 ξξ)
1541 2728 1747 2760 appropriatum
1763 2729 1904 2754 Personae.
1915 2742 1935 2748 -
1948 2729 2144 2762 appropriatur
2157 2729 2292 2755 Personae
2302 2729 2330 2761 P,
2342 2727 2519 2762 appropriass

1434 2766 1490 2788 tum
1505 2763 1649 2796 personale
1667 2764 1709 2788 ed.
1729 2764 1752 2788 b.

1487 2799 1530 2832 oo)
1546 2799 1599 2829 Qui
1613 2802 1653 2824 est
1666 2798 1868 2831 appropriatur.
1880 2813 1899 2818 -
1913 2806 2006 2825 nomen
2025 2799 2079 2830 Qui
2091 2803 2132 2825 est
2143 2799 2350 2832 appropriatum
2363 2799 2393 2831 P,
2408 2805 2502 2825 nomen

1436 2834 1489 2865 Qui
1507 2837 1546 2860 est
1563 2834 1758 2867 appropriatur
1777 2834 1817 2859 ed.
1837 2835 1860 2859 b.

1487 2870 1537 2902 ππ)
1556 2870 1657 2903 reserre
1680 2869 1824 2894 interdum.
1843 2882 1862 2889 -
1880 2870 1978 2903 referri
2000 2870 2135 2895 interdum
2154 2870 2192 2895 ad
2209 2869 2297 2895 PGab.
2315 2883 2334 2889 -
2351 2870 2402 2895 Pro
2419 2869 2445 2896 si
2461 2869 2502 2896 di-

1433 2908 1519 2934 catur
1539 2905 1563 2930 si
1581 2905 1701 2930 dicamus
1718 2905 1748 2934 Β,
1766 2905 1790 2930 si
1808 2904 1896 2930 dicam
1915 2905 1946 2935 D,
1965 2905 1990 2930 si
2007 2906 2081 2931 dicat
2099 2905 2128 2936 P,
2146 2913 2201 2930 om.
2215 2904 2290 2938 GpF.

1486 2940 1527 2974 ρρ)
1546 2940 1595 2965 hoc
1608 2947 1768 2972 pronomen.
1786 2954 1805 2959 —
1824 2940 1885 2965 Om.
1906 2941 2007 2966 codices
2025 2946 2052 2966 et
2069 2941 2110 2966 ed.
2128 2947 2154 2966 a.

1486 2975 1530 3007 σα)
1545 2975 1594 3001 hoc
1603 2975 1804 3007 pronomine·
1818 2982 1870 3007 per
1882 2975 1932 3001 hoc
1941 2983 2090 3008 pronomen
2105 2975 2159 3007 FG,
2173 2975 2223 3001 hoc
2230 2981 2381 3007 pronomen
2395 2975 2435 3001 ed.
2449 2982 2476 3001 a.
2482 2987 2504 2996 -·

1434 3010 1483 3036 iste
1501 3018 1554 3036 om.
1572 3011 1713 3043 ACDEpF'.
1730 3025 1749 3030 -
1766 3010 1795 3035 ln
1814 3015 1884 3035 textu
1903 3012 1944 3036 cit.
1962 3013 1989 3036 et
2006 3018 2060 3036 om.
2079 3011 2190 3036 codices.

986 3080 1322 3114 Commentariis
1345 3080 1598 3114 Oardjnalis
1620 3080 1822 3114 Caietam

314 3159 479 3222 TITuzus
501 3150 591 3180 valde
615 3149 740 3190 amplus
765 3156 823 3180 est:
849 3150 1089 3190 comprehendit
1112 3151 1197 3181 enim
1217 3150 1377 3192 quaestio-

1494 3151 1529 3181 ln
1554 3150 1687 3191 corpore
1710 3151 1789 3181 nihil
1813 3151 1996 3182 addendum
2017 3157 2113 3191 puto:
2143 3150 2297 3191 quoniam
2319 3151 2500 3190 distinctus,

373 3204 428 3224 nes
445 3194 483 3224 de
503 3200 551 3224 tot
570 3193 789 3234 appropriatis,
814 3201 894 3234 quot
913 3195 1075 3234 arguendo
1092 3201 1279 3235 tanguntur;
1294 3204 1376 3236 quae
1432 3194 1604 3231 ordinatus,
1630 3194 1795 3231 formatus,
1821 3195 1975 3236 facileque
1997 3194 2199 3234 intelligibilis
2216 3205 2253 3225 ex
2272 3205 2304 3226 se
2324 3202 2381 3226 est.
2406 3196 2499 3227 Unde

313 3237 420 3267 omnia
442 3237 475 3267 in
499 3238 658 3278 Scriptura
681 3237 792 3268 tradita
816 3238 1000 3268 contineri*
1022 3238 1169 3269 videntur
1185 3237 1245 3282 (1).

357 3298 395 3331 (1)
407 3298 490 3322 Editio
505 3297 571 3329 1514
581 3298 615 3323 ita
626 3299 800 3331 prosequitur.
811 3298 841 3323 In
851 3305 963 3330 corpore
974 3299 1052 3330 ponit
1061 3299 1176 3332 quinque
1189 3298 1378 3324 conclusiones.

316 3333 435 3363 Quarum
447 3333 539 3365 prima
553 3336 607 3358 est.-
627 3333 806 3365 Quadruplex
819 3334 999 3359 consideratio
1012 3334 1084 3359 circa
1098 3335 1183 3360 Deum
1197 3334 1272 3360 nobis
1286 3341 1380 3359 occur-

314 3369 360 3392 rit.
378 3368 521 3394 Probatur.
542 3368 611 3398 Quia
629 3376 688 3394 cum
709 3369 855 3394 intellectus
872 3372 963 3394 noster
976 3376 1013 3394 ex
1024 3370 1156 3395 creaturis
1175 3370 1201 3395 in
1223 3369 1276 3395 Dei
1288 3369 1378 3403 cogni-

1430 3238 1565 3269 lectione
1589 3239 1696 3279 potius
1720 3249 1818 3280 quam
1842 3239 2038 3280 expositione
2063 3245 2140 3279 eget.

1433 3299 1504 3324 nitas
1522 3299 1717 3331 appropriatur
1735 3300 1822 3328 Patri,
1841 3300 1939 3332 species
1958 3299 2034 3329 Filio,
2051 3306 2113 3324 usus
2127 3299 2242 3332 Spiritui
2254 3300 2364 3325 Sancto.
2375 3313 2395 3319 -
2410 3299 2502 3326 Tertia

1432 3335 1575 3359 conclusio:
1594 3335 1754 3367 Inquantum
1772 3335 1959 3360 consideratur
1978 3338 2008 3360 ut
2026 3342 2106 3364 unus,
2122 3335 2160 3360 sic
2173 3335 2340 3368 Augustinus
2359 3335 2438 3360 Patri
2449 3342 2499 3368 ap-

1427 3370 1555 3402 propriat
1574 3370 1710 3400 unitatem,
1731 3370 1800 3395 Hlio
1819 3370 2015 3403 aequalitatem,
2035 3373 2062 3395 et
2080 3370 2197 3402 Spiritui
2215 3370 2316 3396 Sancto
2327 3370 2499 3396 concordiam

315 3403 411 3428 tionem
427 3404 631 3433 manuducatur,
645 3407 750 3435 oportet
763 3404 835 3436 quod
848 3404 934 3429 Deum
949 3405 1098 3430 consideret
1111 3405 1255 3430 secundum
1271 3404 1378 3434 modum
1432 3411 1477 3429 seu
1496 3405 1697 3430 connexionem.
1715 3419 1734 3425 -
1754 3405 1860 3436 Quarta
1884 3405 2032 3431 conclusio:
2052 3405 2212 3437 Inquantum
2239 3405 2266 3430 in
2289 3405 2347 3431 Deo
2365 3405 2500 3447 sufficiens

314 3445 390 3469 quem
409 3445 446 3463 ex
463 3439 594 3463 creaturis
611 3439 731 3464 assumit.
752 3439 806 3464 Sed
825 3439 850 3464 in
870 3439 1083 3465 consideratione
1101 3440 1215 3466 alicuius
1229 3443 1378 3468 creaturae,

314 3476 430 3505 quatuor
444 3481 494 3505 per
513 3474 633 3499 ordinem
653 3474 727 3499 nobis
745 3478 904 3499 occurrunt:
922 3475 986 3516 quia
1000 3475 1098 3506 primo,
1119 3483 1161 3500 res
1179 3475 1299 3500 absolute
1315 3482 1379 3500 con-

314 3507 458 3537 sideratur,
473 3509 628 3541 inquantum
647 3513 687 3534 est
705 3516 766 3538 eust
784 3510 906 3539 secunda,
923 3510 1079 3542 inquantum
1093 3514 1132 3536 est
1147 3517 1216 3538 una:
1234 3510 1322 3539 tertio,
1337 3517 1376 3535 se-

315 3543 431 3567 cundum
446 3544 516 3575 quod
532 3544 599 3569 inest
617 3544 642 3568 ei
660 3545 745 3569 virtus
764 3545 801 3569 ad
819 3545 1000 3577 operandum‚·
1019 3549 1123 3578 quarto,
1142 3546 1286 3572 secundum
1305 3545 1378 3570 habi-

1433 3439 1519 3465 virtus
1532 3441 1719 3465 consideratur
1730 3441 1768 3466 ad
1779 3440 1953 3469 causandum,
1968 3440 2084 3465 sumitur
2096 3441 2178 3466 tertia
2191 3441 2386 3473 appropriatio,
2400 3440 2500 3466 scilicet

1427 3475 1572 3507 potentiae,
1587 3475 1735 3507 sapientiae
1749 3478 1775 3500 et
1789 3475 1955 3500 bonitatis.-
1969 3475 2069 3505 Quinta
2083 3475 2232 3501 conclusio:
2249 3476 2335 3501 Proui
2349 3475 2423 3501 Deus
2435 3483 2498 3502 con—

1432 3510 1569 3535 sideratur
1593 3511 1618 3535 in
1638 3510 1794 3536 habitudine
1811 3511 1849 3535 ad
1870 3517 1931 3536 suos
1954 3510 2075 3544 effectus,
2097 3511 2213 3536 sumitur
2235 3511 2281 3536 illa
2303 3511 2498 3544 appropriatio,

1433 3552 1470 3570 ex
1483 3553 1535 3577 quo
1549 3553 1602 3577 per
1614 3553 1690 3578 quem
1710 3549 1737 3571 et
1750 3545 1776 3570 in
1794 3553 1885 3578 quo.-
1866 3546 2004 3571 -Harum
2023 3546 2220 3572 conclusionum
2235 3546 2410 3578 probationes
2427 3546 2499 3571 clare

316 3577 434 3602 tudinem
458 3579 496 3603 ad
517 3583 636 3604 causata.
663 3579 759 3612 Igitur.
776 3593 795 3599 —
820 3580 943 3605 Secunda
966 3581 1109 3606 conclusio:
1132 3581 1283 3607 Secundum
1308 3580 1379 3613 quod
1427 3583 1526 3612 patent
1544 3581 1569 3605 in
1590 3580 1688 3610 littera,
1702 3580 1852 3614 facilesque
1869 3585 1932 3606 sunt
1945 3584 1972 3606 et
1986 3581 2180 3615 intelligibiles.
2198 3582 2268 3607 unde
2286 3581 2398 3607 lectione
2404 3580 2497 3614 potius

316 3613 501 3638 consideratur
516 3614 587 3639 Deus
601 3615 719 3640 absolute
737 3615 881 3640 secundum
900 3623 976 3641 suum
991 3623 1054 3647 esse,
1069 3616 1107 3642 sic
1119 3617 1152 3641 ab
1166 3616 1275 3641 Hilario
1293 3619 1379 3641 aeter-

1432 3622 1511 3648 quam
1530 3615 1697 3647 expositione
1715 3619 1802 3648 egent.

2531 371 2542 382 ⁸
2557 370 2618 392 Vide
2634 376 2683 399 arg.
2698 378 2717 401 5.

2622 413 2650 439 Θθ

2530 470 2541 481 ⁸
2556 470 2604 498 Qu.
2615 477 2663 499 xvi,
2673 475 2715 494 art.
2725 477 2742 493 1.

2529 569 2541 581 ⁸
2554 569 2615 592 Ibid.

2628 607 2645 623 u.

2618 681 2648 699 χχ

2617 781 2659 808 m:

2528 994 2537 1003 ·
2547 992 2594 1020 Qu.
2602 998 2666 1021 xxxv,
2674 996 2716 1016 ιη.
2723 999 2740 1016 ι.

2611 1151 2650 1178 μμ

2620 1314 2648 1332 W

2617 1460 2646 1494 ’ἐξ

2618 1523 2650 1542 00

2618 2471 2651 2488 GC

2528 2496 2540 2508 ⁸
2547 2495 2621 2522 ,Vei-s.
2636 2501 2657 2518 2.
