2768 4178
92 851 213 900 inggdqu.
227 856 290 872 nvn
298 866 303 877 ,

93 960 102 968 “
119 958 166 985 Qu.
181 964 203 979 L.

191 1021 207 1036 α

93 1048 102 1057 ·
118 1046 166 1074 Qu.
180 1052 241 1068 ηπ.

189 1113 204 1147 β

187 1177 204 1202 τ

87 1845 98 1856 “
108 1844 164 1873 Cap.
173 1850 222 1872 vm,
233 1850 257 1867 n.
265 1850 300 1872 27.

88 2433 164 2455 ⁸1bid.
172 2439 194 2455 n.
202 2433 301 2462 7,16‚17.

91 3018 100 3026 ·
117 3016 174 3045 Cep.
187 3023 211 3044 x,
226 3022 256 3038 xi.

337 243 415 279 490

1008 231 1275 278 QUAESTIO
1305 232 1482 281 XLV111,
1511 233 1810 271 ARTICULUS
1842 235 1855 270 I

710 459 1120 537 QUAESTIO
1161 460 2151 536 QUADRAGESIMAOCTAVA

619 581 719 622 DE
765 579 1361 621 DISTINCTIONE
1409 581 1688 622 RERUM
1734 583 1811 623 IN
1860 582 2241 624 SPECIALI

1177 687 1212 711 IN
1241 687 1306 711 SEX
1334 686 1537 712 ARTICULOS
1564 687 1682 712 DIVISA

414 803 522 828 E1NDE
551 790 874 827 considerandum
909 798 964 827 est
997 790 1044 827 de
1074 789 1312 827 distinctione
1343 801 1400 826 re-

334 802 501 885 Drum
530 844 568 881 in
596 843 749 893 speciali
777 843 807 881 ²¹².
838 844 887 880 Et
915 843 1052 893 primo,
1083 844 1130 880 cle
1161 843 1398 880 distinctione

332 898 423 935 boni
453 905 489 934 et
515 897 622 943 mali3
654 897 792 934 deinde
819 897 867 933 de
887 896 1124 934 distinctione
1145 896 1343 946 spiritualis
1364 904 1400 933 et

332 950 537 1000 corporalis
572 958 763 987 creaturae
788 949 819 986 *.
851 950 961 987 Circa
989 950 1178 999 primum,
1215 961 1398 999 quaeren-

332 1005 425 1042 dum
455 1011 511 1041 est
539 1003 585 1040 de
614 1004 716 1040 malo
733 1009 770 1048 ας
802 1010 838 1040 et
867 1003 914 1040 de
944 1015 1059 1040 causa
1086 1004 1177 1040 mali
1195 1003 1227 1040 ³¹⁸.

332 1058 442 1095 Circa
470 1058 616 1094 malurn
645 1064 878 1105 quaeruntur
906 1069 983 1094 sex.

384 1111 536 1148 Primo:
566 1117 694 1147 utrum
723 1111 868 1147 malum
888 1108 906 1138 β
935 1110 981 1146 sit
1009 1117 1143 1146 natura
1171 1109 1308 1158 aliqua.

385 1164 582 1201 Secundo:
611 1171 740 1201 utrum
759 1168 774 1190 ⁷
801 1164 946 1200 malurn
966 1163 1182 1200 inveniatur
1209 1163 1247 1200 in
1271 1163 1397 1200 rebus.

1509 797 1660 834 Tertio:
1690 805 1820 835 utrum
1847 799 1997 836 bonum
2026 800 2072 838 sit
2100 800 2314 838 subiectum
2344 801 2446 838 mali.

1510 858 1675 904 Quarto:
1705 865 1835 895 utrum
1863 859 2009 895 malum
2032 860 2195 897 totaliter
2216 867 2437 910 corrumpat
2457 861 2525 898 bo-

1563 929 1669 954 num.

1510 977 1673 1023 Quinto:
1703 976 1750 1014 de
1780 976 1967 1015 divisione
1995 977 2085 1014 mali
2112 989 2181 1028 per
2202 991 2373 1028 poenam
2393 987 2429 1017 et
2448 981 2526 1018 cul-

1562 1048 1665 1085 pam.

1510 1097 1644 1134 Sexto:
1666 1097 1759 1145 quid
1778 1097 1919 1134 habeat
1936 1098 2022 1146 plus
2042 1097 2090 1134 de
2110 1097 2256 1135 ratione
2275 1098 2378 1146 mali,
2394 1107 2524 1138 utrum

1562 1168 1690 1206 poena
1714 1154 1729 1178 3
1755 1157 1818 1194 vel
1848 1158 1971 1206 culpa.

1147 1273 1465 1315 ARTICULUS
1497 1273 1703 1316 PRIMUS

988 1367 1145 1398 UTRUM
1168 1367 1326 1398 MALUM
1349 1367 1416 1398 SlT
1440 1368 1622 1398 NATURA
1646 1368 1863 1405 QUAEDAM

568 1447 588 1471 II
608 1447 692 1475 Sent„
712 1447 770 1472 dist.
789 1454 871 1478 xxx1v,
892 1452 939 1472 art.
960 1454 987 1477 23
1007 1447 1038 1471 111
1061 1447 1137 1471 Cont.
1153 1448 1240 1476 Gent„
1259 1455 1317 1479 cap.
1329 1454 1365 1471 vn
1384 1454 1459 1480 sqq.;
1480 1447 1522 1471 De
1540 1447 1624 1476 Malo,
1644 1455 1689 1480 qu.
1708 1455 1726 1479 1,
1745 1452 1793 1473 art.
1811 1455 1836 1478 13
1859 1449 2003 1481 Compend.
2022 1449 2119 1478 771eol„
2140 1457 2195 1482 cap.
2215 1456 2277 1481 cxv3

1168 1483 1210 1507 De
1228 1482 1291 1507 Div.
1310 1483 1398 1512 Nom„
1419 1490 1474 1516 cap.
1493 1490 1528 1513 xv,
1548 1483 1606 1508 lect.
1625 1491 1675 1508 nv,

364 1605 388 1623 s·
412 1591 421 1605 ›
539 1584 561 1608 D
590 1584 728 1609 PR1M1JM
756 1583 809 1608 sm
838 1583 1078 1609 PROCEDrrUR.
1108 1571 1268 1609 Videtur
1291 1571 1397 1620 quod

388 1623 402 1645 ·'
453 1617 517 1673 '²⁷³5
539 1626 684 1662 malum
705 1625 751 1662 sit
771 1632 905 1663 natura
925 1625 1129 1674 quaedam.
1157 1624 1258 1671 Quia
1278 1637 1396 1661 omne

538 1691 656 1727 genus
677 1687 732 1716 est
751 1686 885 1716 natura
913 1678 1116 1727 quaedam.
1148 1679 1225 1715 Sed
1250 1679 1395 1715 malum

540 1740 594 1769 est
622 1732 820 1780 quoddam
850 1740 861 1756 ε
889 1744 1030 1780 genus:
1061 1731 1195 1768 dicitur
1227 1732 1328 1768 enim
1358 1732 1396 1769 in

325 1786 643 1823 Praedicamentis
657 1785 688 1832 *,
709 1786 814 1834 quod
839 1786 979 1823 bonum
999 1791 1035 1822 et
1052 1785 1195 1822 malum
1216 1797 1291 1822 non
1310 1791 1399 1822 sunt

327 1840 364 1877 in
384 1852 535 1890 genere,
554 1839 621 1876 sed
636 1845 724 1876 sunt
738 1851 883 1889 genera
908 1839 1084 1876 aliorum.
1114 1839 1217 1887 Ergo
1246 1839 1394 1876 malum

328 1901 383 1930 est
411 1900 545 1930 natura
573 1893 778 1941 quaedam.

382 1958 417 1984 2.
438 1947 672 1993 PRAETEREA,
689 1945 815 1983 omnis
835 1945 1047 1982 differentia
1070 1944 1311 1982 constitutiva
1331 1945 1394 1982 ali-

328 2000 433 2037 cuius
453 1999 592 2048 speciei
622 2007 678 2036 est
705 2007 839 2036 natura
864 1999 1064 2047 quaedam.
1087 1999 1236 2035 Malum
1265 2006 1393 2035 autem

327 2061 383 2091 est
411 2053 622 2091 differentia
660 2052 899 2090 constitutiva
933 2052 971 2089 in
1010 2051 1240 2089 moralibus:
1272 2051 1396 2089 differt

328 2107 430 2156 enim
460 2106 585 2155 specie
614 2107 737 2144 malus
762 2105 914 2143 habitus
943 2118 965 2142 a
993 2106 1111 2152 bono,
1131 2113 1174 2142 ut
1192 2105 1394 2143 liberalitas

328 2161 375 2197 ab
405 2159 660 2197 illiberalitate.
691 2161 793 2207 Ergo
823 2159 969 2196 malum
1004 2158 1189 2206 significat
1218 2167 1393 2197 naturam

328 2214 534 2263 quandam.

383 2268 417 2304 3.
439 2267 677 2311 PRAETEREA,
707 2273 911 2313 utrumque
941 2265 1217 2302 contrariorum
1247 2272 1302 2302 est
1329 2277 1394 2302 na-

328 2327 409 2357 tura
438 2318 642 2368 quaedam.
666 2318 743 2355 Sed
772 2319 917 2354 malum
942 2326 977 2354 et
996 2319 1144 2356 bonum
1174 2330 1253 2355 non
1273 2330 1393 2367 oppo-

329 2380 469 2410 nuntur
496 2380 539 2409 ut
565 2371 727 2420 privatio
758 2379 794 2408 et
825 2371 992 2419 habitus,
1023 2372 1092 2409 sed
1119 2379 1160 2408 ut
1189 2371 1393 2408 contraria:

327 2435 369 2464 ut
396 2427 533 2475 probat
560 2425 827 2473 Philosophus,
858 2424 896 2462 in
923 2425 1241 2462 Praedicamentis
1265 2424 1296 2471 *‚
1326 2437 1395 2473 per

329 2481 404 2517 hoc
431 2479 537 2528 quod
560 2478 656 2515 inter
683 2478 829 2515 bonum
851 2486 887 2515 et
906 2479 1051 2515 malum
1081 2486 1137 2515 est
1156 2478 1297 2527 aliquid
1315 2490 1394 2514 me-

330 2533 450 2580 dium,
481 2540 517 2569 et
545 2545 566 2568 a
595 2532 695 2568 malo
725 2539 850 2580 potest
877 2531 959 2568 fieri
986 2531 1126 2568 reditus
1155 2531 1204 2568 ad
1232 2532 1392 2568 bonum.

329 2587 431 2634 Ergo
461 2586 605 2622 malum
634 2584 819 2633 significat
846 2593 1022 2622 naturam
1051 2585 1258 2634 quandam.

381 2651 418 2686 4.
440 2640 673 2685 PRAETEREA‚
694 2639 798 2687 quod
818 2650 897 2674 non
918 2646 984 2685 est,
1007 2651 1084 2675 non
1109 2638 1194 2686 agit.
1217 2638 1294 2675 Sed
1314 2650 1394 2675 ma-

328 2695 408 2731 lum
437 2692 530 2740 agit:
561 2692 649 2741 quia
687 2691 895 2740 corrumpit
932 2692 1092 2729 bonum.
1121 2693 1222 2740 Ergo
1250 2692 1394 2728 malum

330 2754 384 2784 est
413 2745 609 2794 quoddam
640 2757 718 2791 ens,
741 2752 776 2781 et
805 2752 939 2781 natura
968 2745 1170 2794 quaedam.

384 2800 415 2836 5.
437 2799 669 2845 ΡΗΑΕΤΕΚΕΑ,
691 2798 739 2835 ad
767 2798 1041 2847 perfectionem
1066 2798 1318 2835 universitatis
1339 2810 1394 2835 re-

329 2864 413 2888 rum
451 2865 530 2889 non
563 2851 724 2900 pertinet
761 2851 831 2888 nisi
869 2852 974 2899 quod
1009 2859 1064 2888 est
1092 2864 1159 2888 ens
1197 2859 1233 2888 et
1260 2859 1395 2889 natura

328 2905 531 2954 quaedam.
563 2906 639 2942 Sed
667 2905 812 2941 malum
849 2904 1010 2953 pertinet
1039 2905 1086 2942 ad
1119 2905 1392 2954 perfectionem

327 2958 576 2995 universitatis
614 2970 762 2994 rerum:
802 2958 888 2995 dicit
925 2958 1026 2995 enim
1063 2958 1317 3007 Augustinus,
1355 2958 1394 2996 in

327 3012 518 3048 Enchirid.
539 3011 577 3058 ²⁸,
608 3011 714 3059 quod
742 3023 792 3047 ex
819 3012 991 3048 omnibus
1019 3012 1183 3048 consistit
1214 3012 1394 3049 universi-

328 3065 412 3101 tatis
448 3065 680 3102 admirabilis
701 3064 942 3112 pulchritudo
952 3078 965 3109 ,·
993 3065 1030 3102 in
1060 3077 1135 3113 qua
1163 3065 1275 3102 etiam
1303 3065 1397 3102 illud

328 3119 429 3166 quod
455 3118 596 3155 malum
621 3118 767 3163 dicitur,
788 3118 880 3154 bene
899 3118 1125 3164 ordinatum,
1156 3124 1192 3155 et
1215 3130 1283 3155 suo
1312 3118 1394 3155 loco

323 3172 499 3220 positum,
528 3171 748 3208 eminentius
776 3172 1014 3208 commendat
1041 3172 1150 3208 bona.
1182 3172 1283 3220 Ergo
1313 3184 1393 3209 ma-

327 3225 406 3261 lum
435 3231 490 3261 est
518 3232 650 3261 natura
678 3224 870 3273 quaedam
891 3223 915 3261 ζ.

382 3339 408 3372 α)
428 3339 461 3364 de
480 3339 558 3364 malo.
576 3352 595 3357 -
613 3341 639 3363 et
658 3338 691 3363 de
710 3339 779 3363 malo
798 3338 863 3363 ACF
866 3338 897 3363 G.

381 3373 406 3407 β)
426 3374 533 3399 malum.
550 3387 571 3393 —
588 3374 649 3398 Om.
668 3374 740 3399 FGa.

380 3410 406 3443 γ)
427 3413 525 3434 utrum.
543 3423 562 3428 -
579 3416 614 3434 an
634 3410 734 3434 codices
754 3414 779 3433 et
797 3416 814 3434 a
825 3409 849 3435 b.

380 3444 404 3477 ὃ)
425 3449 513 3470 utrum
529 3452 626 3476 poena.
644 3458 662 3463 -
676 3452 765 3477 poena
784 3445 811 3468 Ρ.

381 3480 402 3512 ε)
422 3480 565 3512 quoddam.
583 3493 602 3499 -
620 3479 681 3505 Om.
701 3479 848 3505 ABCDEG.

379 3514 404 3547 ζ)
424 3516 521 3540 matum
541 3518 581 3540 est
600 3519 700 3540 natura
717 3515 856 3548 quaedam.
874 3527 893 3536 —-
912 3516 1010 3541 malum
1029 3519 1068 3542 est
1081 3519 1180 3541 natura
1195 3517 1224 3548 F,
1239 3517 1338 3542 malum
1353 3519 1393 3542 est

326 3550 417 3583 aliqua
436 3554 534 3575 natura
553 3551 637 3575 ceteri.

380 3586 406 3618 η)
426 3593 478 3611 non
498 3589 546 3612 est.
562 3600 582 3605 -
599 3589 638 3610 est
657 3593 708 3611 non
730 3586 791 3611 Pab.

1507 1573 1581 1609 SED
1610 1585 1757 1610 CONTRA
1785 1585 1851 1610 EST
1879 1573 1984 1622 quod
2009 1573 2217 1622 Dionysius
2247 1573 2346 1623 dicit,
2376 1587 2412 1612 1v
2437 1587 2520 1625 cap.

1451 1626 1497 1662 de
1518 1626 1603 1663 Div.
1624 1627 1742 1664 Nom.
1763 1626 1803 1663 *ε
1832 1626 1986 1664 Malum
2006 1639 2081 1664 non
2101 1633 2156 1665 est
2171 1636 2187 1659 η
2213 1628 2374 1665 existens
2402 1640 2522 1678 neque

1451 1680 1604 1716 honum.

1506 1733 1732 1770 RESPONDEO
1762 1745 1947 1770 mCENDUM
1967 1734 2073 1783 quod
2099 1746 2223 1771 unum
2252 1734 2520 1783 oppositorum

1451 1785 1692 1833 cognoscitur
1710 1798 1779 1834 per
1793 1787 1966 1834 alterum,
1983 1786 2079 1824 sicut
2096 1799 2166 1836 per
2185 1788 2311 1824 lucem
2326 1788 2485 1825 tenebra
2493 1785 2518 1825 ⁶.

1450 1838 1562 1876 Unde
1592 1846 1628 1876 et
1655 1839 1748 1888 quid
1767 1839 1813 1876 sit
1840 1840 1997 1887 malum,
2020 1847 2172 1889 oportet
2191 1853 2238 1877 ex
2261 1840 2407 1878 ratione
2427 1840 2520 1879 boni

1450 1892 1634 1942 accipere.
1668 1892 1844 1930 Diximus
1879 1900 2007 1930 autem
2045 1906 2161 1943 supra
2188 1893 2209 1915 *
2237 1893 2343 1945 quod
2371 1894 2520 1932 bonum

1450 1953 1506 1983 est
1538 1958 1654 1982 omne
1689 1945 1728 1982 id
1761 1946 1867 1994 quod
1900 1954 1956 1983 est
1987 1947 2212 1996 appetibile:
2249 1955 2285 1984 et
2318 1946 2391 1995 sic,
2430 1959 2520 1985 cum

1450 1999 1576 2036 omnis
1605 2007 1738 2036 natura
1767 2007 1920 2049 appetat
1948 2012 2062 2037 suum
2092 2013 2174 2038 esse
2195 2008 2232 2038 et
2259 2013 2369 2038 suam
2397 2001 2520 2050 perfe-

1450 2052 1627 2100 ctionem,
1650 2065 1806 2090 necesse
1832 2060 1887 2090 est
1908 2052 2034 2091 dicere
2053 2054 2159 2104 quod
2179 2065 2262 2091 esse
2281 2062 2318 2091 et
2336 2053 2518 2104 perfectio

1450 2106 1726 2154 cuiuscumque
1746 2114 1904 2143 naturae
1923 2113 1931 2127 ¹
1959 2107 2147 2144 rationem
2171 2107 2310 2145 habeat
2329 2106 2518 2145 bonitatis.

1449 2160 1561 2197 Unde
1575 2172 1656 2196 non
1672 2167 1798 2209 potest
1813 2172 1895 2197 esse
1911 2160 2018 2208 quod
2038 2161 2183 2198 malurn
2199 2160 2384 2209 significet
2398 2158 2519 2210 quod-

1450 2213 1540 2250 dam
1570 2225 1673 2259 esse,
1704 2220 1768 2249 aut
1797 2214 1994 2262 quandam
2032 2214 2198 2251 formam
2233 2227 2301 2251 seu
2329 2222 2517 2252 naturam.

1450 2266 1689 2315 Relinquitur
1727 2277 1816 2314 ergo
1845 2266 1951 2315 quod
1985 2267 2142 2304 nomine
2170 2267 2260 2304 mali
2288 2267 2520 2316 significetur

1450 2319 1642 2367 quaedam
1681 2319 1851 2356 absentia
1886 2319 1989 2357 boni.
2020 2341 2044 2348 -
2074 2321 2124 2357 Et
2151 2332 2220 2370 pro
2249 2328 2354 2358 tanto
2384 2321 2519 2358 dicitur

1450 2371 1555 2421 quod
1573 2372 1719 2409 malum
1738 2384 1858 2421 neque
1876 2378 1931 2410 est
1947 2371 2108 2410 existens
2127 2385 2196 2411 nec
2209 2379 2223 2394 ¹
2241 2375 2402 2412 honum:
2430 2373 2519 2424 quia

1450 2437 1537 2462 cum
1569 2438 1647 2473 ens,
1677 2425 1904 2474 inquantum
1933 2426 2166 2474 huiusmodi,
2196 2427 2242 2465 sit
2269 2427 2431 2476 bonum,
2457 2440 2520 2466 ea-

1450 2478 1538 2515 dem
1569 2486 1624 2516 est
1652 2478 1813 2515 remotio
1841 2486 2093 2528 utrorumque
2113 2478 2137 2517 ².

1501 2533 1560 2568 An
1589 2543 1727 2569 ptumum
1755 2543 1854 2569 ERGO
1883 2544 2067 2570 DtCENDUM
2088 2533 2195 2581 quod
2223 2533 2444 2571 Aristoteles
2467 2534 2519 2572 ibi

1448 2585 1616 2633 loquitur
1643 2586 1858 2622 secundum
1897 2585 2120 2634 opinionem
2154 2587 2517 2636 Pythagoricorum,

1449 2639 1513 2687 qui
1534 2639 1679 2675 malum
1701 2638 1966 2676 existimabant
1995 2651 2077 2676 esse
2103 2647 2278 2677 naturam
2308 2641 2516 2690 quandam,

1449 2699 1485 2728 et
1504 2691 1591 2728 ideo
1610 2693 1808 2741 ponebant
1827 2692 1975 2729 bonum
1996 2700 2032 2729 et
2046 2693 2192 2730 malum
2210 2706 2349 2742 genera
2362 2693 2393 2732 ⁸⁸.
2416 2695 2518 2732 Con-

1449 2745 1573 2782 suevit
1602 2745 1704 2782 enim
1733 2745 1966 2792 Aristoteles,
1988 2753 2025 2783 et
2051 2747 2257 2796 praecipue
2276 2747 2314 2784 in
2333 2747 2436 2785 libris
2463 2749 2518 2786 lo-

1449 2798 1640 2847 gicalibus,
1662 2811 1808 2847 ponere
1837 2800 2011 2848 exempla
2044 2811 2142 2848 quae
2170 2800 2383 2849 probabilia
2412 2808 2518 2839 erant

1449 2865 1520 2889 suo
1549 2860 1738 2900 tempore,
1768 2852 1982 2889 secundum
2011 2852 2234 2901 opinionem
2263 2854 2479 2903 aliquorum
2498 2860 2519 2882 Ι·

1449 2906 1780 2955 philosophorum.
1802 2926 1825 2932 -
1846 2905 1916 2942 Vel
1945 2906 2164 2953 dicendum,
2190 2907 2286 2944 sicut
2315 2907 2403 2944 dicit
2431 2907 2518 2944 Phi-

1449 2960 1634 3008 losophus
1648 2964 1660 2978 ⁹
1679 2958 1717 2995 in
1737 2959 1772 2995 X
1790 2959 2007 3007 Metaphys.
2028 2959 2060 3007 ²¹⁸,
2088 2959 2193 3008 quod
2214 2960 2344 3008 prima
2369 2966 2518 2998 contra-

1449 3012 1562 3049 rietas
1580 3017 1635 3049 est
1650 3011 1797 3048 habitus
1815 3017 1851 3048 et
1862 3012 2048 3060 privatio.-
2077 3012 2166 3062 quia
2185 3013 2323 3050 scilicet
2336 3013 2375 3051 in
2395 3013 2518 3051 omni-

1449 3065 1521 3102 bus
1550 3064 1745 3102 contrariis
1773 3065 1952 3113 salvatur,
1979 3077 2067 3102 cum
2096 3078 2250 3114 semper
2276 3079 2398 3104 unum
2428 3079 2518 3104 con-

1449 3118 1652 3155 trariorum
1682 3118 1728 3155 sit
1764 3117 2031 3167 imperfectum
2069 3127 2243 3168 respectu
2272 3119 2444 3167 alterius,
2473 3127 2515 3157 ut

1451 3172 1600 3220 nigrum
1622 3179 1806 3221 respectu.
1816 3171 1902 3218 albi,
1925 3179 1960 3208 et
1988 3183 2162 3208 amarum
2183 3180 2357 3222 respectu
2386 3173 2515 3211 dulcis.

1450 3226 1498 3262 Et
1525 3237 1596 3274 pro
1625 3232 1729 3262 tanto
1758 3225 1904 3262 bonurn
1935 3233 1971 3262 et
1995 3225 2141 3262 malum
2162 3225 2336 3263 dicuntur
2363 3238 2515 3275 genera,

1500 3338 1525 3372 Θ)
1545 3340 1663 3365 tenebra.
1680 3353 1699 3358 -
1717 3340 1900 3373 cognoscimus
1919 3339 2041 3364 tenebras
2054 3340 2083 3370 Β,
2102 3341 2224 3365 tenebras
2236 3340 2420 3374 cognoscimus
2433 3341 2464 3373 D,
2478 3345 2517 3367 te-

1448 3375 1543 3400 nebras
1562 3375 1717 3407 CEFstA.

1501 3411 1520 3443 ι)
1540 3415 1662 3436 naturae.
1680 3424 1700 3430 -
1717 3414 1858 3436 creaturae
1877 3411 1998 3436 ABCDE.

1500 3446 1526 3478 κ)
1546 3453 1600 3471 nec.
1618 3460 1638 3466 -
1657 3449 1738 3478 ne'que
1757 3449 1796 3471 est
1815 3446 1912 3471 BCDE.

1499 3479 1527 3513 λ)
1548 3485 1730 3514 utrorumque.
1747 3495 1766 3502 —
1783 3481 1883 3507 scilicet
1901 3482 1970 3507 entis
1988 3485 2015 3507 et
2033 3482 2144 3515 bonique
2163 3482 2233 3507 addit
2250 3482 2281 3512 D.
2297 3482 2366 3508 entis
2379 3482 2478 3508 scilicet
2489 3485 2516 3508 et

1446 3516 1509 3541 boni
1527 3517 1596 3541 addit
1615 3518 1661 3542 sA.

1501 3552 1529 3586 μ)
1548 3552 1708 3584 aliquorum.
1726 3566 1745 3571 -
1762 3552 1877 3577 aIior-um
1898 3553 2019 3578 ABCDE.

1501 3588 1524 3619 ν)
1544 3587 1610 3612 dicit
1628 3588 1811 3620 Philosophus.
1829 3601 1847 3607 —
1866 3587 1931 3613 dicit
1950 3589 1978 3618 F.
1998 3588 2097 3614 dicitur
2116 3588 2203 3615 ceteri.

2548 1633 2559 1645 ⁸
2569 1633 2595 1656 S.
2600 1633 2646 1656 Th.
2654 1633 2706 1657 lect.
2714 1640 2764 1656 κη.

2646 1670 2663 1695 Ἰ

2548 1899 2559 1910 ·
2573 1898 2622 1927 Qu.
2636 1904 2659 1927 v,
2675 1901 2718 1921 m.
2730 1904 2746 1920 ι.

2547 2703 2556 2712 ·
2579 2700 2640 2723 vide
2660 2701 2760 2724 Asi-tot.

2545 2727 2708 2777 {fflffmphsm'
2714 2733 2759 2757 en,

2644 2859 2660 2886 1¹

2545 2996 2555 3006 ⁶
2570 2994 2595 3018 S.
2605 2970 2716 3018 uiuet.
2725 3001 2760 3018 π.

2547 3032 2558 3038 -
2578 3021 2632 3044 Did.
2652 3022 2693 3044 lib.
2713 3021 2746 3044 11

2545 3054 2597 3076 cap.
2612 3055 2644 3076 ιν,
2659 3054 2683 3071 n.
2699 3048 2722 3071 6.
