2768 4178
49 539 60 549 ·
74 537 110 559 De
125 536 207 564 Trita„
223 537 268 559 lib.

49 563 90 590 tx,
105 569 157 592 etp.
167 570 190 585 x.

50 664 61 675 ·
75 664 112 687 Cf.
126 670 191 687 num.
205 670 243 686 xv.

50 1014 62 1026 ⁶
76 1013 247 1036 Chamavi.

0 1127 3 1150 l
49 1145 64 1158 ⁸
77 1145 127 1174 Qu.
141 1151 158 1169 ι.

51 1190 63 1201 ·
151 1195 222 1218 snpra
231 1189 266 1211 ci·

53 1372 94 1390 ‚ria
107 1386 109 1389 ,
119 1377 133 1386 :1
144 1381 147 1385 ι

50 1633 64 1646 ’
76 1633 150 1656 Num.
163 1639 207 1656 vn.

51 1669 194 1703 ,qu-nn*
215 1683 232 1700 ,i

53 2296 64 2307 ·
79 2295 128 2324 Qu.
143 2301 168 2318 ιι.

960 273 1228 319 QUAESTIO
1256 272 1418 318 XXVII,
1447 271 1744 308 ARTICULUS
1773 272 1786 307 l

288 351 460 392 intelligere
484 362 554 383 eam
578 362 653 389 esse,
679 358 710 383 et
732 361 798 382 non
817 362 883 382 esse
906 352 990 382 illius
1013 352 1196 388 terminum,
1217 358 1253 382 ut
1270 357 1355 392 patet

290 398 328 428 de
345 397 549 428 calefactione
566 404 596 427 et
611 397 729 427 calore:
755 397 811 427 sed
825 406 892 426 non
909 403 955 426 est
973 395 1169 436 impossibile
1183 395 1355 434 intelligere

289 441 534 471 intellectionem
554 451 620 472 esse
637 442 756 482 absque
772 440 922 472 termino:
944 450 1028 480 ergo.
1041 457 1062 462 —
1077 439 1198 476 Tertio,
1218 439 1294 480 quia
1312 438 1355 469 sic

290 485 495 525 intelligentia
517 485 658 525 gigneret
679 486 831 521 verbum,
856 491 888 515 et
910 494 976 514 non
1000 483 1172 514 memoria:
1197 483 1287 524 quod
1311 489 1356 513 est

291 537 402 560 contra
424 529 642 569 Augustinum
660 529 687 560 *.

350 574 435 605 VIII.
450 573 543 604 Circa
557 573 646 603 illam
662 572 928 613 propositionem,
945 571 1075 603 scilicet:
1100 573 1291 612 quicumque
1309 572 1356 601 in-

292 619 421 659 telligit,
445 627 488 648 ex
505 618 564 648 hoc
586 618 654 657 ipso
677 617 762 658 quod
784 617 946 656 intelligit,
966 616 1113 655 procedit
1131 615 1255 655 aliquid
1270 616 1356 645 intra

291 663 408 702 ipsum,
424 661 560 692 dubium
577 661 714 691 occurrit
724 661 751 691 *.
762 660 850 690 Tum
866 660 942 700 quia
957 660 1049 695 beati,
1062 667 1098 690 ut
1107 660 1162 695 sic,
1178 659 1358 699 intelligunt

290 706 414 742 Deum,
444 711 475 736 et
496 711 603 735 tamen
626 714 693 735 non
716 704 857 735 formant
878 704 1012 734 verbum
1035 704 1076 734 de
1098 712 1152 734 eo:
1182 713 1257 742 ergo
1281 703 1358 733 falsa

292 757 339 781 est
357 750 438 780 dicta
461 748 651 788 propositio.
674 748 872 778 Antecedens
888 755 986 788 patet:
1009 748 1085 788 quia
1102 747 1190 778 aliter
1208 747 1305 783 Deus,
1323 754 1359 778 ut

291 793 453 824 obiectum
468 792 679 828 beatitudinis,
694 799 802 831 posset
818 792 924 833 aliqua
945 792 1048 832 specie
1065 799 1165 823 creata
1181 801 1358 832 repraesen-

290 837 362 874 tari;
382 837 471 878 quod
486 837 519 867 in
534 847 577 866 xn
591 846 646 876 qu.
656 836 674 855 *
689 836 915 876 reprehensum
932 844 987 867 est.
998 854 1018 859 -
1033 837 1121 867 Tum
1137 836 1221 877 quia,
1238 836 1359 866 seclusa

290 881 363 917 fide,
380 881 498 912 scimus
521 881 611 921 quod
634 881 721 910 Deus
743 880 906 920 intelligit:
932 889 962 912 et
977 888 1084 911 tamen
1101 890 1167 911 non
1184 890 1358 920 possumus

292 935 330 956 ex
351 925 414 956 hoc
437 925 571 965 probare
599 924 838 964 processionem
865 935 932 955 esse
959 925 992 955 in
1016 935 1066 956 eo.
1095 925 1180 964 Ergo
1203 925 1263 955 ista
1286 934 1358 964 pro-

292 969 409 1010 positio
425 977 471 1000 est
485 969 610 1004 credita,
634 975 664 999 et
687 979 754 999 non
774 969 850 999 scita
866 976 921 1000 aut
944 969 1114 1000 intellecta:
1131 969 1181 1000 vel
1202 975 1248 999 est
1271 968 1357 999 falsa.

350 1013 404 1044 IX.
429 1013 521 1044 Circa
544 1013 678 1043 eandem
697 1013 952 1054 propositionem
973 1013 1108 1044 dubium
1124 1012 1299 1044 occurrit*:
1316 1022 1358 1042 an

292 1063 463 1098 conceptus
480 1058 660 1088 intellectus
682 1058 726 1088 sit
741 1057 832 1087 aliud
848 1058 888 1088 ab
910 1059 978 1098 ipsa
1002 1058 1125 1088 actuali
1147 1056 1360 1088 intellectione

293 1100 343 1144 (ut
356 1101 458 1132 littera
473 1100 565 1143 vult),
581 1111 625 1132 an
639 1102 682 1132 sit
697 1101 779 1132 idem
793 1102 878 1142 quod
892 1103 971 1142 ipsa.
989 1102 1103 1132 Scotus
1120 1101 1215 1136 enim,
1229 1101 1263 1131 in
1278 1110 1360 1130 xxvn

291 1146 493 1176 distinctione
515 1145 612 1176 Primi
630 1145 662 1181 *,
687 1146 875 1186 oppositum
898 1153 997 1182 tenet,
1021 1155 1096 1176 cum
1119 1145 1228 1175 multis
1251 1144 1320 1174 aliis
1343 1154 1361 1174 a

292 1189 453 1230 Capreolo
473 1189 607 1220 recitatis
623 1189 751 1226 ibidem,
765 1199 820 1230 qu.
831 1200 853 1220 11
864 1190 891 1220 *.
907 1189 1142 1227 Quadrifariam
1153 1195 1260 1219 autem
1271 1188 1361 1218 divisi

282 1234 368 1265 'sunt
389 1234 639 1274 impugnatores.
663 1234 805 1271 Quidam
827 1243 967 1274 namque
997 1234 1100 1273 ipsam
1126 1232 1361 1263 distinctionem

293 1279 332 1309 ab
350 1286 424 1311 actu
435 1277 640 1318 intelligendi,
653 1277 856 1318 impugnant:
872 1278 1004 1318 quidam
1016 1287 1091 1307 vero
1107 1286 1235 1308 causam
1252 1275 1362 1306 distin—

293 1322 406 1353 ctionis
427 1326 549 1353 veram:
575 1321 628 1352 alii
649 1329 757 1352 autem
780 1331 908 1352 causam
925 1321 1068 1352 eiusdem
1090 1331 1156 1351 non
1175 1330 1291 1356 veram,
1308 1319 1363 1350 sed

291 1366 486 1407 impositam,
511 1365 636 1402 scilicet,
657 1365 696 1395 ad
719 1365 886 1405 perfectius
913 1365 1214 1405 repraesentandum
1236 1364 1286 1394 vel
1309 1373 1361 1394 co-

290 1411 527 1450 gnoscendum:
550 1409 605 1440 alii
626 1410 761 1440 demum
783 1409 929 1440 ducendo
953 1409 994 1440 ad
1016 1409 1223 1449 impossibile.

347 1455 391 1485 Et
409 1454 643 1485 distinctionem
666 1453 769 1493 ipsam
792 1453 924 1494 quidem
943 1453 1057 1484 Scotus
1073 1459 1104 1484 et
1119 1453 1290 1484 Durandus
1307 1461 1359 1483 co-

290 1505 407 1531 nantur
418 1498 592 1538 infringere
608 1497 729 1528 ratione
745 1504 776 1528 et
791 1497 988 1528 auctoritate.
1004 1497 1098 1528 Ratio
1117 1497 1249 1538 quidem
1265 1496 1360 1532 scoti,

290 1543 325 1574 in
338 1552 424 1573 xxvn
441 1541 642 1572 distinctione
657 1541 764 1577 Primi,
776 1551 832 1581 per
847 1541 932 1572 viam
945 1541 1108 1572 divisionis
1123 1541 1217 1572 infert
1228 1542 1362 1571 verbum

292 1590 360 1618 esse
382 1586 539 1617 actualem
555 1585 814 1616 intellectionem.
831 1586 872 1617 Et
887 1586 1043 1626 quoniam
1058 1585 1198 1616 exclusio
1215 1585 1283 1615 viae
1303 1595 1362 1615 no-

291 1637 374 1662 strae
393 1630 428 1660 in
450 1629 592 1660 secundo
609 1629 709 1660 dubio
723 1630 860 1661 adducta
876 1630 936 1661 fuit
950 1630 977 1666 *,
994 1640 1080 1660 nunc
1097 1637 1359 1669 pertranseamus.

300 1702 301 1705 ,
323 1699 325 1702 ⁴
350 1674 522 1706 Durandus
545 1681 654 1704 autem
676 1674 795 1705 ibidem
809 1674 826 1693 *
841 1675 945 1714 arguit
963 1674 1018 1705 sic.
1035 1675 1187 1710 Verbum,
1212 1683 1268 1704 seu
1285 1683 1361 1704 con-

291 1725 412 1759 ceptus,
429 1717 572 1749 consistit
586 1717 619 1749 in
635 1718 756 1749 ratione
775 1718 998 1749 manifestativi
1013 1718 1073 1749 sibi
1087 1718 1137 1749 vel
1153 1717 1255 1749 alteri:
1276 1727 1361 1757 ergo,

292 1772 335 1795 ne
349 1763 442 1794 detur
456 1772 623 1802 processus
645 1762 679 1792 in
693 1761 863 1798 infinitum,
888 1762 1030 1802 primum
1048 1763 1191 1798 verbum,
1212 1762 1301 1803 quod
1319 1770 1365 1793 est

291 1807 426 1839 verbum
454 1806 572 1842 cordis,
597 1813 644 1837 est
667 1806 736 1846 ipsa
758 1806 970 1838 manifestatio
999 1816 1055 1847 per
1078 1806 1262 1838 essentiam:
1287 1807 1363 1838 haec

293 1859 403 1883 autem
421 1857 468 1882 est
489 1850 559 1890 ipsa
582 1850 711 1881 actualis
734 1850 922 1882 intellectio:
948 1861 1034 1891 ergo.
1051 1868 1069 1874 -
1083 1851 1125 1881 Et
1147 1850 1362 1882 confirmatur.

294 1895 380 1934 Quia
402 1895 463 1926 tale
487 1904 543 1935 per
566 1894 860 1926 denominationem
891 1895 1112 1930 extrinsecam,
1141 1895 1303 1926 reducitur
1325 1896 1364 1926 ad

293 1939 355 1972 tale
377 1939 560 1970 intrinsece:
579 1948 664 1978 ergo,
686 1949 761 1970 cum
776 1939 855 1970 ratio
872 1939 1095 1970 manifestativi
1112 1949 1177 1970 non
1198 1939 1365 1970 conveniat

294 1983 359 2015 nisi,
374 1983 544 2014 extrinsece
566 1983 662 2014 verbo
687 1982 846 2019 exteriori,
866 1990 992 2023 oportet
1007 1983 1074 2014 fieri
1088 1983 1306 2014 reductionem
1325 1984 1364 2014 ad

293 2027 414 2068 aliquid
428 2027 518 2068 quod
532 2026 699 2058 intrinsece
714 2037 770 2067 per
784 2027 953 2058 essentiam
969 2027 1160 2058 manifestet:
1178 2028 1239 2058 hoc
1256 2034 1362 2058 autem

293 2079 341 2105 est
355 2071 487 2103 actualis
501 2071 690 2103 intellectio:
709 2081 783 2110 ergo
801 2079 837 2102 ut
855 2071 952 2112 prius.
964 2088 986 2095 -
1004 2071 1162 2108 Secundo,
1180 2072 1235 2102 sic.
1252 2072 1363 2109 Quan-

294 2117 478 2156 documque
500 2115 609 2156 aliqua
622 2115 722 2146 virtus
738 2122 809 2155 eget
824 2116 950 2147 duabus
965 2115 1076 2146 formis
1095 2116 1137 2146 ad
1152 2117 1362 2156 operandum,

295 2160 404 2193 habita
419 2170 493 2196 una,
510 2160 614 2191 adhuc
637 2166 684 2190 est
706 2159 738 2189 in
755 2160 898 2199 potentia
913 2160 1085 2190 essentiali:
1102 2160 1179 2200 quia
1193 2167 1240 2191 est
1255 2161 1288 2191 in
1305 2170 1363 2200 po-

295 2204 395 2236 tentia
417 2214 485 2234 non
508 2203 617 2235 solum
640 2204 680 2234 ad
703 2204 937 2244 operationem,
962 2204 1017 2235 sed
1043 2203 1191 2235 formam.
1216 2205 1312 2244 Ergo,
1337 2204 1362 2234 si

295 2248 427 2290 ponitur
450 2248 602 2284 verbum,
626 2247 804 2278 intellectus
832 2247 865 2278 in
893 2254 964 2279 actu
988 2247 1093 2287 primo
1123 2248 1182 2278 erit
1204 2248 1308 2279 adhuc
1331 2248 1363 2278 in

293 2292 437 2334 potentia
453 2291 620 2323 essentiali.
632 2291 770 2322 -Tertio
786 2292 890 2332 arguit
903 2292 938 2322 in
950 2302 982 2321 VI
1000 2291 1200 2322 distinctione
1223 2292 1362 2323 Primi*:

294 2337 371 2378 quia
386 2337 469 2367 duae
485 2335 607 2367 formae
622 2335 766 2366 eiusdem
778 2336 893 2376 speciei
910 2343 1013 2366 essent
1028 2336 1062 2366 in
1077 2336 1192 2366 eodem
1207 2336 1361 2367 subiecto.

310 2408 313 2413 ,
332 2379 461 2413 ,Cetera
476 2387 594 2416 autem,
614 2389 696 2421 quae
712 2387 820 2411 contra
837 2390 965 2411 causam
979 2380 1198 2416 d1stinction1s,
1218 2387 1273 2411 aut
1289 2391 1364 2411 con-

292 2432 340 2460 tra
362 2424 606 2465 possibilitatem
628 2424 696 2455 eius
719 2424 930 2461 adducuntur,
947 2424 1028 2460 vide,
1053 2424 1079 2454 si
1100 2424 1157 2460 vis,
1182 2425 1364 2464 singillatim

292 2469 327 2501 in
350 2469 527 2509 Capreolo:
553 2479 590 2500 ex
613 2468 754 2500 dicendis
781 2479 920 2509 namque
953 2469 1102 2499 omnium
1132 2469 1250 2500 solutio
1275 2469 1364 2500 facile

293 2513 467 2553 exercitatis
488 2513 616 2553 patebit.

347 2557 386 2588 X.
408 2557 500 2588 Circa
518 2556 613 2587 aliam
629 2556 894 2597 propositionem,
910 2556 1041 2588 scilicet:
1063 2558 1224 2597 conceptio
1247 2559 1296 2588 rei
1315 2558 1362 2587 in-

295 2602 440 2636 tellectae
462 2610 504 2632 ex
527 2602 558 2631 vi
574 2601 767 2632 intellectiva
791 2606 821 2631 et
836 2602 905 2632 eius
927 2602 1040 2632 notitia
1054 2601 1211 2641 procedit,
1229 2601 1363 2632 dubium

294 2652 342 2677 est
353 2645 392 2676 de
406 2645 494 2686 quali
503 2644 616 2675 notitia
628 2644 830 2684 intelligatur,
847 2645 964 2675 scilicet
979 2645 1142 2682 habituali,
1156 2655 1196 2675 an
1212 2646 1325 2676 actuali
1336 2646 1362 2676 *.

295 2689 395 2727 Quod
417 2689 503 2719 enim
526 2698 593 2719 non
616 2688 791 2719 verificetur
810 2689 849 2719 de
863 2689 1025 2725 habituali,
1049 2690 1164 2730 probat
1181 2690 1362 2726 Durandus,

293 2734 329 2765 in
346 2743 430 2764 xxvn
453 2732 652 2764 distinctione
667 2733 765 2763 Primi
780 2733 813 2763 *:
829 2733 905 2773 quia
920 2733 1089 2773 perfectius
1106 2744 1172 2765 non
1188 2734 1331 2773 procedit
1346 2745 1363 2764 a

294 2778 403 2809 minus
421 2776 578 2817 perfecto;
594 2777 772 2808 intellectus
787 2784 895 2808 autem
911 2787 985 2808 cum
1002 2778 1070 2808 sola
1085 2778 1198 2818 specie,
1217 2777 1364 2819 imperfe-

295 2822 374 2854 ctior
392 2828 439 2853 est
460 2821 568 2857 verb0,
594 2831 649 2852 seu
670 2828 836 2861 conceptu.
847 2839 869 2844 —
887 2822 953 2852 Nec
966 2822 1058 2858 valet,
1078 2822 1104 2852 si
1127 2823 1248 2853 dicatur
1264 2823 1363 2863 quod,

292 2866 366 2898 licet
381 2865 500 2906 species
515 2864 556 2895 sit
569 2865 782 2905 imperfectior
797 2872 962 2906 conceptu,
979 2873 1085 2896 tamen
1101 2866 1278 2897 intellectus
1289 2876 1364 2896 cum

294 2910 398 2951 specie
414 2917 461 2940 est
483 2910 650 2950 perfectior
665 2916 830 2950 conceptu.
845 2910 926 2947 Hoc,
946 2910 1088 2951 inquam,
1106 2910 1184 2940 nihil
1204 2918 1259 2941 est.
1275 2911 1364 2940 Tum

294 2955 380 2996 quia,
400 2954 481 2986 sicut
503 2955 682 2995 producens
706 2961 753 2985 est
767 2954 944 2986 intellectus
963 2965 1037 2985 cum
1057 2954 1169 2994 specie,
1186 2955 1230 2985 ita
1244 2955 1363 2994 produ-

295 3006 383 3031 ctum
406 3006 453 3030 est
474 2998 651 3030 intellectus
675 3008 750 3029 cum
776 2998 883 3029 verbo.
909 2999 998 3030 Tum
1021 2998 1095 3039 quia
1120 2999 1158 3029 de
1186 2999 1277 3040 quasi
1300 2999 1362 3029 for-

295 3042 372 3074 mali
394 3043 550 3084 principio
578 3050 610 3074 et
632 3042 767 3073 termino
791 3042 1002 3082 processionis
1031 3049 1077 3073 est
1100 3043 1260 3083 quaestio,
1285 3043 1363 3083 quid

296 3096 410 3118 eorum
426 3086 465 3118 sit
480 3087 664 3127 perfectius;
693 3093 723 3117 et
747 3096 812 3117 non
829 3087 867 3116 de
891 3087 1086 3127 compositis,
1103 3094 1139 3118 ut
1162 3094 1247 3127 patet
1269 3087 1363 3117 indu-

297 3131 376 3162 ctive
398 3131 432 3161 in
454 3131 615 3162 omnibus.
636 3131 698 3162 Hic
713 3138 820 3161 autem
843 3137 966 3162 constat
987 3131 1170 3167 terminum,
1186 3131 1266 3162 idest
1289 3141 1363 3162 con-

297 3182 436 3215 ceptum,
456 3185 523 3212 esse
546 3175 738 3206 nobiliorem
761 3174 881 3215 specie:
905 3174 1001 3215 igitur
1017 3175 1135 3216 species
1159 3185 1225 3206 non
1242 3182 1288 3206 est
1310 3176 1364 3206 illa

297 3219 411 3250 notitia
432 3230 451 3250 a
474 3229 537 3260 qua
560 3220 711 3260 procedit.

354 3263 454 3300 Quod
468 3270 575 3294 autem
590 3274 656 3295 non
673 3264 712 3294 sit
727 3263 857 3294 actualis
876 3262 997 3299 notitia,
1019 3263 1236 3303 multipliciter
1251 3264 1365 3304 probat

298 3307 421 3343 Scotus,
437 3307 470 3338 in
487 3308 509 3343 1,
527 3307 598 3338 dist.
614 3319 637 3338 11
652 3308 679 3339 *.
701 3307 802 3339 Cuius
818 3314 1003 3348 argumenta
1017 3307 1142 3343 omitto,
1160 3307 1244 3348 quia,
1262 3314 1297 3338 ut
1311 3318 1364 3348 pa-

297 3351 374 3382 tebit
389 3351 415 3387 *,
440 3361 506 3382 non
530 3358 604 3383 sunt
627 3359 736 3383 contra
758 3362 827 3382 nos

352 3396 404 3426 XI.
422 3396 474 3431 Ad
496 3395 637 3435 primum
660 3396 795 3428 dubium
817 3396 834 3415 ’¹‘
857 3395 980 3431 dicitur,
1003 3395 1093 3436 quod
1116 3394 1288 3426 differentia
1310 3396 1364 3426 illa

297 3440 379 3470 inter
406 3439 564 3470 actionem
594 3439 822 3471 immanentem
852 3446 883 3470 et
912 3446 1127 3470 transeuntem
1155 3449 1221 3470 non
1252 3446 1299 3470 est
1322 3440 1365 3470 sic

299 3484 404 3524 ample
428 3483 630 3523 intelligenda
661 3491 696 3514 ut
719 3491 824 3520 sonat;
849 3484 904 3514 sed
926 3484 976 3513 vel
1000 3483 1106 3524 quoad
1134 3485 1363 3521 necessitatem,

243 3562 246 3566 ,
298 3528 350 3559 vel
371 3528 477 3569 quoad
499 3528 653 3558 ordinem.
678 3528 720 3559 Et
738 3527 824 3559 iuxta
838 3528 974 3568 primam
995 3528 1144 3568 glossam,
1169 3538 1279 3558 sensus
1303 3535 1363 3558 est:

300 3572 441 3612 operatio
470 3571 621 3603 transiens
652 3571 746 3602 habet
774 3572 949 3602 necessario
982 3579 1163 3612 operatum,
1188 3572 1365 3602 immanens

300 3623 408 3647 autem
430 3626 497 3646 non
520 3615 694 3646 necessario
711 3615 804 3646 infert
826 3616 957 3656 aliquod
977 3623 1154 3656 operatum.
1172 3617 1213 3646 Et
1235 3616 1278 3646 sic
1302 3626 1365 3646 ces-

2397 271 2471 318 307

1410 356 1479 379 sant
1509 349 1702 380 obiectiones
1725 358 1854 385 omnes,
1878 356 1913 380 ut
1936 356 2030 389 patet.
2057 350 2098 380 Et
2121 350 2239 389 absque
2270 348 2367 378 dubio
2398 348 2473 378 haec

1410 392 1469 423 fuit
1493 403 1582 424 mens
1606 392 1807 433 Philosophi;
1833 399 1864 423 et
1886 393 2050 424 manifeste
2073 393 2213 424 continet
2231 392 2402 423 veritatem.
2427 392 2474 422 Ex

1411 447 1449 467 eo
1473 437 1558 467 enim
1582 437 1671 477 quod
1693 437 1818 467 habitus
1842 447 1879 467 ex
1902 437 2104 477 frequentatis
2128 437 2247 468 actibus
2275 436 2473 467 immanenti-

1411 482 1470 512 bus
1493 488 1690 521 generantur,
1708 481 1872 511 manifeste
1895 488 1980 520 patet
1999 491 2066 511 non
2089 491 2263 521 repugnare
2285 480 2400 511 actioni
2416 480 2474 510 im-

1411 525 1551 556 manenti
1566 526 1680 556 habere
1697 535 1780 565 opus
1794 532 1916 565 praeter
1928 535 1970 555 se.
1981 542 2000 547 —
2012 526 2099 556 quta
2114 526 2285 556 secundam
2300 535 2375 555 vero
2391 525 2474 564 glos-

1411 580 1489 605 sam,
1514 579 1624 599 sensus
1648 577 1694 600 est
1709 569 1798 610 quod
1822 569 1903 599 actio
1919 569 2071 599 transiens
2095 569 2189 600 habet
2209 579 2302 609 opus,
2319 569 2362 599 sic
2386 568 2475 609 quod

1412 614 1575 644 ordinatur
1598 614 1638 644 ad
1661 614 1767 653 ipsum
1783 620 1883 653 opus:
1908 613 1990 643 actio
2009 623 2083 643 vero
2100 613 2277 644 immanens
2300 623 2366 643 non
2383 613 2476 643 habet

1413 668 1506 697 opus,
1526 657 1601 698 quia
1624 668 1690 688 non
1714 667 1770 698 per
1792 667 1826 687 se
1849 657 2012 688 ordinatur
2035 658 2076 688 ad
2097 668 2179 697 opus
2203 658 2348 698 aliquod,
2372 657 2426 687 sed
2449 656 2475 686 si

1413 702 1542 742 quando
1558 702 1652 733 habet
1671 712 1763 742 opus,
1782 701 1864 732 illud
1879 701 2042 732 ordinatur
2065 702 2104 731 ad
2119 701 2231 741 ipsam.

1472 747 1513 776 Et
1536 753 1709 787 utrumque
1730 746 1849 776 horum
1869 745 1981 776 accidit
1995 745 2028 775 in
2047 745 2223 785 proposito.
2244 745 2328 782 Quia
2347 755 2405 775 nec
2427 745 2476 775 in-

1412 790 1550 830 telligere
1570 790 1744 820 necessario
1768 790 1916 830 producit
1939 797 2143 829 conceptum:
2164 800 2235 826 nec,
2260 789 2389 829 quando
2413 788 2475 818 for-

1412 842 1479 866 mat
1500 835 1622 874 ipsum,
1647 834 1810 865 ordinatur
1832 834 1872 864 ad
1895 840 2096 873 conceptum,
2116 834 2169 863 sed
2189 843 2206 864 e
2225 843 2377 863 converso
2401 843 2476 863 con-

1413 886 1523 919 ceptus
1547 879 1710 909 ordinatur
1729 878 1836 918 potius
1860 878 1899 907 ad
1923 877 2149 917 perfectionem
2172 877 2272 917 ipsius
2295 877 2476 917 intelligere.

1413 941 1434 946 -
1447 923 1538 954 Unde
1562 929 1648 963 patet
1662 922 1828 962 responsio
1844 922 1885 951 ad
1900 922 2009 952 omnia
2032 922 2163 952 obiecta.
2187 922 2228 952 Et
2247 921 2341 952 etiam
2365 922 2404 951 ad
2424 922 2477 951 ad-

1414 968 1569 999 ditionem
1592 966 1736 998 Gerardi:
1761 966 1915 1007 quoniam
1939 973 2107 1006 operatum
2123 972 2169 996 est
2184 965 2331 1001 nobilius,
2348 966 2476 1006 quando

1414 1012 1556 1052 operatio
1580 1021 1636 1051 per
1659 1020 1692 1041 se
1715 1010 1878 1041 ordinatur
1906 1011 1947 1040 ad
1975 1010 2099 1049 ipsum;
2123 1019 2190 1040 non
2218 1018 2324 1041 autem
2348 1010 2476 1050 quando

1415 1062 1462 1086 est
1484 1055 1591 1096 potius
1606 1065 1623 1085 e
1640 1065 1803 1091 converso,
1824 1061 1859 1085 ut
1874 1054 2039 1084 manifeste
2055 1061 2140 1094 patet
2159 1054 2192 1084 in
2215 1061 2286 1085 actu
2307 1061 2337 1084 et
2357 1054 2476 1084 habitu.

1468 1100 1536 1131 XII.
1550 1100 1602 1130 Ad
1617 1099 1789 1130 secundam
1800 1099 2030 1129 dubitationem
2042 1096 2057 1113 *
2074 1098 2253 1134 dicendum,
2264 1099 2352 1139 quod
2366 1107 2478 1128 omnes

1414 1144 1562 1174 videntur
1584 1144 1618 1174 in
1643 1143 1707 1174 hoc
1734 1143 1916 1178 convenire,
1948 1143 2038 1183 quod
2067 1143 2235 1182 productio
2263 1142 2478 1173 intellectualis

1415 1188 1501 1218 verbi
1524 1195 1571 1218 est
1593 1188 1695 1218 dicere
1717 1187 1976 1223 intellectualiter,
2001 1194 2130 1226 excepto
2154 1187 2317 1223 Durando,
2341 1187 2374 1216 in
2396 1196 2479 1216 xxvu

1417 1232 1616 1262 distinctione
1638 1231 1735 1262 Primi
1749 1231 1775 1262 *.
1800 1231 1861 1262 Sed
1884 1230 2056 1262 differentia
2079 1231 2271 1271 opinionum
2295 1238 2340 1261 est
2359 1231 2389 1260 in
2406 1231 2476 1266 hoc,
2504 1234 2515 1245 ⁸

1416 1286 1456 1306 an
1479 1276 1580 1306 dicere
1599 1276 1632 1305 in
1655 1275 1776 1305 ratione
1792 1285 1849 1305 sua
1871 1275 1996 1305 claudat
2019 1282 2125 1305 actum
2147 1275 2351 1314 intelligendi,
2372 1286 2412 1305 an
2428 1285 2478 1305 so—

1415 1321 1481 1350 lam
1499 1319 1757 1360 productionem:
1775 1319 1838 1349 sive
1854 1318 1907 1348 illa
1926 1319 1965 1349 sit
1981 1319 2094 1359 aliquis
2113 1319 2192 1349 alius
2208 1326 2295 1350 actus
2311 1320 2477 1355 secundus,

1416 1364 1481 1394 sive
1511 1363 1620 1394 relatio
1652 1362 1823 1403 significata
1850 1373 1906 1402 per
1928 1364 2064 1393 modum
2087 1370 2174 1393 actus
2203 1363 2341 1394 secundi.
2366 1364 2479 1394 Scotus

1417 1408 1512 1444 enim,
1538 1414 1573 1438 ut
1595 1413 1681 1447 patet
1702 1407 1736 1437 in
1760 1407 1782 1443 I,
1799 1406 1870 1437 dist.
1886 1418 1916 1443 11,
1933 1417 1987 1447 qu.
2005 1407 2073 1443 ult.,
2099 1414 2130 1437 et
2153 1407 2222 1437 dist.
2246 1417 2329 1437 xxvn
2344 1407 2371 1443 *,
2394 1414 2424 1438 et
2446 1407 2479 1437 in
2506 1411 2515 1419 ·

1420 1452 1624 1489 Quodlibetis,
1643 1461 1697 1492 qu.
1714 1451 1764 1487 1¹⁸,
1788 1451 1951 1491 distinguit
1974 1451 2006 1481 in
2022 1451 2180 1482 intellectu
2199 1451 2358 1491 duplicem
2374 1458 2479 1481 actum
2506 1455 2514 1462 '

1417 1496 1604 1532 secundum,
1621 1496 1755 1526 alterum
1770 1495 1826 1535 qui
1845 1502 1890 1525 est
1906 1495 2058 1535 operatio,
2078 1503 2108 1526 et
2123 1496 2256 1526 alterum
2273 1495 2328 1536 qui
2347 1502 2394 1526 est
2408 1505 2479 1535 pro-

1417 1540 1540 1571 ductio:
1562 1547 1592 1570 et
1612 1540 1680 1570 vult
1703 1540 1792 1580 quod
1815 1539 1987 1579 intelligere
2006 1540 2045 1570 sit
2068 1547 2155 1570 actus
2180 1540 2336 1570 secundus
2359 1539 2415 1580 qui
2434 1546 2480 1570 est

1418 1584 1569 1624 operatio,
1588 1584 1688 1614 dicere
1712 1593 1786 1614 vero
1811 1583 1850 1614 sit
1866 1591 1953 1614 actus
1977 1585 2134 1614 secundus
2153 1584 2209 1624 qui
2232 1591 2278 1615 est
2300 1584 2479 1624 productio·

1418 1629 1615 1669 Ordinatque
1631 1628 1708 1659 istos
1725 1629 1806 1658 duos
1822 1635 1910 1658 actus
1924 1628 2004 1658 inter
2020 1638 2061 1664 se,
2081 1636 2223 1669 respectu
2240 1628 2381 1659 eiusdem
2397 1628 2480 1668 prin-

1418 1673 1502 1713 cipii,
1522 1673 1639 1703 scilicet
1654 1672 1831 1703 intellectus
1846 1672 1880 1702 in
1903 1679 1974 1702 actu
1994 1673 2113 1712 primo,
2136 1673 2179 1703 sic
2198 1673 2287 1713 quod
2306 1673 2480 1703 intellectus

1417 1717 1505 1757 prius
1529 1717 1709 1748 naturaliter
1733 1724 1778 1747 est
1800 1726 1949 1756 operans,
1974 1727 2071 1757 quam
2094 1717 2272 1757 producens
2292 1727 2347 1747 seu
2364 1716 2480 1747 dicens.

1418 1762 1458 1792 Et
1481 1761 1534 1797 sic,
1559 1761 1652 1801 apud*
1660 1761 1776 1801 ipsum,
1795 1761 1906 1797 dicere,
1923 1771 1978 1791 seu
1997 1761 2172 1802 producere
2194 1762 2337 1797 verbum,
2354 1771 2421 1791 non
2436 1767 2482 1791 est

1418 1813 1506 1836 actus
1529 1805 1740 1846 intelligendi;
1765 1805 1910 1845 quamvis
1934 1805 1974 1835 sit
1996 1812 2083 1836 actus
2106 1805 2291 1836 intellectus.

1472 1850 1534 1881 Sed
1549 1851 1638 1890 quod
1653 1850 1730 1880 haec
1754 1849 1870 1890 positio
1885 1859 1951 1879 non
1975 1849 2014 1880 sit
2030 1850 2229 1885 conveniens,
2251 1849 2343 1880 unica
2358 1856 2482 1880 tantum

1417 1894 1539 1925 ratione
1553 1894 1593 1924 ad
1615 1894 1782 1924 hominem
1797 1894 1955 1929 suadetur,
1975 1894 2028 1924 sic.
2046 1894 2151 1925 Causa
2167 1894 2284 1924 habens
2308 1894 2389 1924 duos
2409 1893 2480 1923 effe-

1418 1946 1488 1969 ctus
1511 1938 1590 1968 inter
1613 1948 1646 1968 se
1669 1938 1830 1969 ordinatos
1854 1938 1898 1968 ita
1919 1938 2008 1978 quod
2031 1944 2141 1968 neuter
2163 1945 2210 1968 est
2228 1938 2354 1969 alterius
2378 1947 2480 1973 causa,

1418 1983 1462 2013 sic
1486 1992 1518 2013 se
1540 1983 1635 2013 habet
1655 1982 1744 2023 quod
1767 1982 1961 2012 essentialior
1976 1988 2022 2013 est
2045 1982 2239 2022 comparatio
2263 1982 2426 2022 utriusque
2442 1982 2482 2011 ad

1418 2037 1556 2063 causam,
1573 2036 1671 2067 quam
1686 2026 1767 2056 inter
1789 2035 1836 2056 se:
1854 2026 1897 2057 ita
1912 2026 2002 2066 quod
2018 2025 2053 2062 si,
2070 2036 2126 2067 per
2143 2026 2348 2066 impossibile,
2365 2026 2482 2056 adime-

1417 2078 1502 2101 retur
1525 2071 1663 2111 primus,
1690 2081 1756 2101 non
1780 2077 1909 2110 propter
1931 2070 1993 2101 hoc
2023 2071 2166 2110 neganda
2189 2077 2235 2101 est
2258 2070 2411 2101 habitudo
2434 2080 2482 2100 se-

1418 2115 1514 2146 cundi
1542 2116 1583 2145 ad
1613 2125 1751 2145 causam.
1777 2114 1839 2145 Sed
1866 2115 2042 2151 intellectus
2069 2115 2101 2144 in
2134 2122 2205 2145 actu
2236 2115 2340 2154 primo
2373 2121 2419 2145 est
2446 2121 2483 2145 ut

1418 2169 1511 2190 causa
1534 2159 1652 2189 habens
1671 2159 1730 2189 hos
1750 2159 1832 2189 duos
1848 2158 1984 2194 effectus,
2001 2159 2118 2189 scilicet
2132 2159 2302 2199 intelligere
2321 2165 2352 2189 et
2370 2159 2481 2195 dicere,

1418 2204 1580 2234 ordinatos
1595 2204 1675 2234 inter
1690 2213 1723 2233 se
1738 2203 1780 2233 ita
1796 2203 1884 2243 quod
1900 2210 2049 2233 neutrum
2062 2210 2107 2233 est
2123 2213 2217 2233 causa
2234 2203 2370 2233 alterius.
2398 2203 2483 2242 Ergo

1418 2248 1453 2284 si,
1477 2258 1533 2287 per
1555 2247 1769 2287 impossibile,
1794 2247 2027 2277 subtraheretur
2049 2247 2237 2287 intelligere,
2261 2257 2327 2277 non
2355 2254 2484 2287 propter

1418 2292 1480 2322 hoc
1503 2292 1645 2332 sequitur
1660 2291 1749 2331 quod
1769 2291 1969 2322 subtrahatur
1991 2291 2103 2322 dicere.
2123 2292 2163 2321 Et
2186 2291 2229 2322 sic
2252 2291 2310 2322 ista
2329 2291 2484 2322 conditio-

1418 2336 1499 2366 nalis
1522 2343 1568 2368 est
1592 2335 1760 2375 possibilis,
1784 2336 1812 2366 si
1835 2336 2013 2365 intellectus
2036 2345 2098 2366 non
2123 2336 2326 2376 intelligeret,
2349 2335 2485 2366 diceret:

1419 2381 1508 2421 quod
1526 2380 1689 2410 manifeste
1703 2379 1844 2419 impficat
1858 2379 2150 2410 contradictionem.
2163 2380 2248 2417 Quid
2261 2380 2346 2410 enirn
2357 2380 2481 2415 diceret,

1419 2424 1445 2455 si
1468 2424 1548 2455 nihil
1571 2422 1798 2454 consideraret?
1812 2441 1832 2446 —
1853 2424 1956 2454 Maior
1979 2430 2025 2454 est
2047 2424 2146 2463 ipsius
2169 2424 2254 2454 Scoti
2270 2424 2304 2453 in
2321 2425 2356 2459 11,
2375 2423 2444 2454 dist.
2460 2434 2480 2459 1,

1419 2479 1473 2509 qu.
1489 2479 1511 2507 1,
1528 2475 1584 2499 art.
1606 2469 1632 2499 3.
1657 2468 1762 2498 Minor
1786 2475 1891 2498 autern
1916 2474 1962 2498 est
1985 2468 2127 2498 eiusdem
2150 2468 2182 2497 in
2206 2468 2284 2498 locis
2307 2467 2482 2508 praedictis.

1419 2512 1658 2553 lmpossibilitas
1681 2519 1788 2542 autem
1812 2511 2024 2542 conclusionis
2048 2518 2094 2542 est
2117 2511 2253 2542 evidens.

1477 2557 1559 2587 XIII.
1584 2556 1614 2587 S.
1632 2556 1775 2586 Thomas
1799 2563 1905 2586 autem
1929 2555 2047 2595 ubique
2061 2555 2078 2574 *
2093 2562 2177 2585 tenet
2200 2556 2288 2595 quod
2311 2555 2413 2586 dicere
2436 2561 2483 2585 est

1419 2601 1601 2641 intelligere
1616 2600 1832 2640 exprimendo,
1848 2599 1898 2629 vel
1915 2601 2094 2639 exprimere
2106 2600 2322 2640 intelligendo,
2336 2599 2379 2630 ita
2393 2599 2481 2640 quod

1420 2651 1592 2684 utrumque
1608 2644 1725 2674 horum
1741 2650 1787 2674 est
1803 2645 1841 2674 de
1858 2644 1924 2674 eius
1940 2643 2071 2674 ratione.
2092 2644 2132 2674 Et
2148 2643 2173 2674 si
2189 2643 2369 2684 diligentius
2388 2644 2481 2674 verba

1419 2689 1513 2719 huius
1537 2688 1658 2719 articuli
1682 2688 1932 2723 considerentur,
1956 2687 2126 2718 intellectio
2153 2687 2222 2727 ipsa
2244 2695 2290 2718 est
2314 2688 2480 2728 productio

1419 2739 1604 2772 conceptus;
1630 2742 1695 2762 non
1721 2733 1860 2762 curando
1879 2742 1938 2772 pro
1962 2741 2057 2768 nunc,
2074 2742 2113 2762 an
2130 2732 2236 2762 omnis
2254 2732 2423 2763 intellectio
2443 2732 2482 2762 sit

1418 2777 1588 2818 productio
1611 2776 1707 2812 verbi,
1732 2786 1772 2806 an
1796 2786 1871 2806 non.
1895 2776 1979 2806 Dicit
2001 2776 2086 2806 enim
2109 2786 2252 2816 expresse
2274 2776 2376 2807 littera
2394 2776 2483 2816 quod

1418 2831 1474 2862 per
1496 2821 1655 2852 actionem
1677 2820 1904 2852 immanentem
1927 2830 2009 2861 quae
2032 2827 2078 2850 est
2100 2820 2285 2860 intelligere,
2310 2821 2482 2860 conceptus

1419 2876 1474 2896 seu
1490 2866 1622 2895 verbum
1639 2864 1793 2904 procedit:
1819 2865 1906 2894 nulla
1922 2874 1996 2904 ergo
2011 2872 2152 2895 remanet
2168 2865 2253 2904 apud
2275 2865 2382 2904 ipsum
2400 2865 2481 2894 actio

1418 2910 1479 2940 alia
1493 2910 1532 2939 ab
1548 2909 1730 2948 intelligere,
1755 2918 1837 2949 quae
1861 2908 1900 2939 sit
1922 2908 2004 2939 actio
2028 2919 2083 2939 seu
2102 2909 2270 2948 productio
2295 2915 2479 2948 conceptus:

1419 2954 1444 2984 si
1468 2954 1553 2983 enim
1581 2953 1710 2983 tertium
1741 2952 1871 2983 actionis
1894 2963 1993 2992 genus
2022 2953 2210 2989 intenderet,
2235 2962 2401 2992 processus
2430 2952 2481 2982 hic

1418 3005 1505 3028 totus
1528 3004 1640 3028 rueret.

1471 3041 1568 3072 Fiunt
1590 3047 1697 3071 autem
1721 3047 1830 3071 contra
1853 3041 1933 3071 hanc
1962 3041 2156 3081 positionem
2179 3040 2371 3071 obiectiones
2404 3039 2481 3070 bifa-

1418 3086 1506 3116 riam.
1524 3085 1613 3115 Aliae
1637 3085 1720 3115 enirn
1744 3085 1913 3116 intendunt
1934 3085 2023 3125 quod
2048 3085 2217 3124 intelligere
2240 3095 2307 3114 non
2330 3091 2376 3115 est
2399 3084 2480 3115 actio

1418 3129 1618 3170 productiva:
1644 3129 1720 3159 aliae
1743 3139 1818 3159 vero
1841 3129 1930 3169 quod
1953 3130 2054 3160 dicere
2079 3139 2144 3159 non
2167 3136 2213 3159 est
2236 3128 2416 3168 intelligere.
2440 3129 2481 3159 Et

1418 3174 1538 3214 primae
1561 3173 1692 3213 quidem
1715 3173 1825 3203 allatae
1855 3180 1931 3204 sunt
1953 3174 2112 3204 movendo
2137 3173 2384 3203 dubitationem:
2409 3172 2481 3203 reli-

1419 3228 1500 3258 quae
1516 3225 1632 3253 autem,
1643 3217 1798 3257 quoniam
1813 3217 1988 3248 notionalia
2004 3217 2230 3253 immiscentur,
2243 3217 2275 3247 in
2290 3226 2443 3257 qu.xxx1v
2452 3216 2479 3253 *,

1419 3262 1474 3293 ubi
1497 3262 1535 3292 de
1552 3261 1656 3292 Verbo
1676 3261 1849 3301 specialiter
1871 3261 2061 3297 tractabitur,
2079 3262 2249 3291 solventur.
2267 3261 2327 3291 Hic
2347 3261 2480 3291 enimin

1419 3306 1583 3336 communi
1606 3312 1653 3335 est
1667 3315 1781 3336 sermo.
1798 3306 1840 3336 Et
1862 3306 2015 3346 quoniam
2034 3305 2224 3346 principium
2248 3312 2303 3340 est,
2320 3305 2480 3344 prolixum

1419 3360 1485 3380 esse
1501 3350 1597 3385 decet,
1607 3349 1784 3379 secundum
1799 3350 1938 3380 Platonis
1948 3357 2111 3390 praecepta
2123 3349 2153 3379 *2
2174 3356 2330 3389 quatenus
2343 3359 2380 3379 ex
2394 3349 2480 3389 prin-

1420 3394 1507 3433 cipiis
1530 3394 1610 3424 bene
1633 3393 1780 3424 discussis
1804 3393 1925 3424 facilior
1947 3394 1987 3424 sit
2010 3394 2049 3423 ad
2072 3393 2191 3433 reliqua
2215 3393 2326 3423 aditus.

1472 3438 1554 3468 XIV.
1586 3437 1636 3468 Ad
1659 3437 1800 3477 primamv
1827 3448 1900 3477 ergo
1930 3437 2142 3468 obiectionem
2166 3437 2270 3473 Scoti,
2300 3447 2336 3467 ex
2353 3437 2480 3467 *dictis*

1418 3483 1482 3512 iam
1505 3488 1590 3521 patet
1613 3482 1786 3522 responsio.
1812 3482 1895 3519 Quia
1918 3481 1989 3512 ideo
2010 3482 2151 3521 operatio
2171 3481 2348 3511 immanens
2368 3481 2480 3511 dicitur

1420 3533 1450 3557 et
1465 3533 1511 3556 est
1527 3532 1613 3556 actus
1634 3525 1774 3562 ultimus,
1795 3532 1826 3556 et
1848 3526 1923 3566 quia
1939 3536 2004 3555 non
2024 3525 2197 3556 necessario
2218 3525 2365 3565 producit
2381 3534 2477 3564 opus;

1420 3577 1449 3601 et
1472 3570 1556 3611 quia,
1581 3570 1606 3599 si
1630 3570 1775 3609 producit
1798 3569 1886 3606 illud,
1914 3569 2012 3609 magis
2037 3577 2082 3600 est
2104 3577 2234 3610 propter
2256 3569 2358 3609 ipsam
2382 3579 2479 3610 quam

1420 3625 1436 3644 e
1460 3624 1622 3645 converso.

2505 1103 2512 1110 ·
2529 1100 2566 1122 Cf.
2581 1107 2644 1122 num.
2655 1106 2696 1122 vn.

2507 2557 2518 2567 ¹⁵
2528 2556 2588 2578 Vide
2603 2556 2669 2582 infra,
2681 2563 2720 2584 qu.

2508 2589 2586 2608 xxxiv,
2601 2587 2643 2604 art.
2656 2589 2676 2609 t,
2691 2583 2720 2604 ad

2506 2616 2556 2638 ²⁹3³
2565 2610 2575 2631 Ι
2585 2609 2658 2636 Sent.‚
2667 2609 2721 2630 dist.

2507 2642 2577 2662 xxvn,
2593 2642 2632 2663 qu.
2642 2642 2666 2663 u,
2677 2640 2720 2657 art.

2507 2669 2527 2690 2,
2543 2665 2585 2690 qu·
2600 2669 2616 2683 1.

2507 3222 2515 3231 '¹
2530 3222 2582 3243 Art.
2593 3227 2609 3247 t,
2622 3227 2643 3249 3.

2505 3353 2516 3363 ⁸
2531 3353 2591 3374 Vide
2611 3352 2717 3379 Politia,

2508 3386 2557 3407 cap.
2567 3386 2630 3400 xxvi.

2506 3445 2517 3455 ⁸
2531 3445 2601 3467 Num.
2616 3450 2647 3466 xi.
