2768 4178
97 844 106 853 ¹
123 842 158 865 Cf.
174 848 214 870 qu.
226 847 310 868 xxxvi,

97 869 185 892 introd.

99 1565 111 1577 ⁸
126 1564 180 1593 Cap.
197 1571 245 1586 xix.

100 1937 111 1948 ⁴*
125 1937 196 1959 Num.
209 1943 244 1965 54.

101 1995 152 2016 'De
162 1995 221 2016 Fide
229 1995 307 2021 Orth„

95 2022 138 2043 lib.
146 2022 186 2048 111,
197 2028 248 2049 cap,
256 2028 307 2047 xx1;

95 2048 137 2070 lib.
144 2048 184 2075 1v,
191 2054 307 2084 capavui.

96 2575 104 2584 ¹
121 2573 178 2601 Cap.
194 2579 241 2595 xxx.

335 255 409 303 392

988 255 1254 302 QUAESTIO
1272 252 1496 302 XXXVIII,
1525 255 1821 293 ARTICULUS
1851 255 1866 291 1

814 462 1224 541 QUAESTIO
1262 462 2053 520 TRIGESIMAOCTAVA

670 583 755 624 DE
784 582 1023 623 NOMINE
1055 580 1327 624 SPIRITUS
1360 581 1580 624 SANCTI
1615 582 1790 635 QUOD
1810 572 1939 625 'EST
1973 582 2198 625 DONUM

1163 697 1199 721 IN
1226 697 1322 723 Duos
1348 697 1551 723 ARTICULOS
1578 697 1696 724 DIVISA

420 842 683 874 ONSEQUENTER
711 830 902 880 quaeritur
931 830 978 867 de
1007 831 1122 867 Dono
1141 829 1172 866 ³¹².

341 846 469 931 CEt
498 894 595 931 circa
622 894 697 931 hoc
725 901 959 943 quaeruntur
986 892 1077 930 duo.

1510 807 1659 846 Primo:
1687 817 1816 847 utrum
1844 810 2003 847 Donum
2031 809 2152 858 possit
2172 822 2254 847 esse
2275 820 2420 847 nomen
2438 821 2524 858 per-

1564 862 1706 898 sonale.
2301 890 2307 896 -

1511 913 1714 950 Secundo:
1741 921 1869 951 utrum
1898 914 1943 952 sit
1969 914 2170 965 propi-ium
2191 914 2351 965 Spiritus
2380 914 2519 953 Sancti.

1151 1022 1471 1066 ARTICULUS
1501 1022 1708 1066 PRIMUS

982 1125 1139 1157 UTRUM
1161 1124 1320 1156 DONUM
1342 1124 1410 1156 sn*
1432 1124 1588 1156 NOMEN
1610 1125 1868 1157 PERSONALE

1234 1204 1244 1228 1
1264 1204 1347 1235 Sent,
1367 1204 1428 1230 dist.
1445 1211 1515 1236 xvm,
1535 1209 1583 1229 art.
1601 1212 1623 1230 1.

549 1307 572 1333 n
601 1305 737 1333 ramum
765 1305 820 1332 stc
843 1305 1084 1332 PROCEDl'rUR.
1113 1293 1272 1331 Videtur
1295 1293 1401 1342 quod

549 1349 708 1385 Donum
722 1359 801 1384 non
815 1346 861 1384 sit
874 1358 1019 1384 nomen
1036 1346 1249 1395 personale.
1272 1346 1402 1383 Omne

531 1398 653 1438 enirn
694 1411 839 1437 nomen
871 1400 1074 1448 personale
1114 1399 1296 1448 importat
1337 1399 1400 1435 ali-

436 1453 481 1481 ‘·¹?
504 1445 537 1489 k
550 1465 668 1502 quam
696 1452 975 1491 distinctionem
995 1452 1034 1489 in
1053 1451 1201 1490 divinis.
1233 1451 1310 1489 Sed
1331 1463 1400 1489 no-

335 1518 426 1543 men
455 1506 546 1543 doni
574 1519 652 1544 non
677 1506 858 1555 importat
875 1506 1042 1554 aliquam
1063 1505 1342 1542 distinctionem
1362 1505 1400 1542 in

337 1559 492 1596 divinis:
529 1560 616 1597 dicit
649 1559 751 1596 enim
779 1558 1030 1606 Augustinus,
1064 1559 1135 1595 XV
1166 1559 1212 1595 de
1243 1559 1279 1595 Τ
1275 1559 1347 1595 rin.
1367 1558 1398 1606 *,

336 1612 440 1661 quod
470 1613 628 1662 Spiritus
658 1613 818 1650 Sanctus
843 1612 893 1648 ita
913 1612 1025 1648 datur
1041 1612 1138 1648 sicut
1153 1611 1229 1648 Dei
1245 1612 1398 1658 donum,

336 1671 377 1702 ut
406 1666 518 1702 etiam
551 1667 712 1715 seipsum
745 1665 807 1702 det
839 1665 935 1701 sicut
965 1666 1080 1701 Deus.
1119 1665 1222 1713 Ergo
1252 1664 1398 1702 donum

335 1732 414 1758 non
443 1727 499 1756 est
526 1731 670 1756 nomen
696 1718 910 1767 personale.

390 1785 425 1810 2.
441 1773 675 1820 PRAETEREA,
687 1772 833 1808 nullum
846 1782 989 1807 nomen
1003 1771 1204 1819 personale
1221 1770 1400 1807 convenit

336 1826 519 1864 essentiae
549 1825 711 1863 divinae.
743 1823 820 1861 Sed
846 1823 1008 1860 essentia
1028 1823 1157 1860 divina
1177 1831 1232 1860 est
1251 1823 1397 1860 donum

335 1879 439 1929 quod
463 1879 575 1915 Pater
601 1878 664 1915 dat
693 1876 800 1924 Filio,
829 1884 871 1913 ut
897 1883 1001 1925 patet
1027 1888 1097 1925 per
1125 1876 1324 1924 Hilarium,
1346 1877 1398 1913 IX

334 1933 379 1969 de
402 1934 438 1969 T
433 1931 536 1968 rim*
556 1932 657 1979 Ergo
679 1930 826 1967 donum
850 1942 929 1966 non
949 1937 1005 1966 est
1020 1941 1164 1966 nomen
1183 1930 1395 1978 personale.

390 1987 422 2023 3.
444 1986 677 2030 PRAETEREA,
699 1982 911 2020 secundum
939 1983 1226 2019 Damascenum
1245 1981 1276 2029 ²¹²,
1307 1982 1398 2020 nihil

334 2046 388 2075 est
417 2038 630 2075 subiectum
668 2044 732 2073 aut
763 2035 933 2072 serviens
965 2035 1003 2072 ln
1039 2035 1176 2072 divinis
1205 2036 1395 2072 Personis.

334 2091 411 2129 Sed
441 2091 587 2128 donum
619 2090 798 2138 importat
831 2088 1027 2138 quandam
1056 2088 1332 2126 subiectionem
1362 2096 1398 2125 et

333 2145 381 2182 ad
410 2157 499 2181 eum
528 2143 588 2180 cui
604 2143 737 2189 datur,
760 2149 796 2179 et
815 2143 864 2179 ad
894 2154 983 2178 eum
1003 2154 1025 2178 a
1044 2154 1122 2191 quo
1143 2142 1264 2179 datur.
1295 2143 1396 2190 Ergo

333 2199 480 2236 donum
509 2209 587 2234 non
617 2203 671 2233 est
700 2207 844 2232 nomen
871 2195 1083 2243 personale.

385 2262 423 2298 4.
453 2251 690 2296 PRAETEREA,
721 2248 868 2285 donum
896 2247 1077 2296 importat
1105 2255 1321 2296 respectum
1349 2248 1397 2285 ad

335 2311 568 2341 creaturam:
598 2309 634 2338 et
665 2301 715 2338 ita
742 2300 895 2338 videtur
932 2300 979 2337 de
1008 2301 1094 2337 Deo
1123 2300 1196 2337 dici
1226 2312 1271 2337 ex
1303 2308 1398 2337 tem-

332 2369 439 2406 pore.
479 2355 556 2393 Sed
590 2354 748 2392 nomina
781 2353 995 2403 personalia
1028 2353 1204 2391 dicuntur
1236 2353 1284 2390 de
1312 2354 1397 2390 Deo

334 2411 381 2447 ab
411 2417 577 2455 aeternO,
597 2415 640 2445 ut
665 2409 779 2444 Pater
806 2414 842 2443 et
869 2406 998 2444 Filius.
1028 2407 1130 2454 Ergo
1152 2406 1299 2444 donum
1318 2418 1398 2444 non

334 2470 390 2500 est
418 2474 562 2500 nomen
589 2460 800 2510 personale.

388 2517 462 2553 SED
491 2526 637 2552 CONTRA
656 2525 722 2550 EST
741 2513 844 2562 quod
873 2511 1107 2560 Augustinus
1135 2511 1234 2559 dicit,
1254 2512 1326 2553 XV
1353 2512 1400 2550 de

338 2571 374 2606 T
370 2569 440 2606 rin.
461 2568 498 2604 *z
527 2568 631 2604 Sicut
649 2578 785 2615 corpus
813 2566 939 2602 carnis
967 2565 1060 2602 nihil
1086 2565 1191 2602 aliud
1212 2570 1266 2602 est
1283 2576 1400 2614 quam

334 2634 445 2668 caro,
481 2621 535 2657 sic
571 2621 711 2657 donum
740 2619 898 2668 Spiritus
936 2619 1066 2655 Sancti
1097 2618 1189 2655 nihil
1215 2618 1320 2655 aliud
1346 2623 1402 2657 est

284 2688 294 2691 Χ
334 2687 447 2724 quam
477 2674 634 2722 Spiritus
661 2674 831 2709 Sanctus.
862 2672 939 2709 Sed
969 2671 1129 2720 Spiritus
1154 2672 1315 2708 Sanctus
1344 2679 1400 2709 est

334 2739 478 2765 nomen
506 2726 717 2776 personale.
748 2726 850 2773 Ergo
881 2732 916 2761 et
943 2723 1109 2761 Donum.

388 2782 612 2817 RESPONDEO
633 2790 815 2816 DicENDuM
845 2777 949 2826 quod
968 2777 1007 2814 in
1026 2777 1182 2814 nomine
1211 2777 1302 2814 doni
1328 2777 1396 2814 im-

332 2841 503 2883 portatur
530 2832 698 2881 aptitudo
732 2831 781 2868 ad
813 2831 887 2868 hoe
925 2830 1031 2884 quod
1069 2830 1240 2868 donetur.
1280 2830 1396 2877 Quod

333 2894 461 2924 autem
490 2885 666 2932 donatur,
697 2885 811 2921 habet
838 2883 1101 2921 habitudinem
1121 2889 1139 2904 ⁸²
1168 2890 1204 2920 et
1232 2883 1279 2920 ad
1308 2883 1346 2920 id
1375 2895 1397 2920 a

333 2952 410 2989 quo
439 2940 559 2986 datur,
590 2945 625 2975 et
644 2937 694 2974 ad
711 2937 749 2974 id
770 2936 829 2973 cui
854 2936 984 2974 datur:
1013 2948 1092 2973 non
1121 2936 1224 2973 enim
1245 2936 1397 2973 daretur

332 2994 381 3030 ab
410 2992 537 3041 aliquo
566 2991 637 3028 nisi
665 2997 764 3027 esset
784 2989 883 3036 eius3
913 2997 950 3026 et
969 2989 1016 3026 ad
1041 2990 1116 3026 hoc
1135 2989 1246 3026 alicui
1275 2989 1394 3037 datur,

331 3053 372 3082 ut
405 3045 485 3082 eius
520 3045 576 3082 sit.
616 3045 786 3081 Persona
818 3050 946 3080 autem
985 3042 1112 3079 divina
1148 3042 1281 3079 dicitur
1313 3054 1394 3079 esse

332 3098 500 3146 alicuius,
520 3097 582 3135 vel
611 3097 824 3133 secundum
854 3095 1051 3143 originem,
1072 3095 1168 3132 sicut
1195 3095 1311 3132 Filius
1341 3102 1396 3132 est

331 3151 469 3198 Patris;
494 3151 556 3188 vel
576 3150 802 3199 inquantum
823 3149 870 3185 ab
891 3148 1017 3197 aliquo
1038 3148 1210 3185 habetur.
1241 3148 1394 3185 Habere

332 3212 459 3242 autem
493 3203 656 3241 dicimur
689 3202 728 3239 id
761 3214 838 3250 quo
872 3201 987 3238 libere
1020 3213 1226 3250 possumus
1253 3201 1305 3239 uti
1332 3201 1394 3238 vel

384 3318 411 3351 α)
430 3317 620 3343 habitudinem.
638 3330 658 3336 —
675 3315 852 3348 aptitudinem
872 3316 923 3342 sA.
947 3315 1124 3347 aptitudinem
1148 3316 1187 3340 vel
1210 3314 1390 3340 habitudinem

330 3353 409 3421 Ραῠῇ)
428 3391 526 3413 autem.
543 3401 562 3407 -
580 3387 649 3412 enim
668 3386 821 3415 BCDEFab,
841 3385 946 3418 quidem
965 3387 996 3416 A,
1016 3393 1078 3410 vero
1098 3386 1129 3411 G.

383 3424 409 3456 γ)
429 3427 458 3448 ut
472 3426 549 3454 puta.
567 3436 586 3442 -
601 3425 669 3454 puta
693 3421 802 3446 codices.
820 3434 838 3441 —
856 3421 906 3445 Pro
924 3421 962 3446 sic
978 3421 1014 3454 fit
1032 3422 1181 3453 particeps,
1200 3420 1236 3445 sit
1254 3419 1392 3452 particeps

329 3458 367 3483 sic
385 3458 483 3487 ABDE,
502 3458 537 3483 sit
551 3458 688 3489 particeps
707 3457 757 3487 CF,
776 3456 814 3482 sic
832 3456 868 3481 sit
884 3456 1022 3488 particeps
1041 3457 1082 3482 ed.
1096 3464 1121 3485 a,
1140 3456 1178 3481 sic
1196 3455 1232 3481 sit
1245 3455 1392 3488 participes

330 3493 370 3518 ω’
383 3493 413 3558 ab)
428 3528 463 3552 Et
481 3528 518 3552 sic
571 3528 687 3552 Donum.
705 3541 724 3547 -
742 3526 804 3552 Om.
823 3526 967 3551 BCDEFG.

383 3563 406 3594 ε)
431 3563 476 3587 Vel
493 3563 641 3591 dicendum,
655 3566 681 3587 et
696 3562 795 3587 melius.
813 3576 831 3580 -
855 3562 898 3586 Vel
917 3561 997 3586 aliter
1015 3561 1155 3587 dicendum
1174 3562 1212 3587 ad
1220 3560 1340 3593 primum
1354 3561 1391 3591 A?

329 3597 392 3623 haec
411 3602 436 3622 et
455 3598 587 3630 sequentia
606 3598 740 3622 solutionis
760 3605 813 3622 om.
832 3597 1001 3625 BCDEFGa5
1020 3597 1051 3622 cf.
1070 3603 1144 3622 notas
1164 3605 1184 3628 ι,
1204 3605 1227 3621 κ.

1453 1292 1538 1340 frui,
1554 1300 1596 1329 ut
1613 1293 1805 1330 volumus.
1827 1293 1877 1329 Et
1894 1305 1964 1342 per
1981 1294 2084 1331 hunc
2103 1294 2267 1332 modum
2285 1294 2415 1333 divina
2431 1296 2521 1333 Per·-

1454 1357 1550 1383 sona
1586 1357 1665 1383 non
1687 1353 1815 1395 potest
1841 1346 1973 1383 haberi
2001 1347 2072 1384 nisi
2100 1359 2123 1384 a
2151 1347 2323 1385 rationali
2351 1355 2522 1386 creatura

1454 1399 1540 1436 Deo
1569 1399 1780 1436 coniuncta.
1816 1399 1925 1436 Aliae
1954 1407 2082 1437 autern
2102 1398 2120 1428 Ρ
2148 1408 2343 1439 creaturae
2369 1401 2520 1440 moveri

1454 1451 1611 1500 quidem
1629 1459 1792 1501 possunt
1811 1464 1833 1489 a
1853 1451 1983 1489 divina
2002 1454 2193 1500 Persona;
2220 1466 2299 1491 non
2318 1462 2447 1492 tamen
2467 1454 2521 1492 sic

1453 1505 1559 1553 quod
1586 1505 1625 1542 in
1652 1512 1838 1554 potestate
1868 1517 2000 1542 earum
2025 1506 2071 1543 sit
2098 1506 2170 1543 frui
2190 1507 2319 1544 divina
2338 1508 2519 1553 Persona,

1454 1565 1490 1595 et
1507 1557 1561 1594 uti
1582 1557 1720 1595 effectu
1740 1558 1831 1596 eius.
1860 1559 1922 1595 Ad
1950 1559 2055 1607 quod
2084 1560 2316 1609 quandoque
2344 1560 2521 1610 pertingit

1454 1611 1644 1648 rationalis
1666 1619 1856 1658 creatura3
1885 1619 1928 1649 ut
1949 1620 2042 1661 puta
2055 1617 2071 1639 ⁷
2091 1625 2179 1649 cum
2200 1613 2253 1650 sic
2271 1613 2315 1650 fit
2332 1613 2522 1663 particeps

1454 1664 1570 1701 divini
1597 1664 1715 1701 Verbi
1743 1672 1780 1702 et
1807 1665 2048 1714 procedentis
2067 1665 2230 1713 Amoris,
2260 1673 2302 1703 ut
2332 1666 2453 1716 possit
2479 1666 2521 1703 li-

1453 1717 1543 1754 bere
1563 1718 1691 1754 Deum
1706 1730 1799 1754 vere
1820 1730 2051 1766 cognoscere
2071 1725 2108 1755 et
2126 1726 2227 1755 recte
2243 1731 2384 1756 amare.
2406 1719 2518 1757 Unde

1453 1770 1534 1807 sola
1550 1778 1720 1807 creatura
1739 1770 1929 1808 rationalis
1943 1778 2069 1820 potest
2082 1771 2225 1808 habere
2245 1771 2416 1809 divinam
2432 1772 2521 1810 Per-

1452 1835 1601 1861 sonam.
1637 1823 1714 1860 Sed
1743 1823 1793 1861 ad
1820 1824 1896 1860 hoc
1924 1823 2030 1873 quod
2058 1823 2111 1860 sic
2139 1836 2225 1861 eam
2252 1824 2411 1872 habeat,
2441 1837 2521 1863 non

1451 1883 1577 1925 potest
1611 1876 1767 1925 propria
1798 1876 1935 1914 virtute
1972 1876 2194 1925 pervenire:
2234 1877 2338 1915 unde
2371 1885 2522 1927 oportet

1452 1929 1557 1978 quod
1576 1929 1651 1966 hoc
1672 1929 1705 1965 ei
1726 1929 1890 1978 desuper
1918 1929 2043 1975 detur;
2073 1930 2148 1966 hoc
2177 1929 2279 1967 enim
2307 1930 2388 1968 dari
2407 1930 2519 1968 nobis

1452 1981 1606 2028 dicitur,
1642 1983 1747 2030 quod
1775 1982 1928 2019 aliunde
1960 1982 2160 2020 habemus.
2200 1983 2249 2020 Et
2281 1982 2335 2020 sic
2368 1983 2519 2022 divinae

1452 2036 1644 2072 Personae
1674 2035 1857 2084 competit
1883 2036 1983 2082 dari,
2014 2043 2050 2072 et
2082 2048 2165 2072 esse
2193 2037 2348 2073 Donum
2368 2033 2393 2074 ⁸.

1504 2090 1563 2126 AD
1592 2100 1729 2125 PRIMUM
1758 2100 1856 2125 ERGO
1885 2100 2069 2126 mCENDUM
2102 2088 2208 2137 quod
2245 2101 2388 2127 nomen
2416 2089 2519 2127 Doni

1451 2141 1632 2190 importat
1673 2141 1954 2178 distinctionem
1990 2142 2259 2190 personalem,
2303 2142 2518 2180 secundum

1452 2194 1557 2243 quod
1586 2194 1732 2231 donum
1763 2194 1897 2231 dicitur
1926 2206 2008 2231 esse
2037 2194 2194 2232 alicuius
2222 2207 2292 2244 per
2319 2195 2517 2244 originem.

1452 2247 1501 2284 Et
1528 2254 1658 2284 tamen
1688 2246 1847 2296 Spiritus
1874 2248 2035 2284 Sanctus
2065 2248 2129 2285 dat
2156 2247 2338 2297 seipsum,
2359 2248 2518 2298 inquan-

1451 2307 1534 2337 tum
1564 2307 1619 2336 est
1646 2299 1704 2336 sui
1732 2299 1870 2348 ipsius,
1900 2307 1942 2336 ut
1968 2307 2106 2348 potens
2134 2312 2174 2337 se
2203 2301 2272 2348 uti,
2301 2302 2363 2339 vel
2392 2301 2518 2350 potius

1450 2352 1539 2398 frui;
1569 2352 1666 2390 sicut
1693 2359 1730 2389 et
1757 2353 1877 2390 homo
1906 2353 2001 2389 liber
2027 2353 2161 2390 dicitur
2189 2366 2271 2390 esse
2300 2354 2358 2391 sui
2386 2354 2517 2404 ipsius.

1452 2406 1502 2443 Et
1527 2405 1604 2443 hoc
1631 2413 1688 2443 est
1715 2405 1820 2454 quod
1848 2405 2082 2453 Augustinus
2103 2405 2202 2454 dicit,
2221 2418 2334 2455 super
2351 2408 2461 2446 Ioan.
2476 2406 2517 2444 *t

1456 2458 1556 2501 Quid
1581 2464 1659 2504 tam
1677 2464 1783 2495 tuum
1803 2464 1858 2495 est
1874 2464 1988 2507 quam
2009 2464 2047 2495 tu
2059 2458 2080 2495 ‚⁹
2098 2480 2122 2486 -
2141 2459 2212 2496 Vel
2242 2459 2460 2508 dicendum,
2481 2468 2519 2498 et

1451 2511 1588 2550 melius
1607 2517 1630 2558 ⁸,
1659 2511 1764 2561 quod
1794 2511 1940 2548 donum
1970 2519 2120 2561 oportet
2145 2524 2228 2549 esse
2248 2512 2376 2562 aliquo
2397 2513 2516 2552 modo

1452 2564 1585 2603 dantis
1621 2564 1698 2602 Sed
1725 2566 1797 2601 hoc
1824 2577 1902 2602 esse
1937 2565 2048 2602 huius
2084 2564 2218 2602 dicitur
2253 2566 2517 2615 multipliciter.

1450 2618 1538 2656 Uno
1577 2617 1718 2664 modo,
1751 2630 1821 2666 per
1852 2617 2016 2655 modum
2054 2617 2276 2665 identitatis,
2306 2619 2402 2656 sicut
2430 2618 2519 2657 dicit

1451 2670 1682 2719 Augustinus
1718 2682 1832 2719 super
1858 2671 1966 2708 Ioan.
1987 2670 2007 2692 '¹‘
2027 2670 2061 2707 ξε
2092 2678 2128 2708 et
2163 2671 2217 2708 sic
2254 2671 2401 2709 donum
2438 2684 2518 2710 non

1453 2723 1688 2772 distinguitur
1706 2736 1729 2760 a
1750 2724 1874 2771 dante,
1904 2723 1971 2760 sed
2001 2725 2049 2760 ab
2078 2721 2125 2761 e'o
2155 2724 2213 2761 cui
2243 2724 2363 2762 datur.
2394 2725 2444 2762 Et
2462 2725 2516 2762 sic

1452 2777 1587 2814 dicitur
1605 2776 1710 2826 quod
1732 2776 1892 2826 Spiritus
1917 2777 2078 2814 Sanctus
2107 2777 2171 2814 dat
2199 2789 2251 2814 se.
2280 2777 2366 2814 Alio
2395 2778 2516 2816 modo

1452 2830 1587 2868 dicitur
1613 2828 1754 2879 aliquid
1783 2841 1865 2866 esse
1894 2829 2050 2867 alicuius
2077 2837 2119 2867 ut
2141 2830 2331 2879 possessio
2351 2831 2413 2868 vel
2441 2843 2517 2868 ser-

1450 2895 1542 2920 vus:
1573 2890 1609 2920 et
1622 2883 1681 2920 ‘sic
1700 2890 1850 2931 oportet
1869 2883 1974 2932 quod
2003 2882 2150 2921 donum
2179 2883 2423 2921 essentialiter
2441 2883 2516 2922 dis-

1450 2936 1639 2984 tinguatur
1658 2948 1679 2972 a
1699 2936 1810 2973 dante
1830 2941 1855 2972 ¹².
1886 2936 1935 2973 Et
1954 2935 2008 2972 sic
2037 2936 2183 2973 donum
2206 2935 2278 2973 Dei
2299 2943 2354 2973 est
2373 2936 2514 2986 aliquid
2560 2970 2564 2976 ,

1451 2996 1631 3026 creatum.
1671 2988 1802 3026 Tertio
1840 2988 1959 3026 modo
1999 2988 2134 3026 dicitur
2168 2989 2244 3026 hoc
2280 3001 2363 3026 esse
2400 2989 2514 3027 huius

1448 3054 1519 3091 per
1547 3041 1730 3090 originem
1759 3048 1928 3078 tantum:
1962 3048 1998 3078 et
2025 3042 2079 3078 sic
2106 3041 2221 3078 Filius
2251 3049 2306 3078 est
2326 3041 2456 3086 Patris,
2478 3049 2515 3080 et

1451 3094 1609 3143 Spiritus
1630 3095 1790 3131 Sanctus
1814 3094 2009 3143 utriusque
2028 3092 2052 3131 ⁰.
2083 3095 2312 3142 Inquantum
2334 3107 2423 3143 ergo
2445 3094 2513 3132 do-

1449 3160 1543 3185 num
1571 3148 1646 3184 hoc
1674 3147 1794 3184 modo
1819 3147 1952 3184 dicitur
1979 3158 2062 3184 esse
2091 3147 2224 3195 dantis,
2246 3147 2299 3184 sic
2319 3147 2512 3196 distingui-

1447 3208 1508 3237 tur
1521 3213 1543 3237 a
1559 3200 1672 3237 dante
1701 3200 1962 3249 personaliter,
1979 3207 2015 3236 et
2034 3206 2090 3236 est
2109 3212 2253 3237 nomen
2275 3201 2476 3249 personale
2489 3207 2509 3238 ⁸.

1498 3313 1523 3347 ζ)
1543 3321 1623 3346 super
1636 3315 1710 3339 loun.
1724 3329 1742 3333 -
1756 3314 1828 3344 Quid
1847 3317 1902 3339 tam
1922 3317 1996 3339 tuum
2015 3319 2094 3346 quam
2108 3316 2136 3338 tu
2151 3314 2220 3339 addit
2233 3314 2269 3346 A,
2290 3314 2402 3340 secunda
2417 3321 2510 3340 manus

1446 3349 1574 3382 expungit,
1594 3350 1666 3374 tertia
1684 3349 1802 3375 restituit.
1820 3363 1840 3369 -
1857 3352 1883 3374 et
1900 3349 1939 3374 sic
1956 3353 2015 3373 ante
2034 3348 2132 3373 donum
2151 3357 2204 3374 om.
2223 3350 2272 3381 ΡΑ.

1498 3384 1526 3416 η)
1554 3385 1589 3409 Et
1613 3385 1650 3410 sic
1673 3387 1813 3417 oportet...
1826 3391 1843 3409 a
1862 3385 1950 3409 dante.
1967 3397 1987 3403 -
2005 3383 2066 3408 Om.
2087 3384 2126 3408 ed.
2146 3384 2175 3413 b‚·
2199 3385 2223 3409 Α
2241 3385 2312 3417 ponit
2333 3383 2511 3410 essentialiter

1445 3424 1505 3451 post
1523 3422 1636 3451 oportet.

1499 3453 1523 3486 Θ)
1543 3455 1688 3487 utriusque.
1705 3468 1724 3474 -
1743 3454 1903 3487 Inquantum
1923 3462 1988 3488 ergo
2007 3455 2106 3479 donum
2125 3457 2151 3479 et
2162 3454 2201 3480 sic
2219 3455 2304 3482 Filius
2322 3458 2362 3480 est
2379 3454 2470 3480 Patris
2483 3457 2510 3480 et

1447 3490 1565 3522 Spiritus
1584 3490 1699 3515 Sanctus
1719 3490 1855 3522 utriusque
1874 3489 1943 3514 addit
1961 3491 2006 3515 sA.
2391 3485 2399 3493 ”

1500 3524 1518 3556 ι)
1533 3525 1684 3556 personale.
1702 3538 1721 3544 -—
1738 3525 1761 3549 Α
1780 3525 1856 3554 addit,
1875 3525 1937 3556 quin
1956 3532 1970 3550 a
1988 3530 2057 3550 textu
2077 3524 2230 3557 distingunt:
2249 3525 2332 3551 Istam
2350 3524 2507 3551 solutionem

1445 3559 1542 3584 habent
1556 3560 1618 3584 libri
1630 3560 1721 3592 aliqui,
1736 3563 1762 3584 et
1776 3563 1815 3584 est
1833 3559 1989 3590 evidentior,
2003 3563 2029 3586 et
2043 3560 2130 3593 magis
2147 3561 2294 3587 concordat
2305 3568 2364 3586 cum
2378 3559 2509 3586 solutione

1445 3595 1575 3620 secundae
1594 3595 1715 3620 rationis.

2545 2410 2560 2458 ἶ,
2582 2409 2663 2465 3Tnet.
2685 2415 2759 2438 xxxx,

2543 2673 2556 2686 ⁵
2570 2672 2637 2696 Loco
2651 2673 2736 2696 citato.
