2768 4178
985 214 1253 261 QUAESTIO
1284 216 1334 262 X,
1365 215 1663 253 ARTICULUS
1693 216 1742 252 III

2411 229 2459 266 97

960 333 1294 367 Commentario.
1317 334 1568 368 cardinalis
1591 336 1792 370 Caietam

271 446 437 510 Trrurus
454 433 640 466 clarus.-1n
653 441 787 474 corpore
800 431 875 462 du0.
894 431 1016 468 Primo,
1039 430 1154 461 directe
1169 430 1340 470 respondet
1392 439 1468 472 gnat
1484 432 1642 474 siquidem
1657 433 1690 463 id
1704 434 1794 475 quod
1809 433 1960 475 implicite
1977 435 2099 473 dicitur,
2116 439 2205 478 quod
2225 439 2388 471 aeternitas
2403 441 2462 471 Dei

329 480 474 522 quaesito
502 477 701 510 affirmative:
731 476 819 506 Deus
843 481 891 505 est
917 474 1055 505 maxime
1078 480 1234 505 aeternus.
1253 474 1338 515 ,Pro—

268 525 369 556 batur.
386 525 475 556 Deus
498 530 545 554 est
567 521 705 552 maxime
723 519 948 551 immutabilis:
973 528 1049 559 ergo
1065 525 1112 549 est
1135 518 1273 549 maxime
1288 527 1338 548 ae-

1393 476 1433 507 sit
1448 476 1623 509 formaliter
1641 477 1778 509 duratio.
1794 478 1878 516 Quia
1894 479 1999 510 omnis
2016 481 2150 518 duratio,
2168 482 2255 514 alteri
2270 492 2460 524 comparata,

1393 527 1440 552 est
1454 521 1564 558 maior,
1580 522 1696 558 minor,
1710 528 1765 553 aut
1777 523 1930 563 aequalis:
1947 524 2110 556 aeternitas
2126 536 2191 556 non
2204 534 2251 558 est
2265 527 2460 560 huiusmodi.

267 575 386 601 ternus.
402 586 422 594 -
436 569 594 600 Probatur
615 564 757 606 sequela:
777 563 854 605 quia
868 562 1034 594 aeternitas
1058 562 1266 604 consequitur
1279 562 1338 609 im·
1393 565 1564 597 Probatur:
1589 566 1665 607 quia
1687 576 1755 598 non
1770 573 1874 608 potest
1893 568 2024 608 intelligi
2042 570 2159 606 maior,
2177 572 2300 602 secluso
2319 579 2394 613 post
2411 574 2462 604 vel

267 613 522 648 mutabilitatem,
539 611 622 643 sicut
645 615 772 651 tempus
795 614 935 639 motum.

322 658 359 689 11.
383 656 547 693 Secundo,
572 653 748 694 assignatur
775 653 893 683 modus
923 661 989 693 quo
1019 658 1065 683 est
1095 658 1255 688 aetemus‚
1281 661 1339 692 po-

267 702 375 732 nendo
391 701 487 732 aliam
503 698 755 733 conclusionem,
773 696 904 728 scilicet:
922 697 1009 726 Deus
1025 702 1072 728 est
1088 706 1145 727 sua
1161 695 1338 727 aeternitas.

267 747 340 777 Hoc
355 745 442 776 enim
465 751 511 775 est
534 743 637 774 dicere
660 742 749 783 quod
773 751 839 771 non
862 747 908 772 est
923 747 1069 771 aeternus
1092 740 1339 776 denominative,

266 790 322 821 sed
337 788 552 820 essentialiter.
566 805 584 812 -
595 788 687 818 Hanc
702 792 810 817 autem
826 785 1068 816 conclusionem
1083 785 1189 826 primo
1202 784 1341 816 ostendit

266 834 411 866 claudere
434 833 467 864 in
486 843 519 864 se
542 831 706 873 quandam
729 830 923 871 singularem
946 830 1006 861 Dei
1030 829 1263 865 excellentiam;
1293 839 1339 860 se-

266 878 384 915 cundo,
408 877 536 919 probat;
560 875 664 912 tertio,
689 875 836 906 declarat.

319 922 407 955 Cum
421 921 507 953 enim
522 920 688 954 aeternitas
704 919 824 960 species
840 919 879 950 sit
895 918 1082 955 durationis,
1099 918 1234 949 dicendo
1250 918 1339 959 quod

265 968 352 999 Deus
372 974 419 998 est
441 976 500 997 sua
523 964 699 1001 aeternitas,
725 963 840 995 dicitur
863 973 994 1005 quoque
1018 963 1107 1005 quod
1131 969 1178 994 est
1201 973 1258 993 sua
1282 964 1339 993 du-

264 1012 355 1044 ratio.
372 1011 446 1042 Hoc
468 1017 587 1045 autem,
603 1009 684 1040 ides-t
706 1018 775 1039 rem
799 1018 865 1039 esse
882 1018 974 1039 suam
998 1007 1210 1043 durationem,
1231 1007 1339 1048 singu-

263 1057 327 1087 lare
352 1062 399 1088 est
421 1055 455 1086 in
478 1055 564 1085 Deo:
590 1053 671 1085 nulli
694 1053 854 1095 siquidem
877 1052 965 1084 alteri
989 1051 1158 1083 convenire
1182 1051 1215 1082 in
1238 1052 1340 1084 littera

265 1100 389 1134 dicitur.

317 1145 475 1176 Probatur
497 1143 612 1174 deinde
643 1142 740 1173 simul
764 1149 794 1172 et
818 1141 982 1172 conclusio
1007 1147 1038 1172 et
1060 1140 1260 1180 singularitas
1292 1140 1339 1170 in-

264 1190 352 1221 clusa
374 1182 470 1220 in'ea.
495 1188 583 1218 Deus
607 1194 654 1218 est
677 1197 773 1218 suum
797 1196 863 1217 esse
892 1185 1072 1225 uniforme,
1096 1192 1127 1215 et
1150 1184 1229 1215 nihil
1252 1184 1339 1214 aliud

263 1245 282 1265 a
305 1234 375 1266 Deo
401 1240 447 1271 est
469 1242 567 1263 suum
600 1241 681 1262 esse:
707 1241 783 1272 ergo
807 1231 895 1262 solus
928 1237 974 1262 est
997 1240 1055 1261 sua
1086 1228 1230 1265 duratio,
1256 1238 1338 1269 quae

255 1279 430 1310 ‘aeternitas
445 1278 479 1308 in
494 1287 533 1308 eo
553 1283 609 1308 est.

319 1323 504 1354 Declaratur
517 1328 681 1362 postremo
697 1330 715 1350 a
731 1319 839 1350 simili:
857 1318 932 1359 quia
948 1318 1029 1349 sicut
1053 1324 1099 1348 est
1114 1327 1171 1348 sua
1194 1317 1338 1353 essentia,

263 1367 306 1399 ita
330 1375 377 1399 est
399 1377 458 1398 sua
481 1365 658 1397 aeternitas.

318 1412 370 1443 111.
391 1411 484 1443 Circa
505 1410 572 1440 vim
595 1419 632 1439 ac
655 1418 786 1439 sensum
810 1406 1008 1448 probationis
1032 1406 1189 1437 secundae
1214 1407 1340 1437 conclu-

264 1456 381 1493 donis,
405 1456 532 1487 adverte
557 1454 648 1495 quod
671 1462 725 1484 res
755 1452 807 1483 hic
829 1451 968 1483 sumitur
990 1461 1050 1492 pro
1074 1461 1110 1482 re
1132 1451 1339 1490 subsistente,

263 1500 355 1533 cuius
377 1506 506 1532 tantum
521 1505 569 1530 est
584 1507 662 1535 esse,
682 1496 811 1538 proprie
834 1496 1011 1538 loquendo.
1033 1496 1078 1527 lta
1097 1495 1187 1537 quod
1204 1505 1271 1526 non
1290 1495 1339 1526 in-

262 1544 364 1578 tendit
393 1543 496 1577 littera
525 1543 616 1584 quod
639 1541 747 1574 omnis
777 1551 826 1572 res
850 1541 910 1572 alia
933 1551 952 1571 a
974 1541 1045 1572 Deo
1078 1540 1291 1580 distinguatur
1321 1551 1339 1572 a

262 1599 322 1622 sua
343 1587 521 1624 duratione,
538 1597 615 1619 cum
637 1594 766 1627 tempus
789 1595 856 1616 non
881 1585 1092 1626 distinguatur
1115 1585 1154 1616 ab
1176 1584 1258 1626 ipsa:
1284 1586 1340 1616 sed

262 1633 398 1666 intendit
420 1633 511 1674 quod
526 1631 614 1663 nulla
637 1642 686 1663 res
709 1641 792 1672 quae
815 1638 862 1663 est
884 1630 975 1671 quod
998 1637 1046 1662 est
1069 1636 1100 1661 et
1122 1630 1212 1671 quod
1235 1629 1338 1667 durat,

263 1685 311 1711 eut
333 1688 391 1710 sua
414 1677 551 1709 duratio.
569 1676 626 1709 Vis
649 1684 758 1709 autem
781 1675 913 1707 rationis
937 1675 1080 1706 consistit
1095 1674 1129 1706 in
1143 1674 1216 1711 hoc,
1237 1675 1337 1716 quod,

263 1732 341 1756 eum
361 1731 421 1759 ree,
445 1732 514 1754 esse
532 1728 564 1754 et
586 1721 712 1753 duratio
732 1720 843 1752 ordine
866 1720 1011 1761 quodam
1034 1730 1067 1751 se
1086 1719 1223 1751 habeant
1242 1718 1339 1762 (quo-

262 1767 352 1800 niam
374 1767 499 1800 duratio
527 1776 595 1798 non
618 1766 700 1798 inest
722 1766 766 1796 rei
789 1765 850 1796 nisi
873 1764 1033 1797 mediante
1055 1773 1137 1796 esse:
1161 1774 1230 1796 non
1253 1764 1339 1795 enim

262 1821 313 1845 res
334 1812 428 1844 durat
450 1811 511 1843 nisi
534 1811 657 1843 ratione
679 1810 730 1841 sui
753 1818 834 1846 esse;
864 1809 940 1850 quia
962 1818 1102 1850 namque
1124 1809 1238 1841 retinet
1261 1819 1338 1846 esse,

263 1856 357 1889 durat
379 1865 428 1888 res
452 1855 575 1892 omnis,
593 1862 624 1887 et
646 1865 712 1886 non
736 1855 779 1885 ob
803 1851 933 1896 aliud):
959 1863 1035 1885 cum
1057 1854 1191 1894 inquam
1214 1853 1258 1884 ita
1281 1853 1338 1890 sit,

263 1909 463 1942 consequens
487 1907 534 1932 est
552 1900 652 1941 quod,
676 1899 703 1930 si
719 1899 855 1931 alterum
869 1905 1087 1929 extremorum
1101 1908 1168 1929 non
1187 1905 1235 1930 est
1252 1898 1339 1928 idem

262 1945 390 1982 medio,
417 1945 508 1986 quod
531 1954 591 1976 nec
613 1944 654 1976 sit
683 1943 772 1975 idem
794 1943 919 1984 reliquo
943 1950 1100 1979 extremo;
1125 1942 1226 1983 magis
1253 1942 1340 1973 enim

264 1989 384 2023 distant
404 1996 544 2021 extrema
558 1989 640 2021 inter
662 1999 706 2024 se,
722 1998 823 2029 quam
839 1998 858 2018 a
873 1987 991 2018 medio.
1012 1987 1075 2018 Res
1098 1994 1208 2019 autem
1223 1987 1341 2018 durans

263 2034 325 2066 alia
343 2044 362 2065 a
384 2034 465 2070 Deo,
482 2043 566 2075 quae
589 2040 636 2064 est
651 2043 755 2064 unum
779 2039 967 2068 extremum,
984 2042 1052 2062 non
1076 2039 1123 2063 est
1145 2032 1232 2063 idem
1251 2031 1341 2072 quod

263 2089 362 2110 suum
385 2088 462 2115 esse,
490 2085 525 2109 ut
549 2077 775 2119 supponimus.
799 2077 886 2117 Ergo
910 2086 968 2107 nec
992 2083 1038 2107 est
1061 2075 1148 2107 idem
1171 2077 1260 2117 quod
1285 2086 1342 2106 sua

264 2122 408 2159 duratio,
433 2132 516 2164 quae
540 2129 719 2154 extremum
743 2121 878 2152 alterum
903 2127 958 2152 est.

319 2167 374 2199 lv.
399 2166 491 2198 Circa
521 2167 656 2198 eandem
684 2165 927 2207 probationem,
960 2164 1097 2195 dubium
1122 2174 1158 2195 ex
1181 2165 1341 2200 Aureolo,

263 2212 350 2254 apud
367 2211 576 2252 Capreolum,
600 2211 634 2241 in
647 2212 680 2241 tx
695 2210 895 2241 distinctione
911 2209 1008 2240 Primi
1018 2208 1045 2245 *,
1064 2208 1211 2240 occurrit.
1233 2209 1342 2250 Impu-

1394 615 1470 640 ante
1486 611 1566 651 plus
1588 611 1711 642 durare
1716 621 1731 650 ;
1755 621 1830 652 ergo
1855 612 1961 643 omnis
1990 613 2115 645 duratio
2146 615 2248 646 maior
2269 617 2363 648 habet
2386 623 2461 649 ante

1394 654 1446 685 vel
1462 660 1537 695 post
1543 665 1558 694 ,¹
1583 656 1673 696 quod
1696 663 1852 697 repugnat
1876 656 2059 688 aeternitati.

1447 699 1486 730 V.
1507 700 1557 730 Ad
1576 700 1639 730 hoc
1658 699 1791 731 breviter
1813 707 1919 742 potest
1937 701 2104 741 dupliciter
2127 704 2320 744 responderi.
2339 706 2459 744 Primo,

1394 745 1541 784 negando
1565 743 1734 775 minorem.
1755 744 1796 776 Et
1815 744 1854 775 ad
1877 745 2102 786 probationem
2119 747 2241 784 dicitur,
2261 750 2350 790 quod
2370 750 2461 781 dura-

1394 788 1517 818 tionem
1547 788 1703 819 maiorem
1735 788 1896 819 includere
1913 790 2010 830 prius
2034 798 2064 821 et
2082 797 2156 831 post
2179 792 2211 822 in
2235 803 2283 829 se,
2309 794 2462 835 contingit

1396 832 1572 873 dupliciter,
1596 843 1663 864 uno
1686 833 1787 864 modo
1801 833 2005 874 formaliter,
2030 834 2092 865 alio
2116 837 2216 866 modo
2232 838 2414 869 virtualiter
2432 844 2463 869 et

1395 878 1581 916 eminenter,
1608 877 1689 909 sicut
1719 877 1805 908 calor
1827 883 1874 909 est
1896 877 1929 908 in
1954 878 2037 909 sole:
2063 886 2093 911 et
2116 881 2205 921 quod
2228 882 2392 913 aeternitas
2416 891 2462 914 est

1395 921 1498 952 maior
1521 922 1644 958 ceteris,
1670 929 1701 954 et
1727 921 1903 953 verificatur
1927 923 1965 953 de
1993 933 2030 954 ea
2053 924 2164 955 durare
2194 925 2282 965 prius
2309 927 2359 957 vel
2388 934 2462 967 post

1395 972 1522 1006 tempus
1546 965 1693 1007 aliquod,
1718 965 1793 1008 quia
1808 967 1841 996 in
1858 977 1890 997 se
1906 966 1959 997 illa
1982 968 2151 1008 praehabet
2174 969 2358 1002 eminenter.
2371 989 2391 993 -
2407 972 2461 1002 Se-

1395 1010 1498 1041 cundo
1526 1017 1632 1051 potest
1662 1011 1859 1051 responderi,
1889 1012 2034 1052 negando
2063 1013 2231 1050 maiorem,
2256 1015 2383 1056 proprie
2413 1016 2460 1046 lo-

1395 1055 1534 1095 quendo.
1560 1055 1725 1093 Quoniam
1741 1055 1936 1096 comparatio
1955 1056 2082 1096 proprie
2099 1067 2165 1087 non
2187 1057 2222 1089 fit
2240 1058 2300 1089 nisi
2314 1059 2347 1090 in
2366 1060 2461 1091 unius

1394 1099 1525 1130 rationis
1547 1100 1656 1130 rebus:
1681 1100 1846 1139 aeternitas
1863 1107 1972 1131 autem
1986 1107 2033 1131 est
2047 1101 2170 1132 duratio
2185 1103 2312 1134 alterius
2326 1105 2460 1135 omnino

1394 1143 1524 1174 rationis
1547 1154 1565 1173 a
1588 1151 1741 1184 tempore.
1758 1144 1799 1175 Et
1819 1144 1882 1175 hoc
1898 1145 2074 1175 secundum
2097 1156 2130 1176 se
2146 1147 2324 1188 loquendo:
2349 1159 2461 1189 quarn-

1394 1187 1450 1223 vis,
1468 1195 1621 1228 concepta
1637 1195 1672 1219 ut
1688 1188 1870 1225 coexistens,
1881 1189 2018 1230 tempori
2031 1198 2231 1231 comparetur
2247 1192 2341 1223 etiam
2357 1203 2374 1223 a
2388 1194 2461 1224 viris

1394 1231 1578 1263 illustribus.

1446 1276 1499 1307 VI.
1521 1276 1555 1306 In
1571 1276 1778 1316 responsione
1795 1277 1834 1307 ad
1848 1276 1999 1317 primum,
2017 1278 2142 1309 adverte
2156 1279 2233 1310 duo.
2257 1281 2400 1312 Primum
2416 1289 2462 1313 est

1394 1320 1498 1361 quod,
1533 1320 1614 1351 sicut
1643 1327 1801 1361 punctum
1824 1327 1951 1351 motum
1981 1322 2095 1353 dicitur
2126 1333 2253 1354 causare
2275 1324 2410 1362 lineam,
2433 1334 2462 1357 et

1393 1371 1501 1396 tamen
1523 1364 1557 1395 in
1572 1364 1662 1396 nullo
1685 1374 1799 1404 genere
1821 1375 1932 1396 causae
1956 1373 2063 1397 causat
2082 1366 2170 1397 illam
2190 1368 2222 1398 in
2243 1378 2322 1405 esse;
2344 1377 2374 1400 et
2389 1380 2462 1411 pro-

1393 1415 1500 1450 pterea
1514 1419 1581 1439 non
1605 1416 1652 1440 est
1675 1419 1769 1440 causa
1783 1409 1884 1440 lineae
1902 1409 1935 1439 in
1960 1420 2026 1440 esse
2050 1411 2133 1447 reali,
2150 1412 2205 1442 sed
2224 1420 2269 1444 est
2287 1424 2379 1444 causa
2395 1414 2462 1445 eius

1394 1453 1428 1484 in
1451 1463 1518 1484 esse
1542 1453 1682 1494 cognito,
1698 1454 1775 1495 quia
1797 1453 1871 1485 facit
1894 1454 2111 1494 cognitionem
2131 1456 2215 1487 illius
2238 1457 2271 1488 in
2294 1458 2402 1489 nobis:
2419 1459 2462 1490 ita

1395 1508 1482 1529 nunc
1498 1503 1590 1529 stans
1613 1498 1727 1529 dicitur
1749 1508 1876 1530 causare
1900 1499 2124 1536 aeternitatem,
2149 1510 2215 1531 non
2230 1501 2263 1532 in
2287 1512 2353 1533 esse
2377 1503 2460 1540 reali,

1394 1543 1450 1574 sed
1473 1542 1506 1573 in
1529 1553 1596 1573 esse
1621 1542 1766 1583 cognito,
1790 1543 1866 1584 quia
1889 1550 1996 1574 causat
2014 1543 2170 1575 rationem
2193 1545 2279 1576 illius
2302 1546 2334 1577 in
2358 1548 2460 1580 nobis.

1393 1587 1434 1619 Et
1446 1587 1723 1628 quemadmodum
1735 1587 1931 1628 impossibile
1944 1595 1990 1619 est
2002 1595 2159 1629 punctum
2170 1591 2302 1627 moveri,
2312 1598 2342 1622 et
2356 1599 2462 1623 tamen

1394 1631 1593 1673 concipimus
1617 1638 1648 1663 et
1671 1631 1806 1663 dicimus
1829 1631 1986 1672 punctum
2009 1639 2146 1670 motum,
2166 1634 2246 1666 idest
2268 1635 2293 1665 si
2317 1646 2461 1667 movere-

1394 1683 1460 1713 tur,
1481 1686 1609 1707 causare
1638 1676 1772 1707 lineam:
1796 1677 1853 1712 ita,
1878 1677 1952 1707 dato
1977 1678 2066 1718 quod
2093 1677 2290 1718 impossibile
2314 1680 2352 1711 sit
2376 1691 2463 1712 nunc

1394 1728 1490 1757 stare,
1515 1728 1654 1752 attamen
1677 1721 1800 1761 optime
1824 1721 1973 1757 dicimus,
1998 1731 2085 1753 nunc
2106 1728 2197 1754 stans
2214 1723 2304 1764 facit
2326 1727 2462 1756 aeterni-

1394 1771 1504 1803 tatem,
1528 1765 1618 1802 idest,
1643 1765 1669 1796 si
1693 1773 1796 1802 staret,
1821 1766 2025 1798 constitueret
2048 1767 2272 1799 aeternitatem.

1447 1810 1631 1841 Secundum
1657 1817 1712 1847 est,
1737 1811 1827 1851 quod
1849 1809 1923 1841 hinc
1941 1817 2026 1850 patet
2049 1821 2148 1852 quam
2162 1822 2262 1843 vanus
2278 1820 2387 1844 contra
2402 1824 2462 1844 nos

1394 1854 1488 1886 fuerit
1502 1854 1594 1885 labor
1608 1854 1770 1885 rationum
1782 1854 1924 1890 Aureoli,
1941 1855 1996 1885 ubi
2008 1865 2103 1896 supra
2110 1855 2136 1892 *,
2152 1857 2192 1886 ad
2206 1858 2461 1898 impugnandum

1393 1899 1456 1930 hoc
1485 1899 1607 1930 dictum
1633 1898 1736 1930 Boetii
1764 1906 1796 1930 et
1818 1909 1842 1930 s.
1863 1899 2023 1935 Thomna
2048 1899 2124 1941 quia
2150 1910 2237 1932 nunc
2263 1911 2329 1932 non
2358 1909 2462 1943 potest

1395 1943 1520 1983 concipi
1542 1950 1579 1974 ut
1603 1950 1699 1980 stans,
1724 1950 1755 1975 et
1773 1944 1814 1974 ad
1835 1944 2068 1975 removendum
2090 1954 2177 1975 nunc
2199 1956 2218 1976 a
2236 1946 2316 1977 Deo.
2342 1947 2460 1988 Aequi-

1393 1995 1487 2019 vocat
1510 1997 1650 2029 namque
1674 1988 1713 2018 de
1737 1998 1835 2025 nunc,
1854 1987 1923 2018 imo
1946 1989 2100 2028 supponit
2122 1999 2190 2020 non
2209 1990 2275 2021 dari
2293 1990 2352 2021 nisi
2376 2001 2462 2022 nunc

1394 2033 1567 2073 temporis:
1588 2042 1663 2063 cum
1685 2039 1795 2063 tamen
1809 2042 1897 2063 nunc
1911 2034 2111 2064 aeternitatis
2126 2034 2166 2064 sit
2180 2034 2307 2066 alterius
2331 2036 2462 2067 rationis

1395 2087 1413 2107 a
1437 2086 1523 2107 nunc
1551 2078 1712 2117 temporis.
1733 2076 1774 2107 Et
1797 2086 1923 2113 rursus,
1953 2084 1989 2108 ut
2012 2078 2133 2108 dictum
2157 2086 2218 2115 est,
2247 2079 2354 2120 ipsum
2377 2090 2463 2111 nunc

1396 2122 1557 2161 temporis,
1575 2121 1601 2150 si
1618 2127 1722 2157 staret,
1742 2121 1957 2152 aeternitatem
1973 2121 2192 2153 constitueret:
2218 2123 2298 2155 sicut
2313 2131 2461 2164 punctuS,

1396 2165 1422 2196 si
1446 2171 1636 2202 moveretur,
1655 2165 1774 2195 lineam
1798 2165 1920 2197 faceret.
1946 2166 2052 2203 Quare
2076 2176 2142 2197 non
2166 2177 2249 2208 opus
2273 2178 2339 2199 esse
2356 2169 2463 2199 censui

1396 2209 1592 2240 obiectiones
1613 2219 1685 2240 suas
1710 2209 1880 2240 adducere:
1902 2220 1938 2240 ex
1954 2210 2002 2240 his
2019 2211 2104 2241 enim
2121 2211 2267 2242 facillime
2287 2213 2462 2244 solvuntur.

1076 2375 1398 2418 ARTICULUS
1426 2375 1657 2418 TERTIUS

871 2470 1030 2502 UTRUM
1054 2470 1155 2501 Essa
1179 2470 1424 2501 AETERNUM
1448 2469 1516 2501 SIT
1540 2469 1764 2501 PROPRIUM
1786 2469 1858 2500 DEI

693 2558 702 2583 1
722 2557 808 2588 Sent„
827 2558 887 2583 dist.
901 2565 960 2588 vm,
979 2565 1025 2590 qu.
1044 2555 1077 2587 π’.
1096 2562 1144 2582 art.
1166 2564 1196 2588 2;
1215 2556 1258 2588 lv,
1278 2557 1338 2582 dist.
1356 2563 1428 2588 xux,

1447 2564 1493 2590 qu.
1512 2564 1533 2588 ι,
1553 2562 1601 2582 art.
1614 2563 1637 2586 2.
1657 2558 1704 2589 qu·
1720 2556 1748 2587 3;
1770 2556 1866 2587 Quoal.
1881 2557 1919 2588 X,
1939 2565 1983 2590 qu.
2002 2564 2034 2589 1¹3

959 2593 1002 2618 De
1020 2593 1084 2618 Diu.
1103 2592 1192 2622 Nom„
1213 2600 1270 2625 cap.
1288 2600 1316 2623 x,
1336 2592 1395 2618 lect.
1408 2599 1438 2617 111
1445 2600 1453 2623 ;
1474 2592 1516 2617 De
1538 2592 1645 2622 causis,
1666 2593 1724 2617 lect.
1742 2599 1770 2617 n.

307 2703 311 2713 ’
355 2700 369 2723 5¹
389 2709 441 2729 ,ιχ

427 2702 458 2747 ,ἥ
479 2695 503 2720 ι)
521 2694 684 2719 Tannum
702 2693 756 2720 sic
780 2693 1022 2719 paocanrrua.
1051 2681 1213 2720 Videtur
1231 2681 1339 2729 quod

411 2732 453 2794 ’ᾗ
481 2748 564 2773 esse
576 2743 774 2773 aeternum
788 2747 868 2774 non
883 2735 929 2772 sit
942 2734 1012 2772 soli
1022 2735 1108 2772 Deo
1123 2734 1335 2785 proprium.

288 2818 309 2840 ,υ
336 2803 408 2842 tv:
429 2794 451 2841 6
467 2784 630 2827 Dicitur
658 2788 761 2826 enim
787 2788 958 2827 Danielis
976 2788 1076 2836 xn*,
1107 2790 1245 2838 quod0·
1274 2788 1341 2836 qui

327 2835 421 2874 84*
446 2843 534 2880 ‘md
567 2842 745 2879 iustitiam
778 2842 956 2879 erudiunt
979 2841 1190 2891 plurimos,
1229 2847 1340 2878 erunt

266 2897 378 2948 quasi
392 2896 521 2934 stellae
539 2896 576 2933 in
601 2901 806 2945 perpetuas
823 2895 1072 2933 aeternitates.
1094 2895 1187 2932 Non
1207 2902 1339 2932 autem

267 2957 395 2988 essent
416 2950 546 2999 plures
569 2948 820 2996 aeternitates,
850 2948 881 2987 si
904 2949 1009 2986 solus
1028 2949 1136 2987 Deus
1157 2955 1257 2986 esset
1274 2960 1336 2985 ae—

265 3011 408 3041 ternus.
429 3004 523 3040 Non
550 3002 662 3052 igitur
689 3002 792 3039 solus
820 3002 927 3040 Deus
956 3009 1012 3040 est
1039 3009 1228 3039 aeternus.

322 3067 357 3094 2.
387 3057 622 3104 PRAETEREA,
653 3056 788 3094 Matth.
808 3067 882 3093 xxv
899 3055 921 3078 ⁵⁸
945 3055 1098 3093 dicitur:
1124 3057 1192 3101 Ite,
1221 3054 1338 3092 male-

266 3110 365 3156 dicti,
395 3109 433 3146 in
462 3109 591 3160 ignem
618 3115 828 3147 aeternum.
858 3109 952 3147 Non
969 3108 1082 3158 igitur
1101 3108 1205 3146 solus
1231 3109 1337 3145 Deus

267 3170 325 3200 est
352 3169 541 3200 aeternus.

323 3216 358 3253 3.
379 3216 614 3264 Pmmam,
634 3228 752 3254 omne
771 3215 1031 3253 necessarium
1051 3222 1108 3252 est
1126 3222 1336 3252 aeternum.

268 3269 346 3307 Sed
374 3269 495 3306 multa
521 3276 608 3306 sunt
626 3269 859 3316 necessaria;
884 3268 981 3306 sieut
1005 3268 1136 3306 omnia
1154 3268 1339 3319 principia

268 3321 616 3371 demonstrationis,
638 3330 675 3360 et
703 3335 840 3362 omnes
866 3321 1149 3372 propositiones
1179 3321 1340 3359 demon-

268 3375 458 3413 strativae.
488 3375 592 3424 Ergo
620 3388 702 3414 non
727 3376 832 3413 solus
859 3377 966 3413 Deus
995 3382 1051 3412 est
1078 3382 1267 3412 aeternus.

404 2745 423 2782 k·

322 3526 349 3558 α)
370 3525 451 3558 quod.
468 3538 487 3545 -
505 3525 568 3550 Om.
587 3524 703 3555 codicem
722 3529 749 3550 et
765 3533 814 3558 pro
827 3526 964 3558 plurimos
982 3527 1073 3559 legunt
1091 3526 1197 3551 multos.

322 3559 347 3594 β)
368 3561 565 3594 Hieronymus,
591 3560 629 3585 ad
650 3559 817 3586 Marcellam.
835 3575 855 3580 -
871 3562 1040 3595 Augustinus
1063 3562 1131 3587 libro
1155 3562 1188 3587 de
1212 3561 1280 3586 Fide
1303 3561 1340 3586 ad

268 3597 379 3622 Petrum
398 3604 456 3629 cap.
471 3604 496 3621 vi
515 3596 534 3620 P
540 3603 548 3626 ;
566 3595 734 3628 Augustinus
745 3596 783 3620 ad
795 3596 955 3622 Marcellam
973 3597 1145 3622 BCDEFGab
1159 3602 1185 3622 et
1199 3604 1289 3629 margo
1308 3597 1339 3621 Α.

411 3650 521 3675 Summa
540 3649 643 3674 Timor..
660 3648 693 3673 D.
706 3648 821 3673 Tnomn
840 3648 872 3674 T.
891 3649 910 3674 Ι.

1446 2681 1521 2718 SED
1560 2692 1706 2718 CONTRA
1739 2692 1805 2718 EST
1839 2681 1943 2730 quod
1977 2681 2066 2718 dicit
2098 2682 2381 2732 Hieronymus,
2412 2683 2461 2721 ad

1394 2734 1617 2771 Marcellam
1636 2732 1655 2762 Ρ
1672 2733 1709 2770 *ε
1738 2734 1843 2770 Deus
1870 2734 1971 2771 solus
1994 2740 2049 2771 est
2070 2735 2137 2784 qui
2162 2737 2360 2773 exordium
2386 2749 2460 2774 non

1391 2788 1513 2824 hahet.
1544 2786 1740 2836 Quidquid
1769 2795 1899 2824 autern
1927 2788 2127 2826 exordium
2146 2789 2274 2837 habet,
2304 2802 2383 2827 non
2404 2797 2459 2827 est

1393 2848 1603 2878 aeternum.
1634 2840 1748 2877 Solus
1777 2852 1867 2888 ergo
1897 2842 2004 2878 Deus
2033 2849 2089 2879 est
2116 2849 2303 2880 aeternus.

1446 2894 1673 2930 RESPONDEO
1702 2905 1888 2931 DICENDUM
1925 2895 2031 2945 quod
2068 2895 2268 2933 aeternitas
2295 2909 2386 2934 vere
2425 2904 2462 2933 et

1391 2947 1547 2997 proprie
1574 2946 1614 2983 in
1643 2947 1726 2984 solo
1755 2947 1841 2984 Deo
1870 2955 1937 2985 est.
1968 2948 2070 2997 Quia
2093 2948 2295 2986 aeternitas
2322 2949 2460 2987 immu-

1392 3000 1615 3038 tabilitatem
1642 3000 1902 3049 consequitur,
1922 3009 1965 3038 ut
1984 3014 2030 3038 ex
2051 3001 2156 3039 dictis
2171 3001 2191 3023 '¹‘
2209 3009 2327 3051 patet:
2357 3003 2460 3040 solus

1393 3061 1522 3091 autem
1542 3055 1648 3091 Deus
1668 3060 1725 3091 est
1750 3054 1909 3091 omnino
1938 3054 2196 3103 immutabilis,
2217 3062 2258 3092 ut
2287 3063 2342 3092 est
2365 3060 2379 3082 ⁷
2398 3068 2459 3092 su-

1369 3126 1371 3128 ·
1391 3107 1520 3157 petius
1539 3106 1560 3128 '¹‘
1579 3114 1788 3145 ostensum.
1819 3108 2042 3145 Secundum
2061 3116 2190 3145 tamen
2210 3108 2316 3156 quod
2334 3108 2460 3158 aliqua

1393 3162 1440 3198 ab
1469 3161 1553 3210 ipso
1582 3159 1928 3198 immutabilitatem
1954 3161 2168 3211 percipiunt
2190 3158 2219 3208 ὅ,
2245 3163 2458 3200 secundum

1392 3215 1468 3252 hoc
1487 3213 1612 3263 aliqua
1630 3213 1711 3250 eius
1731 3213 1993 3252 aeternitatem
2012 3214 2248 3264 participant.

1448 3266 1651 3315 Quaedam
1681 3278 1770 3315 ergo
1799 3275 1985 3316 quantum
2013 3267 2062 3305 ad
2089 3268 2165 3304 hoc
2183 3273 2195 3288 ³
2217 3267 2461 3306 immutabili-

1394 3328 1510 3358 tatem
1526 3319 1734 3357 sortiuntur
1761 3332 1784 3356 a
1808 3321 1907 3369 Deo,
1928 3321 2034 3370 quod
2054 3333 2253 3370 nunquam
2283 3333 2366 3358 esse
2395 3321 2458 3359 de-

1395 3374 1541 3412 sinunt:
1561 3380 1597 3410 et
1616 3373 1831 3411 secundum
1844 3374 1920 3411 hoc
1935 3373 2070 3411 dicitur
2083 3373 2207 3411 Eccle.
2219 3386 2228 3411 1
2239 3373 2261 3396 '¹‘
2279 3375 2327 3413 de
2347 3382 2458 3424 terra,

1446 3525 1473 3558 γ)
1492 3528 1539 3549 est.
1557 3538 1577 3544 -
1594 3524 1658 3549 Post
1675 3527 1809 3549 ostensum
1828 3528 1927 3556 ponunt
1944 3524 2002 3553 A135
2022 3529 2088 3552 ante,
2103 3524 2189 3549 ceteri.

1446 3559 1470 3593 δ)
1486 3559 1649 3592 percipiunt.
1667 3574 1686 3578 -
1704 3560 1837 3592 recipiunt
1854 3560 1884 3583 B.
1902 3573 1921 3578 -
1939 3559 1990 3583 Pro
2008 3559 2107 3591 aliqua,
2126 3559 2244 3592 aliquam
2263 3560 2317 3585 FG.

1446 3596 1468 3628 ε)
1488 3598 1617 3628 quantum
1636 3595 1674 3620 ad
1692 3595 1749 3621 hoc.
1766 3608 1786 3615 -
1804 3595 1931 3620 dicuutur
1948 3598 2059 3619 aeterna
2078 3598 2207 3627 quantum
2226 3595 2263 3620 ad
2281 3595 2330 3621 hoc
2344 3596 2415 3628 quod
2427 3596 2459 3638 D·

2285 3647 2314 3672 13

2490 1866 2497 1874 ¹
2513 1863 2586 1886 Num.
2602 1870 2633 1885 iv.

2489 2781 2498 2789 '
2512 2779 2550 2800 Ad
2565 2779 2702 2806 Damasum,

2489 2805 2604 2833 Epist.xv,
2611 2806 2703 2828 ala-vn.

2488 3019 2496 3027 ·
2511 3018 2565 3039 Art.
2581 3023 2597 3038 1.

2585 3071 2601 3097 Υ

2488 3126 2496 3134 ·
2513 3123 2561 3151 Qu.
2577 3129 2609 3150 rx,
2625 3126 2668 3144 art.
2678 3128 2700 3144 2.

2586 3167 2601 3193 δ

2584 3282 2595 3298 Ξ

2488 3388 2496 3396 ·
2512 3386 2580 3408 Vers.
2595 3392 2619 3412 4.
