2768 4178
967 244 1236 291 QUAESTIO
1265 245 1352 291 VII,
1382 240 1681 282 ARTICULUS
1711 246 1761 282 IV

267 334 343 355 nem
359 325 531 365 assumpsit
554 325 643 366 quod
658 335 720 356 non
741 326 774 356 in
792 334 910 356 vanum
930 334 1033 365 agens
1052 329 1217 364 operatur.
1242 324 1341 360 Quod

267 375 376 399 autem
409 376 553 400 sumatur
585 369 732 410 proprie,
764 369 833 410 ipsa
860 368 947 399 verbi
979 368 1122 399 formalis
1154 367 1341 408 significatio

269 413 416 444 ostendit.
441 431 461 436 -
485 414 602 444 Parum
625 420 734 449 autem
757 419 812 444 aut
842 412 921 443 nihil
951 412 1045 444 refert
1067 419 1140 443 utro
1164 412 1265 442 modo
1289 422 1341 442 su-

269 463 384 488 matur.
416 457 449 488 Si
473 458 559 488 enim
587 458 724 488 sumitur
752 456 897 498 proprie,
922 456 1128 497 ponderanda
1151 463 1226 487 sunt
1247 457 1342 486 verba

269 501 467 541 probationis
484 512 560 533 cum
575 502 652 533 dicit
670 501 795 542 aliquid
813 506 977 542 operatur,
994 500 1075 531 idest
1084 502 1257 541 proprium
1278 506 1341 531 ter-

268 547 392 576 minum
409 548 605 587 operationis
627 546 769 587 attingit.
794 545 836 576 Et
854 554 910 586 per
926 544 989 576 hoc
1005 545 1217 576 excluduntur
1232 544 1342 575 omnia

269 590 496 631 consequentia
519 590 559 621 ad
575 590 743 631 proprium
767 596 798 620 et
820 589 980 620 intentum
996 599 1080 630 opus
1097 589 1230 629 agentis:
1256 596 1287 619 et
1303 589 1341 619 de

269 634 359 664 omni
383 641 488 666 creato
511 633 687 665 verificatur
711 634 801 675 quod
825 640 871 664 est
899 633 1048 674 proprius
1080 633 1234 665 terminus
1259 643 1341 664 crea-

269 678 375 709 tionis.
399 678 432 710 Si
454 688 531 709 vero
555 678 693 709 sumitur
715 677 940 714 communiter,
966 685 1131 709 causatum
1155 678 1342 718 restringen-

270 722 349 753 dum
372 728 419 753 est
441 723 481 753 ad
503 722 632 763 proprie
656 730 832 758 causatum,
849 728 885 753 ut
908 722 1112 763 distinguitur
1135 729 1244 753 contra
1267 732 1341 753 con-

268 768 433 807 sequentia
456 771 636 798 causatum.

321 809 454 847 Verum,
470 818 608 852 utroque
627 811 737 847 modo,
755 811 950 851 restringitur
973 811 1013 841 ad
1029 818 1155 842 causata
1171 811 1221 841 vel
1241 817 1342 841 creata

268 860 343 886 actu
368 856 548 893 existentia,
573 855 616 886 ita
635 855 724 896 quod
744 855 885 896 collapsa
908 855 1129 886 excluduntur.
1154 855 1195 886 Et
1210 855 1272 886 hoc
1295 855 1341 885 in-

269 899 414 931 sinuatur
427 899 461 930 in
483 899 595 936 littera,
620 909 695 931 cum
719 899 834 931 dicitur
858 901 1010 931 creantis.
1033 900 1133 938 Quod
1157 899 1243 930 enim
1258 909 1341 930 crea-

268 950 340 974 tum
355 951 403 975 est
417 951 448 975 et
471 951 658 984 perseverat,
675 944 826 975 continue
850 945 1094 985 quodammodo
1118 951 1249 980 creatur,
1267 944 1342 984 quia

269 995 489 1019 conservatur:
514 989 633 1030 pendet
648 989 734 1019 enim
755 989 833 1020 etin
852 988 918 1019 fieri
943 995 974 1019 et
995 989 1028 1019 in
1053 998 1120 1019 esse
1137 999 1155 1019 a
1169 994 1303 1019 creante.
1321 1006 1341 1011 -

269 1032 560 1074 Comprehenditur
575 1039 684 1064 autern
704 1034 762 1064 sub
787 1033 919 1064 creantis
942 1033 1128 1074 intentione,
1148 1043 1214 1063 non
1234 1033 1342 1063 solum

268 1077 358 1118 quod
373 1077 535 1108 actualiter
558 1077 848 1119 comprehenditur,
866 1078 921 1108 sed
944 1078 1034 1118 quod
1057 1076 1342 1118 comprehensibile

269 1127 324 1158 est,
349 1121 424 1152 dato
449 1122 539 1162 quod
562 1129 634 1153 actu
658 1132 724 1152 non
749 1121 1080 1162 comprehenderetur.

322 1165 390 1197 XII.
415 1166 462 1196 Ex
485 1166 548 1197 hoc
570 1173 679 1197 autem
702 1167 792 1207 quod
815 1173 979 1207 assumpta
1001 1165 1182 1207 propositio
1206 1175 1272 1195 non
1297 1171 1343 1195 est

267 1209 328 1241 nisi
348 1210 387 1241 de
403 1217 475 1241 actu
491 1210 704 1247 existentibus,
721 1221 804 1252 quae
820 1210 940 1251 proprii
956 1209 1082 1241 termini
1107 1209 1240 1240 actionis
1257 1215 1340 1244 sunt,

268 1254 389 1285 solutio
407 1255 568 1286 ‘omnium
596 1255 796 1286 obiectorum
819 1255 836 1273 *
859 1255 1002 1285 habetur.
1035 1253 1155 1285 Omnia
1184 1253 1343 1294 siquidem

268 1305 341 1330 actu
365 1299 527 1331 existentia
542 1306 648 1340 potest
666 1299 799 1330 Creator
822 1305 852 1329 et
875 1305 912 1329 ut
934 1298 1079 1329 medium
1102 1298 1142 1328 ad
1161 1297 1342 1338 acquisitio-

267 1351 344 1374 nem
367 1343 501 1374 alicuius
523 1342 595 1374 finis
618 1343 773 1379 ordinare,
798 1349 830 1373 et
852 1349 888 1373 ut
909 1341 1009 1373 finem
1031 1352 1088 1383 per
1111 1341 1231 1384 aliquid
1256 1341 1342 1372 aliud

268 1387 505 1429 assequendum
519 1387 693 1418 intendere.
717 1387 765 1418 Ex
781 1397 848 1428 quo
865 1386 951 1417 enim
968 1393 1039 1418 actu
1057 1386 1186 1417 existere
1201 1386 1341 1427 ponitur,

267 1432 333 1464 iam
355 1432 522 1463 terminata
545 1431 614 1462 eius
637 1431 807 1472 productio
827 1431 972 1473 ponitur:
998 1438 1029 1462 et
1052 1438 1284 1472 consequenter
1307 1437 1343 1462 ut

267 1475 414 1513 medium
435 1476 476 1507 ad
499 1475 620 1517 aliquid
643 1474 875 1517 acquirendum
895 1476 986 1517 dirigi
1000 1482 1121 1517 potest:
1147 1482 1178 1507 et
1201 1475 1344 1507 similiter

267 1520 375 1562 potuit
393 1530 461 1552 esse
480 1519 552 1551 finis
567 1520 708 1552 intentus
723 1527 754 1552 et
769 1520 943 1562 acquisitus
957 1530 1014 1562 per
1028 1520 1160 1562 aliquod
1183 1520 1342 1556 medium

267 1574 327 1596 nec
342 1565 423 1601 ratio
446 1563 528 1601 finis,
543 1574 601 1596 nec
615 1564 696 1597 ratio
721 1565 817 1596 medii
841 1565 880 1596 ad
898 1563 1005 1601 finem,
1023 1572 1179 1606 repugnat
1202 1565 1230 1596 ei
1253 1565 1343 1606 quod

267 1607 341 1641 actu
357 1609 477 1641 existat.
501 1609 543 1640 Et
558 1615 736 1650 propterea,
752 1619 828 1640 cum
843 1609 976 1640 intentio
1000 1619 1067 1640 non
1083 1609 1124 1640 sit
1139 1609 1266 1650 proprie
1283 1609 1343 1639 nisi

266 1652 339 1686 finis
361 1660 393 1685 et
414 1653 512 1685 medii
535 1663 592 1694 per
614 1653 705 1695 quod
728 1653 940 1697 acquirendus
968 1660 1015 1685 est
1037 1653 1123 1690 finis,
1150 1663 1247 1685 omne
1271 1660 1343 1685 actu

267 1698 403 1730 aistens
431 1698 716 1740 comprehensibile
741 1705 787 1730 est
810 1699 869 1729 sub
893 1705 977 1730 certa
1000 1698 1176 1730 intentione
1201 1698 1342 1735 creantis,

267 1751 335 1778 tam
357 1750 394 1775 ut
416 1742 489 1774 finis
507 1753 608 1784 quam
624 1749 659 1774 ut
675 1743 830 1775 medium.
854 1743 898 1775 Ut
917 1742 988 1774 finis
1007 1743 1156 1784 quidem:
1181 1750 1252 1775 tum
1267 1743 1344 1784 quia

267 1787 357 1820 nulla
375 1795 422 1819 est
441 1794 582 1819 creatura
605 1788 686 1818 adeo
709 1787 829 1824 infima,
849 1798 932 1829 quae
951 1797 1018 1818 non
1034 1787 1074 1819 sit
1088 1794 1143 1819 aut
1159 1798 1227 1819 esse
1242 1787 1344 1829 possit

266 1831 339 1864 finis
362 1832 496 1864 alicuius
511 1832 654 1868 alterius;
679 1839 750 1864 tum
764 1832 840 1874 quia
854 1832 967 1864 saltem
990 1839 1037 1864 est
1053 1839 1156 1865 certus
1179 1832 1251 1863 finis
1267 1842 1343 1863 suae

267 1876 504 1918 productionis;
530 1883 601 1908 tum
624 1877 701 1918 quia
720 1877 782 1907 hoc
801 1876 986 1917 intelligitur
996 1883 1161 1918 quantum
1177 1884 1223 1907 est
1239 1887 1276 1907 ex
1292 1885 1340 1907 se:

267 1920 349 1953 nulli
371 1922 460 1952 enim
483 1928 588 1952 creato
612 1928 684 1952 actu
708 1920 851 1952 existenti
867 1928 1032 1961 repugnat,
1053 1927 1212 1962 quantum
1235 1928 1283 1952 est
1306 1930 1343 1951 ex

268 1976 319 2003 se,
340 1966 422 1998 ratio
445 1965 535 2002 finis,
559 1965 707 2006 quamvis
734 1965 816 1996 forte
839 1965 959 2006 aliquid
982 1965 1102 1996 nullius
1125 1965 1165 1996 sit
1187 1964 1268 1996 finis.
1298 1965 1344 1996 Ut

268 2010 414 2042 medium
429 2017 554 2041 autem:
579 2010 655 2051 quia
670 2016 744 2050 post
760 2009 868 2050 ipsum
883 2016 1001 2041 restant
1018 2010 1139 2041 multae
1155 2016 1210 2041 aut
1225 2009 1342 2041 multo-

268 2065 343 2088 rum
365 2054 594 2096 productiones
610 2061 640 2085 et
656 2053 847 2090 nobilitates,
870 2054 912 2084 ad
926 2063 1065 2095 quarum
1079 2054 1218 2096 aliquam
1238 2061 1344 2095 potest

270 2098 409 2133 ordinari
432 2106 469 2130 ut
491 2098 646 2135 medium,
670 2098 760 2140 quod
783 2098 848 2129 iam
871 2105 918 2130 est
941 2108 996 2130 ens
1019 2098 1051 2129 in
1076 2105 1158 2130 actu.

323 2144 390 2175 Nec
409 2144 514 2174 obstat
531 2142 635 2183 prima
656 2149 765 2174 contra
787 2142 850 2173 hoc
873 2143 1056 2173 membrum
1079 2142 1227 2174 obiectio.
1253 2142 1343 2180 Quo-

270 2189 367 2225 niam,
380 2195 416 2219 ut
431 2187 496 2219 iam
509 2193 596 2228 patet
612 2196 649 2218 ex
665 2187 756 2218 dictis
765 2186 792 2223 ¹⁴⁸,
808 2186 984 2218 formaliter
997 2186 1164 2228 loquendo
1177 2187 1215 2217 de
1228 2193 1342 2223 creato,

269 2238 460 2274 nonpotest
480 2241 764 2272 esseconsequens
786 2231 955 2272 proprium
971 2231 1138 2262 creationis
1153 2231 1342 2267 terminum;

270 2277 327 2313 sed
338 2282 466 2318 oportet
477 2282 619 2308 creatum
633 2276 827 2308 creationem
841 2275 1019 2307 terminare.
1034 2275 1114 2307 Tale
1126 2282 1234 2307 autem
1249 2285 1344 2316 opor-

269 2329 316 2357 tet
337 2331 404 2354 esse
427 2321 588 2353 intentum
604 2327 639 2352 ut
654 2319 736 2357 finis,
757 2327 813 2352 aut
836 2319 980 2351 medium
995 2319 1036 2350 ad
1054 2319 1163 2351 finem.
1179 2338 1200 2343 -
1215 2321 1282 2351 Nec
1299 2327 1346 2351 est

269 2363 383 2398 verum
394 2365 484 2407 quod
495 2375 563 2396 non
578 2365 618 2397 sit
631 2365 774 2406 probata.
795 2364 960 2402 Quoniam
976 2374 1013 2395 ex
1028 2364 1082 2395 illa
1097 2371 1260 2405 assumpta
1271 2374 1344 2405 pro—

270 2411 446 2453 positione,
470 2419 574 2453 agens
598 2419 660 2440 non
685 2414 841 2451 operatur
863 2409 986 2450 aliquid
1009 2410 1041 2439 in
1067 2419 1197 2447 vanum,
1222 2409 1344 2450 optime

271 2462 308 2496 ex
324 2454 390 2487 fine
405 2454 598 2496 operationis
614 2453 784 2490 exterioris,
802 2452 1004 2484 concluditur
1018 2453 1173 2484 terminus
1188 2453 1345 2484 interioris

270 2499 466 2532 intentionis.
489 2499 538 2530 Ex
560 2508 600 2529 eo
624 2498 711 2529 enim
733 2498 824 2539 quod
847 2497 967 2528 nullius
990 2498 1110 2538 agentis
1133 2497 1277 2538 operatio
1299 2505 1347 2528 est

270 2545 449 2580 invanum,
466 2543 522 2575 sed
537 2543 578 2574 ad
589 2549 712 2575 eertum
727 2542 902 2576 terminum
917 2542 1095 2582 proprium,
1111 2549 1239 2582 oportet
1254 2542 1344 2583 quod

271 2588 406 2621 intentio
422 2587 584 2628 operantis
599 2586 640 2618 sit
658 2587 755 2618 etiam
769 2592 913 2628 respectu
930 2586 1005 2618 certi
1020 2587 1164 2618 termini:
1189 2587 1345 2628 quoniam

271 2632 406 2667 intentio
430 2631 550 2674 agentis
573 2630 683 2664 statuit
705 2630 804 2663 finem
827 2630 1050 2671 operationi.-
1065 2631 1106 2662 Et
1129 2631 1173 2662 sic
1197 2638 1283 2672 patet
1298 2641 1344 2662 re-

272 2677 405 2720 sponsio
428 2675 469 2707 ad
491 2675 597 2717 primo
621 2675 753 2706 obiecta.

325 2720 411 2752 XIII.
434 2720 486 2751 Ad
508 2719 683 2750 secundam
704 2725 781 2750 vero*
805 2719 1035 2750 dubitationem
1054 2719 1081 2756 *,
1107 2719 1221 2750 dicitur
1243 2719 1343 2760 quod,

273 2765 349 2808 quia
371 2771 439 2796 tota
461 2764 635 2795 multitudo
659 2763 860 2794 existentium
887 2763 920 2794 in
943 2770 1015 2794 actu
1046 2770 1152 2804 potest
1179 2763 1278 2804 accipi
1310 2769 1346 2794 ut

273 2819 378 2846 unum
401 2815 559 2845 creatum,
590 2808 746 2849 quoniam
775 2817 843 2841 non
873 2808 994 2840 excedit
1021 2808 1226 2844 universum,
1255 2808 1345 2848 quod

273 2854 370 2887 unius
385 2854 491 2897 primo
514 2852 626 2884 intenti
650 2852 744 2884 creati
767 2852 924 2884 rationem
945 2852 1056 2889 habet;
1081 2862 1279 2893 consequens
1299 2858 1346 2882 est

273 2895 364 2944 quod
386 2908 454 2931 non
477 2897 584 2929 solum
607 2896 732 2938 singula
755 2902 870 2933 creata,
894 2897 951 2928 sed
973 2897 1083 2928 omnia
1106 2897 1217 2933 simul,
1243 2896 1344 2927 modo

273 2949 345 2976 actu
369 2941 550 2978 coexistunt,
565 2948 640 2973 sunt
662 2939 958 2983 comprehensibilia
975 2942 1035 2972 sub
1055 2941 1161 2982 aliqua
1179 2951 1244 2971 una
1263 2947 1345 2971 certa

273 2986 450 3019 intentione
467 2986 614 3018 creantis.
639 2986 680 3017 Et
695 2991 862 3026 propterea
884 2985 1012 3016 nullum
1027 2985 1192 3026 sophisma
1214 2985 1247 3015 in
1270 2994 1344 3025 pro-

273 3031 383 3073 posito
397 3031 616 3066 committitur,
629 3030 685 3061 ubi
701 3040 738 3060 ex
753 3029 972 3070 propositione
986 3029 1154 3060 adversarii
1168 3029 1257 3071 quod
1273 3035 1344 3060 actu

274 3076 384 3111 existat
405 3074 529 3111 infinita
549 3074 742 3111 multitudo,
765 3073 914 3110 infertur,
935 3084 1017 3116 ergo
1040 3079 1086 3107 est
1109 3074 1344 3115 comprehensi-

274 3121 347 3154 bilis
368 3120 427 3151 snb
449 3125 540 3153 certa
562 3120 737 3164 intentione
759 3119 916 3157 creantis,
941 3128 1023 3160 ergo
1045 3129 1108 3150 non
1133 3123 1179 3150 est
1202 3118 1344 3159 infinita:

274 3164 350 3207 quia
367 3161 435 3195 tam
456 3162 578 3197 ratione
601 3163 698 3195 medii
714 3163 755 3194 ad
770 3163 1034 3203 consequendum
1057 3162 1164 3199 finem,
1181 3173 1280 3205 quam
1298 3172 1345 3193 ra-

274 3209 363 3240 tione
384 3207 466 3244 finis,
489 3214 645 3251 repugnat
667 3206 806 3238 infinitas
829 3206 1053 3239 multitudinis.

329 3251 414 3283 XIV.
430 3250 482 3282 Ad
495 3251 625 3283 tertium
640 3259 748 3283 autem
764 3251 900 3282 dubium
912 3250 940 3287 *,
965 3251 1080 3282 dicitur
1094 3251 1183 3292 quod
1200 3257 1343 3282 creatum

269 3307 333 3338 per
355 3296 504 3327 accidens
521 3303 627 3336 potest
650 3296 818 3337 dupliciter
839 3295 980 3335 intelligi.
1000 3295 1076 3326 Uno
1093 3295 1203 3332 modo,
1229 3301 1265 3326 ut
1281 3305 1346 3336 per

275 3341 424 3373 accidens
446 3339 649 3380 distinguitur
671 3347 780 3372 contra
796 3350 861 3380 per
873 3349 918 3370 se.
942 3339 984 3370 Et
1001 3339 1064 3370 hoc
1082 3340 1193 3376 modo,
1213 3346 1346 3380 negatur

275 3386 341 3416 dari
358 3391 498 3416 creatum
521 3394 578 3427 per
595 3384 756 3416 accidens:
781 3384 937 3426 quoniam
956 3393 1052 3414 omne
1069 3390 1209 3416 creatum
1225 3391 1272 3415 est
1289 3394 1346 3424 per

275 3430 418 3471 seipsum
438 3429 599 3460 intentum
616 3438 636 3460 a
654 3428 814 3465 Creatore,
831 3428 913 3460 sicut
936 3428 1032 3459 etiam
1055 3434 1102 3460 est
1124 3438 1181 3468 per
1203 3428 1345 3469 seipsum

275 3474 429 3506 tenninus
460 3472 642 3509 creationis;
673 3473 816 3514 alioquin
846 3483 913 3503 non
943 3472 1032 3504 fieret
1059 3483 1096 3503 ex
1123 3472 1235 3503 nihilo.
1269 3473 1343 3503 Alio

2411 250 2455 284 81

1396 324 1506 359 modo,
1531 331 1567 355 ut
1580 334 1643 364 per
1659 325 1806 356 accidens
1823 326 2025 366 distinguitur
2047 335 2155 358 contra
2166 337 2229 367 per
2243 337 2278 358 se
2294 329 2413 368 primo,
2432 335 2462 359 et

1396 367 1550 408 significat
1563 369 1649 399 idem
1664 369 1753 410 quod
1762 379 1825 410 per
1843 371 1941 401 aliud.
1967 371 2007 401 Et
2023 371 2084 402 hoc
2099 372 2198 402 modo
2215 372 2306 402 datur
2322 379 2462 403 creatum

1395 422 1452 452 per
1474 413 1627 449 accidens,
1644 413 1725 451 idest
1749 424 1805 454 per
1827 413 1922 450 aliud,
1939 415 2050 445 saltem
2074 416 2318 447 occasionaliter.
2344 417 2385 447 Et
2400 417 2463 447 hoc

1396 457 1496 487 modo
1521 457 1645 488 animae
1667 457 1891 494 intellectivae,
1917 465 1982 489 tam
2010 460 2095 500 apud
2124 460 2336 491 adversarium
2364 470 2462 501 quam

1396 511 1466 537 nos,
1493 508 1637 533 creantur
1659 512 1716 543 per
1739 502 1898 532 accidens:
1924 503 2068 543 quamvis
2092 505 2178 543 apud
2201 514 2260 534 nos
2283 505 2384 544 magis
2408 515 2463 544 per

1396 545 1539 576 accidens
1563 556 1661 587 quam
1681 546 1767 587 apud
1781 546 1900 586 ipsum.
1925 546 1986 578 Sed
2010 547 2070 578 hoc
2092 558 2157 578 non
2180 548 2293 579 aufert.
2303 549 2382 589 quin
2402 548 2463 579 sint

1395 599 1452 629 per
1475 590 1591 630 seipsas
1614 590 1752 622 intentae
1777 590 1934 629 singulae,
1959 591 2039 622 sicut
2062 598 2092 622 et
2114 602 2170 632 per
2193 592 2309 633 seipsas
2333 600 2460 623 creatae.

1396 634 1570 672 Quoniam,
1586 634 1731 675 quamvis
1754 635 1835 665 inter
1858 645 1890 665 se
1913 635 2047 667 habeant
2063 636 2207 666 ordinem
2230 647 2286 677 per
2309 637 2462 672 accidens,

1396 678 1509 709 relatae
1533 685 1639 710 tamen
1663 679 1703 709 ad
1723 686 1890 715 creantem,
1915 687 1989 710 sunt
2005 686 2036 710 et
2055 690 2111 720 per
2127 690 2159 710 se
2175 680 2313 711 intentae
2337 689 2367 712 et
2390 691 2463 721 pro-

1397 723 1524 753 ductae:
1550 723 1617 754 imo
1641 723 1741 764 magis
1757 733 1814 764 per
1832 733 1865 754 se
1881 733 1979 764 quarn
1995 725 2224 765 quodcumque
2244 725 2461 766 corruptibile;

1396 767 1551 808 quoniam
1575 778 1623 798 res
1646 767 1901 808 incorruptibiles
1931 767 2132 808 perfectiores
2155 775 2186 799 et
2209 768 2366 809 digniores
2389 775 2464 800 sunt

1396 810 1533 842 universi
1557 818 1670 851 partes,
1691 821 1726 842 ac
1749 821 1806 852 per
1828 812 1890 843 hoc
1914 812 2015 852 magis
2038 813 2186 843 intentae.
2212 812 2313 844 Cuius
2337 813 2464 853 signum

1396 863 1451 892 est,
1469 857 1558 897 quod
1582 856 1615 886 in
1639 856 1771 897 sphaera
1794 856 1981 893 activorum,
2006 857 2091 887 solae
2115 857 2233 898 species
2257 864 2331 888 sunt
2353 867 2409 898 per
2431 867 2464 888 se

1395 900 1542 936 intentae,
1560 900 1635 941 quia
1651 900 1738 931 solae
1753 907 1828 931 sunt
1843 907 2023 942 perpetuae.
2047 902 2089 932 Et
2103 901 2258 942 quoniam
2272 911 2339 931 non
2358 902 2465 932 solum

1396 944 1548 985 singulae,
1565 945 1621 975 sed
1643 944 1784 976 infinitae
1807 945 1903 976 simul
1926 948 2092 986 ponuntur
2107 946 2140 976 in
2164 952 2245 981 actu,
2268 955 2465 986 consequens

1397 995 1452 1025 est,
1469 995 1505 1019 ut
1520 988 1641 1020 dictum
1665 989 1725 1020 fuit
1740 989 1766 1025 *,
1792 996 1828 1020 ut
1849 999 1961 1020 omnes
1986 989 2047 1021 sint
2061 1000 2117 1030 per
2138 1000 2170 1020 se
2189 989 2326 1020 intentae
2343 996 2373 1020 et
2392 1000 2465 1030 pro-

1397 1033 1519 1069 ductae,
1534 1040 1645 1074 utpote
1661 1033 1720 1064 sub
1737 1033 1842 1075 aliqua
1857 1044 1922 1064 una
1941 1041 2023 1065 certa
2038 1034 2214 1065 intentione
2230 1034 2464 1075 comprehensi-

1396 1077 1488 1113 biles;
1509 1077 1576 1108 imo
1591 1085 1622 1109 et
1637 1078 1734 1108 simul
1750 1078 1972 1118 producibiles,
1986 1085 2144 1119 quantum
2160 1085 2207 1109 est
2223 1088 2259 1109 ex
2276 1088 2318 1115 se,
2331 1079 2364 1109 in
2380 1085 2464 1109 actu.

1450 1122 1518 1152 XV.
1535 1122 1672 1152 Adverte
1691 1122 1751 1159 hic,
1767 1123 1856 1163 quod
1872 1132 1908 1153 ex
1924 1123 1986 1153 hoc
2001 1123 2074 1153 loco
2090 1123 2224 1153 habetur
2239 1123 2328 1163 quod
2343 1122 2464 1153 s.Tho-

1397 1175 1465 1195 mas
1481 1165 1599 1196 ademit
1614 1166 1672 1196 sibi
1689 1176 1821 1197 ornnem
1834 1166 1920 1197 viam
1940 1167 2127 1197 concordiae
2143 1177 2217 1198 cum
2239 1167 2380 1198 doctrina
2395 1167 2464 1197 Ari-

1397 1209 1526 1246 stotelis,
1542 1210 1627 1241 iuxta
1651 1211 1883 1251 expositionem
1899 1221 2000 1242 suam.
2025 1211 2128 1242 Tenet
2151 1221 2290 1252 namque
2313 1211 2464 1242 Aristote-

1395 1253 1460 1284 lem
1484 1261 1610 1294 putasse
1635 1254 1756 1284 animas
1779 1254 1983 1285 intellectivas
2006 1255 2211 1291 immortales,
2233 1262 2264 1285 et
2286 1262 2465 1286 numeratas

1397 1298 1575 1329 secundum
1598 1308 1770 1329 numerum
1789 1308 1978 1338 corporum:
2004 1306 2034 1329 et
2053 1305 2175 1330 constat
2198 1299 2401 1330 Aristotelem
2420 1306 2466 1330 te-

1397 1341 1503 1373 nuisse
1531 1342 1770 1383 generationem
1800 1349 1969 1374 aeternam.
2003 1343 2050 1373 Ex
2080 1343 2129 1373 his
2162 1350 2269 1374 autem
2299 1343 2465 1374 manifeste

1397 1387 1541 1428 sequitur
1557 1386 1678 1417 animas
1697 1386 1854 1418 humanas
1878 1396 1944 1417 esse
1968 1393 2039 1418 actu
2058 1386 2212 1425 infinitas:
2237 1388 2327 1428 quod
2344 1387 2395 1418 hic
2411 1388 2465 1418 de-

1397 1431 1535 1462 cernitur
1553 1431 1760 1472 impossibile,
1777 1438 1807 1462 et
1825 1431 1858 1461 in
1875 1431 1901 1461 11
1921 1431 2011 1462 Cont.
2031 1431 2136 1469 Gent.,
2153 1441 2221 1473 cap.
2232 1442 2332 1468 Lxxxr,
2352 1431 2466 1463 dicitur

1397 1485 1463 1508 non
1492 1485 1667 1516 repugnare
1696 1475 1856 1507 doctrinae
1884 1475 2061 1506 Aristotelis
2089 1476 2121 1506 in
2150 1476 2191 1506 111
2214 1477 2343 1517 Pliysic.
2358 1475 2377 1495 '⁸‘
2399 1482 2430 1507 et
2453 1475 2465 1506 1

1400 1520 1492 1551 Caeli
1504 1519 1531 1556 *,
1556 1520 1632 1562 quia
1655 1520 1826 1561 utrobique
1849 1520 1888 1551 de
1911 1519 2035 1551 infinito
2059 1520 2211 1551 materiali
2234 1530 2339 1551 sermo
2363 1520 2432 1551 fuit.

1452 1564 1537 1595 XVI.
1555 1564 1647 1596 Circa
1662 1564 1744 1595 hanc
1761 1564 2002 1596 conclusionem
2017 1564 2044 1600 *,
2069 1565 2171 1596 multa
2186 1564 2358 1596 afferuntur
2373 1575 2391 1595 a
2406 1564 2465 1596 Ca-

1397 1609 1510 1650 preolo
1525 1609 1543 1628 *
1566 1615 1751 1649 argumenta
1780 1619 1816 1639 ex
1840 1608 1994 1649 Gregorio
2019 1615 2049 1640 et
2072 1609 2192 1639 Adam:
2217 1609 2272 1640 sed
2295 1609 2405 1640 omnia
2427 1609 2467 1639 ad

1397 1653 1456 1684 tria
1486 1653 1691 1684 reducuntur.
1722 1654 1831 1684 Primo
1860 1663 1934 1694 ergo
1963 1653 2065 1694 arguit
2089 1653 2142 1685 sic.
2174 1654 2297 1684 Dantur
2327 1653 2467 1685 infinitae

1398 1705 1502 1738 partes
1524 1697 1780 1739 proportionales
1803 1705 1875 1729 actu
1899 1698 1932 1728 in
1957 1697 2126 1728 continuo:
2152 1707 2226 1738 ergo
2247 1705 2383 1739 possunt
2402 1698 2468 1728 dari

1397 1749 1568 1783 separatae.
1593 1743 1689 1783 Ergo.
1706 1760 1727 1765 -
1740 1743 1898 1773 Probatur
1911 1742 2055 1783 sequela:
2080 1742 2156 1783 quia
2171 1753 2267 1774 omne
2283 1743 2468 1773 absolutum

1397 1787 1531 1818 existens
1554 1794 1660 1828 potest
1675 1786 1781 1818 divina
1797 1786 1940 1827 potentia
1958 1787 2135 1818 conservari
2155 1787 2222 1818 sine
2238 1797 2278 1818 eo
2297 1788 2385 1829 quod
2401 1797 2468 1817 non

1398 1838 1444 1863 est
1468 1831 1507 1862 de
1531 1831 1664 1863 essentia
1687 1831 1789 1868 illius;
1814 1831 1869 1862 sed
1893 1831 2091 1862 continuatio
2108 1831 2203 1863 unius
2227 1842 2302 1863 cum
2318 1832 2378 1862 alia
2401 1842 2467 1862 non

1397 1882 1444 1906 est
1467 1876 1506 1906 de
1530 1875 1663 1906 essentia
1686 1875 1842 1917 partium;
1868 1885 1953 1916 ergo.

1452 1920 1612 1958 Secundo,
1632 1920 1719 1950 Deus
1733 1920 1767 1950 in
1782 1919 1926 1961 quolibet
1943 1919 2035 1950 initio
2052 1920 2207 1961 cuiusque
2222 1920 2318 1961 partis
2334 1930 2467 1961 propor-

1396 1964 1523 1995 tionalis
1545 1964 1642 1995 unius
1665 1964 1778 2000 horae,
1804 1970 1909 2004 potest
1931 1973 2034 1994 creare
2058 1965 2223 2004 angelum:
2249 1974 2323 2005 ergo
2347 1965 2380 1995 in
2404 1975 2468 1995 una

1396 2009 1476 2040 hora
1499 2018 1602 2040 creare
1624 2007 1765 2040 infinitos
1786 2008 1820 2039 in
1835 2015 1917 2039 actu.
1935 2026 1955 2030 —
1970 2008 2012 2040 Et
2035 2008 2258 2040 confirmatur:
2283 2009 2359 2050 quia
2374 2010 2467 2050 quid-

1397 2053 1476 2094 quid
1497 2059 1603 2094 potest
1631 2053 1719 2084 Deus
1742 2053 1934 2089 successive,
1958 2059 2064 2093 potest
2087 2053 2198 2090 simul,
2223 2053 2257 2084 in
2280 2054 2381 2084 rebus
2398 2063 2466 2095 per-

1397 2097 1610 2139 manentibus.

1458 2142 1577 2179 Tertio,
1604 2151 1671 2171 non
1694 2141 1826 2172 minoris
1850 2141 2010 2181 potentiae
2034 2148 2079 2172 est
2102 2142 2190 2172 Deus
2214 2152 2313 2183 quam
2328 2142 2468 2173 infinitae

1398 2186 1533 2222 animae,
1555 2185 1580 2216 si
1604 2191 1717 2221 essent,
1742 2192 1773 2216 et
1795 2195 1893 2226 quarn
1909 2185 1990 2225 ignis
2013 2185 2138 2216 inferni.
2163 2186 2225 2217 Sed
2247 2186 2319 2217 illae
2338 2194 2470 2228 possent

1397 2229 1519 2261 infinita
1543 2230 1655 2266 simul;
1680 2236 1711 2260 et
1733 2229 1814 2270 ignis
1838 2229 1978 2261 infinitos
1999 2230 2165 2267 cruciatus,
2185 2230 2211 2260 si
2230 2237 2332 2262 essent
2355 2232 2398 2262 ibi
2422 2232 2469 2262 in-

1398 2274 1504 2306 finitae
1528 2274 1662 2305 animae.
1687 2274 1784 2314 Ergo.

1454 2319 1554 2350 XVII.
1578 2319 1629 2350 Ad
1647 2319 1758 2359 prima
1781 2318 1846 2349 duo
1876 2325 2062 2359 argumenta
2087 2319 2296 2360 respondetur
2319 2320 2468 2356 breviter,

1398 2364 1487 2405 quod
1503 2363 1548 2394 ibi
1564 2370 1610 2395 est
1625 2362 1789 2404 sophisma
1801 2373 1821 2393 a
1833 2372 1929 2394 sensu
1941 2363 2043 2395 diviso
2058 2363 2102 2394 ad
2113 2365 2330 2404 compositum.
2347 2365 2468 2402 Quam-

1398 2408 1445 2438 vis
1462 2408 1549 2439 enim
1564 2408 1604 2438 de
1623 2406 1744 2438 ratione
1768 2406 1964 2447 singularum
1981 2407 2121 2448 partium
2140 2417 2206 2438 non
2222 2408 2261 2439 sit
2277 2409 2469 2441 continuitas

1399 2463 1474 2483 cum
1503 2452 1578 2488 alia,
1604 2458 1651 2482 est
1672 2457 1780 2482 tamen
1808 2451 1846 2481 de
1874 2451 1994 2482 ratione
2024 2452 2173 2482 omnium
2196 2452 2305 2483 simul:
2331 2454 2406 2494 quia
2429 2454 2469 2484 de

1398 2497 1520 2528 ratione
1544 2506 1653 2527 earum
1677 2495 1782 2532 simul,
1808 2502 1854 2526 est
1871 2505 1937 2526 esse
1952 2495 1985 2525 in
2002 2496 2153 2536 potentia,
2170 2496 2221 2527 cui
2235 2504 2390 2537 repugnat
2406 2498 2468 2528 sin-

1398 2542 1547 2582 gularum
1570 2541 1609 2572 ab
1632 2540 1768 2571 invicem
1792 2539 1956 2580 separatio·
1972 2557 1992 2562 -
2011 2540 2051 2571 Et
2074 2540 2217 2571 similiter
2244 2541 2386 2582 implicat
2409 2552 2469 2572 nu-

1398 2596 1520 2618 merare
1541 2585 1630 2616 initia
1653 2584 1762 2615 omnia
1784 2590 1924 2624 paruum
1947 2584 2236 2625 proportionalium
2255 2585 2366 2616 horae:
2391 2587 2469 2627 quia

1398 2631 1530 2672 ponitur
1544 2640 1580 2661 ea
1596 2628 1770 2661 successiva
1793 2628 2013 2659 numeratione
2037 2629 2196 2669 completa
2218 2629 2252 2660 in
2274 2629 2337 2660 fine
2359 2630 2466 2668 horae,

1399 2681 1430 2706 et
1452 2682 1559 2706 tamen
1582 2672 1713 2704 infinita.
1739 2672 1771 2703 Si
1795 2672 1880 2703 enim
1896 2671 2034 2708 infinita,
2060 2683 2227 2714 nunquam
2251 2675 2466 2705 numerabun-

1398 2727 1466 2750 tur:
1492 2726 1523 2750 et
1545 2719 1571 2749 si
1595 2717 1859 2757 complebuntur,
1891 2726 1958 2747 non
1982 2724 2074 2748 erunt
2097 2717 2228 2749 infinita.
2261 2719 2369 2749 Potest
2393 2729 2467 2760 ergo

1399 2765 1486 2795 Deus
1509 2763 1542 2793 in
1565 2761 1698 2802 singulis
1720 2761 1827 2797 initiis,
1851 2771 1918 2792 non
1941 2767 2048 2792 autem
2071 2761 2105 2791 in
2128 2762 2290 2794 omnibus.
2308 2781 2328 2785 -
2346 2763 2387 2794 Et
2411 2774 2468 2804 per

1398 2808 1462 2839 hoc
1490 2808 1530 2838 ad
1558 2805 1853 2837 confirmationem:
1885 2805 1961 2846 quia
1990 2815 2048 2836 nec
2064 2806 2174 2838 ,simul
2204 2817 2262 2838 nec
2293 2809 2468 2839 successive

1399 2858 1504 2893 potest
1525 2851 1701 2892 producere
1723 2848 1847 2880 infinita
1870 2856 1942 2881 actu
1966 2850 2137 2882 existentia.

1454 2896 1506 2927 Ad
1530 2896 1658 2926 tertium
1683 2901 1800 2930 autem,
1821 2903 1973 2925 concesso
1997 2901 2077 2931 toto,
2101 2895 2180 2925 nihil
2202 2895 2336 2926 habetur
2358 2903 2467 2927 contra

1398 2941 1567 2972 intentum.
1592 2938 1758 2976 Quoniam
1780 2948 1847 2969 non
1867 2948 1903 2969 ex
1922 2938 2046 2969 defectu
2070 2939 2193 2969 divinae
2217 2939 2386 2979 potentiae,
2412 2941 2466 2970 sed

1399 2995 1436 3016 ex
1458 2983 1712 3024 impossibilitate
1734 2982 1779 3013 rei
1802 2982 1963 3019 factibilis,
1989 2983 2151 3023 consurgit
2178 2984 2266 3024 quod
2289 2983 2411 3014 infinita
2433 2984 2466 3014 in

1399 3036 1470 3060 actu
1495 3038 1562 3059 esse
1585 3032 1759 3068 nequeunt.
1784 3026 1870 3058 Cum
1893 3037 1960 3068 quo
1983 3034 2091 3058 tamen
2110 3034 2170 3058 stat
2185 3027 2273 3068 quod
2296 3027 2367 3058 illae
2391 3038 2465 3058 con-

1399 3073 1566 3105 ditionales
1589 3078 1663 3103 sunt
1675 3080 1783 3103 verae:
1807 3071 1897 3107 sicut,
1918 3071 1944 3102 si
1963 3071 2063 3102 homo
2088 3078 2134 3102 est
2156 3071 2218 3107 leo,
2238 3078 2286 3102 est
2307 3072 2465 3112 rugibilis3

2492 993 2503 1003 ⁴
2517 992 2588 1014 Num.
2598 993 2705 1020 praeced.

2494 1474 2502 1482 ·
2515 1473 2596 1500 Cap.v,
2605 1473 2644 1494 n.6
2653 1479 2706 1501 sqq.

2494 1521 2503 1531 ⁸
2519 1520 2575 1548 Cap.
2591 1527 2624 1548 v1,
2639 1527 2662 1543 n.
2672 1527 2707 1547 υς

2494 1553 2634 1596 Petit...
2647 1580 2679 1595 w.

2496 1610 2503 1618 ·
2526 1609 2536 1629 1
2550 1608 2630 1636 Seni„
2652 1609 2706 1630 dist.

2495 1641 2549 1656 mn
2557 1642 2562 1661 ;
2570 1639 2592 1656 et
2599 1641 2660 1662 xuv,
2667 1641 2706 1663 qu.

2494 1668 2508 1689 1,
2518 1665 2559 1683 art.
2570 1668 2590 1689 2,
2602 1662 2677 1683 concl.
2687 1668 2708 1690 3.

1399 3128 1466 3150 non
1481 3124 1588 3148 tamen
1605 3115 1758 3157 sequitur,
1782 3125 1862 3157 ergo
1883 3116 1975 3147 Deus
1984 3121 2091 3156 potest
2102 3115 2223 3156 facere
2237 3116 2394 3147 hominm
2411 3126 2465 3147 ru·
2515 3145 2519 3147 .

1424 3163 1538 3194 ibilem.

1398 3173 1423 3204 g
1454 3205 1567 3237 XVIII.
1591 3204 1736 3236 Secunda
1767 3204 1931 3235 conclusio
1952 3203 1969 3222 *
1992 3204 2174 3244 responsiva
2207 3211 2270 3234 est:
2302 3203 2465 3235 Infinitum

1399 3250 1576 3286 secundum
1598 3247 1836 3279 multitudinem
1859 3248 2018 3279 invenitur
2039 3248 2072 3278 in
2096 3247 2246 3288 potentia.
2264 3265 2283 3270 -
2299 3247 2463 3280 Probatur.

1399 3294 1562 3326 Infinitum
1584 3292 1744 3324 invenitur
1765 3292 1798 3322 in
1821 3292 1963 3333 potentia
1983 3292 2159 3322 secundum
2177 3292 2366 3323 divisionem
2389 3303 2465 3323 con-

1399 3339 1496 3371 tinui:
1521 3348 1595 3378 ergo
1623 3337 1801 3368 secundum
1827 3336 2075 3368 multitudinem.
2099 3354 2119 3358 -
2142 3336 2296 3366 Probatur
2320 3337 2463 3377 sequela:

1399 3385 1474 3425 quia
1498 3388 1706 3422 augmentum
1729 3380 1941 3412 multitudinis
1969 3380 2110 3421 sequitur
2133 3380 2321 3411 divisionem
2345 3382 2465 3421 magni-

1399 3428 1527 3459 tudinis.
1552 3425 1748 3457 Antecedens
1767 3432 1868 3465 patet:
1894 3432 1924 3455 et
1947 3425 2107 3465 probatur,
2132 3424 2207 3465 quia
2230 3424 2411 3465 proceditur
2426 3426 2465 3455 ad

1398 3480 1572 3503 materiam.

1317 3561 1426 3589 ’ΞΞ-

420 3662 529 3686 Summa
548 3660 649 3684 Tasot.
670 3660 699 3683 D.
720 3659 834 3684 Taoraaa
853 3660 885 3684 T.
905 3661 923 3684 Ι.

2291 3664 2315 3679 11

2494 3203 2501 3211 ·
2518 3201 2554 3223 Cf.
2565 3207 2628 3223 num.
2640 3207 2671 3223 iv.
