2768 4178
74 939 84 949 ⁸
99 938 135 960 cf.
150 944 215 960 num.
229 944 260 959 vi.

74 980 85 991 ⁴*
99 980 150 1001 Art.
167 986 188 1001 v.

316 270 364 305 60
1037 268 1303 315 QUAESTIO
1333 268 1378 316 V,
1409 269 1706 307 ARTICULUS
1738 272 1786 307 III

998 389 1330 423 Commentaaeia
1353 389 1604 424 cardinalis
1626 392 1827 426 Caietam

346 502 365 521 N
389 500 520 530 corpore
542 499 605 520 una
625 488 797 525 conclusio,
814 488 998 529 responsiva
1018 487 1161 528 quaesito
1182 486 1380 517 affirmative:

319 504 452 567 IOmne
476 544 549 570 ens,
579 533 771 574 inquantum
800 543 874 569 ens,
900 540 946 563 est
969 533 1103 563 bonum.
1138 531 1179 561 Et
1202 531 1327 561 additur
1349 530 1382 571 ly

315 581 503 621 inquantum
527 578 559 608 in
584 577 798 613 conclusione,
816 577 856 607 ad
871 577 1105 607 ostendendum
1129 575 1217 616 quod
1241 585 1307 605 non
1327 585 1383 615 per

315 624 476 660 accidens,
509 623 563 653 sed
587 632 643 663 per
666 632 698 652 se
722 621 870 652 convenit
900 621 989 651 omni
1022 620 1085 651 enti
1116 629 1183 650 esse
1211 620 1344 650 bonum.
1362 637 1382 642 ·—

315 670 469 700 Probatur
492 668 545 699 sic.
571 667 677 698 Omne
701 676 766 702 ens,
787 673 822 697 ut
841 666 894 702 sic,
913 673 958 696 est
981 672 1066 696 actu:
1092 674 1166 704 ergo
1191 663 1380 704 perfectum:

316 724 390 755 ergo
410 711 578 755 appetibile
597 717 628 744 et
646 712 779 743 bonum.
795 729 815 733 -
831 710 949 741 Omnia
965 710 1046 740 clara
1070 715 1152 739 sunt.
1177 708 1283 738 Prima
1306 718 1381 738 con-

315 759 478 800 sequentia
490 759 654 799 probatur:
674 757 749 798 quia
765 755 870 787 omnis
886 761 974 786 actus
986 753 1137 795 perfectio
1150 752 1308 794 quaedam
1324 759 1380 783 est.

372 804 408 834 11.
435 804 469 833 ln
488 802 695 843 responsione
711 801 751 831 ad
767 807 926 842 quartum,
947 799 1071 830 adverte
1090 798 1179 839 quod
1198 797 1299 827 littera
1316 796 1381 827 duo

316 848 399 879 dicit.
424 847 532 878 Primo
556 856 694 887 namque
717 845 868 881 verificat,
892 844 1081 884 assignando
1105 842 1261 874 rationem
1284 851 1382 882 quare

316 892 537 923 mathematica
572 901 637 921 non
662 897 735 921 sunt
758 891 860 920 bona:
895 889 1050 923 secundo,
1087 886 1258 928 respondet
1289 895 1381 926 argu-

316 944 425 968 mento
441 934 465 967 *.
484 954 502 959 -
519 937 662 966 Primum
687 935 818 976 quidem
842 933 992 964 fundatur
1015 942 1110 973 super
1133 932 1203 967 hoc,
1221 931 1309 972 quod
1333 940 1381 960 res

316 988 390 1012 sunt
408 982 520 1017 bonae,
538 987 573 1011 ut
591 979 671 1010 infra
686 979 703 998 *
726 978 853 1019 patebit,
870 985 925 1008 aut
943 977 1018 1018 quia
1042 983 1124 1012 sunt,
1145 983 1200 1007 aut
1218 975 1294 1016 quia
1309 974 1383 1005 talia

315 1032 398 1061 sunt,
424 1032 479 1056 aut
501 1025 576 1066 quia
599 1024 785 1055 ordinantur
807 1023 839 1053 in
863 1023 997 1053 bonurn.
1022 1020 1244 1052 Mathematica
1263 1026 1380 1055 autem,

316 1078 351 1101 ut
374 1070 427 1106 sic,
452 1069 636 1100 abstrahunt
660 1069 698 1098 ab
722 1067 770 1098 his
795 1067 962 1097 omnibus:
989 1066 1027 1096 ab
1052 1075 1118 1096 esse
1142 1065 1282 1106 quidem,
1307 1064 1382 1105 quia

315 1122 350 1145 ut
370 1114 412 1144 sic
436 1124 501 1144 non
526 1119 616 1149 sunt;
642 1113 680 1142 ab
705 1122 771 1142 esse
795 1118 902 1142 autem
925 1111 996 1146 tale,
1018 1110 1129 1140 eadem
1152 1109 1282 1145 ratione,
1299 1118 1381 1149 quo-

315 1159 401 1189 niam
425 1168 491 1188 esse
510 1158 570 1188 tale
590 1156 743 1197 supponit
767 1165 851 1191 esse;
876 1156 915 1186 ab
935 1155 1045 1185 ordine
1061 1161 1169 1185 autem
1189 1153 1228 1183 ad
1246 1153 1381 1189 bonum,

315 1203 389 1244 quia
414 1202 597 1232 abstrahunt
613 1212 631 1231 a
645 1201 717 1231 fine.
742 1201 912 1231 Probatur:
937 1199 1008 1230 finis
1024 1199 1118 1230 habet
1141 1198 1296 1229 rationem
1311 1207 1382 1228 rno-

314 1247 425 1283 ventis,
450 1247 525 1277 haec
549 1253 657 1277 autem
681 1245 865 1276 abstrahunt
888 1255 906 1275 a
929 1244 1059 1275 materia
1083 1251 1113 1274 et
1137 1250 1239 1274 motu.

372 1292 423 1321 111.
450 1291 541 1322 Circa
564 1291 644 1321 hanc
667 1297 789 1331 partem
808 1295 984 1323 ,occurrunt
1012 1289 1077 1319 duo
1102 1288 1207 1318 dubia.
1237 1287 1380 1317 Primum

316 1343 362 1367 est
381 1336 461 1366 circa
484 1336 571 1366 illam
595 1335 760 1370 rationem,
785 1334 874 1375 quod
897 1333 970 1364 ideo
988 1332 1210 1364 mathematica
1226 1341 1292 1362 non
1309 1338 1383 1361 sunt

315 1382 399 1411 bona
418 1380 521 1420 prima
536 1379 686 1415 bonitate,
704 1379 778 1419 quia
798 1388 863 1409 non
880 1378 1055 1409 subsistunt
1071 1383 1222 1418 separata.
1248 1375 1280 1406 Si
1297 1375 1382 1406 enim

315 1425 391 1455 haec
416 1424 494 1455 ratio
523 1424 624 1460 valet,
659 1423 801 1464 sequitur
833 1423 922 1463 quod
953 1422 1040 1453 nulla
1072 1432 1120 1452 res
1148 1421 1180 1451 in
1214 1420 1382 1451 universali

315 1476 452 1509 sumpta,
473 1476 519 1499 est
538 1469 638 1499 bona:
663 1467 818 1509 quoniam
842 1467 929 1498 nulla
953 1477 1000 1497 res
1024 1466 1240 1497 universaliter
1255 1472 1382 1505 sumpta

316 1514 464 1549 subsistit,
483 1513 568 1553 apud
588 1512 820 1553 Peripateticos.
847 1511 1056 1552 Consequens
1075 1517 1122 1541 est
1141 1510 1270 1540 falsum:
1296 1519 1380 1549 ergo.

371 1558 552 1589 Secundum
578 1557 713 1587 dubium
732 1563 778 1587 est
794 1556 874 1587 circa
897 1556 984 1586 illam
1009 1555 1173 1590 rationem,
1199 1555 1287 1595 quod
1310 1554 1382 1584 ideo

315 1602 537 1633 mathematica
561 1601 744 1632 abstrahunt
760 1611 777 1631 a
794 1600 865 1637 fine,
884 1600 959 1641 quia
977 1599 1160 1630 abstrahunt
1177 1609 1194 1629 a
1209 1598 1338 1629 materia
1353 1604 1383 1628 et

316 1654 417 1683 motu,
435 1646 510 1688 quia
529 1645 599 1676 finis
618 1646 711 1676 habet
735 1645 890 1676 rationem
915 1644 1081 1675 moventis.
1107 1643 1281 1684 Dupliciter
1297 1642 1383 1673 enim

316 1691 447 1721 deficere
470 1691 593 1721 videtur
617 1690 693 1720 haec
717 1690 807 1720 ratio.
836 1690 965 1726 Primo,
990 1689 1064 1730 quia
1087 1695 1271 1728 sequeretur
1294 1687 1383 1728 quod

315 1735 573 1776 metaphysicalia
592 1735 804 1765 abstraherent
819 1744 836 1764 a
852 1733 930 1764 fine:
956 1733 1031 1774 quia
1046 1732 1146 1773 magis
1165 1732 1349 1763 abstrahunt
1366 1742 1383 1761 a

316 1780 445 1810 materia
462 1787 492 1810 et
511 1786 602 1810 motu
627 1789 724 1820 quam
749 1779 979 1809 mathematica.
1005 1777 1163 1821 Secundo,
1184 1776 1259 1818 quia
1277 1776 1383 1817 aequi-

316 1831 447 1855 vocatur
470 1824 509 1854 de
533 1830 643 1854 motu:
669 1823 824 1864 quoniam
848 1822 918 1853 finis
942 1832 1008 1852 non
1032 1822 1126 1852 habet
1142 1821 1297 1851 rationem
1314 1831 1382 1850 mo-

316 1869 415 1899 ventis
440 1875 531 1899 motu
556 1868 681 1908 proprie
705 1868 800 1903 dicto,
827 1877 844 1897 a
863 1877 929 1908 quo
954 1866 1104 1897 abstrahit
1127 1865 1382 1901 mathematicus;

317 1913 372 1943 sed
395 1920 486 1943 motu
515 1912 731 1953 metaphorice
755 1911 849 1943 dicto.
879 1911 1034 1949 Quamvis
1059 1920 1132 1950 ergo
1157 1910 1321 1941 conclusio
1345 1909 1383 1940 sit

316 1967 398 1993 vera,
423 1957 502 1988 ratio
526 1964 631 1987 tamen
656 1957 743 1987 nulla
767 1963 823 1987 est.

374 2002 426 2032 IV.
451 2001 502 2032 Ad
519 2002 663 2042 primum
680 2001 810 2031 dubium
827 2001 950 2036 dicitur,
968 2000 1056 2041 quod
1072 1999 1293 2030 mathematica
1310 2008 1382 2039 pos-

317 2053 390 2076 sunt
414 2045 498 2076 sumi
522 2045 696 2086 dupliciter.
725 2045 796 2076 Uno
820 2045 923 2082 modo,
949 2044 1127 2075 secundum
1146 2044 1178 2074 id
1198 2043 1287 2084 quod
1310 2049 1384 2073 sunt

316 2090 468 2121 absolute.
499 2090 539 2120 Et
563 2089 606 2121 sic
629 2090 715 2120 idem
739 2096 785 2120 est
808 2089 963 2120 iudicium
987 2089 1025 2119 de
1050 2089 1093 2119 eis
1117 2095 1148 2119 et
1171 2088 1382 2123 naturalibus,

316 2135 425 2175 quoad
440 2144 506 2164 esse
524 2141 553 2165 et
569 2134 756 2166 bonitatem:
778 2144 843 2164 non
861 2134 946 2164 enirn
963 2133 1138 2173 triangulus
1155 2132 1254 2173 magis
1269 2133 1384 2163 abstra-

317 2179 363 2209 hit
382 2179 420 2209 ab
440 2189 506 2209 esse
526 2189 625 2220 quam
644 2179 767 2210 albedo.
793 2179 833 2209 Et
852 2179 896 2209 sic
915 2179 954 2208 de
973 2178 1017 2208 eis
1042 2187 1106 2208 non
1127 2183 1173 2208 est
1192 2176 1242 2207 hic
1262 2185 1383 2207 sermo:

317 2224 372 2254 sed
396 2223 457 2254 dici
488 2223 525 2254 de
553 2223 629 2264 ipsis
658 2230 762 2264 potest
785 2223 874 2264 quod
906 2229 979 2254 sunt
1009 2223 1095 2253 bona
1125 2231 1164 2252 eo
1193 2221 1294 2251 modo
1318 2231 1384 2261 quo

318 2267 410 2303 entia,
428 2267 544 2298 scilicet
563 2268 740 2298 secundum
759 2278 816 2298 sua
835 2267 999 2298 individua
1018 2267 1050 2298 in
1067 2275 1173 2297 rerum
1189 2273 1300 2296 natura
1324 2265 1384 2296 exi-

317 2312 438 2348 stentia,
464 2318 522 2342 etc.

371 2356 443 2386 Alio
467 2356 559 2387 modo
579 2356 818 2388 considerantur
842 2362 876 2387 ut
899 2357 1123 2387 mathematica
1147 2360 1234 2392 sunt,
1251 2354 1384 2395 inquan-

317 2408 388 2431 tum
411 2401 546 2431 subsunt
577 2401 630 2431 tali
661 2401 878 2432 abstractionis
902 2401 1013 2431 modo.
1045 2400 1085 2431 Et
1108 2400 1151 2430 sic
1175 2406 1307 2439 negatur
1330 2408 1386 2439 par

318 2455 384 2476 esse
400 2445 554 2475 iudicium
569 2446 608 2476 de
625 2446 678 2482 eis,
697 2453 727 2476 et
745 2446 784 2476 de
801 2446 868 2476 aliis
888 2446 981 2476 rebus
997 2445 1030 2475 in
1046 2444 1214 2475 universali
1239 2443 1384 2483 sumptis.

318 2508 337 2512 —
356 2490 406 2520 Ad
427 2490 516 2520 cuius
540 2490 740 2526 evidentiam,
760 2491 838 2522 scito
858 2490 957 2531 quod,
974 2490 1047 2520 licet
1066 2489 1175 2519 omnia
1199 2487 1386 2519 universalia

317 2534 349 2564 in
374 2535 435 2564 hoc
459 2534 663 2570 conveniant,
688 2536 775 2576 quod
801 2545 866 2565 non
891 2535 1066 2566 subsistunt
1089 2534 1120 2563 in
1146 2543 1203 2563 sua
1226 2532 1384 2563 universa-

318 2578 418 2615 litate;
449 2579 528 2609 inter
562 2579 750 2610 universalia
781 2587 885 2610 tamen
920 2578 1069 2620 physica,
1105 2577 1326 2608 mathematica
1357 2583 1387 2607 et

318 2623 542 2664 metaphysica,
562 2633 676 2663 magna
700 2631 746 2655 est
765 2623 937 2654 differentia
960 2623 1069 2665 quoad
1087 2622 1254 2653 subsistere
1269 2621 1300 2651 in
1321 2620 1385 2651 suis

318 2667 579 2698 abstractionibus
595 2668 742 2708 propriis.
767 2668 1024 2709 Metaphysicalia
1042 2677 1191 2708 namque,
1209 2666 1385 2697 secundum

318 2712 481 2752 propriam
504 2712 746 2743 abstractionem
775 2719 911 2753 sumpta,
937 2712 1127 2743 subsistunt:
1153 2711 1308 2752 quoniam
1332 2710 1385 2740 ha-

318 2757 393 2787 bent
416 2756 448 2786 in
472 2766 579 2787 rerum
601 2764 712 2788 natura
734 2757 898 2788 individua
917 2756 1126 2788 abstrahentia
1149 2756 1187 2786 ab
1212 2755 1301 2786 omni
1317 2764 1385 2785 ma-

318 2801 394 2831 teria
418 2801 554 2831 sensibili
579 2808 609 2832 et
631 2801 828 2842 intelligibili,
846 2809 880 2832 ut
905 2809 989 2842 patet
1008 2802 1046 2832 de
1071 2800 1294 2840 inteuigentiis.
1319 2800 1385 2830 Ma-

318 2845 486 2876 thematica
501 2855 587 2881 vero,
604 2846 781 2877 secundum
800 2846 961 2887 propriam
981 2845 1224 2877 abstractionem
1248 2850 1384 2884 sumpta,

311 2899 384 2920 -non
409 2889 561 2920 existunt:
593 2890 747 2931 quoniam
779 2890 905 2921 nullum
938 2890 1054 2921 habent
1081 2890 1112 2920 in
1138 2899 1243 2920 rerum
1275 2895 1386 2919 natura

318 2934 518 2964 individuum
538 2934 719 2965 abstrahens
739 2945 756 2965 a
773 2935 902 2966 materia
922 2934 1076 2970 sensibili;
1102 2944 1166 2964 non
1192 2933 1277 2964 enim
1300 2933 1385 2963 inve-

319 2979 403 3009 nitur
426 2978 502 3009 haec
525 2979 625 3015 linea,
660 2979 718 3009 nisi
743 2980 775 3009 in
799 2979 1020 3010 terminatione
1049 2978 1191 3019 corporis
1219 2977 1384 3008 sensibilis.

317 3023 478 3054 Naturalia
497 3030 614 3058 autem,
635 3033 710 3055 cum
729 3024 850 3054 nullam
874 3024 1008 3054 habeant
1027 3023 1188 3063 propriam
1205 3021 1385 3053 abstractio-

318 3077 407 3103 nem,
433 3068 487 3098 sed
517 3077 587 3098 eam
616 3075 741 3099 tantum
768 3078 850 3110 quae
875 3068 1055 3099 communis
1085 3074 1130 3098 est
1154 3066 1304 3097 omnibus
1328 3066 1385 3096 sci-

318 3111 442 3148 bilibus,
463 3111 580 3143 scilicet
603 3123 667 3153 qua
691 3113 865 3144 universale
890 3112 1039 3143 abstrahit
1063 3122 1080 3142 a
1099 3110 1294 3152 particulari;
1320 3120 1385 3140 ma-

319 3155 429 3186 nifeste
449 3163 534 3197 patet
553 3157 642 3197 quod
661 3157 836 3188 subsistunt
855 3157 887 3187 in
908 3167 1013 3187 rerum
1033 3163 1154 3192 natura,
1173 3155 1251 3186 dum
1270 3155 1386 3185 habent

318 3200 480 3231 individua
509 3201 708 3232 subsistentia
749 3211 822 3232 cum
859 3201 988 3231 materia
1023 3200 1179 3236 sensibili,
1214 3206 1244 3230 et
1277 3199 1385 3230 ceteris

319 3245 554 3276 conditionibus
577 3245 609 3276 in
634 3246 801 3276 universali
825 3245 918 3276 scitis.
935 3263 955 3268 -
969 3245 1055 3276 Cum
1075 3255 1149 3285 ergo
1170 3244 1202 3275 in
1220 3243 1322 3274 littera
1341 3242 1385 3273 di·

319 3288 399 3319 citur
426 3290 514 3330 quod
533 3290 755 3322 mathematica
778 3299 844 3321 non
868 3290 1060 3325 subsistunt,
1085 3299 1151 3320 non
1172 3295 1218 3320 est
1236 3287 1385 3328 interpre-

319 3333 452 3363 tandum
471 3335 559 3375 quod
580 3334 767 3366 universalia
785 3334 1006 3365 mathematica
1026 3333 1242 3364 universaliter
1257 3338 1386 3372 sumpta

320 3387 385 3407 non
410 3378 583 3410 subsistunt
608 3378 682 3421 (hoc
707 3379 792 3409 enim
817 3385 897 3409 esset
921 3378 1091 3409 ridiculum
1115 3388 1173 3419 pro
1198 3377 1318 3408 ratione
1342 3375 1385 3406 af-

321 3420 429 3464 ferre):
455 3423 509 3453 sed
533 3424 621 3464 quod
645 3423 865 3454 mathematica
881 3429 915 3453 ut
931 3422 983 3458 sic,
1003 3422 1228 3463 particulariter
1247 3426 1384 3461 sumpta,

321 3475 386 3495 non
411 3467 601 3503 subsistunt;
627 3478 700 3503 seu,
731 3468 819 3508 quod
843 3467 928 3497 idem
960 3474 1022 3502 est,
1052 3467 1141 3507 quod
1165 3464 1386 3497 mathematica

321 3517 356 3540 ut
379 3510 431 3546 sic,
458 3521 522 3541 non
547 3511 662 3542 habent
686 3512 817 3552 aliquod
840 3511 1042 3541 individuum
1067 3511 1200 3541 existens
1223 3510 1256 3540 in
1280 3518 1386 3540 rerum

321 3561 441 3585 natura.
472 3555 511 3586 Et
534 3563 699 3596 propterea
723 3566 826 3597 neque
850 3562 924 3586 sunt
947 3555 979 3585 in
1004 3554 1193 3591 universali,
1226 3563 1329 3595 neque
1353 3552 1386 3582 in

321 3598 519 3638 particulari:
545 3609 580 3630 ac
603 3610 659 3640 per
683 3600 743 3630 hoc
767 3601 850 3630 bona
874 3609 941 3630 esse
966 3609 1031 3629 non
1056 3606 1200 3639 possunt.
1226 3597 1325 3636 Quod
1349 3596 1387 3626 de

321 3641 387 3672 aliis
416 3643 508 3673 rebus
539 3644 753 3674 universaliter
781 3643 916 3684 sumptis
946 3643 1006 3674 dici
1037 3653 1102 3673 non
1133 3650 1247 3683 potest.
1281 3641 1322 3672 Et
1345 3640 1387 3671 sic

1438 494 1524 537 patet
1543 489 1670 520 nullitas
1690 491 1935 531 consequentiae
1955 491 1994 521 ad
2013 491 2204 532 oppositum
2223 491 2341 522 factae:
2362 498 2393 523 et
2412 502 2509 533 quare

1438 532 1635 572 singulariter
1650 534 1771 565 dicatur
1786 536 1825 566 de
1841 535 2071 566 mathematicis
2088 536 2178 577 quod
2192 546 2258 566 non
2274 536 2392 567 habent
2408 546 2485 568 esse.

1494 576 1532 607 V.
1549 578 1601 608 Ad
1615 579 1790 610 secundum
1808 590 1883 611 vero
1899 580 2028 611 dubium
2045 580 2071 616 *,
2093 581 2303 621 respondetur
2317 581 2416 622 quod,
2434 581 2509 622 quia

1437 630 1599 652 sermones
1623 633 1748 664 semper
1771 624 1995 665 interpretandi
2024 632 2099 656 sunt
2128 625 2306 655 secundum
2334 625 2508 656 subiectam

1437 666 1610 703 materiam,
1629 667 1711 704 ideo,
1732 668 1878 709 quamvis
1894 679 1960 700 non
1979 669 2081 700 valeat
2100 669 2335 710 consequentia,
2351 670 2509 701 abstrahit

1437 720 1457 740 a
1477 712 1614 742 materia
1636 718 1666 743 et
1686 717 1784 751 motu,
1807 723 1886 754 ergo
1907 724 1927 744 a
1937 714 2023 755 fine,
2039 720 2075 745 ut
2090 720 2176 754 patet
2188 714 2220 744 in
2239 715 2297 745 XII
2310 715 2506 755 Metaphys„

1436 760 1522 785 textu
1538 765 1642 786 xxxvn
1650 756 1676 793 *,
1694 757 1748 788 ubi
1766 758 1897 798 ponitur
1912 757 1983 788 finis
2000 758 2033 788 in
2049 757 2282 795 immobilibus;
2299 759 2382 790 valet
2400 766 2507 789 tamen
2534 765 2545 776 ⁸

1438 800 1664 840 consequentia
1687 802 1781 838 haec,
1810 803 2033 833 mathematica
2057 803 2249 834 abstrahunt
2272 813 2292 834 a
2316 805 2453 834 materia
2479 809 2509 834 et
2552 834 2557 839 ,
2585 834 2590 839 ,

1437 848 1535 882 motu,
1555 854 1636 885 ergo
1650 856 1670 876 a
1676 847 1768 887 fine:
1791 846 1867 887 quia
1890 847 2112 878 mathematica
2127 857 2194 878 non
2213 855 2287 878 sunt
2306 855 2379 878 nata
2393 847 2508 878 habere

1437 887 1535 918 finem
1554 888 1613 919 nisi
1630 890 1778 921 materiae
1795 897 1826 921 et
1842 898 1960 927 motus,
1981 891 2136 932 quoniam
2153 892 2330 922 secundum
2347 902 2414 923 rem
2434 899 2508 923 sunt

1437 933 1521 963 entia
1553 934 1717 965 naturalia.
1751 934 1784 965 Si
1815 935 1901 965 enim
1924 935 2110 967 abstrahunt
2132 946 2150 966 a
2173 936 2303 967 materia
2333 943 2365 967 et
2396 943 2506 973 motu,

1438 984 1565 1018 oportet
1581 988 1617 1008 ea
1632 979 1809 1009 abstrahere
1825 989 1843 1009 a
1858 978 1921 1010 fine
1936 980 2083 1011 materiae
2100 987 2131 1011 et
2149 987 2274 1011 motus:
2300 988 2330 1011 et
2348 981 2374 1011 si
2390 982 2507 1012 abstra-

1437 1022 1519 1053 hunt
1542 1032 1559 1052 a
1583 1022 1636 1053 tali
1660 1022 1732 1059 fine,
1750 1023 1935 1054 abstrahunt
1957 1024 2094 1055 totaliter
2117 1035 2135 1054 a
2158 1024 2230 1061 fine,
2250 1025 2326 1066 quia
2345 1035 2411 1055 non
2435 1032 2508 1056 sunt

1438 1074 1510 1098 nata
1534 1067 1648 1097 habere
1672 1067 1734 1097 alio
1758 1068 1858 1098 modo
1881 1067 1989 1098 finem.

1493 1112 1534 1142 Et
1553 1121 1609 1152 per
1628 1111 1690 1142 hoc
1710 1118 1795 1152 patet
1810 1111 1905 1142 etiam
1919 1112 2085 1152 responsio
2105 1113 2144 1143 ad
2164 1114 2337 1144 secundam
2357 1113 2507 1145 obiectio-

1438 1166 1522 1187 nem.
1556 1155 1641 1187 Cum
1665 1156 1751 1186 enim
1776 1156 1904 1192 dicitur,
1926 1156 2011 1198 finis
2033 1157 2126 1187 habet
2149 1159 2306 1188 rationem
2332 1159 2505 1196 moventis,

1437 1201 1470 1242 ly
1493 1202 1647 1232 moventis
1671 1207 1776 1241 potest
1797 1200 1970 1241 significare
1987 1211 2101 1241 puram
2124 1202 2338 1233 causalitatem
2362 1201 2452 1233 finis:
2478 1209 2509 1234 et

1438 1246 1481 1276 sic
1505 1245 1678 1286 aequivoce
1707 1245 1821 1276 dicitur
1850 1255 1984 1275 movens
2008 1255 2025 1275 a
2050 1252 2141 1276 motu
2166 1246 2293 1286 proprie
2317 1246 2413 1277 dicto.
2445 1246 2508 1278 Sed

1437 1290 1481 1321 sic
1505 1300 1571 1321 non
1596 1290 1732 1321 sumitur
1755 1289 1814 1320 hic.
1836 1307 1856 1312 -—
1875 1290 1983 1320 Potest
2001 1300 2132 1331 quoque
2149 1289 2323 1331 significare
2347 1297 2378 1322 et
2401 1301 2507 1322 causa-

1437 1335 1557 1365 litatem
1576 1333 1658 1370 finis,
1674 1341 1705 1365 et
1723 1334 1870 1365 effectum
1887 1332 1970 1365 eius:
1996 1341 2026 1365 et
2045 1341 2120 1365 tunc
2136 1335 2313 1376 aequivalet
2329 1335 2403 1366 huic
2419 1335 2508 1377 quod

1438 1380 1524 1415 dico,
1550 1380 1714 1410 causantis
1738 1384 1868 1409 motum.
1893 1379 1934 1409 Et
1957 1379 2000 1409 sic
2024 1379 2161 1410 sumitur
2183 1380 2215 1409 in
2240 1379 2417 1420 proposito.
2441 1380 2508 1411 Nec

1438 1431 1483 1454 est
1503 1424 1608 1465 aliqua
1627 1423 1864 1464 aequivocatio:
1890 1423 1944 1453 sed
1968 1423 2105 1454 sumitur
2124 1423 2294 1465 utrobique
2311 1431 2419 1455 motus
2434 1434 2507 1465 pro-

1437 1468 1520 1509 prie:
1545 1475 1576 1499 et
1591 1467 1789 1508 specificatur
1804 1467 1907 1508 qualis
1923 1466 1994 1498 finis
2011 1475 2057 1498 est
2074 1468 2381 1499 mathematicorum.
2407 1469 2507 1506 Quasi

1437 1512 1553 1543 diceret
1585 1513 1692 1554 quod,
1717 1512 1792 1553 quia
1816 1511 1887 1542 finis
1911 1512 2210 1543 mathematicorum
2233 1513 2328 1543 habet
2351 1513 2507 1544 rationem

1438 1558 1609 1593 moventis,
1635 1557 1715 1587 idest
1743 1557 1898 1587 causantis
1922 1563 2050 1587 motum
2074 1557 2201 1597 proprie
2225 1557 2356 1594 dictum,
2373 1557 2455 1588 sicut
2477 1565 2508 1588 et

1438 1601 1508 1632 finis
1537 1602 1746 1637 naturalium;
1778 1611 1977 1641 consequens
2008 1608 2054 1631 est
2087 1601 2196 1642 quod,
2226 1601 2251 1631 si
2285 1602 2507 1633 mathematica

1438 1647 1618 1677 abstrahant
1642 1656 1659 1676 a
1682 1645 1812 1676 materia
1836 1652 1866 1676 et
1890 1652 1999 1682 motu,
2031 1646 2120 1686 quod
2153 1646 2332 1676 abstrahant
2355 1657 2374 1676 a
2396 1645 2469 1677 fine.
2487 1663 2506 1670 -

1438 1690 1479 1721 Et
1502 1691 1545 1721 sic
1569 1701 1605 1721 ex
1630 1691 1741 1721 eadem
1766 1690 1868 1720 radice
1892 1690 2026 1720 solvitur
2050 1697 2182 1731 utraque
2207 1690 2355 1721 obiectio.

1492 1735 1545 1766 Vl.
1569 1735 1733 1772 Secundo,
1767 1734 1800 1764 in
1829 1734 1940 1764 eadem
1973 1734 2180 1774 responsione
2197 1734 2214 1754 *
2237 1734 2386 1766 satisfacit
2415 1744 2508 1776 argu-

1438 1786 1558 1810 mento.
1584 1780 1624 1810 Et
1642 1786 1867 1819 argumentum
1887 1779 2018 1820 quidem
2033 1786 2079 1810 est
2095 1779 2173 1810 hoc:
2199 1779 2422 1811 Mathematica
2441 1789 2508 1811 non

1439 1831 1513 1854 sunt
1535 1825 1636 1860 bona;
1662 1823 1883 1854 mathematica
1912 1831 1986 1854 sunt
2015 1823 2112 1859 entia;
2139 1833 2213 1864 ergo
2243 1824 2401 1864 quaedam
2425 1823 2509 1855 entia

1439 1879 1504 1899 non
1529 1876 1603 1899 sunt
1626 1869 1710 1898 bona
1735 1867 1781 1910 (in
1809 1868 1949 1898 secundo
1973 1869 2088 1898 tertiae
2099 1866 2264 1910 figurae).
2285 1886 2305 1891 -
2328 1867 2508 1909 Responsio

1439 1920 1547 1944 autem
1566 1912 1708 1943 consistit
1730 1911 1763 1942 in
1783 1911 1950 1952 negatione
1964 1912 2158 1952 argumenti:
2175 1912 2331 1953 quoniam
2345 1912 2510 1954 sophisma

1439 1965 1486 1988 est
1499 1958 1638 1998 figurae
1660 1957 1818 1993 dictionis,
1843 1956 1892 1987 vel
1917 1967 1934 1986 a
1957 1956 2132 1987 secundum
2149 1957 2226 1997 quid
2249 1957 2288 1987 ad
2311 1957 2507 1998 simpliciter.

1439 2003 1487 2043 Ly
1507 2011 1645 2042 namque
1662 2001 1887 2032 mathematica
1903 2001 2027 2031 videtur
2043 2000 2218 2041 significare
2234 2001 2331 2032 entia:
2357 2008 2388 2032 et
2403 2008 2509 2033 tamen

1439 2045 1593 2087 significat
1616 2047 1702 2076 entia
1725 2047 1772 2076 sic
1794 2045 1967 2076 abstracta.
1994 2045 2034 2076 Et
2053 2052 2220 2086 propterea
2235 2045 2268 2076 in
2284 2045 2386 2076 littera
2405 2052 2437 2077 et
2455 2055 2508 2077 ne-

1438 2098 1530 2132 gatur
1554 2090 1717 2121 conclusio
1741 2089 1846 2125 illata,
1881 2089 1998 2120 scilicet
2028 2090 2118 2130 quod
2146 2090 2303 2131 quaedam
2336 2090 2420 2121 entia
2443 2099 2509 2121 non

1439 2142 1514 2166 sunt
1536 2135 1638 2165 bona:
1671 2141 1702 2165 et
1725 2133 1909 2165 conceditur
1933 2134 2098 2164 conclusio
2122 2144 2204 2175 quae
2233 2135 2360 2165 deberet
2382 2134 2508 2172 inferri,

1439 2180 1556 2211 scilicet
1579 2178 1849 2220 quodquaedam
1873 2178 1972 2214 entia,
1998 2185 2034 2209 ut
2060 2179 2195 2209 subsunt
2218 2178 2272 2209 tali
2297 2179 2509 2216 abstractioni,

1440 2234 1505 2255 non
1530 2231 1604 2255 sunt
1627 2224 1722 2254 bona.
1747 2223 1812 2253 Nec
1837 2222 1898 2253 hoc
1922 2222 2113 2259 inconvenit,
2139 2229 2175 2254 ut
2197 2223 2230 2254 in
2252 2223 2355 2254 littera
2378 2223 2508 2255 dicitur:

1439 2269 1514 2310 quia
1534 2269 1613 2299 ratio
1638 2267 1718 2298 entis
1742 2267 1838 2298 etiam
1861 2266 2011 2297 abstrahit
2030 2277 2048 2297 a
2067 2267 2188 2298 ratione
2212 2267 2298 2298 boni.
2323 2267 2411 2299 Sicut
2434 2267 2510 2309 quin

1439 2313 1518 2345 ratio
1543 2312 1682 2344 hominis
1710 2319 1756 2342 est
1779 2311 1867 2352 prior
1889 2311 2081 2347 risibilitate,
2111 2318 2216 2352 potest
2245 2311 2328 2342 sumi
2351 2311 2453 2343 homo
2477 2311 2510 2343 in

1439 2358 1548 2399 aliquo
1568 2357 1665 2398 priori
1685 2355 1775 2399 (quia
1799 2356 1830 2386 in
1842 2357 1950 2396 primo
1975 2356 2068 2387 modo
2092 2355 2218 2387 dicendi
2230 2365 2294 2396 per
2309 2354 2368 2399 se),
2389 2356 2422 2386 in
2442 2366 2509 2398 quo

1441 2402 1588 2434 convenit
1611 2401 1669 2432 sibi
1694 2411 1760 2431 esse
1785 2400 1901 2431 animal
1925 2400 2077 2431 rationale
2091 2424 2099 2435 ,
2129 2407 2160 2431 et
2182 2409 2248 2430 non
2280 2400 2428 2431 convenit
2451 2400 2510 2432 sibi

1440 2457 1507 2478 esse
1526 2446 1693 2477 risibilem:
1719 2455 1775 2476 nec
1795 2451 1900 2485 potest
1919 2451 2025 2475 tamen
2045 2444 2162 2481 inferri,
2182 2454 2262 2486 ergo
2281 2445 2399 2486 aliquis
2417 2445 2510 2477 homo

1441 2502 1503 2523 non
1529 2497 1576 2522 est
1598 2490 1728 2522 risibilis
1736 2500 1749 2527 ;
1774 2490 1843 2525 sed,
1868 2499 1948 2530 ergo
1971 2490 2088 2530 aliquis
2106 2490 2199 2520 homo
2223 2490 2255 2520 in
2279 2490 2388 2530 aliquo
2405 2490 2510 2530 priori

1440 2536 1596 2567 abstrahit
1611 2545 1631 2566 a
1649 2535 1774 2571 risibili,
1789 2535 1820 2564 in
1837 2544 1898 2574 quo
1916 2544 1979 2564 non
1993 2534 2149 2564 abstrahit
2165 2533 2206 2564 ab
2219 2533 2357 2565 hominis
2372 2535 2508 2566 ratione.

1498 2581 1566 2611 Vll.
1584 2579 1676 2611 Circa
1692 2579 1772 2609 hanc
1789 2585 1910 2619 partem
1930 2578 2065 2609 occurrit
2081 2578 2226 2614 dubium,
2243 2579 2411 2619 quomodo
2428 2585 2511 2609 stent

1440 2626 1498 2656 ista
1522 2625 1587 2655 duo
1611 2623 1726 2654 simul:
1760 2623 2004 2660 mathematica,
2020 2622 2214 2664 formaliter
2245 2622 2421 2664 loquendo,
2445 2633 2509 2654 non

1439 2674 1515 2701 sunt
1539 2678 1596 2700 nec
1620 2670 1651 2699 in
1676 2673 1749 2699 actu
1775 2677 1832 2698 nec
1850 2669 2016 2708 potentia,
2042 2674 2077 2698 ut
2099 2667 2220 2698 dictum
2245 2674 2291 2698 est
2308 2666 2345 2703 “;
2370 2674 2417 2703 et,
2443 2677 2510 2699 ma·

1441 2715 1610 2745 thematica
1626 2713 1741 2743 habent
1758 2713 1914 2742 rationem
1939 2713 2038 2742 entis:
2061 2721 2136 2742 cum
2155 2721 2211 2742 ens
2227 2721 2292 2742 non
2310 2711 2432 2743 dicatur
2450 2711 2510 2742 nisi

1441 2759 1479 2789 de
1503 2769 1542 2789 eo
1565 2757 1654 2799 quod
1678 2763 1723 2787 est
1747 2756 1779 2787 in
1804 2763 1873 2787 actu
1899 2756 1948 2786 vel
1972 2756 2123 2796 potentia.
2423 2759 2432 2778 st

1499 2802 1549 2833 Ad
1573 2802 1634 2832 hoc
1658 2801 1790 2832 breviter
1810 2800 1932 2835 dicitur,
1950 2801 2038 2841 quod
2057 2800 2133 2832 haec
2157 2801 2233 2836 duo,
2251 2810 2326 2831 sane
2341 2800 2508 2837 intellecta,

1440 2854 1522 2878 stant
1545 2846 1651 2877 simul.
1676 2845 1781 2876 Prima
1805 2845 1890 2875 enim
1915 2855 1979 2875 non
2005 2852 2096 2885 negat
2112 2855 2178 2876 esse
2196 2843 2429 2876 universaliter:
2455 2844 2510 2874 sed

1440 2898 1534 2932 negat
1557 2901 1623 2922 esse
1647 2891 1709 2928 sic,
1734 2889 1850 2920 scilicet
1880 2889 1911 2919 in
1936 2889 1988 2919 tali
2013 2888 2229 2920 abstractionis
2258 2888 2368 2919 modo.
2397 2887 2509 2919 Trian-

1439 2936 1534 2976 gulus
1558 2934 1643 2966 enirn
1667 2935 1838 2965 abstractus
1863 2944 1880 2963 a
1905 2933 2033 2964 materia
2054 2932 2202 2969 sensibili,
2221 2942 2278 2963 nec
2294 2939 2350 2967 est,
2366 2941 2423 2963 nec
2443 2941 2510 2963 esse

1440 2986 1544 3021 potest
1563 2978 1695 3022 (scilicet
1719 2979 1895 3009 secundum
1920 2978 2014 3008 talem
2039 2977 2160 3008 essendi
2178 2975 2327 3018 modurn)
2352 2976 2384 3006 in
2404 2986 2510 3007 rerum

1441 3032 1561 3055 natura.
1594 3024 1634 3055 Et
1657 3023 1719 3054 hoc
1742 3029 1789 3053 est
1811 3022 1901 3063 quod
1924 3022 1957 3052 in
1982 3021 2138 3062 principio
2167 3021 2262 3052 huius
2293 3021 2510 3061 responsionis

1441 3069 1563 3100 dicitur.
1581 3085 1599 3091 -
1616 3067 1762 3098 Secunda
1777 3073 1884 3097 autem
1908 3066 2041 3097 affirmat
2065 3066 2096 3096 in
2121 3065 2257 3097 confuso
2280 3065 2412 3106 aliquod
2431 3074 2508 3096 esse.

1440 3112 1575 3144 Constat
1598 3119 1705 3143 autem
1729 3111 1828 3152 quod,
1854 3121 1927 3141 cum
1952 3109 2119 3150 negatione
2143 3109 2238 3140 unius
2262 3109 2350 3140 modi
2375 3109 2508 3146 essendi,

1440 3163 1500 3188 stat
1528 3155 1695 3187 affirmatio
1725 3155 1847 3186 essendi
1877 3155 1908 3185 in
1941 3153 2106 3186 communi
2137 3154 2174 3184 de
2206 3154 2319 3184 eodem
2351 3153 2508 3185 subiecto:

1440 3201 1515 3242 quia
1531 3207 1636 3241 potest
1650 3199 1800 3230 verificari
1820 3199 1997 3230 secundum
2013 3198 2112 3229 alium
2132 3197 2253 3228 essendi
2271 3198 2417 3229 modum.
2442 3197 2509 3228 Ma-

1440 3245 1608 3276 thematica
1632 3254 1707 3285 ergo
1731 3250 1762 3274 et
1785 3253 1850 3274 non
1875 3250 1949 3274 sunt
1977 3241 2060 3273 entia
2083 3242 2137 3272 tali
2161 3242 2279 3277 modo,
2305 3248 2335 3273 et
2358 3248 2433 3272 sunt
2457 3242 2509 3272 ab·

1441 3290 1543 3320 solute
1567 3289 1660 3320 entia.

1497 3333 1578 3364 V111.
1596 3334 1636 3364 Et
1652 3332 1677 3363 si
1694 3332 1826 3363 instetur
1849 3332 1890 3362 ad
1906 3330 2122 3372 propositum:
2147 3344 2160 3358 «
2172 3330 2257 3370 Ergo
2278 3331 2392 3361 eodem
2409 3330 2509 3361 modo

1441 3378 1611 3408 dicendum
1643 3383 1689 3408 est
1719 3377 1808 3418 quod
1832 3385 1897 3407 non
1927 3381 2002 3406 sunt
2025 3375 2108 3405 bona
2138 3374 2191 3405 tali
2215 3375 2332 3411 modo,
2357 3374 2412 3406 sed
2436 3380 2510 3405 sunt

1441 3422 1584 3452 absolute
1608 3422 1711 3452 bona:
1737 3427 1767 3451 et
1791 3425 2021 3460 consequenter
2044 3419 2126 3449 male
2146 3418 2260 3450 dicitur
2276 3417 2366 3460 quod
2389 3417 2510 3449 mathe-

1441 3466 1555 3496 matica
1571 3475 1636 3495 non
1654 3471 1728 3495 sunt
1751 3465 1835 3494 bona
1849 3472 1880 3493 »t
1899 3463 2041 3503 neganda
2059 3470 2105 3493 est
2128 3463 2265 3504 sequela.
2291 3462 2455 3500 Quoniam
2470 3462 2510 3492 ad

1441 3510 1502 3540 hoc
1522 3510 1610 3550 quod
1635 3508 1754 3550 aliquid
1777 3508 1890 3538 habeat
1906 3507 2080 3538 formaliter
2103 3507 2258 3538 rationem
2283 3506 2371 3542 entis,
2396 3504 2511 3536 sufficit

1442 3553 1531 3594 quod
1554 3553 1587 3583 in
1611 3563 1643 3583 se
1668 3552 1707 3583 sit
1730 3551 1791 3582 tale
1814 3551 1902 3592 quod
1927 3551 1954 3582 ei
1985 3560 2049 3581 non
2078 3558 2233 3592 repugnet
2256 3560 2322 3582 esse
2347 3550 2378 3581 in
2403 3559 2510 3580 rerum

1442 3604 1568 3633 natura;
1594 3606 1800 3638 quocumque
1817 3595 1849 3626 id
1870 3596 1969 3626 modo
1994 3596 2125 3632 eveniat,
2142 3595 2206 3626 sive
2223 3594 2400 3626 secundum
2419 3603 2510 3624 suam

1442 3641 1683 3672 abstractionem
1715 3640 1779 3670 sive
1803 3650 1878 3670 non.
1910 3640 1959 3670 Ad
1983 3640 2045 3671 hoc
2069 3647 2176 3671 autem
2199 3639 2289 3680 quod
2312 3638 2424 3670 habeat
2448 3637 2510 3668 for-

2536 589 2544 598 ·
2561 588 2596 610 Cf.
2612 595 2676 611 num.
2693 596 2728 612 ιιι.

2611 781 2617 787 .
2628 771 2660 787 vt.
2671 777 2682 782 -
2691 766 2748 788 Did.

2610 792 2628 819 l,
2644 797 2694 820 cap.
2705 799 2752 819 vn,

2535 1745 2543 1753 '
2559 1742 2596 1765 Cf.
2607 1748 2672 1765 num.
2681 1748 2708 1766 n.

2537 2674 2546 2684 ·
2561 2673 2633 2697 Nam.
2643 2680 2675 2696 iv.
2697 2693 2699 2697 .
