2768 4178
925 252 1192 300 QUAESTIO
1221 252 1344 300 XLII,
1373 251 1670 289 ARTICULUS
1688 252 1751 295 vIV

2358 262 2432 298 441

1034 395 1352 438 ARTICULUS
1382 391 1655 447 QUARTUS

614 491 770 522 UTRUM
799 489 936 520 F1L1Us
967 489 1035 520 SIT
1062 489 1278 526 AEQUALIS
1306 489 1435 519 PATRI
1465 489 1703 520 SECUNDUM
1733 489 2074 521 MAGNITUDINEM

620 597 626 606 .
673 580 682 604 1
698 579 780 608 Sent„
795 578 854 603 dist.
866 585 916 609 x1x,
930 585 974 610 qu.
987 585 1007 609 1,
1023 582 1069 603 art.
1084 585 1112 608 2;
1128 577 1162 602 IV
1175 577 1251 602 Cont.
1265 578 1351 607 Gent„
1368 585 1423 610 cap.
1433 585 1477 609 vn,
1492 586 1530 609 x13
1544 579 1569 602 in
1584 579 1658 603 Boet.
1674 578 1706 603 de
1722 578 1805 608 Trin.‚
1820 586 1912 611 qu.111,
1926 584 1972 603 art.
1985 587 2012 611 4.

459 691 482 715 D
503 688 676 721 QUARTUM
696 688 749 712 Sic
769 687 1008 712 PROCEDITUR.
1029 674 1190 712 Videtur
1210 675 1315 724 quod

282 696 343 717 Α,
363 695 417 719 „ff

290 710 334 735 a»,
367 717 371 725 ‚
397 707 421 729 ὅ
460 730 574 768 Filius
598 742 678 766 non
698 729 744 766 sit
763 729 932 777 aequalis
951 728 1051 765 Patri
1071 728 1109 765 in
1129 728 1316 776 magnitu-

279 692 296 722 ³1

264 787 380 843 ᾖν»
397 769 437 833 '‘2‘ss
460 783 560 820 dine.
585 783 685 819 D1c1t
704 794 807 818 enlm
827 794 919 831 lpse,
942 782 1046 819 Ioan.
1062 794 1123 819 X1v
1137 781 1174 818 *ε
1203 783 1317 818 Pater

305 813 395 865 (⁴⁶²)
418 828 585 873 Xmaior
603 847 663 872 me
682 841 754 878 est‚·
781 842 817 872 et
835 836 1055 884 Apostolus,
1078 837 1091 871 I
1113 836 1199 871 Cor.
1216 847 1264 871 xv
1278 834 1313 871 *τ

246 890 333 938 Ipse
345 888 465 925 Filius
478 890 662 926 subiectus
677 889 748 925 erit
761 888 816 925 illi
833 889 898 937 qui
914 889 986 925 sibi
1002 888 1157 925 subiecit
1174 888 1314 924 omnia.

302 953 337 978 2.
358 942 592 989 PRAETEREA,
613 942 817 991 paternitas
845 942 1007 990 pertinet
1027 942 1075 978 ad
1096 941 1315 989 dignitatem

246 994 379 1031 Patris.
420 995 498 1032 Sed
525 995 730 1044 paternitas
758 1007 837 1032 non
867 994 1047 1032 convenit
1074 994 1182 1031 Filio.
1213 994 1315 1041 Ergo

247 1060 327 1085 non
352 1048 539 1098 quidquid
568 1048 753 1096 dignitatis
771 1049 888 1085 habet
905 1049 1030 1094 Pater,
1051 1048 1167 1084 habet
1188 1046 1315 1083 Filius.

247 1102 350 1150 Ergo
380 1114 460 1138 non
490 1110 545 1139 est
572 1101 740 1151 aequalis
768 1101 870 1138 Patri
896 1101 935 1138 in
963 1100 1236 1149 magnitudine.

303 1156 338 1192 3.
368 1155 589 1202 Praeterea,
627 1155 864 1203 ubicumque
903 1161 958 1191 est
990 1161 1114 1191 totum
1143 1161 1179 1190 et
1205 1165 1316 1202 pars,

247 1208 375 1257 plures
402 1216 528 1257 partes
557 1215 643 1245 sunt
671 1208 811 1257 aliquid
840 1207 964 1244 maius
993 1219 1110 1256 quarn
1139 1219 1217 1243 una
1238 1213 1319 1242 tan-

248 1268 332 1299 tum
346 1262 409 1300 vel
427 1261 647 1310 paueiores;
668 1261 764 1298 sicut
781 1269 855 1298 tres
873 1260 1052 1297 homines
1072 1267 1159 1296 sunt
1178 1258 1319 1307 aliquid

249 1313 373 1351 mains
394 1327 511 1364 quam
532 1316 611 1352 duo
629 1315 693 1351 vel
712 1326 824 1351 unus.
856 1313 933 1350 Sed
952 1313 991 1350 in
1011 1312 1149 1350 divinis
1166 1312 1320 1349 videtur

249 1379 333 1404 esse
351 1374 475 1405 totum
494 1367 709 1405 universale
739 1374 776 1404 et
802 1378 909 1415 pars:
937 1378 1027 1403 nam
1048 1366 1119 1403 sub
1139 1365 1320 1402 relatione

247 1421 310 1457 vel
339 1421 489 1458 notione
507 1422 633 1470 plures
657 1420 833 1457 notiones
854 1419 1102 1456 continentur.
1133 1419 1235 1455 Cum
1255 1417 1320 1465 igi-

249 1481 309 1511 tur
336 1473 375 1511 in
401 1475 514 1511 Patre
547 1474 620 1511 sint
654 1481 729 1510 tres
766 1473 962 1520 notiones,
997 1472 1036 1509 in
1064 1471 1159 1509 Filio
1189 1478 1318 1508 autern

249 1533 397 1564 tantum
426 1527 538 1574 duae,
557 1526 711 1565 videtur
730 1527 836 1576 quod
855 1525 971 1563 Filius
986 1538 1065 1563 non
1085 1525 1132 1562 sit
1149 1524 1318 1573 aequalis

247 1580 361 1617 Patri.

303 1634 377 1670 SED
406 1644 553 1670 CONTRA
580 1644 647 1669 EST
666 1632 770 1682 quod
800 1631 935 1668 dicitur
961 1632 1093 1680 Philip.
1116 1644 1138 1668 11
1157 1631 1195 1668 *ε
1225 1632 1317 1670 Νοη

248 1686 425 1736 rapinam
453 1686 658 1723 arbitratus
685 1691 741 1722 est
765 1697 843 1722 esse
869 1697 909 1722 se
936 1685 1133 1734 aequalem
1158 1686 1252 1722 Deo.

301 1740 528 1777 Responmzo
561 1748 747 1776 monimum
779 1738 884 1787 quod
923 1751 1078 1776 necesse
1108 1746 1164 1775 est
1192 1739 1317 1776 dicere

248 1792 388 1831 Filium
417 1805 500 1829 esse
529 1793 730 1841 aequalem
749 1792 851 1829 Patri
870 1792 909 1828 in
933 1792 1204 1840 magnitudine.
1234 1793 1318 1830 Ma-

249 1846 406 1895 gnitudo
437 1845 539 1882 enim
568 1845 641 1882 Dei
674 1857 753 1882 non
782 1852 837 1882 est
866 1844 967 1882 aliud
997 1858 1113 1895 quam
1134 1846 1316 1894 perfectio

248 1907 406 1937 naturae
434 1898 563 1948 ipsius.
594 1899 681 1935 Hoc
709 1905 837 1935 autem
868 1906 924 1935 est
951 1899 998 1936 de
1027 1899 1172 1936 ratione
1194 1907 1318 1948 pater-

248 1952 373 1990 nitatis
401 1959 439 1989 et
460 1951 664 1999 filiationis,
693 1952 799 2000 quod
826 1951 926 1989 filius
944 1964 1014 2000 per
1032 1953 1317 2000 generationem

247 2005 434 2056 pertingat
453 2005 503 2042 ad
521 2005 741 2042 habendam
755 2005 1031 2054 perfectionem
1047 2013 1202 2043 naturae
1218 2019 1317 2056 quae

249 2066 305 2096 est
333 2059 371 2096 in
398 2065 518 2107 patre,
539 2058 634 2095 sicut
653 2066 690 2095 et
716 2065 835 2107 pater.
867 2059 944 2096 Sed
973 2059 1062 2108 quia
1090 2059 1127 2096 in
1156 2060 1318 2097 homini-

105 2125 122 2143 a
247 2112 320 2150 bus
334 2111 527 2160 generatio
548 2118 603 2148 est
621 2111 885 2148 transmutatio
905 2112 1097 2161 quaedam
1118 2113 1287 2150 exeuntis
1301 2121 1318 2136 ‘²

249 2165 298 2204 de
315 2165 485 2215 potentia
504 2164 541 2202 in
557 2172 697 2212 actum,
714 2177 793 2201 non
808 2165 934 2202 statim
955 2178 977 2202 a
995 2165 1181 2215 principio
1196 2167 1316 2204 homo

246 2218 348 2257 filius
377 2226 434 2255 est
459 2218 628 2268 aequalis
656 2217 752 2267 patri
778 2219 990 2266 generanti3
1020 2219 1088 2256 sed
1115 2232 1186 2268 per
1214 2220 1318 2257 debi-

246 2279 330 2309 tum
348 2272 627 2309 incrementum
647 2271 696 2308 ad
716 2272 983 2320 aequalitatem
1001 2272 1231 2320 perducitur,
1247 2274 1319 2311 nisi

5 798 16 808 '¹
29 797 98 820 Vers.
113 797 151 820 28.

3 846 14 857 “
29 845 94 868 Vm.
110 845 148 867 28.

1 1643 19 1674 ,⁸
31 1643 101 1667 Vm.
114 1642 139 1665 ⁶.

205 2357 208 2360 .
248 2325 354 2362 aliter
381 2325 533 2363 eveniat
559 2332 717 2374 propter
744 2325 935 2362 defectum
958 2325 1132 2374 principii
1160 2338 1318 2374 genera-

4 2388 80 2428 ’,Ωιι
89 2392 218 2416 mmm·
246 2378 370 2416 tionis.
401 2378 648 2416 Manifestum
674 2386 730 2415 est
748 2385 877 2415 autem
907 2391 952 2415 ex
980 2378 1086 2416 dictis
1105 2379 1126 2400 ’¹‘
1154 2380 1259 2428 quod
1279 2380 1317 2417 in

4 2421 219 2471 ῗὲῐ-ἶῗιῗῗιῗξ
248 2431 384 2470 divinis
418 2439 473 2469 est
504 2431 657 2481 proprie
687 2439 724 2468 et
749 2444 841 2468 vere
874 2431 1080 2480 paternitas
1110 2439 1146 2468 et
1172 2432 1315 2470 filiatio.

6 2471 90 2498 “¹⁴⁸
246 2485 333 2522 Nec
355 2492 481 2533 potest
500 2485 697 2532 dici'quod
715 2484 835 2522 virtus
863 2484 936 2520 Dei
963 2485 1085 2521 Patris
1114 2484 1225 2521 fuerit
1253 2485 1317 2522 de-

247 2537 386 2575 fectiva
403 2537 443 2574 in
462 2537 701 2585 generando;
731 2549 857 2585 neque
878 2538 982 2585 quod
1006 2537 1079 2574 Dei
1098 2537 1213 2574 Filius
1234 2550 1317 2574 suc-

248 2590 394 2627 cessive
422 2597 459 2626 et
485 2602 555 2639 per
581 2590 938 2627 transmutationem
968 2589 1017 2626 ad
1043 2590 1316 2638 perfectionem

247 2643 476 2692 pervenerit.
505 2643 618 2692 Unde
646 2655 803 2679 necesse
833 2650 888 2679 est
917 2642 1042 2679 dicere
1061 2643 1167 2692 quod
1187 2645 1235 2680 ab
1256 2657 1317 2680 ae-

105 2698 121 2733 β
248 2703 357 2733 terno
377 2695 487 2732 fuerit
505 2696 607 2732 Patri
621 2694 639 2724 β
658 2695 826 2745 aequalis
846 2695 884 2732 in
902 2695 1173 2743 magnitudine.
1204 2697 1316 2734 Unde

7 2754 103 2777 'Nm
118 2760 153 2783 ⁷³·
250 2757 286 2786 et
306 2749 471 2786 Hilarius
501 2749 600 2796 dicit,
629 2749 668 2786 in
695 2749 792 2786 libro
813 2749 858 2785 de
877 2749 1020 2797 Synod.
1039 2749 1079 2786 ²¹⁶:
1114 2750 1218 2786 Tolle
1236 2762 1318 2787 cor-

243 2814 385 2852 porum
419 2802 673 2850 infirmitates,
703 2802 788 2838 tolle
816 2808 1013 2850 conceptus
1041 2803 1203 2849 initium,
1232 2803 1318 2840 tolle

105 2863 122 2889 τ
249 2855 398 2893 dolores
415 2861 452 2892 et
468 2867 618 2892 omnem
638 2856 846 2892 humanam
875 2855 1139 2902 necessitatem,
1161 2856 1282 2892 omnis
1303 2861 1319 2882 ⁷

237 2908 348 2957 filius
374 2909 580 2946 secundum
613 2909 825 2945 naturalem
854 2908 1084 2945 nativitatem
1112 2909 1320 2957 aequalitas

243 2962 366 3010 patris
393 2967 457 3008 est,
487 2962 574 3010 quia
603 2967 655 2998 est
683 2967 720 2998 et
743 2961 943 2999 similitudo
972 2967 1143 2999 naturae.

108 3015 123 3040 ὅ
170 3060 178 3067 .
303 3015 363 3052 AD
391 3027 529 3052 PR1MUM
557 3026 655 3052 ERGO
683 3026 868 3052 DICENDUM
887 3014 994 3063 quod
1014 3015 1134 3052 verba
1154 3014 1215 3051 illa
1231 3012 1245 3036 δ
1264 3014 1321 3052 in-

304 3127 332 3161 α)
351 3128 484 3153 exeuntis.
502 3142 521 3148 —
538 3129 680 3154 existentis
699 3128 753 3154 FG.

304 3161 330 3196 β)
349 3163 437 3189 Patri.
453 3177 473 3183 -
490 3167 516 3189 et
533 3164 613 3189 Patri
630 3164 811 3189 ACDEFGab.
829 3178 848 3183 -
865 3164 926 3189 Mox
943 3168 970 3189 et
986 3172 1039 3189 om.
1060 3165 1171 3190 codices.

302 3198 330 3232 γ)
350 3199 444 3224 omnis.
465 3213 482 3218 -
499 3202 526 3224 et
544 3200 630 3225 omnis
648 3200 705 3224 BD.
721 3214 740 3218 -
757 3203 784 3224 et
802 3204 860 3224 ante
878 3199 1026 3225 similitudo
1044 3208 1098 3225 om.
1116 3200 1190 3225 FGa.

303 3232 328 3266 ὃ)
347 3234 419 3266 quod
437 3234 518 3259 verba
537 3235 592 3260 illa.
609 3249 629 3254 -
647 3235 720 3268 quod
737 3235 792 3260 tria
811 3235 857 3259 illa
879 3235 911 3260 A.

303 3269 326 3301 ε)
349 3269 403 3294 Vel.
419 3283 439 3288 -
457 3269 512 3294 Sed
530 3270 593 3295 Pub.

303 3304 329 3336 ζ)
344 3307 444 3336 potest.
455 3318 474 3324 -
488 3305 652 3338 distinguere
665 3306 763 3331 addunt
776 3305 940 3339 CDEFGpA.
950 3305 1035 3330 -¹Pro
1047 3305 1232 3338 inaequalitas,
1247 3305 1321 3330 inae-

250 3340 389 3372 qualitatis
406 3340 507 3366 ACDE.

1371 675 1587 724 telliguntur
1616 676 1714 713 dicta
1744 677 1790 714 de
1817 676 1968 714 Christo
1988 678 2200 715 secundum
2229 679 2439 715 humanam

1372 736 1559 776 naturam,
1589 729 1628 766 in
1657 742 1732 778 qua
1760 729 1888 766 minor
1907 738 1962 767 est
1981 731 2104 777 Patre,
2126 739 2163 767 et
2182 731 2215 767 ei
2235 732 2438 768 subiectus.

1373 783 1450 820 Sed
1488 782 1701 820 secundum
1739 790 1914 820 naturam
1949 783 2140 830 divinam,
2180 785 2347 832 aequalis
2385 792 2441 821 est

1371 835 1484 873 Patri.
1524 836 1574 872 Et
1606 837 1682 872 hoc
1716 843 1771 872 est
1805 836 1908 884 quod
1937 837 2166 873 Athanasius
2197 837 2284 874 dicit
2302 838 2337 874 *ε
2366 839 2440 875 Ae-

1373 889 1494 937 qualis
1519 889 1628 925 Patri
1661 889 1867 925 secundum
1895 890 2146 936 divinitatem,
2176 891 2302 927 minor
2328 893 2442 928 Patre

1371 942 1576 978 secundum
1591 942 1874 979 humanitatem.
1891 943 1961 979 Vel
1972 948 1994 990 ²,
2012 944 2223 980 secundum
2239 944 2438 991 Hilarium,

1373 995 1411 1031 in
1431 996 1484 1031 IX
1503 995 1599 1031 libro
1620 995 1666 1031 de
1689 996 1725 1031 T
1720 995 1792 1032 rin.
1813 994 1850 1032 *τ
1878 996 2066 1032 Donantis
2090 997 2311 1034 auctoritate
2328 999 2442 1034 Pater

1373 1048 1499 1085 maior
1526 1053 1593 1093 est,
1622 1048 1689 1084 sed
1713 1049 1840 1085 minor
1867 1061 1942 1085 non
1971 1055 2027 1086 est
2050 1050 2114 1086 cui
2140 1062 2257 1087 unum
2280 1062 2359 1087 esse
2377 1051 2441 1087 do-

1374 1107 1488 1138 natur
1505 1100 1536 1138 ³⁴.
1565 1102 1615 1138 Et
1633 1101 1672 1137 in
1691 1101 1788 1138 libro
1808 1102 1854 1138 de
1873 1102 2014 1150 Synod.
2031 1101 2072 1124 *⁸¹³
2091 1102 2180 1139 dicit
2198 1103 2303 1152 quod
2321 1104 2441 1141 subie-

1374 1155 1444 1190 ctio
1476 1154 1566 1191 Filii
1592 1160 1754 1191 naturae
1773 1155 1896 1203 pietas
1923 1160 1986 1201 est,
2016 1155 2113 1192 idest
2140 1156 2346 1204 recognitio
2377 1169 2441 1194 au-

1375 1207 1553 1244 ctoritatis
1590 1214 1791 1256 paternae,
1828 1208 2004 1245 subiectio
2042 1214 2167 1245 autem
2205 1215 2414 1247 ceterorum
2429 1239 2440 1257 ,

1374 1260 1574 1296 creationis
1602 1260 1812 1307 infirmitas.

1428 1314 1487 1349 AD
1516 1325 1706 1349 SECUNDUM
1733 1325 1918 1349 DICENDUM
1947 1313 2054 1361 quod
2082 1315 2288 1362 aequalitas
2323 1323 2442 1353 atten—

1376 1366 1476 1402 ditur
1495 1365 1708 1402 secundum
1728 1365 2041 1413 magnitudinem.
2069 1367 2292 1415 Magnitudo
2314 1376 2442 1406 autem

1375 1419 1414 1455 in
1443 1418 1580 1456 divinis
1608 1418 1793 1466 significat
1820 1419 2093 1467 perfectionem
2121 1428 2291 1468 naturae,
2319 1429 2362 1458 ut
2390 1422 2443 1459 di-

1376 1480 1479 1509 ctum
1501 1479 1556 1509 est
1573 1471 1605 1520 ³¹³,
1636 1479 1673 1508 et
1700 1472 1748 1508 ad
1778 1472 1979 1509 essentiam
2004 1473 2176 1521 pertinet.
2206 1475 2256 1511 Et
2274 1474 2361 1512 ideo
2382 1487 2443 1512 ae-

1375 1525 1534 1574 qualitas
1563 1525 1601 1561 in
1631 1525 1788 1572 divinis,
1820 1533 1856 1562 et
1884 1525 2110 1574 similitudo,
2140 1527 2352 1565 secundum
2386 1541 2443 1565 es-

1374 1578 1544 1616 sentialia
1572 1578 1792 1615 attenditur:
1823 1591 1893 1615 nec
1912 1586 2037 1627 potest
2051 1579 2066 1605 ζ
2085 1581 2295 1618 secundum
2315 1581 2442 1618 distin-

1375 1632 1541 1669 ctionem
1561 1631 1787 1668 relationum
1816 1631 2062 1681 inaequalitas
2086 1633 2149 1670 vel
2179 1633 2441 1672 dissimilitudo

1375 1685 1458 1723 dici.
1480 1685 1592 1722 Unde
1607 1684 1840 1733 Augustinus
1857 1685 1956 1732 dicit,
1978 1686 2118 1722 Contra
2132 1687 2441 1725 Maximinum*:

1380 1739 1547 1788 Originis
1575 1739 1741 1787 quaestio
1770 1744 1824 1774 est
1842 1739 1932 1787 quid
1949 1738 1994 1775 de
2013 1751 2086 1787 quo
2113 1740 2182 1783 sit,·
2209 1741 2442 1789 aequalitatis

1373 1798 1512 1838 autem,
1533 1791 1655 1840 qualis
1673 1797 1740 1828 aut
1765 1794 1927 1839 quantus
1944 1792 2000 1828 sit.
2030 1793 2239 1830 Paternitas
2259 1794 2368 1842 igitur
2388 1802 2442 1831 est

1374 1845 1534 1894 dignitas
1562 1845 1694 1892 Patris,
1724 1845 1819 1882 sicut
1848 1852 1884 1881 et
1912 1845 2073 1882 essentia
2096 1847 2237 1883 Patris:
2267 1859 2358 1884 narn
2387 1848 2441 1885 di-

1373 1899 1493 1947 gnitas
1522 1898 1738 1935 absolutum
1768 1906 1837 1945 est,
1869 1905 1938 1940 et⁷1r
1959 1898 2008 1935 ad
2037 1899 2239 1937 essentiam
2266 1900 2438 1949 pertinet.

1375 1952 1481 1989 Sicut
1516 1951 1628 2000 igitur
1665 1951 1800 1988 eadem
1838 1951 1998 1988 essentia
2036 1964 2134 2001 quae
2166 1952 2204 1989 in
2237 1954 2348 1990 Patre
2387 1961 2442 1991 est

1373 2005 1588 2054 paternitas,
1618 2004 1656 2041 in
1680 2004 1775 2041 Filio
1797 2012 1853 2041 est
1870 2004 2023 2052 filiati03
2051 2005 2102 2042 ita
2126 2006 2263 2043 eadem
2283 2007 2441 2054 dignitas

1374 2071 1472 2107 quae
1501 2059 1539 2095 in
1567 2059 1679 2095 Patre
1708 2066 1764 2094 est
1790 2058 2004 2106 paternitas,
2030 2058 2068 2095 in
2089 2059 2184 2096 Filio
2215 2067 2269 2096 est
2297 2060 2439 2097 filiatio.

1373 2112 1474 2148 Vere
1503 2124 1592 2159 ergo
1622 2111 1756 2148 dicitur
1785 2111 1890 2160 quod
1910 2111 2094 2160 quidquid
2120 2112 2306 2160 dignitatis
2325 2114 2441 2150 habet

1373 2166 1506 2212 Pater,
1529 2165 1657 2201 'habet
1688 2164 1814 2201 Filius.
1845 2165 1929 2201 Nec
1958 2165 2147 2214 sequitur:
2175 2167 2441 2215 paternitatem

1372 2219 1485 2255 habet
1508 2219 1632 2264 Pater,
1662 2230 1755 2268 ergo
1778 2218 2043 2266 paternitatem
2068 2219 2180 2255 habet
2195 2219 2324 2256 Filius.
2355 2221 2440 2256 Mu-

1373 2278 1471 2308 tatur
1493 2271 1594 2308 enim
1614 2271 1706 2319 quid
1723 2271 1770 2310 ‚in
1798 2271 1850 2307 ad
1871 2270 2016 2319 aliquid
2032 2269 2064 2307 ⁰:
2096 2272 2233 2309 eadem
2262 2272 2364 2310 enim
2385 2280 2442 2309 est

1374 2324 1537 2361 essentia
1565 2332 1603 2361 et
1630 2324 1789 2372 dignitas
1822 2324 1942 2361 Patris
1972 2331 2007 2361 et
2035 2324 2138 2371 Filii,
2168 2325 2236 2362 sed
2264 2325 2301 2362 in
2330 2327 2440 2362 Patre

1375 2386 1430 2415 est
1457 2378 1670 2415 secundum
1700 2377 1924 2414 relationem
1953 2377 2085 2424 dantis,
2114 2378 2153 2414 in
2182 2378 2278 2415 Filio
2307 2390 2440 2415 secun-

1374 2431 1466 2467 dum
1495 2430 1719 2467 relationem
1748 2430 1976 2478 accipientis.

1425 2485 1485 2519 AD
1513 2495 1674 2519 TERTmM
1702 2495 1886 2520 DICENDUM
1925 2483 2029 2531 quod
2067 2483 2197 2519 relatio
2227 2483 2265 2519 in
2304 2483 2439 2521 divinis

1372 2548 1450 2572 non
1480 2543 1535 2572 est
1562 2543 1684 2572 totum
1712 2535 1939 2583 universale,
1966 2536 2145 2583 quamvis
2174 2536 2222 2573 de
2248 2536 2440 2585 pluribus‘

1372 2588 1617 2625 relationibus
1653 2587 1914 2636 praedicetur:
1950 2589 2040 2636 quia
2068 2601 2205 2626 omnes
2239 2589 2439 2626 relationes

1373 2649 1461 2679 sunt
1492 2654 1615 2678 unum
1650 2641 1864 2678 secundum
1903 2642 2106 2679 essentiam
2136 2649 2172 2678 et
2200 2655 2302 2690 esse,
2333 2642 2439 2691 quod

1374 2702 1558 2744 repugnat
1586 2694 1720 2731 rationi
1747 2694 1984 2742 universalis,
2015 2695 2121 2732 cuius
2148 2703 2275 2743 partes
2304 2708 2438 2732 secun-

1374 2748 1467 2785 dum
1498 2760 1579 2785 esse
1609 2747 1897 2796 distinguuntur.
1927 2748 1977 2784 Et
2004 2748 2172 2784 similiter
2198 2761 2376 2797 persona,
2397 2756 2440 2786 ut

1373 2813 1487 2850 supra
1505 2794 1537 2823 ’¹⁶'
1554 2800 1697 2837 dictum
1727 2808 1793 2847 est,
1823 2813 1903 2837 non
1923 2809 1978 2837 est
1996 2801 2210 2838 universale
2230 2801 2268 2838 in
2289 2801 2436 2839 divinis.
2465 2811 2474 2820 ·
2515 2817 2529 2831 u

1373 2854 1486 2892 Unde
1514 2866 1639 2902 neque
1669 2866 1805 2890 omnes
1829 2853 2029 2890 relationes
2050 2861 2136 2890 sunt
2154 2854 2278 2891 maius
2297 2854 2438 2903 aliquid

1373 2919 1490 2956 quam
1518 2919 1596 2943 una
1623 2914 1792 2953 tantum;
1821 2919 1893 2943 nec
1925 2919 2061 2944 omnes
2097 2920 2285 2956 personae
2314 2908 2438 2944 maius

1374 2960 1517 3008 aliquid
1551 2972 1668 3008 quam
1696 2972 1775 2996 una
1802 2967 1950 2997 tantum
1969 2966 1998 3005 κ;
2029 2960 2118 3008 quia
2145 2967 2223 2997 tota
2255 2960 2435 3009 perfectio

1375 3013 1527 3050 divinae
1555 3020 1714 3050 naturae
1742 3020 1798 3050 est
1825 3012 1864 3049 in
1891 3013 2059 3062 qualibet
2086 3025 2351 3062 personarum.

1424 3128 1451 3160 η)
1470 3128 1619 3152 absolutum
1634 3131 1683 3157 est,
1697 3130 1730 3152 et.
1749 3141 1768 3146 -
1785 3127 1936 3152 absolutum
1953 3130 1999 3156 est,
2016 3127 2165 3152 absolutum
2185 3130 2273 3152 autem
2288 3127 2326 3158 G3
2341 3130 2381 3152 est
2393 3127 2439 3152 ab-

1367 3157 1487 3189 solutum
1506 3167 1532 3188 et
1550 3164 1608 3188 edd.
1627 3163 1678 3192 ab,
1697 3166 1738 3188 est
1755 3163 1878 3188 absoluta
1895 3165 1922 3187 ee
1940 3163 1968 3187 P.

1425 3197 1449 3231 Θ)
1470 3199 1496 3223 ἱη
1515 3198 1553 3223 ad
1571 3198 1683 3230 aliquid.
1701 3212 1720 3217 -
1737 3198 1764 3222 in
1784 3198 1833 3223 hoc
1850 3198 1954 3229 aliquid
1972 3197 2047 3229 ACE,
2067 3197 2093 3222 in
2113 3197 2216 3229 aliquid
2235 3197 2306 3229 GpF.

1426 3235 1444 3266 ι)
1459 3234 1592 3266 pluribus.
1610 3248 1629 3253 -
1646 3233 1775 3258 similibus
1794 3233 1993 3265 PACDEFGpB
2011 3238 2036 3257 et
2055 3233 2095 3257 ed.
2115 3233 2142 3262 17,
2161 3233 2274 3265 singulis
2293 3233 2338 3258 sB.

1425 3270 1450 3301 κ)
1471 3277 1518 3294 nec
1536 3276 1626 3293 omnes
1637 3276 1803 3300 personae...
1819 3271 1932 3293 tantum.
1950 3282 1969 3287 —
1987 3275 2034 3293 nec
2053 3271 2108 3293 tres
2121 3275 2254 3300 personae
2272 3271 2334 3293 sunt
2353 3267 2439 3292 maius

1372 3305 1474 3338 aliquid
1486 3312 1565 3337 quam
1579 3311 1633 3328 una
1651 3305 1684 3334 B,
1703 3304 1744 3328 vel
1758 3311 1892 3336 personae
1905 3304 1974 3328 duae
1986 3306 2049 3328 sunt
2056 3303 2151 3335 plures
2169 3310 2223 3328 una
2241 3303 2271 3334 E,
2290 3303 2331 3328 vel
2349 3310 2438 3328 omnes

1371 3347 1503 3373 personae
1521 3342 1584 3365 sunt
1602 3339 1689 3364 maius
1706 3339 1809 3372 aliquid
1827 3347 1906 3372 quam
1925 3345 1980 3363 una
1998 3341 2102 3363 tantum
2121 3338 2176 3370 FG,
2193 3346 2246 3363 om.
2265 3339 2362 3363 ACDa.

924 3428 1258 3461 Commentafia
1281 3428 1531 3461 Cardinalis
1553 3427 1754 3459 Caietam

253 3526 419 3590 Turinus
443 3515 544 3546 clarus
573 3521 630 3545 est.
657 3533 678 3538 —
709 3515 745 3546 In
773 3526 905 3557 corpore
933 3517 1027 3547 unica
1057 3523 1103 3547 est
1132 3516 1315 3547 conclusio:

1430 3516 1471 3545 Et
1494 3515 1647 3555 probatur
1667 3514 1772 3554 primo
1797 3514 1904 3554 quoad
1927 3513 2063 3553 primam
2086 3519 2218 3553 partem,
2240 3511 2293 3543 sic.
2318 3512 2367 3543 De
2389 3523 2436 3543 ra-

311 3561 445 3591 Necesse
468 3566 515 3590 est
534 3559 653 3589 Filium
671 3569 737 3590 esse
756 3561 921 3601 aequalem
936 3561 1019 3592 Patri
1042 3561 1075 3591 in
1099 3561 1318 3601 magnitudine
1372 3560 1458 3590 tione
1478 3558 1672 3599 paternitatis
1695 3564 1725 3588 et
1747 3557 1908 3588 filiationis
1926 3564 1986 3594 est,
2002 3557 2091 3597 quod
2113 3556 2198 3587 filius
2221 3556 2352 3596 accipiat
2370 3567 2439 3597 per-

251 3605 289 3635 ab
314 3611 452 3635 aeterno.

395 3667 504 3691 SUMMAE
523 3665 624 3689 Timor..
645 3665 675 3689 D.
694 3664 809 3689 Tnouas
828 3665 860 3689 T.
879 3666 897 3690 1.

1373 3604 1543 3634 sectionem
1561 3609 1701 3641 naturae,
1719 3602 1799 3632 sicut
1817 3608 1919 3642 pater:
1945 3611 2019 3641 ergo
2038 3601 2137 3631 Filius
2158 3600 2191 3630 in
2216 3600 2328 3630 divinis
2345 3601 2440 3632 habet

2263 3661 2295 3687 56

2468 845 2477 855 '¹
2494 845 2520 866 ln
2535 844 2659 873 Symbola.

2570 954 2580 970 ε

2469 1011 2478 1019 '
2493 1009 2564 1031 Num.
2580 1015 2618 1037 54.
2626 1032 2631 1037 ,

2467 1107 2479 1118 ⁸
2492 1107 2522 1129 D.
2538 1107 2584 1134 617.

2468 1135 2489 1144 ¹·
2504 1133 2576 1155 Num.
2590 1139 2629 1161 79.

2469 1478 2480 1490 '⁶
2501 1478 2526 1499 In
2549 1484 2654 1506 corpore.
2670 1490 2682 1495 -

2470 1505 2507 1527 Cf.
2522 1508 2565 1526 art.
2576 1511 2592 1533 ι,
2608 1505 2636 1526 ad
2651 1511 2667 1527 ι.

2567 1586 2583 1614 ζ

2470 1687 2479 1695 ·
2489 1685 2541 1707 Lib.
2550 1686 2578 1712 11,
2588 1686 2624 1711 (al.
2633 1686 2680 1713 ΙΙΙ),

2470 1718 2521 1740 cap.
2536 1719 2602 1734 xvul.

2464 2843 2488 2864 4,
2503 2826 2538 2858 ad'
2547 2843 2567 2866 3.
