2768 4178
23 1067 34 1079 ·
47 1065 120 1090 Nun.
129 1071 161 1088 m.

19 1115 35 1146 ‚¹
46 1114 120 1139 Num.
128 1119 162 1136 vi.

47 1197 120 1221 Nun.
130 1203 182 1220 viu.

15 2833 139 2883 watra
152 2839 164 2856 2
179 2839 237 2856 eon-

24 3233 40 3244 ·
52 3232 116 3256 Loco
133 3233 212 3256 cit-to.

1001 227 1273 273 QUAESTIQ
1299 229 1350 275 X,
1380 228 1678 267 ARTICULUS
1710 232 1722 267 1

319 307 378 342 AD
408 317 582 348 QUARTUM
610 317 795 343 monimum
824 304 942 354 quod,
972 304 1068 342 sicut
1096 305 1214 352 Deus,
1246 317 1334 342 cum

265 358 312 395 sit
347 358 618 408 incorporeus,
656 358 877 396 nominibus
911 369 1040 394 rerum
1078 357 1335 407 corporalium

265 412 525 461 metaphorice
544 412 583 449 in
603 411 806 461 Scripturis
833 410 1065 458 nominatur,
1095 411 1148 447 sic
1176 411 1335 448 aeterni-

263 472 333 512 tas,
354 472 433 502 tota
446 463 459 486 λ
481 465 595 503 simul
619 464 792 512 existens,
813 463 1035 501 nominibus
1059 464 1335 513 temporalibus

265 517 502 556 successivis.

318 573 377 608 An
406 583 570 614 <2111an
598 582 782 608 memnon
801 570 909 619 quod
927 569 966 606 in
984 577 1160 618 tempore
1181 577 1236 607 est
1255 570 1332 607 duo

265 624 525 662 considerare:
554 623 696 661 scilicet
712 623 839 672 ipsum
859 630 1024 672 tempus,
1045 622 1151 672 quod
1175 630 1232 660 est
1250 635 1333 660 suc-

317 756 345 789 λ)
365 759 432 782 tota.
448 769 468 776 -
486 755 548 782 Om.
563 755 666 781 codices
684 760 711 780 et
728 755 770 781 ed.
782 761 808 780 a.
826 769 845 775 -
863 755 927 780 Post
944 756 1065 781 existens
1083 757 1104 780 B
1123 757 1193 780 addit
1205 756 1314 781 dicitur.
1357 754 1362 795 Ι

1391 306 1602 354 cessivum;
1634 315 1670 345 et
1697 321 1797 346 nunc
1827 312 2027 360 temporis,
2057 313 2162 362 quod
2197 319 2252 351 e'st
2278 313 2454 363 imperfe-

1391 367 1504 397 ctum.
1530 360 1629 397 Dicit
1649 373 1737 409 ergo
1757 368 1832 400 tota
1851 364 1973 411 simul,
1990 366 2038 403 ad
2058 367 2339 404 removendum
2358 374 2453 405 tem-

1387 424 1479 461 pus:
1510 420 1546 450 et
1558 415 1739 463 perfecta,
1760 415 1809 453 ad
1838 418 2117 456 excludendum
2136 432 2238 457 nunc
2256 421 2451 470 temporis.

1441 468 1501 502 An
1529 478 1670 504 SEXTUM
1698 480 1882 506 DlCENDUM
1906 471 2012 518 quod
2038 471 2131 509 illud
2158 474 2262 522 quod
2280 473 2452 522 posside-

1388 525 1459 566 tur,
1479 519 1639 557 firmiter
1658 528 1694 558 et
1718 521 1845 570 quiete
1863 523 2034 561 habetur.
2063 526 2125 563 Ad
2145 526 2418 574 designandam
2432 533 2452 555 Ι·

1389 583 1479 631 ergo
1504 572 1847 612 immutabilitatem
1877 583 1913 613 et
1939 576 2235 616 indeficientiam
2255 580 2451 617 aeternita-

1387 631 1449 672 tis,
1478 637 1571 662 usus
1600 634 1656 663 est
1682 627 1839 665 nomine
1865 631 2116 677 possessionis.

1440 757 1469 791 μ)
1489 759 1693 791 designandam.
1710 773 1730 779 —
1748 760 1943 793 designandum
1963 762 2063 786 codices
2083 767 2109 787 et
2126 763 2184 788 edd.
2202 771 2219 788 a
2230 764 2253 789 b.

950 827 1282 872 Commentario»
1304 839 1553 873 cardinalis
1575 841 1774 875 Caietam

324 939 433 961 rrmus
451 929 562 961 clarus.
579 946 598 952 -
619 929 654 960 ln
673 939 806 970 corpore
825 936 979 970 quatuor:
1004 929 1120 970 primo,
1141 929 1259 959 modus
1283 929 1330 958 in-

266 942 499 1014 Tvestigandi
521 973 662 1004 divinam
688 973 922 1010 aeternitatem;
951 974 1102 1010 secundo,
1128 973 1332 1014 prosequitur

262 1019 357 1050 illum
371 1018 480 1060 quoad
499 1018 667 1059 particulas
686 1018 806 1059 positas
821 1018 855 1048 in
872 1017 1055 1049 definitione
1078 1018 1253 1054 intrinsece,
1269 1017 1328 1047 ibi:

266 1063 349 1095 Cum
368 1064 452 1094 enim
469 1060 502 1101 *3
526 1062 629 1099 tertio,
646 1062 754 1103 quoad
775 1062 944 1103 particulas
959 1061 1079 1103 positas
1098 1062 1131 1092 in
1147 1061 1330 1093 definitione

264 1115 301 1140 ut
323 1107 484 1143 additum,
508 1106 570 1137 ibi:
595 1107 676 1138 Item
702 1116 739 1137 ea
762 1106 960 1142 dicuntur*;
985 1113 1114 1147 quarto,
1140 1105 1329 1146 applicando

263 1152 304 1183 ad
319 1151 525 1193 propositum
541 1151 659 1187 omnia,
676 1151 886 1191 respondetur
899 1151 1044 1192 quaesito
1059 1149 1253 1186 affirmative,
1270 1149 1328 1179 ibi:

262 1196 318 1228 Sic
340 1197 444 1238 igitur
456 1195 482 1226 *.

255 1273 258 1274 γ
317 1241 356 1272 11.
374 1240 493 1278 Quoad
504 1241 667 1281 primum:
691 1239 867 1270 Aeternitas
883 1238 1105 1279 cognoscenda
1120 1244 1167 1268 est
1182 1247 1238 1278 per
1252 1244 1330 1268 tem-

263 1295 334 1326 pus.
348 1302 368 1308 -
383 1285 552 1315 Probatur:
569 1283 645 1325 quia
658 1294 691 1314 se
706 1283 800 1314 habet
814 1283 854 1313 ad
868 1283 975 1323 ipsum
990 1289 1025 1314 ut
1039 1282 1172 1322 simplex
1187 1282 1226 1312 ad
1242 1291 1330 1312 corn-

263 1329 417 1371 positum.
441 1327 617 1359 Aeternitas
641 1327 736 1364 enim,
761 1333 797 1358 ut
820 1327 938 1367 patebit
951 1326 978 1363 *,
1004 1333 1050 1357 est
1072 1326 1187 1362 unitas,
1202 1333 1330 1367 tempus

262 1383 339 1405 vero
362 1380 530 1404 numerus:
555 1372 609 1402 illa
631 1372 750 1412 absque
774 1371 982 1407 successione,
1006 1371 1068 1401 hoc
1091 1370 1204 1412 prioris
1228 1377 1259 1401 et
1272 1379 1330 1410 po-

218 1451 221 1453 ,
263 1417 411 1454 sterioris,
431 1424 489 1448 etc.
515 1415 650 1447 Constat
672 1422 780 1446 autem
796 1415 885 1456 quod
901 1425 1053 1446 numerus
1070 1414 1268 1454 compositus
1284 1420 1330 1445 est

262 1462 408 1504 respectu
424 1459 571 1492 unitatis:
591 1467 623 1491 et
638 1459 781 1491 similiter
794 1459 882 1500 prius
898 1467 928 1491 et
942 1459 1100 1500 posterius
1117 1466 1328 1500 componunt,

431 1505 499 1536 eius
522 1504 612 1546 quod
635 1511 695 1535 stat
717 1504 837 1545 absque
860 1503 909 1534 his
933 1503 1123 1535 differentiis.

311 1549 372 1590 ⁴111.
396 1548 515 1588 Quoad
535 1548 732 1580 seeundum:
754 1548 848 1579 Ratio
863 1548 1052 1580 aeternitatis
1071 1547 1213 1579 consistit
1226 1547 1260 1578 in
1275 1557 1329 1587 ap-

261 1593 472 1636 prehensione
494 1592 719 1624 uniformitatis
743 1592 811 1624 eius
833 1593 923 1634 quod
946 1599 993 1624 est
1008 1592 1141 1623 omnino
1156 1598 1240 1622 extra
1259 1601 1330 1622 mo-

262 1644 343 1670 tum.
361 1655 380 1662 -
395 1637 588 1669 Declaratur.
605 1637 699 1668 Ratio
721 1636 876 1677 temporis
900 1636 1042 1669 consistit
1060 1636 1092 1667 in
1109 1635 1329 1667 numeratione

261 1683 376 1725 prioris
390 1689 423 1714 et
444 1681 628 1724 posterioris
651 1681 686 1712 in
708 1688 818 1713 motu:
843 1691 929 1722 ergo.
954 1681 1110 1712 Probatur
1132 1690 1330 1721 consequen-

261 1727 323 1760 tia:
346 1727 424 1768 quia
445 1725 726 1768 proportionaliter
748 1735 782 1756 se
804 1725 931 1762 habent,
951 1725 1033 1757 sicut
1046 1732 1173 1765 tempus
1196 1725 1237 1755 ad
1259 1734 1329 1756 suc-

262 1771 440 1805 cessionem
467 1770 564 1811 partis
591 1777 666 1811 post
692 1777 814 1811 partem
843 1770 875 1800 in
899 1777 1009 1807 motu,
1033 1770 1077 1801 ita
1100 1769 1266 1801 aeternitas
1289 1769 1330 1799 ad

261 1826 332 1848 rem
353 1822 512 1847 carentem
534 1814 594 1846 his.

316 1859 369 1892 1v.
393 1860 531 1891 Adverte
554 1858 615 1895 hic,
640 1858 730 1900 quod
752 1858 829 1890 haec
851 1858 1029 1899 propositio
1048 1857 1081 1888 in
1097 1858 1199 1889 littera
1215 1857 1328 1899 posita,

262 1903 380 1937 scilicet
403 1905 487 1935 ratio
509 1904 711 1934 aeternitatis
726 1904 869 1934 consistit
883 1903 916 1934 in
933 1903 1185 1943 apprehensione
1203 1901 1331 1943 unifor-

262 1950 400 1986 mitatis,
425 1954 531 1989 potest
554 1947 721 1987 dupliciter
749 1947 883 1987 exponi,
908 1947 1017 1988 quoad
1039 1947 1072 1988 ly
1096 1948 1128 1977 in
1152 1946 1328 1987 apprehen-

261 1994 361 2026 sione.
387 1993 462 2024 Uno
486 1991 600 2028 modo,
625 1991 715 2032 quod
738 1990 891 2032 significet
913 1991 1001 2022 illam
1025 1990 1195 2022 consistere
1218 1990 1251 2020 in
1274 2000 1328 2031 ap-

262 2037 415 2079 prehendi
439 2046 495 2067 seu
520 2035 685 2076 cognosci:
709 2035 753 2067 ita
775 2036 865 2076 quod
888 2035 1053 2067 aeternitas
1077 2035 1116 2066 sit
1139 2034 1329 2075 completive

262 2081 302 2112 ab
326 2081 446 2118 anima,
471 2080 552 2111 sicut
575 2080 613 2111 de
635 2086 782 2120 tempore
805 2080 928 2111 dicitur.
952 2080 994 2111 Et
1017 2079 1074 2115 sic,
1099 2079 1218 2110 iudicio
1242 2089 1326 2115 meo,

261 2135 331 2158 non
345 2124 543 2166 intellig-itur:
568 2134 607 2155 eo
623 2124 713 2164 quod
736 2124 840 2156 unitas
857 2123 1082 2155 uniformitatis
1096 2123 1242 2164 perennis
1257 2130 1328 2154 actu

263 2177 311 2202 est
329 2170 450 2211 absque
473 2175 544 2200 actu
567 2168 701 2204 animae,
725 2178 792 2199 non
815 2168 922 2199 minus
945 2178 1044 2209 quam
1059 2167 1163 2199 unitas
1178 2167 1329 2201 essentiae

262 2214 397 2245 divinae.
420 2213 495 2244 Alio
518 2213 629 2248 modo,
654 2212 744 2253 quod
767 2212 919 2253 significet
941 2213 1028 2243 idem
1049 2212 1139 2253 quod
1163 2213 1195 2242 in
1220 2221 1328 2242 conce-

254 2259 369 2300 ptione
391 2258 560 2295 obiectiva,
585 2266 684 2298 quam
707 2256 865 2298 frequenti
888 2267 949 2288 usu
971 2266 1125 2288 vocamus
1148 2257 1304 2287 rationem
1314 2266 1328 2294 ,·

262 2312 298 2335 ac
322 2302 348 2334 si
371 2302 510 2333 dixisset:
535 2301 615 2333 ratio
639 2301 829 2332 aeternitatis
852 2301 996 2333 consistit
1010 2301 1042 2332 in
1058 2301 1327 2342 apprehensione,

262 2346 342 2378 idest
365 2346 397 2377 in
421 2347 546 2377 ratione
569 2345 805 2377 uniformitatis.
834 2345 875 2377 Et
898 2345 948 2376 hic
972 2353 1018 2377 est
1041 2355 1152 2376 sensus
1176 2345 1326 2376 intentus.

316 2391 379 2422 Sed
408 2397 515 2422 tamen
545 2390 648 2420 adhuc
678 2397 783 2430 potest
811 2389 978 2430 dupliciter
1008 2390 1133 2430 exponi.
1165 2389 1329 2427 Quoniam

262 2442 368 2477 potest
390 2434 586 2476 interpretari
601 2434 804 2475 formaliter,
829 2435 879 2464 vel
902 2435 1133 2465 materialiter:
1156 2433 1329 2464 formaliter

263 2479 404 2521 quidem,
421 2479 465 2510 ita
478 2486 515 2510 ut
538 2478 618 2509 ratio
641 2478 832 2509 aeternitatis
855 2479 895 2509 sit
917 2480 986 2519 ipsa
1010 2478 1219 2519 uniformitas
1226 2488 1239 2515 ;
1263 2488 1329 2508 ma-

261 2523 410 2556 terialiter
422 2533 508 2559 vero,
524 2530 560 2553 ut
575 2523 615 2553 sit
638 2523 747 2554 unitas·
770 2522 1011 2562 uniformitatis.
1035 2523 1076 2554 Et
1099 2523 1244 2563 quamvis
1260 2522 1330 2563 qui-

263 2569 338 2599 dam
357 2567 558 2599 materialiter
572 2567 654 2598 hanc
675 2566 813 2598 litteram
836 2567 1103 2608 interpretandam
1117 2574 1240 2608 putent,
1256 2576 1329 2607 pro-

263 2619 333 2653 pter
347 2612 442 2642 verba
459 2621 489 2642 s.
505 2611 652 2641 Thomae
675 2611 709 2640 in
729 2611 740 2641 1
755 2611 855 2648 Sent„
871 2611 942 2642 dist.
957 2622 1018 2648 xtx,
1038 2622 1092 2652 qu.
1108 2622 1140 2648 11,
1156 2618 1210 2642 art.
1231 2622 1239 2641 1
1261 2609 1330 2653 (ubi

264 2656 340 2687 dicit
355 2655 444 2697 quod
463 2655 544 2686 sicut
559 2655 647 2696 prius
664 2661 694 2685 et
708 2655 864 2696 posterius
884 2662 992 2686 motus
1016 2661 1052 2686 ut
1067 2661 1237 2686 numerata
1254 2665 1329 2685 con-

264 2699 401 2731 stituunt
423 2705 560 2739 tempus,
584 2699 628 2729 ita
650 2699 866 2739 permanentia
890 2706 977 2731 actus
1001 2705 1037 2730 ut
1059 2710 1126 2730 una
1146 2700 1274 2735 unitate,
1295 2707 1331 2731 ut

263 2743 359 2775 habet
381 2743 538 2775 rationem
556 2753 732 2780 mensurae,
757 2750 803 2775 est
819 2742 1013 2786 aeternitas);
1038 2751 1069 2775 et
1083 2753 1120 2774 ex
1134 2744 1196 2775 hoc
1210 2744 1330 2774 solutas

264 2784 378 2830 puten't
392 2797 505 2818 omnes
520 2787 715 2819 obiectiones
726 2788 867 2824 Aureoli,
883 2788 1025 2819 recitatas
1041 2788 1073 2819 in
1086 2798 1116 2818 tx
1129 2788 1330 2819 distinctione

263 2832 387 2864 Primi*
402 2842 420 2863 a
440 2831 610 2873 Capreolo,
626 2832 702 2873 quia
720 2833 897 2873 procedunt
921 2839 1029 2864 contra
1048 2833 1110 2863 hoc
1125 2832 1246 2864 dictum
1267 2832 1330 2862 for-

264 2876 397 2913 maliter,
409 2883 439 2908 et
451 2886 518 2906 non
530 2876 731 2907 materialiter
742 2876 952 2908 intellectum:
966 2887 1026 2917 ego
1038 2884 1145 2908 tamen
1158 2876 1331 2908 formaliter

264 2920 351 2952 hunc
365 2927 497 2956 textum,
522 2920 603 2951 sicut
626 2927 656 2951 et
680 2927 812 2956 ceteros,
835 2920 988 2961 intelligo,
1012 2928 1121 2952 motus
1145 2931 1180 2951 ea
1199 2921 1330 2957 ratione,

265 2965 340 3006 quia
359 2965 438 2996 nihil
457 2965 542 3004 cogit
565 2965 605 2995 ad
628 2965 823 2996 materialem
845 2974 988 3001 sensum;
1013 2975 1137 3005 semper
1160 2965 1245 2995 enim
1268 2965 1330 2995 for-

265 3009 358 3040 malis
369 3009 546 3040 intellectus
560 3009 689 3050 reliquis
704 3009 919 3049 praeponitur,
935 3009 961 3040 si
973 3009 1084 3040 salvari
1100 3019 1200 3050 aeque
1215 3016 1328 3049 potest.

320 3052 406 3084 Scito
429 3053 524 3093 igitur
547 3054 651 3094 quod,
676 3063 750 3084 cum
773 3052 974 3085 uniformitas
997 3054 1037 3084 sit
1060 3054 1179 3094 species
1202 3053 1331 3085 unitatis

267 3096 356 3140 (dicit
383 3097 469 3128 enim
497 3097 652 3129 unitatem
679 3104 873 3128 contractam
902 3097 943 3128 ad
974 3097 1130 3128 formam:
1154 3108 1222 3128 rem
1245 3097 1330 3128 enim

266 3141 463 3172 uniformem
485 3151 664 3183 synonyme
679 3141 814 3172 dicimus
828 3151 895 3172 rem
920 3142 1016 3172 unius
1030 3139 1194 3184 formae),
1218 3142 1331 3172 addere

266 3185 422 3217 unitatem
440 3185 481 3215 ad
493 3185 745 3217 uniformitatem
760 3193 806 3217 est
821 3185 966 3225 nugatio;
991 3185 1072 3216 sicut
1087 3186 1200 3216 addere
1215 3186 1332 3216 animal

267 3229 401 3260 homini.
425 3229 518 3260 Unde
533 3229 567 3260 in
581 3230 593 3260 1
609 3230 696 3260 Sent.
713 3230 730 3250 *
754 3240 820 3260 non
843 3229 957 3260 dicitur
978 3230 1067 3270 quod
1093 3243 1108 3259 ι
1125 3229 1332 3271 uniformitas

268 3281 357 3305 actus
373 3280 410 3304 ut
425 3282 489 3303 una
503 3285 532 3309 ι,
555 3274 620 3310 sed,
648 3287 663 3302 ι
672 3274 902 3315 permanentia
924 3279 1012 3304 actus
1027 3280 1063 3304 ut
1080 3284 1144 3304 una
1157 3286 1186 3305 >.
1210 3276 1258 3304 Ac
1276 3284 1332 3314 per

267 3318 340 3354 hoc,
358 3317 461 3348 dicere
483 3318 698 3349 aeternitatem
721 3329 786 3349 esse
810 3317 1071 3354 uniformitatem,
1087 3325 1118 3349 et
1140 3318 1242 3348 dicere
1265 3328 1332 3349 esse

268 3361 432 3397 unitatem,
446 3370 512 3391 non
527 3360 682 3399 differunt,
699 3362 760 3393 nisi
776 3362 851 3403 quia
867 3361 1041 3402 specialius,
1054 3361 1222 3402 perfectius
1237 3369 1331 3403 atque

268 3405 383 3436 melius
411 3404 524 3435 dicitur
546 3405 764 3442 uniformitas;
795 3406 875 3437 sicut
903 3405 1117 3436 universaliter
1144 3405 1258 3437 melius
1282 3416 1332 3436 ex-

269 3449 364 3491 plicat
391 3456 537 3480 naturam
558 3448 603 3478 rei
625 3459 725 3489 genus
753 3450 937 3491 proximum
965 3460 1063 3490 quam
1091 3457 1261 3481 remotum.
1291 3450 1332 3480 Et

268 3500 435 3534 propterea
449 3492 563 3523 merito
577 3492 610 3522 in
626 3493 684 3524 hac
699 3494 809 3530 littera,
822 3501 985 3534 postremo
1000 3494 1092 3530 edita,
1105 3493 1218 3524 melior
1232 3494 1332 3524 decla-

270 3537 351 3569 ratio
367 3537 470 3578 posita
485 3544 539 3567 est.
565 3535 718 3568 Consistit
740 3537 834 3577 igitur
856 3538 1043 3569 aeternitatis
1058 3538 1138 3569 ratio
1159 3538 1192 3568 in
1211 3538 1332 3569 ratione

269 3580 509 3616 uniformitatis,
535 3578 570 3611 ut
593 3580 793 3612 uniformitas
820 3581 975 3613 rationem
1003 3592 1168 3613 mensurae
1192 3582 1294 3613 habet.
1313 3600 1332 3604 -

1386 930 1474 961 Patet
1497 938 1605 963 autem
1632 931 1713 962 hanc
1736 942 1804 963 esse
1833 940 1975 964 mentem
2001 934 2136 971 litterae,
2165 946 2202 967 ex
2225 946 2264 967 eo
2287 938 2376 978 quod
2399 948 2451 969 ex-

1386 984 1490 1022 presse
1514 975 1723 1016 apprehensio
1747 975 1843 1019 (idest
1865 976 1959 1020 ratio)
1983 979 2208 1011 uniformitatis
2227 981 2450 1022 proportiona-

1385 1018 1456 1065 liter
1474 1020 1646 1060 apponitur
1668 1027 1777 1052 contra
1800 1022 2055 1054 numerationem
2078 1023 2191 1064 prioris
2214 1031 2245 1056 et
2267 1026 2449 1066 posterioris

1386 1069 1503 1094 motus

1441 1107 1479 1138 V.
1496 1108 1646 1139 Rationes
1670 1115 1778 1140 autem
1793 1110 1924 1141 Aureoli
1948 1110 2037 1141 facile
2058 1112 2235 1144 solvuntur.
2260 1112 2450 1147 Consistunt

1385 1151 1471 1180 enim
1494 1152 1526 1181 in
1550 1152 1599 1183 his
1622 1153 1749 1183 duobus
1772 1154 1907 1194 punctis.
1931 1155 2075 1186 stimum
2096 1163 2151 1187 est.
2177 1156 2385 1189 Uniformitas
2401 1165 2448 1190 est

1385 1194 1454 1235 ipsa
1476 1195 1730 1233 immutabilitas,
1755 1204 1785 1228 et
1809 1206 2038 1239 consequenter
2064 1207 2110 1231 est
2135 1201 2224 1241 quod
2248 1209 2449 1234 mensuratur

1385 1239 1581 1271 aeternitate:
1606 1250 1680 1280 ergo
1703 1251 1768 1271 non
1790 1249 1836 1273 est
1854 1242 2026 1274 formaliter
2049 1244 2223 1276 aeternitas.
2247 1246 2350 1277 Tenet
2373 1256 2448 1277 con-

1385 1283 1565 1324 sequentia:
1591 1284 1666 1325 quia
1684 1284 1771 1315 aliud
1785 1285 1971 1317 attributum
1986 1294 2032 1318 est
2050 1287 2298 1325 immutabilitas,
2315 1296 2345 1321 et
2361 1290 2447 1321 aliud

1385 1328 1560 1359 aeternitas.
1591 1329 1789 1360 Antecedens
1819 1331 1986 1370 probatur:
2016 1331 2091 1372 quia
2120 1332 2322 1364 uniformitas
2345 1344 2447 1375 oppo-

1385 1371 1471 1403 nitur
1492 1372 1597 1404 motui
1620 1373 1728 1413 quoad
1752 1373 1819 1403 eius
1834 1374 2032 1412 varietatem;
2057 1385 2141 1416 ergo.
2157 1394 2177 1399 —
2191 1377 2372 1408 Secundum
2389 1386 2445 1410 est.

1385 1416 1531 1457 Tempus
1547 1427 1613 1447 non
1636 1424 1682 1448 est
1706 1417 1878 1448 formaliter
1893 1418 2077 1450 difformitas
2100 1427 2224 1452 motus:
2250 1431 2324 1462 ergo
2349 1429 2446 1454 aeter-

1385 1460 1465 1491 nitas
1490 1470 1557 1491 non
1581 1467 1628 1492 est
1654 1461 1826 1493 formaliter
1854 1462 2053 1495 uniformitas
2081 1464 2149 1495 eius
2176 1466 2265 1506 quod
2291 1473 2338 1497 est
2363 1472 2447 1497 extra

1384 1512 1521 1536 motum.
1546 1505 1587 1536 Et
1609 1512 1694 1537 tenet
1717 1506 1844 1547 sequela
1867 1516 1904 1537 ex
1927 1517 2094 1547 progressu
2118 1508 2213 1540 huius
2235 1509 2363 1542 litterae.

1440 1549 1491 1579 Ad
1514 1549 1591 1580 haec
1613 1549 1771 1591 siquidem
1798 1552 2022 1591 respondetur,
2053 1554 2250 1584 ostendendo
2279 1555 2445 1595 quomodo

1385 1603 1418 1624 se
1434 1592 1547 1625 habeat
1570 1593 1770 1626 uniformitas
1789 1595 1829 1625 ad
1844 1595 2142 1628 immutabilitatem.
2167 1598 2229 1628 Res
2251 1598 2346 1635 enim,
2362 1606 2398 1631 ut
2411 1599 2444 1629 in

1384 1637 1556 1678 praemissa
1578 1639 1681 1679 patuit
1709 1639 1894 1679 quaestione
1908 1639 1942 1676 *,
1967 1640 2080 1671 dicitur
2103 1647 2133 1672 et
2156 1648 2202 1673 est
2223 1642 2445 1680 immutabilis,

1384 1692 1441 1722 per
1463 1682 1665 1722 negationem
1681 1683 1841 1723 potentiae
1855 1684 2099 1725 quomodolibet
2113 1686 2152 1716 ad
2167 1686 2255 1717 aliter
2268 1697 2301 1717 se
2317 1686 2444 1718 habere:

1385 1733 1415 1757 et
1439 1736 1475 1756 ex
1498 1727 1560 1757 hoc
1582 1726 1754 1759 innascitur
1775 1727 1808 1758 in
1831 1737 1864 1758 se
1887 1728 2013 1768 negatio
2036 1729 2141 1760 omnis
2165 1731 2370 1762 successionis
2383 1755 2390 1768 ,
2415 1739 2446 1763 et

1385 1779 1615 1812 consequenter
1630 1771 1735 1802 omnis
1758 1772 1882 1802 numeri
1905 1772 2017 1813 prioris
2036 1781 2066 1805 et
2085 1774 2278 1814 posterioris.
2303 1776 2375 1806 Hoc
2390 1786 2445 1806 au-

1384 1821 1464 1851 tern,
1488 1815 1635 1846 adiuncta
1657 1815 1778 1847 ratione
1801 1826 1991 1855 mensurae,
2009 1824 2055 1849 est
2078 1828 2144 1849 esse
2168 1818 2337 1850 uniforme.
2368 1820 2444 1851 Uni-

1383 1858 1526 1890 formitas
1554 1859 1640 1890 enim
1668 1859 1748 1890 nihil
1773 1860 1859 1891 aliud
1887 1871 1986 1902 quam
2013 1871 2112 1892 unum
2138 1861 2209 1905 (cui
2232 1863 2336 1904 primo
2365 1864 2443 1895 ratio

1383 1913 1550 1934 mensurae
1573 1903 1734 1940 convenit,
1759 1911 1795 1936 ut
1818 1904 1931 1935 dicitur
1953 1906 1982 1936 X
2004 1906 2188 1947 Metaphys.
2206 1905 2236 1950 *)
2261 1909 2293 1938 in
2309 1908 2425 1949 forma
2430 1931 2442 1946 ‚

1384 1947 1646 1978 universalissime
1674 1948 1858 1988 accipiendo
1887 1948 2043 1987 formam,
2077 1951 2177 1991 ponit.
2208 1951 2250 1982 Et
2277 1959 2444 1992 propterea

1383 1991 1608 2023 uniformitatis
1635 1992 1765 2023 nomine
1792 1993 1913 2024 utimur
1935 1993 2029 2025 etiam
2058 1994 2091 2025 in
2114 2001 2221 2031 motu,
2245 1995 2326 2027 sicut
2350 1996 2443 2027 etiam

1383 2035 1487 2067 unitas
1510 2036 1619 2066 omnia
1642 2036 1760 2068 circuit.
1791 2037 1832 2068 Et
1854 2037 1927 2068 hinc
1950 2039 2095 2078 provenit
2126 2040 2215 2080 quod
2242 2040 2442 2072 uniformitas

1383 2087 1430 2111 est
1452 2080 1628 2121 multiplex,
1648 2080 1734 2111 iuxta
1756 2090 1804 2111 res
1828 2081 1943 2122 quibus
1966 2082 2149 2122 applicatur,
2167 2084 2247 2114 sicut
2270 2091 2300 2114 et
2323 2084 2442 2115 unitas:

1383 2123 1444 2154 alia
1467 2131 1512 2155 est
1536 2124 1621 2155 enim
1644 2124 1845 2156 uniformitas
1868 2132 1986 2162 motus,
2010 2126 2069 2157 alia
2088 2127 2131 2157 rei
2147 2128 2368 2168 permanentis,
2385 2128 2444 2159 alia

1383 2168 1565 2205 mensurati,
1581 2169 1642 2199 alia
1660 2179 1836 2200 mensurae.
1860 2170 1901 2200 Et
1919 2176 2026 2200 tamen
2049 2180 2182 2211 arguens
2205 2172 2304 2204 utitur
2323 2172 2442 2203 unifor-

1383 2212 1500 2243 mitatis
1528 2213 1685 2243 vocabulo
1709 2223 1744 2243 ac
1768 2213 1793 2243 si
1816 2221 1896 2244 esset
1919 2214 2109 2250 univocum,
2138 2222 2246 2247 contra
2269 2216 2444 2248 Aristotelis

1384 2256 1570 2293 doctrinam,
1596 2257 1637 2287 1v
1654 2258 1837 2298 Metaphysn
1852 2257 1869 2276 *

1439 2301 1626 2332 Formaliter
1649 2311 1723 2341 ergo
1747 2302 1786 2331 ad
1810 2302 1946 2333 rationes
1961 2304 2102 2340 Aureoli,
2118 2311 2249 2344 negatur
2267 2306 2355 2346 quod
2374 2306 2444 2337 uni-

1384 2345 1527 2376 formitas
1550 2345 1590 2376 sit
1613 2345 1786 2376 formaliter
1808 2345 2058 2378 immutabilitas:
2083 2348 2150 2378 imo
2170 2355 2215 2379 est
2235 2355 2270 2379 ut
2293 2349 2359 2380 eius
2375 2360 2445 2391 pas-

1383 2389 1442 2420 sio.
1467 2389 1508 2420 Et
1531 2389 1673 2420 similiter
1695 2397 1828 2430 negatur
1850 2391 1939 2432 quod
1962 2391 2002 2422 sit
2024 2393 2112 2433 quod
2136 2401 2353 2425 mensuratur:
2377 2395 2444 2425 imo

1383 2441 1430 2464 est
1453 2443 1609 2465 mensura.
1634 2435 1685 2464 Ad
1708 2434 1930 2474 probationem
1953 2445 2038 2472 vero,
2063 2436 2176 2467 dicitur
2199 2438 2287 2477 quod
2306 2435 2459 2469 varietati¹

1382 2485 1491 2509 motus
1515 2478 1690 2518 opponitur
1713 2478 1922 2515 uniformitas,
1939 2489 2004 2509 non
2027 2480 2179 2516 absolute,
2195 2481 2251 2511 sed
2265 2487 2379 2520 motus,
2405 2492 2443 2513 eo

1383 2523 1483 2553 modo
1507 2532 1574 2563 quo
1598 2522 1739 2563 primum
1762 2529 1888 2553 motum
1912 2523 2104 2554 uniformem
2128 2524 2271 2556 dicimus.
2296 2526 2357 2556 Sed
2378 2537 2443 2557 non

1383 2567 1422 2597 de
1445 2566 1499 2597 tali
1524 2573 1571 2597 est
1590 2566 1641 2597 hic
1656 2575 1776 2597 sermo:
1802 2567 1856 2596 sed
1880 2567 1918 2596 de
1942 2567 2157 2599 uniformitate
2179 2576 2215 2600 ut
2237 2579 2384 2601 mensura
2399 2578 2444 2602 est

1383 2610 1655 2642 immutabilitatis,
1669 2628 1689 2633 ·—
1702 2611 1754 2641 Ad
1768 2611 1943 2641 secundum
1958 2621 2042 2648 vero,
2058 2619 2189 2652 negatur
2205 2614 2345 2654 sequela:
2364 2625 2443 2656 quo-

1383 2655 1470 2685 niam
1489 2655 1672 2685 difformitas
1695 2661 1803 2685 motus
1823 2661 1853 2684 et
1874 2654 2072 2686 uniformitas
2095 2657 2268 2688 immobilis
2287 2668 2352 2689 non
2372 2669 2444 2699 pro-

1383 2699 1601 2739 portionaliter
1617 2709 1649 2729 se
1668 2699 1784 2729 habent
1799 2699 1839 2729 ad
1854 2699 2009 2730 rationem
2032 2701 2184 2740 temporis
2200 2708 2230 2732 et
2244 2703 2442 2734 aeternitatis.

1384 2743 1469 2781 Quia
1483 2744 1522 2773 ad
1539 2743 1694 2774 rationem
1717 2742 1905 2774 aeternitatis
1928 2751 1974 2774 sat
1998 2751 2044 2775 est
2062 2745 2165 2775 unitas
2185 2745 2305 2777 formae
2328 2746 2444 2778 immu-

1383 2787 1504 2818 tabilis:
1529 2788 1569 2817 ad
1591 2787 1747 2817 rationem
1769 2797 1843 2817 vero
1867 2788 2034 2828 temporis,
2060 2799 2126 2819 non
2145 2796 2192 2820 sat
2215 2797 2261 2821 est
2286 2790 2443 2822 diversitas

1383 2832 1505 2862 formae
1520 2838 1638 2867 motus,
1654 2831 1709 2861 sed
1726 2831 1859 2871 exigitur
1873 2832 1962 2872 quod
1978 2832 2017 2874 sit
2035 2833 2194 2864 diversitas
2218 2835 2292 2865 talis
2314 2835 2443 2872 formae,

1384 2875 1500 2906 scilicet
1523 2875 1636 2915 prioris
1651 2885 1669 2905 a
1682 2875 1848 2915 posteriori
1872 2883 1907 2907 ut
1925 2876 1978 2907 sic.
2003 2877 2043 2907 Et
2065 2877 2148 2913 ideo,
2169 2888 2243 2909 cum
2262 2878 2444 2910 difformitas

1384 2926 1491 2950 motus
1515 2929 1581 2949 non
1605 2919 1686 2950 dicat
1709 2919 1769 2949 nisi
1793 2919 1948 2951 diversam
1970 2920 2107 2951 formam
2123 2929 2240 2958 motus,
2265 2933 2330 2952 non
2354 2923 2445 2964 ponit

1384 2974 1555 2994 numerum
1589 2963 1659 2994 talis
1691 2962 1812 2994 formae
1845 2971 1952 2995 motus
1985 2966 2161 2996 secundum
2190 2966 2384 3005 prioritatem
2415 2974 2446 2998 et

1384 3007 1662 3048 posterioritatem
1693 3013 1724 3038 et
1747 3016 1974 3049 consequenter
2002 3019 2068 3039 non
2096 3009 2210 3040 sufficit
2232 3011 2271 3040 ad
2294 3011 2446 3050 temporis

1385 3052 1549 3083 rationem.
1584 3051 1793 3082 Uniformitas
1821 3059 1929 3083 autem
1957 3053 2002 3083 rei
2031 3053 2222 3090 immobilis,
2253 3054 2327 3094 quia
2354 3055 2446 3094 ponit

1386 3097 1540 3127 unitatem
1563 3095 1668 3126 omnis
1691 3095 1826 3133 formae,
1850 3096 1930 3128 idest
1953 3098 2142 3128 conditionis
2163 3098 2207 3128 rei
2230 3097 2444 3135 immutabilis,

1386 3140 1494 3172 omnia
1517 3139 1738 3180 complectitur
1760 3140 1982 3172 constituentia
2005 3142 2218 3173 aeternitatem
2240 3142 2422 3174 formaliter.

1441 3185 1494 3215 VI.
1519 3183 1636 3221 Quoad
1663 3185 1792 3214 tertium
1816 3184 1851 3214 *:
1880 3186 1942 3215 Res
1973 3186 2106 3216 omnino
2134 3186 2340 3217 immutabilis
2364 3193 2446 3218 caret

1385 3228 1540 3270 principio
1557 3235 1588 3259 et
1603 3227 1675 3258 fine.
1693 3245 1712 3251 -
1726 3228 1898 3259 Probatur:
1923 3229 1998 3270 quia
2014 3237 2095 3260 caret
2109 3230 2315 3261 successione.
2336 3230 2445 3261 Decla-

1384 3280 1482 3304 ratur:
1500 3272 1574 3313 quia
1590 3278 1808 3303 mensuratum
1827 3280 1969 3313 tempore
1985 3274 2078 3304 habet
2093 3273 2283 3314 principium
2300 3281 2330 3305 et
2348 3273 2445 3305 finem

1385 3319 1418 3347 in
1441 3324 1603 3356 tempore,
1631 3326 1667 3346 ex
1691 3326 1729 3347 eo
1753 3318 1842 3357 quod
1870 3327 1965 3348 omne
1989 3324 2115 3348 motum
2138 3317 2231 3348 habet
2253 3318 2445 3359 principium

1386 3368 1416 3392 et
1438 3361 1544 3391 finem.

1440 3405 1506 3435 VII.
1524 3404 1659 3434 Adverte
1676 3404 1726 3434 hic
1749 3405 1890 3441 breviter,
1906 3405 1980 3446 quia
2002 3405 2079 3435 haec
2102 3415 2138 3435 ex
2155 3406 2196 3436 IV
2210 3406 2337 3447 Physic.
2358 3416 2444 3437 sum-

1385 3456 1439 3490 pta
1459 3457 1540 3484 sunt,
1558 3448 1646 3488 quod
1670 3448 1784 3480 directe
1808 3459 1911 3479 sermo
1935 3459 2080 3488 praesens
2104 3456 2150 3479 est
2173 3449 2211 3480 de
2235 3450 2391 3490 principio
2416 3457 2446 3480 et

1384 3493 1446 3523 fine
1469 3493 1664 3529 durationis,
1689 3500 1815 3533 excepta
1839 3493 1949 3523 ultima
1972 3492 2204 3533 propositione,
2229 3494 2261 3524 in
2284 3504 2348 3534 qua
2371 3504 2445 3535 pro-

1384 3539 1475 3568 batur
1498 3543 1716 3566 mensuratum
1739 3543 1882 3577 ternpore
1904 3537 2017 3567 habere
2040 3538 2192 3568 terminos
2216 3538 2388 3569 durationis
2410 3548 2446 3568 ex

1385 3580 1524 3612 terminis
1547 3581 1677 3610 subiecti
1704 3587 1821 3611 motus.
1850 3582 1924 3611 Non
1952 3581 2038 3611 enim
2065 3581 2207 3622 loquitur
2235 3582 2274 3612 de
2304 3582 2445 3613 terminis

2472 1647 2482 1656 ·
2497 1647 2548 1669 Art.
2558 1653 2579 1668 2.

2472 1917 2479 1924 ¹
2496 1915 2528 1937 Ca
2547 1921 2586 1937 .11.
2602 1926 2611 1931 -
2627 1915 2681 1937 Did.

2471 1941 2510 1963 lib.
2546 1947 2681 1970 ,cap.1,n.7.

2472 2260 2480 2268 ·
2497 2258 2529 2280 Ca
2548 2274 2554 2279 .
2564 2264 2594 2279 111.
2604 2269 2614 2274 -
2629 2258 2683 2280 Did.

2472 2285 2512 2306 lib.

2472 2317 2495 2333 n.
2506 2317 2539 2333 ιο.

2472 3194 2482 3204 ’
2498 3193 2534 3215 cf.
2549 3199 2612 3215 num.
2623 3199 2639 3215 ι.

2568 2301 2573 2310 ,
2589 2290 2640 2312 cap.
2651 2290 2683 2312 n,
2705 2296 2712 2303 ·
