2768 4178
21 1519 239 1572 ‘'CI-mmmc-

118 2883 223 2928 ¹1¹³.a¹';?·
231 2889 242 2895 ·

28 2876 112 2928 {ffa-

16 2983 41 2996 ”“
53 2982 80 3007 S.
86 2982 133 3006 Tu.
143 2983 196 3007 lect.
205 2989 239 3007 m.

28 3021 40 3028 -
61 3009 115 3035 nid.
135 3010 177 3034 lib.
197 3011 241 3038 la,

28 3041 81 3066 σιρ.
91 3042 118 3065 11,
132 3043 157 3060 n.
166 3043 179 3060 a
189 3043 242 3067 sqq.

946 247 1215 294 QUAESTIO
1245 248 1386 295 XLVI,
1416 250 1712 288 ARTICULUS
1742 252 1774 288 II

2374 255 2446 301 481

264 329 346 360 dum
361 328 401 359 ab
420 334 557 364 aeterno,
581 336 639 358 nec
663 332 746 357 creat
768 325 868 356 modo
893 325 1033 356 animam
1048 326 1242 357 Antichristi.
1258 344 1279 350 -
1296 327 1336 357 Et
1391 327 1461 364 fuit,
1485 335 1540 359 aut
1564 329 1620 360 erit
1635 330 1670 360 in
1685 340 1724 361 eo
1748 330 1931 362 formaliter.
1956 332 2004 363 De
2027 320 2263 363 inexiistentibus
2287 333 2371 363 enim
2391 333 2454 364 for-

265 373 292 404 si
314 379 492 414 quaeratur,
517 371 686 412 quomodo
709 369 809 401 illatio
833 369 989 410 passionis
1012 370 1062 400 vel
1085 370 1212 401 effectus
1234 377 1280 401 est
1302 370 1336 400 in
1391 372 1523 409 maliter,
1540 373 1765 405 inconveniens
1785 382 1831 406 est
1847 385 1965 416 ponere
1984 376 2104 417 aliquid
2118 377 2151 406 in
2167 377 2309 417 potentia
2323 377 2356 407 in
2372 378 2451 408 Deo.

265 418 336 448 Deo
361 417 399 448 ab
423 423 560 452 aeterno,
585 421 656 446 actu
679 414 730 445 vel
753 413 911 454 potentia:
936 414 1102 454 responsio
1126 414 1159 444 in
1182 421 1335 455 promptu
1390 416 1431 446 Et
1449 423 1615 456 propterea
1634 418 1802 455 actionem,
1822 420 1998 450 secundum
2021 427 2126 452 totum
2144 421 2175 451 id
2191 421 2279 462 quod
2293 421 2325 451 in
2344 429 2454 461 agente

267 468 328 499 est,
354 461 444 502 quod
467 466 514 491 est
535 459 569 490 in
593 469 632 490 eo
660 458 693 489 in
717 458 860 499 potentia
882 457 997 494 activa,
1027 464 1057 488 et
1081 468 1249 498 nunquam
1273 465 1335 494 est,
1391 460 1482 498 ponit
1498 460 1680 498 formaliter,
1698 469 1824 503 oportet
1839 463 1877 493 ab
1894 470 2019 495 aeterno
2035 464 2068 495 in
2084 465 2152 495 Deo
2170 475 2236 495 esse
2252 472 2333 502 actu,
2351 473 2407 497 etc.

571 613 587 633 ⁶
1040 606 1359 649 ARTICULUS
1389 608 1686 651 SECUNDUS

797 700 955 732 UTRUM
977 699 1171 731 MUNDUM
1195 699 1441 731 INCOEPISSE
1465 701 1532 732 SIT
1554 702 1800 735 ART1CULus
1822 705 1934 735 FIDEI

499 772 520 797 11
540 772 624 801 Sent„
644 771 704 796 dist.
716 765 741 802 i,
761 777 805 803 qu.
824 778 841 800 π,
861 775 909 795 art.
930 769 960 801 55
979 770 1000 794 Π
1023 770 1099 795 cont.
1116 770 1204 798 Gent„
1224 776 1281 801 cap.
1299 777 1407 801 xxxv1113
1427 770 1470 795 De
1489 771 1557 801 Por„
1577 779 1622 804 qu.
1640 780 1677 802 111,
1698 778 1745 798 art.
1763 781 1806 805 ¹43
1828 773 1923 804 Quodl.
1938 775 1991 804 XII,
2011 783 2055 808 qu.
2074 783 2108 807 vi,
2128 781 2174 801 art.
2192 784 2212 808 1;

1084 804 1186 837 Opusc.
1204 804 1308 835 XXVII,
1326 805 1360 830 de
1378 806 1510 831 Aeternit.
1529 806 1637 832 Mundi.

302 917 360 942 f,
380 915 437 942 μί
480 908 503 933 D
518 907 710 934 SECUNDUM
725 907 779 932 stc.
798 906 1038 932 PROCEDITUR.
1059 893 1220 931 Videtur
1234 893 1339 942 quod

292 918 457 1011 553⁴<
481 950 671 987 mundum
690 948 903 998 incoepisse
932 946 1013 985 non
1030 946 1077 984 sit
1099 946 1276 983 articulus
1295 947 1338 983 fi-

283 1003 330 1050 γ
390 1025 394 1027 <
420 994 447 1046 ’ἦ
461 1000 467 1005 “
481 1003 555 1051 dei,
571 1002 640 1040 sed
656 1001 850 1039 conclusio
871 999 1188 1039 demonstrabilis.
1210 999 1339 1036 Omne

287 1052 297 1059 ”
400 1066 412 1083 ν’
437 1049 469 1091 N
482 1056 584 1093 enim
608 1056 751 1093 factum
770 1055 888 1092 habet
904 1053 1137 1104 principium
1156 1065 1250 1090 suae
1270 1053 1339 1090 du-

266 1109 436 1147 rationis.
467 1109 546 1147 Sed
574 1107 871 1146 demonstrative
899 1107 1054 1157 probari
1081 1114 1207 1156 potest
1224 1107 1339 1156 *quod

266 1163 374 1201 Deus
394 1162 441 1199 sit
459 1174 574 1200 causa
594 1161 771 1199 effectiva
789 1161 939 1198 mundi:
968 1168 1005 1198 et
1022 1161 1098 1197 hoc
1117 1159 1232 1196 etiam
1251 1171 1340 1208 pro-

266 1215 472 1254 babiliores
489 1215 710 1266 philosophi
728 1222 952 1264 posuerunt.
977 1214 1081 1262 Ergo
1102 1213 1340 1250 demonstra-

266 1269 344 1307 tim
360 1268 529 1318 probari
545 1276 672 1318 potest
698 1268 804 1316 quod
822 1267 992 1305 mundus
1011 1265 1231 1315 incoeperit.

321 1334 359 1361 2.
388 1323 623 1370 PRAETEREA,
652 1321 683 1359 si
706 1333 863 1359 necesse
885 1328 940 1358 est
958 1320 1083 1358 dicere
1103 1319 1210 1368 quod
1230 1331 1339 1356 mun-

267 1375 340 1414 dus
367 1375 489 1413 factus
518 1383 574 1413 est
592 1388 614 1412 a
633 1375 731 1422 Deo,
760 1382 826 1412 aut
853 1386 943 1422 ergo
974 1386 1020 1411 ex
1047 1373 1179 1420 nihilo,
1210 1379 1275 1410 aut
1295 1384 1340 1410 ex

267 1428 409 1480 aliquo.
431 1429 510 1467 Sed
524 1441 604 1466 non
624 1440 669 1465 ex
689 1427 836 1477 aliquo:
856 1428 946 1476 quia
964 1427 1019 1464 sic
1033 1426 1192 1464 materia
1205 1426 1340 1464 mundi

265 1482 536 1532 praecessisset
572 1481 785 1528 mundum;
821 1489 952 1518 contra
983 1479 1089 1530 quod
1126 1480 1340 1530 procedunt

265 1535 433 1575 rationes
459 1534 672 1573 Aristotelis
693 1534 871 1584 ponentis
900 1534 1050 1572 caelum
1077 1532 1287 1582 ingenitum
1306 1532 1338 1570 ³¹⁵.

267 1589 372 1638 Ergo
400 1596 552 1638 oportet
579 1588 705 1626 dicere
739 1588 845 1637 quod
873 1588 1042 1625 mundus
1070 1587 1118 1624 sit
1144 1587 1264 1624 factus
1293 1599 1339 1623 ex

246 1642 397 1694 3nihilo.
435 1642 485 1680 Et
513 1641 568 1679 sic
598 1641 715 1679 habet
746 1653 830 1678 esse
866 1648 956 1690 post
986 1653 1066 1678 non
1100 1652 1196 1678 esse.
1234 1641 1338 1688 Ergo

267 1702 421 1746 oportet
447 1696 551 1744 quod
581 1707 664 1732 esse
692 1693 912 1744 incoeperit.

266 1780 270 1784 .
323 1749 358 1787 3.
379 1750 619 1796 PRAETEREA,
645 1760 761 1785 omne
782 1747 888 1797 quod
907 1754 1088 1797 operatur
1109 1759 1180 1797 per
1198 1746 1339 1784 intelle-

267 1810 384 1850 ctum,
396 1814 420 1839 a
434 1801 606 1850 quodam
621 1800 806 1851 principio
823 1808 1015 1850 operatur,
1030 1808 1072 1838 ut
1085 1808 1189 1850 patet
1203 1800 1242 1838 in
1257 1813 1340 1837 om-

266 1856 380 1895 nibus
399 1855 606 1892 artificibus
624 1861 654 1891 α.
676 1854 754 1892 Sed
772 1856 880 1892 Deus
898 1861 956 1892 est
973 1866 1090 1902 agens
1108 1866 1178 1903 per
1196 1853 1340 1891 intelle-

267 1916 383 1947 ctum.
404 1909 508 1957 Ergo
529 1921 552 1945 a
571 1908 742 1957 quodam
762 1907 948 1957 principio
969 1915 1150 1957 operatur
1168 1908 1340 1946 Mundus

265 1962 388 2012 igitur,
418 1962 484 2011 qui
513 1968 569 1999 est
597 1961 678 1998 eius
708 1961 877 2009 effectus,
907 1974 987 1999 non
1016 1961 1085 1998 fuit
1111 1973 1278 2010 semper.

318 2027 358 2063 4.
387 2016 622 2062 PRAETEREA,
651 2015 851 2052 manifeste
881 2022 1039 2064 apparet
1058 2021 1157 2052 artes
1180 2014 1338 2064 aliquas,

268 2076 306 2108 et
322 2068 576 2118 habitationes
605 2068 818 2117 regionum,
841 2080 886 2105 ex
906 2067 1165 2106 determinatis
1193 2075 1340 2117 tempo-

266 2122 372 2160 ribus
399 2121 626 2171 incoepisse.
657 2121 735 2160 Sed
761 2122 838 2160 hoc
865 2134 945 2158 non
974 2129 1083 2169 esset,
1113 2121 1144 2158 si
1172 2122 1340 2159 mundus

227 2201 229 2203 -
268 2187 423 2225 semper
440 2175 582 2213 fuisset.
612 2175 806 2213 Mundum
825 2174 936 2223 igitur
954 2187 1035 2212 non
1053 2186 1206 2224 semper
1225 2175 1340 2213 fuisse

267 2228 513 2267 manifestum
541 2236 609 2266 est.

326 2283 360 2320 5.
376 2283 612 2329 Pmmm,
629 2290 777 2319 certum
797 2289 853 2319 est
867 2281 957 2319 nihil
977 2283 1062 2319 Deo
1083 2281 1238 2330 aequari
1252 2294 1340 2331 pos-

268 2348 322 2375 se.
344 2335 423 2373 Sed
436 2335 468 2372 si
482 2335 652 2373 mundus
671 2347 826 2384 semper
844 2335 985 2383 fuisset,
1002 2334 1341 2384 aequiparareturss²

267 2390 355 2429 Deo
383 2388 423 2426 in
450 2388 661 2426 duratione.
691 2389 794 2438 Ergo
824 2396 969 2426 certum
998 2396 1055 2425 est
1079 2401 1159 2426 non
1187 2401 1342 2438 semper

268 2442 461 2481 mundum
489 2441 616 2480 fuisse.

324 2497 360 2533 6.
390 2496 624 2543 PRAETEREA,
645 2495 676 2532 si
694 2494 863 2532 mundus
892 2506 1046 2543 semper
1064 2494 1133 2532 fuit
1150 2500 1176 2542 Ὺ,
1206 2495 1342 2532 infiniti

269 2549 352 2587 dies
378 2555 668 2598 praecesserunt
697 2548 800 2586 diem
829 2548 956 2585 istum.
987 2548 1066 2585 Sed
1093 2547 1242 2586 infinita
1262 2561 1342 2586 non

269 2610 327 2640 est
344 2601 584 2651 pertransire.
614 2602 717 2650 Ergo
742 2613 942 2650 nunquam
962 2601 1093 2638 fuisset
1110 2610 1340 2650 perventum

269 2655 319 2695 ad
346 2656 450 2693 hunc
478 2655 598 2692 diem:
628 2654 735 2703 quod
765 2662 822 2692 est
848 2654 1049 2692 manifeste
1077 2654 1227 2693 falsum.

323 2722 360 2758 7.
390 2710 625 2756 PRAETEREA,
655 2707 686 2745 si
710 2708 880 2745 mundus
908 2708 976 2745 fuit
1003 2715 1192 2757 aeternus,
1223 2717 1260 2746 et
1278 2721 1341 2757 ge-

268 2762 414 2800 neratio
439 2762 507 2799 fuit
524 2762 574 2799 ab
593 2768 761 2799 aeterno.
791 2762 895 2810 Ergo
923 2774 1024 2799 unus
1042 2762 1163 2799 homo
1192 2762 1340 2810 genitus

270 2823 326 2853 est
352 2816 401 2853 ab
430 2815 504 2853 alio
524 2814 563 2852 in
582 2814 786 2852 infinitum.
818 2815 896 2852 Sed
914 2819 1023 2864 pater
1042 2822 1098 2852 est
1117 2828 1232 2852 causa
1260 2815 1341 2852 effi-

270 2869 372 2907 ciens
400 2869 479 2916 filii,
499 2876 542 2906 ut
561 2868 693 2906 dicitur
712 2868 750 2905 in
771 2869 803 2904 II
823 2869 962 2917 Physic
974 2867 1006 2906 ³¹⁶.
1037 2869 1139 2916 Ergo
1159 2869 1198 2906 in
1218 2868 1340 2905 causis

270 2923 520 2960 efficientibus
541 2929 597 2959 est
614 2921 825 2971 procedere
849 2921 889 2958 in
907 2921 1115 2959 infinitum:
1145 2922 1250 2972 quod
1270 2921 1340 2958 im-

268 2976 454 3026 probatur
480 2976 520 3013 in
548 2977 580 3012 II
600 2975 818 3023 Metaphys.
838 2974 859 2997 ²¹²

325 3030 359 3066 8.
391 3030 624 3076 PRAETEREA,
654 3028 684 3065 si
714 3028 882 3066 mundus
908 3034 944 3064 et
962 3027 1155 3076 generatio
1186 3040 1340 3077 semper

269 3082 357 3130 fuit,
386 3082 522 3119 infiniti
554 3081 733 3119 homines
765 3089 1065 3130 praecesserunt.
1106 3081 1184 3118 Sed
1211 3081 1340 3118 anima

269 3135 434 3172 hominis
472 3142 527 3172 est
563 3134 799 3172 immortalis.
843 3135 945 3183 Ergo
982 3134 1151 3172 infinitae
1189 3134 1339 3171 animae

267 3189 463 3225 humanae
486 3200 590 3226 nunc
609 3195 735 3226 essent
754 3195 862 3225 actu:
891 3188 997 3237 quod
1017 3195 1073 3225 est
1090 3187 1338 3237 impossibile.

269 3242 373 3290 Ergo
402 3253 448 3278 ex
475 3241 698 3279 necessitate
726 3241 811 3278 sciri
829 3248 956 3290 potest
974 3241 1079 3290 quod
1099 3240 1266 3279 mundus
1286 3240 1340 3277 in-

270 3294 455 3344 coeperit3
485 3302 522 3332 et
549 3307 629 3332 non
657 3295 738 3332 sola
766 3294 844 3332 fide
872 3301 1032 3332 tenetur.

323 3410 351 3443 α)
370 3409 526 3442 artificibus.
543 3423 563 3429 —
580 3409 766 3443 artificialibus
784 3409 875 3442 P(Gr),
893 3409 997 3434 artibus
1015 3410 1046 3434 B.

324 3445 349 3479 β)
368 3445 601 3478 aequipararetur.
619 3459 638 3464 —
656 3448 820 3478 aequaretur
837 3445 936 3475 ABCD,
955 3444 1074 3477 aequalis
1093 3444 1122 3469 E.

321 3481 348 3515 γ)
362 3481 429 3515 fuit.
445 3494 465 3499 -
476 3480 576 3514 suisset
593 3481 629 3511 133
648 3488 698 3513 pro
712 3484 924 3512 praecesserunt,
939 3480 1148 3512 praecessissent
1166 3478 1311 3503 BCDEFG.

322 3516 347 3550 δ)
367 3523 432 3541 esse.
448 3529 468 3536 -
485 3515 549 3541 Om.
567 3515 670 3541 codices
689 3521 715 3541 et
732 3516 783 3541 ab.
800 3530 820 3536 -
838 3517 866 3541 ln
883 3520 954 3541 textu
973 3516 1015 3541 cit.
1029 3523 1077 3549 pro
1093 3518 1151 3544 etc„
1164 3514 1231 3540 caeli
1245 3516 1271 3539 et
1285 3516 1338 3538 ter-

268 3559 316 3578 rae
335 3552 445 3577 codices.

322 3588 344 3621 ε)
364 3588 397 3612 de
410 3587 570 3620 praeterito.
587 3601 607 3608 -
625 3587 687 3612 Om.
698 3587 771 3620 Dpss.

320 3623 347 3657 ζ)
367 3623 435 3648 ideo.
453 3637 472 3642 —
490 3623 552 3648 Om.
571 3623 681 3648 codices.

413 3676 523 3700 Summa
541 3675 643 3700 Timor.
662 3675 693 3699 D.
713 3675 828 3699 ΤΗΟΜΑΕ
847 3675 879 3699 T.
898 3675 917 3700 1.

1449 894 1523 930 SED
1552 906 1716 942 CONTRA,
1747 896 1836 933 fidei
1870 897 2014 934 articuli
2046 898 2340 938 demonstrative
2367 914 2454 950 pro-

1395 946 1477 983 bari
1496 959 1575 984 non
1594 956 1770 996 possunt:
1802 949 1891 997 quia
1913 951 2010 987 fides
2031 951 2078 988 de
2098 964 2172 989 non
2191 955 2454 1001 apparentibus

1396 1007 1462 1046 est,
1482 1007 1523 1036 ut
1542 1000 1674 1038 dicitur
1692 1002 1744 1038 ad
1759 1003 1879 1039 Hebr.
1896 1015 1931 1040 XI
1946 1003 1977 1040 ²⁸.
1999 1004 2077 1041 Sed
2095 1006 2222 1043 Deum
2243 1019 2324 1043 esse
2341 1008 2454 1044 Crea-

1395 1060 1518 1090 torem
1539 1054 1684 1101 mundi,
1705 1055 1758 1092 sic
1778 1056 2077 1104 quodbmundus
2104 1057 2312 1108 incoeperit
2331 1072 2412 1097 esse
2428 1058 2452 1108 δ,

1397 1113 1452 1143 θεῖ
1471 1106 1647 1144 articulus
1666 1107 1772 1145 fidei:
1793 1108 1952 1146 dicimus
1969 1110 2069 1147 enirn
2084 1110 2119 1147 *ε
2145 1112 2264 1149 Credo
2284 1113 2320 1149 in
2338 1125 2453 1150 unum

1394 1160 1519 1196 Deum
1540 1167 1609 1196 etc.
1625 1181 1649 1187 -
1665 1161 1714 1197 Et
1727 1161 1876 1209 iterum,
1894 1163 2099 1210 Gregorius
2115 1164 2213 1212 dicit,
2229 1165 2268 1202 in
2284 1166 2421 1204 Homil.
2439 1168 2453 1203 I
2480 1171 2501 1218 g,

1395 1213 1432 1249 in
1461 1214 1608 1262 Ezech„
1637 1214 1743 1261 quod
1767 1215 1922 1263 Moyses
1941 1216 2215 1265 prophetizavit
2242 1219 2290 1255 de
2309 1227 2453 1267 praete-

1396 1265 1466 1302 rito
1486 1271 1508 1312 ¹,
1536 1266 1665 1303 dicens
1693 1268 1739 1303 In
1762 1268 1950 1316 principio
1978 1270 2118 1306 creavit
2136 1271 2240 1307 Deus
2257 1271 2401 1308 caelum
2421 1278 2457 1309 et

1395 1324 1557 1363 terram‚·
1585 1319 1623 1356 in
1650 1331 1728 1367 quo
1748 1321 1897 1357 novitas
1916 1322 2050 1358 mundi
2069 1323 2236 1360 traditur.
2266 1325 2366 1372 Ergo
2387 1338 2454 1362 no-

1394 1372 1492 1410 vitas
1511 1372 1646 1409 mundi
1663 1373 1824 1409 habetur
1841 1381 1987 1411 tantum
2007 1387 2076 1423 per
2094 1376 2377 1414 revelationem.
2407 1379 2456 1415 Et

1394 1425 1482 1463 ideo
1503 1425 1516 1451 t
1544 1438 1623 1462 non
1650 1433 1774 1474 potest
1801 1427 1955 1475 probari
1983 1427 2290 1467 demonstrative.

1448 1480 1675 1516 RESPONDEO
1703 1491 1886 1517 DICENDUM
1914 1481 2019 1528 quod
2046 1482 2233 1519 mundum
2257 1495 2335 1520 non
2356 1496 2454 1520 sem-

1394 1544 1464 1581 per
1491 1532 1625 1579 fuisse,
1664 1533 1746 1569 sola
1777 1533 1854 1570 fide
1891 1541 2058 1582 tenetur,
2097 1542 2133 1571 et
2161 1536 2454 1574 demonstrative

1392 1585 1548 1634 probari
1576 1598 1655 1622 non
1683 1593 1826 1634 potest:
1857 1586 1950 1624 sicut
1969 1595 2005 1623 et
2023 1600 2137 1636 supra
2159 1587 2180 1609 '¹‘
2208 1589 2254 1625 de
2274 1590 2453 1638 mysterio

1395 1638 1588 1676 Trinitatis
1618 1638 1760 1676 dictum
1789 1646 1854 1676 θεῖ.
1885 1640 1934 1676 Et
1951 1640 2062 1677 huius
2081 1641 2174 1678 ratio
2195 1649 2260 1689 est,
2281 1643 2368 1691 quia
2387 1656 2454 1680 no-

1394 1692 1491 1729 vitas
1511 1692 1644 1730 mundi
1664 1705 1742 1729 non
1761 1700 1886 1741 potest
1911 1693 2271 1731 demonstrationem
2291 1696 2455 1745 recipere

1395 1758 1442 1783 ex
1456 1753 1562 1795 parte
1582 1745 1700 1794 ipsius
1714 1746 1858 1783 mundi.
1880 1747 2221 1784 Demonstrationis
2241 1748 2341 1785 enim
2355 1749 2456 1797 prin-

1396 1799 1538 1848 cipium
1568 1806 1624 1836 est
1650 1800 1752 1848 quod
1769 1799 1859 1848 quid
1884 1805 1946 1836 est.
1976 1800 2286 1849 Unumquodque
2315 1810 2453 1850 autem,

1395 1852 1608 1890 secundum
1638 1852 1823 1889 rationem
1851 1865 1941 1889 suae
1961 1853 2111 1902 speciei,
2132 1854 2311 1891 abstrahit
2329 1855 2376 1891 ab
2395 1856 2456 1893 hic

1396 1914 1432 1943 et
1451 1918 1574 1943 nunc:
1604 1913 1761 1955 propter
1779 1906 1885 1954 quod
1906 1906 2040 1943 dicitur
2057 1906 2078 1928 '¹‘
2105 1907 2209 1955 quod
2230 1909 2455 1946 universalia

1394 1965 1481 1996 sunt
1513 1959 1647 2007 ubique
1680 1965 1716 1996 et
1749 1971 1906 2007 semper.
1945 1959 2054 1996 Unde
2093 1960 2341 1998 demonstrari
2378 1974 2456 1999 non

1394 2020 1521 2062 potest
1554 2012 1661 2061 quod
1692 2013 1828 2059 homo,
1865 2020 1929 2050 aut
1956 2013 2121 2060 caelum,
2152 2021 2216 2050 aut
2247 2014 2341 2063 lapis
2377 2028 2456 2052 non

1395 2078 1549 2115 semper
1568 2066 1647 2103 fuit.
1664 2087 1687 2093 -
1703 2065 1880 2103 Similiter
1899 2066 2012 2103 etiam
2036 2079 2161 2115 neque
2182 2079 2227 2103 ex
2244 2075 2350 2116 parte
2370 2081 2457 2105 cau-

1395 2133 1460 2157 sae
1489 2119 1644 2168 agentis,
1674 2131 1773 2168 quae
1802 2119 1876 2167 agit
1901 2132 1971 2168 per
1996 2120 2245 2157 voluntatem.
2274 2121 2457 2158 Voluntas

1397 2173 1499 2210 enim
1519 2173 1593 2210 Dei
1621 2173 1765 2210 ratione
1784 2172 1999 2221 investigari
2018 2185 2096 2210 non
2114 2181 2250 2221 potest,
2270 2173 2341 2210 nisi
2361 2174 2458 2211 circa

1397 2240 1442 2264 ea
1471 2239 1570 2276 quae
1599 2227 1768 2263 absolute
1802 2239 1958 2263 necesse
1987 2234 2043 2263 est
2070 2227 2196 2263 Deum
2225 2227 2344 2263 velle:
2373 2227 2459 2264 talia

1396 2288 1525 2318 autem
1554 2292 1632 2317 non
1658 2287 1745 2316 sunt
1763 2292 1862 2329 quae
1883 2279 1980 2316 circa
2000 2286 2189 2316 creaturas
2216 2281 2307 2327 vult,
2337 2288 2378 2317 ut
2405 2281 2458 2318 di-

1397 2342 1500 2371 ctum
1530 2341 1586 2370 θεῖ
1603 2333 1635 2370 *.
2393 2341 2395 2343 ’

1431 2388 1581 2424 vPotest
1608 2394 1736 2423 autem
1764 2386 1941 2422 voluntas
1969 2385 2097 2423 divina
2128 2385 2273 2423 homini
2301 2386 2457 2422 manife-

1397 2440 1485 2478 stari
1507 2452 1578 2488 per
1606 2435 1890 2486 revelationem,
1912 2438 1971 2475 cui
1989 2438 2085 2475 fides
2108 2439 2274 2475 innititur
2291 2444 2315 2474 ¹¹.
2346 2439 2457 2476 Unde

1396 2494 1585 2531 mundum
1613 2492 1825 2540 incoepisse
1851 2499 1906 2528 est
1930 2491 2118 2539 credibile,
2147 2504 2225 2528 non
2246 2499 2373 2528 autem
2394 2493 2457 2529 de-

1395 2546 1640 2584 monstrabile
1678 2546 1740 2583 vel
1782 2544 1921 2581 scibile.
1952 2565 1975 2571 -
2004 2545 2054 2581 Et
2088 2545 2162 2581 hoc
2199 2544 2287 2581 utile
2325 2552 2380 2581 est
2415 2552 2457 2581 ut

1398 2600 1667 2646 consideretur,
1697 2611 1744 2635 ne
1773 2598 1867 2634 forte
1896 2597 2039 2645 aliquis,
2065 2597 2170 2645 quod
2198 2597 2287 2634 fidei
2316 2605 2370 2634 est
2393 2598 2457 2634 de-

1395 2660 1609 2691 monstrare
1637 2663 1898 2701 praesumens,
1927 2650 2090 2686 rationes
2118 2663 2196 2687 non
2225 2650 2456 2687 necessarias

1395 2707 1561 2753 inducat,
1591 2717 1688 2754 quae
1717 2704 1925 2753 praebeant
1950 2703 2146 2740 materiam
2175 2703 2351 2740 irridendi
2374 2703 2456 2740 infi-

1396 2760 1555 2806 delibus,
1577 2757 1876 2795 existimantibus
1895 2768 1966 2792 nos
1989 2763 2145 2805 propter
2163 2755 2380 2793 huiusmodi
2399 2769 2456 2792 ra-

1394 2813 1518 2850 tiones
1547 2812 1701 2849 credere
1730 2823 1827 2859 quae
1855 2809 1945 2846 fidei
1974 2816 2071 2846 sunt.

1449 2869 1508 2903 An
1527 2877 1664 2902 PR1MUM
1693 2874 1790 2900 ERGO
1810 2874 1992 2899 DlCENDUM
2023 2861 2138 2910 quod,
2159 2861 2253 2898 sicut
2272 2861 2359 2898 dicit
2377 2862 2454 2897 Au-

1396 2919 1586 2968 gustinus,
1622 2919 1672 2954 XI
1702 2917 1747 2953 de
1779 2916 1857 2952 Civ.
1878 2915 1954 2951 Dei
1973 2914 2013 2961 ²²⁶,
2041 2914 2357 2964 philosophorum
2384 2926 2454 2962 po-

1395 2973 1566 3010 nentium
1596 2969 1851 3007 aeternitatem
1880 2967 2029 3014 mundi,
2060 2968 2198 3016 duplex
2225 2966 2292 3003 fuit
2311 2966 2452 3015 opinio.

1396 3025 1563 3072 Quidam
1593 3023 1695 3060 enim
1722 3028 1932 3070 posuerunt
1960 3020 2064 3069 quod
2092 3019 2454 3056 substantia-mundi

1394 3091 1472 3116 non
1497 3078 1542 3114 sit
1561 3089 1583 3113 a
1602 3078 1699 3113 Deo.
1729 3075 1778 3111 Et
1796 3074 1937 3110 horum
1967 3081 2022 3110 est
2048 3072 2302 3109 intollerabilis
2332 3084 2451 3118 error3

1395 3140 1431 3168 et
1457 3131 1544 3168 ideo
1563 3128 1576 3150 ⁰
1604 3141 1649 3166 ex
1677 3127 1898 3165 necessitate
1922 3126 2109 3163 refellitur.
2140 3125 2304 3171 Quidam
2325 3132 2452 3161 autem

1395 3185 1447 3222 sic
1474 3188 1686 3233 posuerunt
1718 3180 1908 3217 mundum
1937 3186 2154 3223 aeternum,
2192 3178 2296 3226 quod
2324 3185 2453 3214 tamen

1395 3236 1585 3275 mundum
1613 3247 1636 3272 a
1663 3235 1749 3270 Deo
1777 3233 1918 3269 factum
1957 3232 2130 3269 dixerunt
2148 3237 2156 3251 ‘
2174 3230 2205 3267 *.
2234 3231 2325 3267 Νοη
2354 3230 2452 3266 enim

1394 3290 1583 3328 mundum
1612 3286 1787 3335 temporis
1814 3285 1945 3322 volunt
1969 3285 2117 3330 habere,
2141 3284 2207 3320 sed
2231 3295 2322 3320 suae
2349 3294 2453 3319 crea-

1445 3402 1473 3437 η)
1492 3403 1625 3428 innititur.
1642 3414 1661 3421 -
1682 3400 1830 3434 Gregorius
1852 3398 1890 3423 VI
1903 3398 2016 3423 Moral..·
2034 3397 2108 3422 Mira
2120 3403 2187 3429 quae
2200 3403 2237 3421 ex
2247 3396 2307 3429 fide
2319 3396 2453 3422 credenda

1392 3444 1466 3469 sunt,
1486 3438 1592 3463 rat1'0ne
1615 3436 1802 3469 investiganda
1822 3442 1873 3459 non
1893 3437 1968 3463 sunt;
1987 3433 2050 3466 quia
2067 3433 2092 3457 si
2109 3432 2172 3457 haec
2190 3432 2273 3462 oculis
2298 3431 2369 3456 rat1'o
2382 3439 2453 3464 pan-

1393 3476 1475 3505 deret,
1495 3474 1565 3499 mira
1584 3480 1635 3497 non
1656 3474 1750 3496 essent.
1771 3471 1854 3495 quta
1872 3469 1920 3494 hoc
1938 3472 1977 3493 est
1995 3468 2066 3500 quod
2085 3467 2149 3492 dicit
2169 3467 2217 3492 iste
2235 3467 2304 3491 addit
2322 3467 2354 3491 G.

1445 3509 1469 3542 Θ)
1489 3510 1556 3534 ideo.
1574 3521 1594 3528 -
1611 3508 1672 3532 Om.
1692 3506 1804 3531 codices.
1821 3519 1840 3524 —
1858 3505 1908 3529 Pro
1927 3504 2066 3537 refellitur,
2085 3502 2222 3535 repellitur
2240 3503 2270 3532 Β,
2289 3502 2453 3534 repelluntur

1392 3546 1469 3571 editio
1487 3552 1512 3570 a.

1447 3581 1464 3612 ι)
1477 3580 1614 3605 dixerunt.
1623 3591 1643 3597 -
1654 3577 1771 3602 dicerent
1785 3575 1895 3600 codices.
1904 3588 1922 3593 -
1934 3574 1984 3598 Pro
1999 3573 2132 3605 temporis,
2146 3577 2247 3604 tempus
2261 3573 2280 3597 P
2298 3572 2334 3604 (et
2343 3573 2382 3597 ed.
2393 3572 2451 3605 aP),

1393 3617 1497 3642 initium
1517 3613 1643 3646 temporis
1661 3612 1726 3641 BsC,
1746 3610 1871 3643 temporis
1890 3609 1995 3634 initium
2014 3609 2061 3638 Gb,
2081 3615 2175 3633 aevum
2194 3607 2319 3640 temporis
2338 3607 2367 3632 E.

2276 3659 2305 3684 61

2478 1023 2487 1033 ·
2506 1022 2573 1045 Vei-s.
2588 1029 2603 1045 1.

2514 1170 2540 1192 In
2560 1171 2677 1199 symbolo

2481 1603 2540 1631 *Ωιι
2546 1609 2617 1631 xxxii,
2624 1607 2667 1625 art.
2674 1610 2692 1625 1.

2482 1920 2491 1929 '
2505 1919 2585 1946 Arist„
2595 1919 2691 1946 Analyt.

2481 1945 2573 1967 Foster.
2581 1962 2589 1972 ,
2611 1945 2650 1966 lib.
2665 1945 2676 1966 1
2686 1961 2692 1972 ,

2482 1978 2508 1994 ca
2526 1988 2533 1993 .
2543 1978 2606 1999 xxxi,
2621 1978 2645 1994 n.
2655 1977 2671 1993 1.
2679 1983 2690 1988 -

2482 1999 2507 2021 S.
2553 2014 2559 2020 .
2573 1999 2625 2020 lect.
2635 2004 2695 2024 xm.

2486 2343 2495 2352 ·
2505 2342 2553 2370 Qu.
2563 2348 2611 2369 xix,
2623 2344 2694 2370 art.3.

2479 2930 2489 2942 ⁴
2504 2929 2561 2957 Cap.
2576 2935 2608 2951 iv.

2480 3278 2489 3287 “
2503 3276 2532 3298 D.
2546 3282 2601 3303 407-
