2768 4178
0 222 18 341 emin-*5
8 190 15 203 π

42 1401 61 1415 ⁴
73 1400 112 1425 ct.
125 1406 193 1425 nun.
202 1407 220 1425 ι.

34 1445 76 1462 ,ΙΠ
91 1448 129 1459 »Ti

35 2596 50 2608 ⁶
69 2596 155 2625 Qnoat.
171 2596 240 2625 Vffl,

29 2627 170 2681 ,gibi-t„
186 2649 240 2672 dist.

34 2680 86 2704 m,
97 2681 137 2705 qu.
147 2682 164 2704 1,
173 2679 217 2698 ut.
223 2682 241 2699 1.

42 2773 54 2784 ·
67 2772 104 2796 ef.
114 2779 180 2796 unm.
189 2779 242 2796 xm.

28 2832 33 2851 5
41 2819 55 2832 ·
69 2819 106 2843 Cf.
115 2826 181 2844 num.
189 2827 245 2844 xvn.

976 260 1243 306 QUAESTIO
1273 262 1415 310 XXIII,
1444 263 1741 302 ARTICULUS
1770 267 1805 302 V

297 343 384 374 tione
401 350 447 375 est
463 344 583 385 aliquid
602 351 685 375 extra
704 350 810 375 totum
829 345 1059 385 reprobationis
1076 345 1232 382 effectum,
1249 347 1365 378 scilicet

298 387 406 427 culpa:
430 398 498 419 non
521 388 564 419 sic
588 396 695 419 autem
718 395 765 419 est
786 388 820 419 in
842 389 1089 429 praedestinato,
1113 390 1146 420 in
1169 400 1235 431 quo
1258 397 1364 421 toturn

298 431 447 462 ordinans
470 433 579 473 ipsum
604 433 638 463 in
661 432 759 463 vitam
787 438 946 463 aeternam
959 456 966 469 ,
999 440 1045 464 est
1072 434 1363 474 praedestinationis

297 475 435 507 effectus.
1195 489 1197 491 ·

353 520 394 551 Et
410 530 447 551 ex
462 521 524 551 hoc
543 526 673 561 apparet
691 529 778 551 error
793 519 962 551 solutionis
986 520 1106 552 allatae.
1124 522 1258 553 Videtur
1278 522 1364 552 enim

296 564 386 604 quod
401 564 459 595 iste
473 565 559 595 idem
575 564 648 595 fecit
670 564 825 594 iudicium
843 564 883 594 de
905 564 1003 604 gratia
1016 572 1142 604 gratum
1166 566 1307 603 faciente,
1324 567 1362 597 de

296 618 361 649 qua
378 609 523 649 loquitur
544 608 753 648 Augustinus,
779 614 810 638 et
825 608 864 638 de
883 618 946 649 qua
961 608 1139 640 verificatur
1153 611 1242 650 quod
1258 611 1363 641 bonus

296 662 374 682 usus
396 652 486 683 liberi
509 652 626 682 arbitrii
649 652 757 692 aliquo
781 652 881 682 modo
906 659 953 683 est
967 663 985 682 a
1004 653 1111 690 nobis,
1136 663 1202 694 quo
1227 664 1294 685 non
1317 661 1364 685 est

296 706 314 726 a
330 696 441 736 gratia;
466 702 498 726 et
519 696 559 726 de
581 695 680 735 gratia
703 695 1006 736 praedestinationis,
1023 697 1103 728 idest
1118 698 1251 737 gratuita
1275 709 1362 739 prae-

295 740 518 776 destinatione;
539 749 614 770 cum
632 746 739 769 tamen
754 739 869 770 distent
883 740 956 780 plus
970 749 1068 781 quam
1086 741 1208 772 caelum
1225 749 1256 773 et
1271 749 1360 774 terra.

295 783 460 821 Quoniam
483 784 542 813 sub
565 783 624 814 ista
648 783 765 814 cadunt
788 793 854 813 non
878 784 985 815 solum
1009 792 1097 816 actus
1121 786 1273 823 caritatis,
1307 788 1362 818 sed

294 837 407 858 omnes
431 837 544 857 eorum
566 827 666 863 modi,
692 834 723 857 et
744 827 878 867 gratuita
901 828 1024 865 auxilia,
1050 836 1080 860 et
1103 830 1245 867 breviter,
1270 838 1306 862 ut
1328 831 1361 861 in

293 871 394 902 littera
410 871 533 907 dicitur,
554 881 651 901 omne
675 871 824 902 ordinans
847 873 1116 912 praedestinatum
1138 874 1171 905 in
1189 875 1287 906 vitam
1311 885 1360 906 ae-

293 921 426 946 ternam.
450 915 493 946 Et
515 915 568 951 sic,
594 925 669 945 cum
692 916 796 946 bonus
825 926 902 947 usus
925 917 1014 948 liberi
1037 918 1169 955 arbitrii,
1195 926 1292 959 prout
1315 926 1368 950 est„

293 969 312 990 a
330 959 433 996 nobis,
459 959 498 990 sit
520 969 625 989 unum
649 960 687 990 de
710 959 759 990 his
783 960 899 1001 quibus
924 962 1110 993 ordinamur
1133 963 1166 993 in
1189 963 1287 994 vitam
1311 974 1360 994 ae-

293 1009 416 1034 ternam
435 1001 523 1046 (quia
539 1003 725 1034 ordinamur
741 1011 785 1040 ut,
805 1005 901 1035 libere
925 1007 1127 1045 cooperando
1152 1007 1247 1044 bene,
1272 1008 1360 1038 illam

292 1045 557 1089 consequamur);
583 1047 725 1088 sequitur
743 1049 833 1089 quod
856 1059 922 1080 non
946 1050 1052 1081 solum
1075 1051 1142 1091 ipse
1161 1052 1265 1082 bonus
1283 1062 1360 1083 usus

291 1091 380 1122 liberi
396 1091 522 1128 arbitrii,
547 1092 601 1122 sed
626 1092 721 1122 etiam
745 1093 862 1123 modus
886 1103 952 1134 quo
977 1101 1024 1125 est
1039 1105 1056 1125 a
1072 1095 1174 1132 nobis,
1196 1096 1285 1127 cadat
1301 1097 1359 1127 sub

291 1135 592 1176 praedestinatione;
622 1136 768 1176 quamvis
798 1147 865 1167 non
895 1138 985 1169 cadat
1015 1139 1074 1169 sub
1106 1139 1204 1179 gratia
1225 1140 1360 1179 'gratum

291 1179 435 1211 faciente.
458 1180 500 1211 Et
522 1180 576 1216 sic,
600 1190 675 1210 cum
698 1180 731 1210 in
753 1180 855 1212 littera
871 1181 984 1213 dicitur
998 1192 1064 1213 non
1085 1193 1151 1213 esse
1175 1183 1359 1214 distinctum

291 1224 380 1266 quod
397 1231 444 1255 est
459 1234 477 1254 a
495 1224 595 1255 libero
611 1224 740 1255 arbitrio
757 1232 788 1256 et
802 1225 1097 1266 praedestinatione,
1117 1227 1359 1267 intelligendum

292 1275 339 1309 est
350 1268 545 1305 noncsolum'
556 1268 664 1309 quoad
675 1268 783 1310 ipsum
798 1275 914 1306 actum,
928 1270 983 1300 sed
998 1270 1093 1301 etiam
1107 1271 1215 1311 quoad
1227 1281 1358 1302 omnem

291 1313 428 1344 modum
452 1313 534 1344 eius:
560 1322 595 1343 ac
619 1322 675 1353 per
697 1312 776 1350 hoc,
801 1314 840 1344 de
869 1313 1058 1344 omnimoda
1082 1314 1281 1346 distinctione
1311 1316 1358 1346 in-

290 1357 529 1398 terpretandum
553 1363 608 1387 est.
624 1374 645 1379 -
660 1357 702 1387 Et
724 1357 767 1387 sic
791 1357 832 1387 sit
849 1356 921 1387 finis
945 1358 1147 1397 opinionum.

347 1402 401 1433 VI.
427 1401 545 1441 Quoad
576 1401 705 1431 tertium
721 1400 754 1436 *,
779 1401 949 1441 respondet
978 1402 1122 1442 quaesito
1151 1413 1226 1433 cum
1249 1403 1357 1434 distin-

256 1443 259 1446 ’
290 1445 404 1482 ctione,
421 1445 521 1476 tribus
541 1444 809 1476 conclusionibus.
834 1445 1004 1476 Distinctio
1028 1453 1088 1477 est:
1114 1446 1252 1478 Effectus
1268 1457 1357 1488 prae-

289 1489 507 1521 destinationis
534 1494 640 1528 potest
662 1488 747 1519 sumi
771 1488 953 1528 dupliciter:
983 1490 1101 1521 scilicet
1122 1490 1154 1521 in
1180 1492 1356 1529 communi,

288 1533 396 1573 vel—in
419 1532 608 1574 particulari.
632 1532 674 1563 Et
696 1542 762 1563 non
785 1533 920 1564 intendit
943 1533 982 1564 de
998 1535 1228 1566 communitate
1247 1542 1278 1566 et
1293 1536 1356 1566 sin-

286 1577 452 1619 gularitate
475 1576 653 1607 secundum
675 1576 952 1617 praedicationem,
974 1578 1029 1608 sed
1052 1580 1230 1610 secundum
1252 1580 1357 1611 totali-

286 1627 384 1662 tatem
400 1628 432 1652 et
453 1620 674 1661 partitionem:
698 1620 741 1651 ita
757 1621 846 1661 quod
862 1631 918 1662 per
933 1631 1102 1654 commune
1119 1623 1254 1655 intendit
1268 1634 1356 1664 prae-

287 1665 504 1697 destinationis
516 1671 622 1695 totum
638 1664 795 1701 effectum,
812 1665 876 1695 sive
891 1666 924 1696 in
941 1666 1101 1703 omnibus,
1119 1667 1184 1698 sive
1198 1667 1230 1698 in
1247 1668 1355 1709 aliquo

285 1720 354 1741 uno
377 1709 630 1750 praedestinato;
661 1719 718 1749 per
742 1710 946 1749 particulare
967 1720 1044 1741 vero
1072 1711 1207 1742 intendit
1234 1719 1356 1752 partem

285 1754 427 1796 aliquam
441 1753 540 1784 totius
555 1752 682 1783 effectus
698 1753 1001 1794 praedestinationis,
1015 1754 1048 1785 in
1066 1755 1174 1796 aliquo
1187 1766 1254 1786 uno
1267 1767 1356 1797 prae-

285 1798 442 1829 destinato
465 1797 655 1838 particulari,
672 1797 737 1828 sive
761 1797 857 1828 etiam
879 1797 912 1828 in
937 1799 1088 1830 omnibus
1111 1799 1145 1830 in
1169 1801 1353 1838 communi;

284 1842 347 1873 hoc
366 1842 453 1873 enim
471 1841 562 1875 nihiL
569 1841 662 1872 refert
680 1841 720 1871 ad
739 1842 952 1882 propositum.

311 1925 314 1927 -
342 1887 454 1917 Prima
478 1894 558 1926 ergo
581 1886 743 1916 conclusio
759 1892 821 1916 est:
846 1885 983 1917 Effectus
1003 1887 1205 1927 particulares
1224 1889 1353 1928 praede-

286 1930 464 1961 stinationis
487 1929 566 1959 nihil
589 1929 737 1969 prohibet
759 1929 874 1960 habere
893 1940 1031 1967 causam,
1047 1931 1092 1962 sic
1107 1931 1196 1972 quod
1219 1933 1296 1963 alter
1311 1933 1354 1963 al-

284 1974 381 2006 terius
405 1974 445 2004 sit
463 1983 566 2010 causa,
587 1980 618 2004 et
634 1983 650 2004 e
667 1983 831 2004 converso.
847 1991 867 1996 -
882 1974 1079 2006 Declaratur:
1104 1975 1180 2016 quia
1198 1976 1354 2016 posterior

285 2025 332 2050 est
349 2017 421 2048 finis
444 2017 574 2058 prioris:
600 2023 631 2048 et
654 2017 741 2059 prior
762 2017 849 2048 velut
871 2019 1002 2049 materia
1025 2019 1217 2059 posterioris,
1235 2027 1271 2051 ut
1285 2031 1352 2052 rne-

283 2062 382 2094 ritum
405 2061 546 2103 praemii,
572 2067 629 2093 etc.

344 2106 493 2138 Secunda
517 2115 593 2137 vero
623 2106 784 2137 conclusio
808 2112 872 2137 est:
897 2107 1002 2137 Totus
1025 2107 1153 2138 effectus
1184 2109 1351 2148 praedesti-

283 2151 422 2182 nationis
440 2150 564 2181 nullam
578 2150 673 2181 habet
692 2160 820 2181 causam
844 2161 880 2181 ex
903 2157 991 2191 parte
1010 2158 1127 2182 nostra.
1145 2170 1165 2174 -
1181 2153 1350 2184 Probatur:

284 2195 361 2236 quia
384 2201 491 2226 totum
507 2194 542 2225 in
560 2194 652 2224 nobis
677 2204 735 2224 nos
755 2194 904 2225 ordinans
927 2195 960 2225 in
982 2195 1081 2226 vitam
1104 2203 1281 2233 aeternam,
1306 2204 1353 2228 est

283 2238 578 2290 praedestinationis
593 2237 734 2274 effectus:
755 2238 830 2279 quia
846 2238 942 2269 etiam
957 2239 1025 2279 ipsa
1042 2241 1249 2280 praeparatio,
1266 2241 1352 2272 iuxta

282 2283 376 2314 illud:
401 2287 551 2314 converte
574 2292 642 2320 nos,
666 2283 816 2320 Domine,
841 2282 884 2313 ad
906 2288 948 2320 te,
968 2288 999 2313 et
1021 2289 1254 2315 convertemur.

343 2328 451 2358 Tertia
474 2332 582 2357 autem
606 2327 769 2357 conclusio
792 2333 852 2358 est:
877 2327 982 2357 Totus
999 2326 1125 2358 effectus
1140 2328 1352 2368 praedestina-

281 2371 378 2403 tionis
392 2371 487 2402 habet
505 2381 564 2411 pro
579 2380 674 2401 causa
689 2370 830 2401 divinam
847 2371 1032 2402 bonitatem.
1049 2389 1069 2395 -
1083 2372 1256 2403 Probatur:
1277 2373 1351 2414 quia

281 2415 350 2457 ipsa
366 2422 412 2446 est
428 2421 459 2446 et
474 2415 606 2446 ultimus
621 2415 706 2445 illius
725 2414 806 2451 finis,
825 2421 856 2446 et
871 2415 1014 2446 eiusdem
1037 2416 1139 2456 prima
1163 2417 1259 2453 ratio,
1283 2424 1350 2448 tan-

282 2469 380 2501 quam
404 2459 546 2500 primum
569 2469 702 2490 movens
725 2459 924 2490 voluntatem
956 2459 1098 2491 divinam
1120 2461 1160 2491 ad
1182 2461 1351 2501 praedesti-

282 2504 436 2535 nandum.
783 2511 787 2515 ·
834 2531 837 2534 .

287 2567 289 2569 ·
339 2549 408 2579 V11.
432 2547 613 2587 Responsio
637 2547 677 2577 ad
699 2547 844 2584 tertium,
873 2547 1028 2588 quoniam
1057 2549 1159 2579 multa
1191 2549 1349 2586 continet,

283 2599 315 2623 et
343 2592 468 2632 singula
497 2591 561 2622 fere
591 2591 686 2622 verba
716 2591 903 2631 impugnata
935 2599 1010 2623 sunt
1039 2593 1078 2623 ab
1110 2593 1250 2624 Henrico
1273 2592 1292 2611 ³*
1320 2601 1351 2624 et

282 2636 426 2667 Aureolo
437 2635 464 2672 *,
482 2635 625 2665 distincte
641 2635 802 2666 tractanda
817 2645 853 2666 ac
869 2636 1076 2667 examinanda
1092 2643 1148 2668 est.
1165 2637 1241 2667 Tria
1256 2637 1351 2677 igitur

282 2680 316 2711 in
338 2680 397 2711 hac
425 2679 633 2720 responsione
657 2678 743 2710 facit:
768 2679 889 2719 primo,
915 2690 1044 2711 causam
1067 2681 1297 2722 reprobationis
1321 2688 1351 2712 et

282 2723 577 2765 praedestinationis
606 2723 640 2753 in
671 2723 837 2754 communi
859 2724 1014 2764 assignat;
1039 2725 1197 2762 secundo,
1223 2736 1350 2756 causam

283 2769 456 2799 earundem
479 2768 512 2798 in
537 2767 696 2807 singulari,
721 2767 782 2798 ibi:
806 2767 871 2798 Sed
893 2778 995 2809 quare
1008 2769 1064 2800 hos
1079 2770 1177 2810 elegit
1192 2770 1222 2806 *;
1247 2770 1348 2807 tertio,

283 2813 399 2844 directe
422 2812 594 2852 respondet
616 2818 816 2852 argumento,
836 2811 895 2843 ibi:
920 2813 1032 2853 Neque
1053 2818 1160 2844 tamen
1180 2820 1237 2844 etc.
1254 2814 1281 2844 *.

335 2857 418 2888 VIII.
436 2856 555 2894 Quoad
567 2857 724 2896 primum,
741 2855 875 2887 intendit
888 2856 969 2888 hanc
985 2858 1240 2888 conclusionem:
1260 2858 1350 2888 Deus

283 2902 427 2933 homines
449 2901 604 2941 quosdam
629 2900 797 2940 reprobat,
822 2905 854 2931 et
875 2901 1029 2941 quosdam
1048 2902 1289 2942 praedestinat,
1316 2907 1351 2932 ut

283 2946 407 2977 bonitas
434 2955 494 2976 sua
526 2949 785 2985 repraesentetur
813 2949 843 2975 et
866 2954 931 2984 per
952 2945 1080 2976 modum
1111 2945 1349 2976 misericordiae

277 2990 477 3031 parcitivae,
502 2994 533 3019 et
549 2999 614 3029 per
636 2988 763 3019 modum
796 2989 936 3020 iustitiae
958 2991 1137 3030 punitivae.
1169 2990 1349 3030 Probatque

283 3034 364 3064 hanc
388 3033 566 3073 dupliciter:
591 3033 706 3072 primo,
723 3031 860 3069 ratione;
886 3034 1036 3070 secundo,
1057 3034 1241 3065 auctoritate
1260 3035 1348 3074 Apo-

284 3077 367 3113 stoli,
392 3077 436 3108 ad
456 3077 548 3107 Rom.
565 3087 611 3114 1x,
636 3084 667 3108 et
689 3076 732 3107 ad
755 3077 834 3107 Tim.
851 3077 890 3107 II.

338 3118 433 3151 Ratio
452 3121 589 3151 sumitur
611 3131 648 3151 ex
667 3119 902 3161 *proportionali
926 3120 1131 3152 similitudine
1155 3121 1301 3158 universi,
1319 3128 1349 3152 et

283 3165 405 3205 generis
428 3164 561 3195 humani
583 3164 616 3195 in
640 3165 750 3195 ordine
775 3165 814 3195 ad
836 3165 934 3195 vitam
958 3172 1127 3196 aeternam.
1150 3166 1191 3196 Et
1206 3166 1349 3196 consistit

283 3209 317 3239 in
340 3209 412 3245 hoc,
437 3209 535 3249 quod,
560 3209 835 3250 quemadmodum
859 3209 983 3240 bonitas
1006 3210 1111 3240 divina
1135 3217 1182 3241 est
1197 3220 1290 3241 causa
1313 3210 1348 3240 fi-

283 3253 363 3283 nalis
385 3252 586 3293 perfectionis
609 3253 756 3289 universi,
774 3259 804 3284 et
820 3253 864 3283 sic
879 3263 916 3283 ex
931 3262 968 3283 ea
990 3253 1124 3284 habetur
1145 3254 1224 3285 ratio
1249 3255 1349 3284 diver-

283 3296 380 3327 sitatis
404 3297 562 3336 graduum
576 3307 682 3327 rerum
701 3297 878 3328 secundum
902 3307 1066 3328 summum
1091 3305 1121 3329 et
1143 3297 1301 3335 infimum,
1319 3305 1349 3329 et

283 3337 500 3382 permissionis
515 3340 689 3378 malorum
713 3341 756 3372 ita
772 3351 809 3372 ex
825 3341 935 3372 eadem
951 3341 1084 3372 habetur
1106 3342 1185 3372 ratio
1210 3342 1348 3372 diverso-

282 3395 355 3415 rum
378 3385 536 3424 graduum
551 3385 584 3414 in
599 3395 711 3424 genere
735 3385 887 3422 humano,
905 3386 1081 3416 secundum
1101 3386 1348 3416 misericordiam

282 3429 451 3470 parcendo,
477 3434 507 3459 et
530 3429 706 3459 secundum
724 3429 876 3460 iustitiam
891 3430 1065 3469 puniendo.
1083 3447 1102 3452 —
1118 3429 1160 3460 Et
1175 3430 1349 3461 declaratur

281 3479 494 3512 assumptum.
520 3472 605 3509 Quia
627 3473 751 3504 bonitas
775 3474 879 3504 divina
903 3481 949 3504 est
976 3473 1047 3504 finis
1071 3473 1219 3504 omnium
1246 3481 1283 3505 ut
1305 3484 1349 3505 re-

283 3516 518 3558 praesentabilis
538 3526 594 3556 per
617 3525 667 3552 ea;
692 3523 723 3548 et
737 3527 811 3548 cum
828 3518 867 3549 sit
884 3528 949 3549 una
965 3525 995 3549 et
1009 3518 1151 3558 simplex,
1167 3528 1225 3548 nec
1241 3518 1347 3559 aliqua

281 3567 424 3592 creatura
448 3561 487 3590 ad
511 3560 578 3590 eius
602 3560 834 3600 simplicitatem
852 3563 1028 3603 pertingere
1047 3562 1156 3603 possit,
1173 3569 1300 3602 oportet
1313 3569 1349 3593 ut

281 3605 412 3635 diversis
428 3605 520 3635 rebus
535 3611 791 3646 repraesentetur.
812 3606 852 3636 Et
868 3614 1106 3647 consequenter,
1124 3606 1150 3636 si
1164 3606 1348 3637 universum

2407 281 2483 319 279

1418 339 1561 382 perfecte,
1586 343 1666 374 infra
1688 345 1888 376 latitudinem
1912 353 2017 377 tamen
2041 355 2207 385 creaturae,
2226 349 2318 380 debet
2333 350 2420 381 illam
2436 360 2485 381 re-

1419 394 1624 425 praesentare,
1641 395 1768 428 oportet
1791 399 1827 420 ex
1851 390 1999 421 omnibus
2024 399 2166 423 constare
2180 393 2328 432 gradibus
2351 395 2390 424 ab
2413 394 2480 425 imo

1419 440 1521 471 usque
1544 431 1583 461 ad
1607 441 1782 463 summum.
1811 433 1852 464 Et
1875 434 1900 463 si
1924 434 2000 465 haec
2023 436 2138 467 debent
2165 438 2355 474 conservari,
2380 439 2481 469 multa

1419 481 1545 514 oportet
1568 477 1650 506 mala
1672 477 1861 516 permittere,
1886 484 1922 508 ut
1945 479 2088 518 superius
2112 481 2302 512 declaratum
2326 482 2395 513 fuit.

1477 519 1528 549 IX.
1547 519 1638 551 Circa
1656 520 1737 551 hanc
1760 521 1925 558 rationem,
1943 529 2080 562 quatuor
2098 532 2267 556 occurrunt
2284 526 2479 566 impugnata.

1418 563 1561 593 Primum
1579 571 1625 595 est
1640 565 1806 605 proportio
1826 565 1906 596 inter
1924 576 2023 606 genus
2042 567 2221 598 humanum
2241 576 2271 600 et
2285 570 2478 602 universum.

1417 607 1531 646 Arguit
1554 608 1640 638 enim
1662 609 1724 639 hoc
1748 609 1914 646 Henricus,
1931 610 2036 641 dicens
2053 611 2197 642 debuisse
2216 612 2281 643 fieri
2300 614 2479 654 proportio-

1418 660 1492 680 nem
1515 651 1595 682 inter
1618 652 1798 683 universam
1827 660 2001 684 creaturam
2023 655 2209 686 rationalem
2232 664 2262 687 et
2285 658 2477 689 universum.

1417 694 1559 726 Salvatur
1574 706 1713 737 namque
1736 698 1978 737 repraesentatio
2003 699 2125 729 divinae
2148 700 2296 731 bonitatis
2314 702 2347 731 in
2363 702 2479 733 iustitia

1417 739 1559 779 punitiva
1588 748 1731 781 respectu
1761 742 1973 772 daemonum:
2006 750 2036 773 et
2064 743 2108 773 sic
2126 744 2204 774 ratio
2234 745 2267 775 in
2294 745 2478 777 hominibus

1417 783 1495 813 nihil
1517 784 1609 815 valet.

1473 828 1654 859 Secundum
1679 835 1726 860 est
1748 829 1915 869 proportio
1934 830 2014 860 inter
2032 831 2147 871 gradus
2166 831 2302 862 universi
2319 840 2349 864 et
2363 834 2477 873 gradus

1416 872 1595 903 hominurn.
1613 873 1687 903 Non
1711 879 1766 910 est,
1782 873 1886 914 inquit
1908 874 2073 911 Henricus,
2091 885 2147 915 par
2163 876 2202 905 de
2218 876 2261 906 eis
2277 876 2372 907 ratio:
2397 888 2478 918 quo-

1415 916 1502 946 niam
1518 926 1629 947 omnes
1645 917 1764 957 species
1781 917 1917 948 universi
1933 925 2007 949 sunt
2023 919 2061 949 de
2084 919 2275 959 perfectione
2291 931 2347 960 per
2362 931 2394 951 se
2409 922 2477 951 uni-

1414 961 1494 991 versi
1503 969 1510 997 ;
1536 970 1600 991 non
1620 968 1726 992 autem
1742 971 1854 992 omnes
1870 962 1989 1002 species
2006 970 2134 994 actuum
2149 964 2329 995 moralium.
2345 982 2366 987 -
2379 965 2478 1002 Quod

1415 1005 1585 1044 probatur:
1620 1005 1695 1046 quia
1724 1006 1831 1036 nullus
1855 1006 1993 1037 defectus
2021 1007 2086 1037 sive
2110 1008 2221 1047 culpae
2249 1008 2312 1039 sive
2336 1019 2475 1048 poenae,

1415 1049 1549 1088 pertinet
1571 1059 1627 1089 per
1650 1059 1683 1080 se
1714 1049 1753 1079 ad
1776 1050 2003 1090 perfectionem
2032 1051 2188 1090 universi;
2221 1059 2342 1083 constat
2370 1059 2477 1084 autem

1415 1093 1535 1123 multos
1554 1100 1641 1124 actus
1658 1094 1803 1130 morales,
1818 1101 1853 1125 ut
1867 1095 2079 1131 mendacium,
2093 1095 2223 1132 furtum,
2242 1103 2273 1127 et
2287 1097 2336 1127 his
2352 1097 2474 1134 similia,

1414 1137 1490 1166 mali
1510 1137 1620 1177 culpae
1639 1147 1706 1168 esse
1726 1138 1853 1178 species.

1477 1181 1618 1212 Tertium
1653 1188 1699 1212 est
1722 1182 1890 1222 applicatio
1918 1182 2053 1214 iustitiae
2077 1183 2116 1213 ad
2139 1184 2301 1224 reprobos.
2333 1184 2477 1216 Salvatur

1415 1225 1500 1255 enim
1515 1225 1641 1262 iustitia,
1659 1225 1763 1266 inquit
1781 1226 1949 1261 Aureolus
1971 1227 2004 1257 in
2027 1228 2276 1267 praedestinatis:
2295 1228 2381 1259 iuxta
2396 1227 2476 1260 mud

1413 1269 1560 1309 Apostoli
1575 1270 1608 1300 *:
1633 1279 1729 1310 quam
1756 1270 1866 1300 reddet
1882 1271 1959 1301 mihi
1972 1271 2132 1302 Dominus
2151 1273 2182 1302 in
2199 1272 2256 1302 illa
2279 1272 2348 1311 die,
2373 1274 2476 1304 iustus

1413 1313 1520 1344 iudex.

1474 1357 1635 1394 Quartum
1661 1364 1707 1388 est
1730 1358 1893 1388 causalitas
1916 1358 2017 1389 finalis
2041 1359 2189 1390 attributa
2211 1360 2345 1391 iustitiae
2358 1361 2475 1401 puniti-

1412 1411 1480 1438 vae,
1504 1408 1647 1442 respectu
1667 1402 1898 1442 reprobationis
1921 1402 1954 1432 in
1974 1403 2148 1434 communi.
2174 1403 2294 1434 Contra
2311 1404 2374 1435 hoc
2390 1405 2475 1435 enim

1412 1445 1514 1485 arguit
1537 1452 1679 1487 uterque.
1705 1446 1861 1476 Henricus
1884 1446 2024 1487 quidem,
2049 1447 2124 1488 quia
2147 1457 2213 1478 non
2235 1448 2360 1479 videtur
2382 1449 2474 1480 ratio-

1412 1489 1515 1520 nabile
1539 1496 1575 1520 ut
1597 1490 1684 1520 Deus
1707 1488 1774 1520 fieri
1798 1497 1924 1529 peccata
1947 1491 2122 1530 permittat,
2147 1498 2183 1522 ut
2206 1502 2241 1522 ea
2265 1493 2473 1532 postmodum

1412 1534 1533 1574 puniat.
1559 1534 1628 1564 Imo
1644 1534 1678 1564 in
1694 1533 1877 1564 hominibus
1899 1534 2045 1565 videmus
2069 1536 2158 1576 quod
2174 1536 2230 1576 qui
2253 1537 2405 1576 permittit
2419 1537 2474 1567 ali—

1411 1588 1509 1618 quem
1524 1588 1662 1618 peccare,
1680 1578 1706 1608 si
1721 1584 1829 1618 posset
1843 1588 1918 1608 eum
1934 1579 2100 1619 prohibere
2112 1580 2162 1610 vel
2176 1580 2339 1620 impedire,
2355 1588 2473 1620 peccat.

1411 1623 1485 1652 Non
1503 1623 1599 1662 igitur
1621 1622 1683 1653 hoc
1706 1622 1943 1653 attribuendum
1961 1630 2008 1653 est
2030 1623 2110 1654 Deo.
2126 1641 2147 1646 -
2165 1624 2206 1654 Et
2225 1624 2391 1655 confirmat
2412 1625 2474 1656 hoc

1410 1667 1580 1697 Aureolus.
1606 1666 1691 1704 Quia
1706 1676 1773 1696 non
1797 1673 1871 1697 sunt
1893 1666 2035 1697 facienda
2058 1667 2150 1703 mala,
2175 1675 2211 1698 ut
2225 1668 2351 1699 veniant
2374 1669 2471 1699 bona:

1411 1711 1466 1741 sed
1489 1710 1668 1750 reprobatio
1688 1711 1807 1751 absque
1824 1710 1913 1740 omni
1937 1710 2100 1747 demerito,
2121 1718 2167 1742 est
2183 1712 2283 1742 mala:
2309 1718 2383 1752 erg'o
2407 1723 2473 1744 non

1411 1762 1457 1785 est
1473 1764 1490 1784 a
1504 1755 1574 1785 Deo
1598 1754 1740 1785 facienda
1762 1761 1892 1794 propter
1914 1754 1976 1785 hoc
2000 1755 2116 1791 solum,
2141 1763 2177 1786 ut
2195 1764 2343 1796 appareat
2365 1757 2398 1787 in
2418 1768 2474 1788 sua

1409 1799 1528 1829 iustitia
1550 1798 1685 1829 bonitas.
1709 1816 1730 1820 -
1746 1798 1924 1834 Praeterea,
1948 1798 2053 1839 inquit
2075 1800 2250 1837 Aureolus,
2274 1800 2391 1831 iustitia
2413 1812 2473 1841 pu-

1410 1843 1506 1873 nitiva
1529 1852 1595 1873 non
1619 1849 1666 1873 est
1689 1852 1745 1883 per
1768 1852 1800 1873 se
1815 1842 1943 1878 intenta,
1969 1843 2024 1873 sed
2046 1850 2171 1874 tantum
2194 1854 2230 1874 ex
2253 1845 2473 1885 suppositione

1409 1887 1520 1927 culpae
1544 1886 1705 1927 punibilis.
1730 1887 1814 1926 Ergo
1834 1886 1902 1926 ipsa
1917 1896 1983 1917 non
1999 1893 2045 1918 est
2059 1887 2239 1928 principalis
2259 1899 2352 1919 causa
2367 1899 2474 1929 repro-

1409 1931 1563 1967 bationis,
1589 1931 1644 1961 sed
1666 1937 1833 1971 peccatum
1855 1930 1943 1971 prius
1966 1930 2043 1971 ipsa.
2073 1932 2115 1962 Et
2136 1941 2262 1962 rursus:
2287 1943 2362 1973 ergo
2385 1934 2472 1964 nulla

1408 1975 1575 2006 necessitas
1592 1982 1638 2005 est
1661 1981 1697 2005 ut
1719 1974 1839 2015 aliquid
1861 1973 1916 2005 fiat
1938 1974 1971 2005 in
1995 1975 2152 2012 universo,
2171 1977 2210 2006 ad
2226 1976 2288 2007 hoc
2304 1984 2340 2008 ut
2355 1977 2472 2008 iustitia

1407 2019 1550 2060 punitiva
1574 2019 1738 2050 elucescat.

1462 2064 1501 2094 X.
1514 2063 1566 2093 Ad
1575 2064 1719 2103 primum
1739 2062 1856 2093 horum
1873 2062 2043 2094 dicendum
2059 2070 2105 2094 est
2120 2064 2218 2104 quod,
2229 2064 2302 2095 licet
2317 2065 2471 2105 potuisset

1407 2114 1474 2138 tota
1497 2114 1637 2138 creatura
1665 2107 1825 2137 rationalis
1854 2107 1932 2147 poni
1960 2114 1996 2138 ut
2018 2107 2217 2144 universum,
2247 2108 2471 2140 rationabiliter

1407 2158 1513 2182 tamen
1537 2154 1659 2182 Auctor
1681 2161 1780 2191 genus
1795 2151 1974 2182 humanum
1991 2151 2114 2191 posuit:
2139 2162 2205 2182 non
2225 2152 2300 2194 quia
2319 2153 2384 2183 duo
2401 2154 2470 2184 uni-

1406 2206 1495 2226 versa
1519 2195 1712 2226 constituant
1734 2195 1880 2225 homines
1904 2202 1934 2225 et
1953 2195 2070 2235 angeli:
2096 2196 2150 2226 sed
2165 2196 2318 2236 quoniam
2333 2197 2371 2227 de
2387 2197 2469 2228 facto

1408 2246 1530 2270 constat
1553 2239 1712 2280 quosdam
1735 2238 1907 2269 hominum
1930 2239 2088 2279 reprobari
2113 2246 2143 2270 et
2161 2240 2319 2280 quosdam
2342 2242 2469 2280 praede-

1408 2283 1524 2319 stinari,
1540 2290 1693 2324 tanquam
1709 2283 1816 2323 ipsum
1831 2293 1931 2323 genus
1947 2283 2125 2314 humanum
2145 2284 2310 2314 cuiusdam
2333 2285 2470 2316 universi

1408 2337 1444 2357 ex
1467 2334 1515 2358 tot
1538 2327 1685 2367 gradibus
1709 2327 1880 2358 constantis
1904 2327 2059 2358 rationem
2081 2328 2203 2358 habeat.
2227 2329 2268 2358 Et
2283 2330 2371 2369 quod
2394 2329 2470 2360 haec

1407 2372 1446 2402 sit
1469 2377 1559 2402 me‘ns
1583 2371 1711 2408 litterae,
1735 2371 1896 2401 insinuant
1914 2371 1967 2401 illa
1982 2372 2091 2402 verba:
2116 2372 2152 2402 Si
2175 2373 2277 2413 igitur
2292 2373 2469 2404 considere-

1406 2425 1478 2446 mus
1501 2421 1599 2447 totum
1623 2425 1728 2456 genus
1750 2416 1944 2452 humanum,
1969 2421 2004 2446 ut
2026 2421 2124 2446 totam
2148 2426 2258 2446 rerum
2283 2418 2470 2448 universita-

1405 2465 1478 2490 tem.
1495 2461 1543 2490 Ex
1557 2466 1633 2490 nota
1649 2459 1804 2500 siquidem
1822 2459 2025 2490 conditionali
2041 2460 2145 2490 innuit
2162 2460 2251 2500 quod
2269 2471 2335 2490 non
2350 2468 2416 2491 tam
2433 2472 2469 2492 ex

1405 2504 1436 2534 vi
1452 2504 1591 2540 rationis,
1608 2514 1706 2544 quam
1723 2514 1759 2534 ex
1776 2503 1857 2534 facto
1873 2503 2184 2543 poportionalitatem
2201 2504 2281 2534 hanc
2298 2506 2466 2536 exercebat.

1463 2548 1514 2578 Ad
1535 2548 1710 2579 secundum
1734 2547 1855 2583 dicitur,
1876 2547 1964 2587 quod
1981 2557 2114 2587 arguens
2129 2548 2209 2578 forte
2229 2548 2390 2579 somnians
2406 2550 2468 2580 hoc

1406 2592 1521 2622 obiecit
1549 2592 1623 2622 huic
1650 2591 1787 2622 litterae:
1817 2601 1976 2631 nusquam
2004 2591 2090 2621 enim
2118 2592 2270 2632 reperitur
2297 2593 2366 2623 talis
2394 2603 2466 2633 pro-

1405 2636 1510 2676 portio
1533 2635 1622 2666 facta.

1462 2680 1514 2710 Ad
1529 2681 1657 2710 tertium
1681 2689 1756 2709 vero
1781 2679 1894 2709 dicitur
1909 2679 2084 2719 dupliciter.
2108 2680 2225 2716 Primo,
2244 2681 2332 2721 quod
2348 2691 2414 2711 non
2431 2691 2468 2712 ex

1405 2724 1575 2754 relucentia
1589 2723 1734 2759 iustitiae,
1755 2724 1809 2753 sed
1828 2724 1967 2754 iustitiae
1986 2724 2070 2762 talis,
2087 2725 2343 2764 reprobationem
2365 2725 2467 2756 littera

1404 2768 1506 2798 infert.
1523 2768 1611 2798 Talis
1624 2774 1730 2798 autem
1746 2777 1811 2797 non
1828 2767 1965 2798 salvatur
1979 2767 2012 2797 in
2029 2768 2273 2807 praedestinatis
2287 2787 2307 2791 —
2319 2769 2466 2800 Secundo

1405 2812 1534 2848 dicitur,
1567 2812 1656 2852 quod
1678 2811 1774 2842 etiam
1797 2821 1834 2841 ex
1856 2811 1977 2842 ratione
2000 2811 2136 2843 iustitiae
2159 2819 2264 2853 potest
2291 2813 2397 2843 inferri
2421 2824 2466 2844 re-

1405 2856 1559 2896 probatio.
1592 2855 1755 2892 Quoniam
1785 2855 1902 2886 iustitia
1933 2856 2060 2896 proprie
2091 2856 2204 2887 dicitur
2231 2867 2313 2897 opus
2343 2857 2376 2887 in
2399 2868 2465 2898 quo

1404 2900 1540 2930 maxime
1563 2899 1632 2940 ipsa
1654 2900 1783 2935 relucet,
1809 2906 1839 2930 et
1861 2899 1968 2930 minus
1991 2899 2221 2931 misericordia:
2247 2901 2327 2931 sicut
2350 2911 2367 2931 e
2391 2911 2465 2932 con-

1403 2954 1494 2974 verso
1511 2943 1724 2974 misericordia
1748 2943 1891 2974 absolute
1915 2944 2036 2980 dicitur,
2058 2944 2112 2975 ubi
2129 2945 2217 2985 quasi
2241 2951 2346 2975 totum
2365 2945 2465 2985 ipsius

1404 2995 1459 3024 est,
1477 2998 1611 3028 parvum
1626 2988 1806 3028 relinquens
1821 2987 1930 3018 locum
1950 2987 2094 3019 iustitiae.
2116 2989 2157 3019 Et
2172 2989 2223 3025 sic,
2241 2988 2313 3019 licet
2327 2988 2360 3019 in
2376 2999 2465 3029 prae-

1404 3032 1563 3063 destinatis
1587 3031 1706 3072 aliquid
1730 3031 1865 3062 iustitiae
1893 3032 2045 3068 salvetur,
2078 3039 2114 3063 ut
2140 3033 2331 3063 abundantia
2359 3039 2465 3063 tamen

1404 3077 1470 3107 eius
1489 3076 1633 3112 reluceat,
1654 3075 1832 3115 reprobatio
1851 3075 1894 3106 fit.

1461 3121 1514 3151 XI.
1543 3120 1594 3151 Ad
1622 3125 1792 3160 quartum,
1824 3126 1860 3150 ut
1889 3120 1968 3150 bene
1999 3120 2189 3160 intelligatur
2218 3121 2402 3160 responsio,
2434 3127 2465 3151 et

1404 3175 1427 3195 s.
1444 3165 1591 3195 Thomae
1615 3163 1770 3199 doctrina,
1795 3164 1966 3203 praelibare
1990 3171 2121 3204 oportet
2142 3165 2230 3205 quod
2252 3164 2285 3194 in
2316 3165 2462 3204 reproba-

1403 3210 1490 3240 tione
1523 3215 1598 3239 sunt
1620 3207 1695 3238 tria:
1729 3207 1894 3247 permissio
1918 3208 2050 3248 peccati,
2082 3208 2188 3248 ipsum
2218 3215 2401 3248 peccatum,
2432 3215 2463 3239 et

1403 3261 1527 3284 aeterna
1550 3252 1685 3292 punitio,
1714 3252 1780 3282 Nec
1802 3251 1879 3282 haec
1902 3252 1959 3282 tria
1983 3259 2056 3282 sunt
2080 3252 2206 3282 effectus
2234 3252 2462 3292 reprobationis

1404 3297 1535 3333 divinae,
1552 3296 1826 3337 quemadmodum
1849 3306 1945 3326 omne
1969 3296 2117 3326 ordinans
2140 3296 2173 3326 in
2193 3296 2290 3326 vitam
2304 3303 2462 3326 aeternam

1404 3348 1468 3372 erat
1484 3341 1610 3371 effectus
1627 3339 1917 3380 praedestinationis
1927 3339 1952 3371 *.
1966 3340 2096 3379 Propter
2110 3340 2198 3381 quod
2209 3350 2274 3370 non
2287 3350 2461 3380 possumus

1403 3386 1454 3416 hic
1477 3392 1559 3415 recte
1582 3384 1693 3419 dicere,
1719 3389 1818 3414 totum
1842 3383 1988 3424 effectum
2013 3385 2244 3424 reprobationis
2259 3385 2309 3414 vel
2318 3389 2459 3424 partem,

1403 3437 1438 3460 ut
1451 3428 1648 3459 distinximus
1662 3427 1681 3445 '¹‘
1700 3428 1738 3457 de
1754 3427 1863 3458 effectu
1888 3427 2194 3468 praedestinationis:
2219 3428 2274 3458 sed
2297 3428 2458 3464 debemus,

1403 3473 1524 3504 cautius
1546 3471 1720 3512 loquendo,
1738 3471 1850 3510 dicere,
1867 3477 1965 3502 totum
1989 3472 2072 3511 quod
2095 3477 2140 3502 est
2164 3473 2196 3502 in
2221 3472 2458 3511 reprobatione,

1402 3518 1462 3553 vel,
1483 3517 1515 3547 id
1530 3516 1613 3557 quod
1636 3521 1682 3546 est
1705 3517 1736 3545 in
1758 3525 1795 3546 ea
1812 3525 1853 3546 ex
1868 3517 1983 3546 virtute
1998 3516 2206 3555 reprobantis.
2227 3516 2268 3546 Et
2286 3523 2362 3546 tunc
2381 3516 2459 3546 scito

1402 3561 1500 3602 quod,
1517 3560 1601 3600 apud
1622 3560 1731 3590 divum
1748 3559 1918 3595 Thomam,
1939 3567 1975 3590 ut
1993 3566 2078 3599 patet
2096 3570 2190 3599 super
2205 3570 2235 3590 tx
2248 3570 2315 3600 cap.
2332 3560 2459 3600 Episto-

1402 3607 1450 3636 lae
1466 3605 1509 3636 ad
1530 3605 1621 3635 Rom.
1634 3603 1662 3640 ἕ,
1687 3604 1807 3634 diversa
1830 3610 1876 3634 est
1900 3603 2051 3634 sententia
2075 3604 2113 3634 de
2137 3614 2230 3634 causa
2249 3604 2458 3644 praedestina-

2501 1282 2538 1330 {311
2547 1283 2614 1310 Tim„
2623 1289 2673 1312 cap.
2680 1290 2713 1311 iv,

2488 3351 2496 3359 ·
2513 3349 2548 3372 Cf.
2563 3356 2626 3372 num.
2640 3356 2663 3372 v.

2485 3442 2496 3453 ⁸*
2511 3441 2547 3463 cf.
2562 3447 2626 3463 num.
2640 3447 2675 3462 vi.

2484 3613 2493 3622 ⁶
2508 3612 2571 3634 Lect.
2586 3618 2611 3634 rr.
