2768 4178
944 223 1212 270 QUAESTIO
1242 223 1343 271 xlv,

271 313 382 334 rerum
412 308 531 334 natura
555 304 729 335 secundum
754 305 894 345 seipsas,
920 309 1014 334 extra
1039 313 1156 334 causas
1178 310 1275 334 suas:
1298 302 1340 334 ita

271 347 360 388 quod
375 353 479 378 sermo
495 358 642 389 praesens
662 355 708 379 est
724 348 762 389 d‚e
778 347 980 379 coexistentia
994 347 1068 378 reali
1088 346 1341 387 contingentium

270 391 304 422 in
327 398 416 428 actu,
441 392 481 422 ad
504 392 729 424 aeternitatem.
753 392 795 423 Et
817 392 878 428 sic,
905 401 979 422 cum
1003 391 1118 422 dicitur
1141 391 1250 422 omnia
1275 401 1342 421 esse

270 436 446 477 praesentia
469 436 653 473 aeternitati,
673 446 784 467 sensus
807 443 870 467 est:
895 435 1024 472 Omnia,
1048 436 1226 466 secundum
1245 444 1342 466 suum

270 490 338 511 esse
361 481 395 511 in
417 487 489 512 actu
512 481 546 511 in
569 490 676 512 rerum
698 488 820 516 natura,
840 486 915 510 sunt
933 480 1117 520 praesentia,
1137 480 1218 510 idest
1240 479 1341 510 coexi-

271 531 368 561 stunt,
393 525 578 557 aeternitati.

327 570 380 600 XI.
405 569 464 600 His
494 569 688 611 praelibatis,
719 569 846 599 adverte
867 569 957 609 quod
979 579 1028 599 res
1060 569 1251 609 temporales
1275 577 1341 598 esse

271 620 450 654 praesentes
473 613 655 649 aeternitati,
672 619 779 654 potest
800 612 932 653 intelligi
951 612 1127 653 dupliciter.
1154 613 1224 643 Uno
1249 613 1341 643 modo

271 658 326 694 sic,
347 658 437 699 quod
460 659 492 688 in
515 657 654 698 quolibet
677 667 764 688 nunc
781 658 935 698 temporis
958 657 1020 688 sint
1042 665 1221 698 praesentes
1244 664 1340 688 aeter-

271 702 376 738 nitati;
401 701 446 733 ita
468 701 558 743 quod
581 702 784 732 coexistentia
807 701 974 732 cuiuslibet
996 702 1040 732 rei
1064 702 1103 732 ad
1127 702 1342 732 aeternitatem

271 752 472 777 mensuratur
503 745 647 787 quolibet
676 746 804 777 instanti
834 746 998 787 temporis.
1024 746 1065 777 Et
1096 746 1182 777 hunc
1212 756 1342 777 sensum

270 796 478 830 acceperunt,
503 797 662 831 quantum
683 790 809 822 videtur
843 790 922 821 mihi
936 815 943 827 ,
979 790 1145 821 adversarii
1180 801 1217 821 ex
1239 790 1342 821 verbis

270 845 295 866 s.
312 834 470 865 Thomae.
491 834 552 865 Sed
579 841 772 866 erraverunt:
788 835 851 866 hoc
875 835 960 866 enim
983 845 1148 876 nunquam
1173 835 1343 866 somniavit

269 889 295 909 s.
313 878 476 909 Thomas:
501 878 568 909 imo
592 878 758 910 manifeste
776 879 919 920 implicat
938 880 1230 911 contradictionem.
1251 880 1341 917 Quo-

269 923 358 954 niam
374 922 576 954 coexistentia
595 923 639 954 rei
660 924 701 954 ad
719 924 935 956 aeternitatem
955 931 1109 965 aequatur
1124 925 1157 955 in
1175 924 1341 955 duratione

269 977 438 999 mensurae
461 967 606 998 eiusdem
629 968 825 1005 existentiae,
851 979 926 1000 cum
949 979 1015 999 non
1039 969 1188 999 coexistat
1211 969 1271 999 nisi
1295 979 1341 999 se-

269 1012 415 1043 cundum
433 1022 526 1043 suam
543 1012 700 1043 actualem
715 1013 925 1044 existentiam:
946 1013 1001 1044 sed
1021 1013 1183 1045 existentia
1197 1013 1341 1044 instantis

269 1055 304 1087 in
331 1066 398 1098 quo
428 1066 494 1087 cras
522 1057 571 1088 sol
601 1057 716 1094 oritur,
744 1067 811 1088 non
843 1064 1044 1088 mensuratur
1075 1057 1203 1088 instanti
1233 1057 1342 1099 aliquo

268 1101 476 1142 praecedente
499 1109 555 1133 aut
577 1109 745 1143 sequente:
771 1112 846 1142 ergo
869 1113 927 1133 nec
950 1102 1103 1143 quolibet.
1123 1103 1295 1138 Praeterea,
1315 1102 1341 1132 si

269 1145 390 1176 instans
413 1155 547 1187 semper,
566 1146 647 1178 idest
670 1156 728 1187 pro
745 1147 890 1188 quolibet
911 1146 1040 1178 instanti
1058 1146 1221 1186 temporis,
1238 1146 1341 1176 coexi-

270 1197 365 1222 steret
387 1190 577 1227 aeternitati.
602 1201 678 1232 ergo
703 1191 885 1222 coexisteret
907 1191 975 1221 aliis
1003 1190 1193 1221 instantibus
1216 1197 1341 1231 tempo-

266 1235 322 1278 ris,
338 1234 602 1277 tam-praeteritis
624 1245 724 1276 quam
747 1234 879 1267 futuris:
905 1242 935 1266 et
962 1235 1007 1265 sic
1029 1234 1110 1265 illud
1132 1234 1251 1265 instans
1275 1244 1342 1265 non

270 1284 352 1311 esset
373 1280 501 1318 labens;
530 1286 562 1310 et
584 1279 694 1310 omnia
715 1279 875 1310 instantia·
889 1286 992 1310 essent
1021 1289 1125 1309 unum
1147 1278 1283 1314 instans,
1309 1278 1341 1309 in

269 1324 416 1361 veritate;
436 1331 467 1356 et
483 1324 575 1365 plura
597 1323 745 1354 instantia
763 1323 917 1364 temporis
936 1323 1080 1354 eiusdem
1104 1330 1208 1354 essent
1231 1323 1340 1359 simul;

271 1377 302 1401 et
316 1369 520 1409 praeteritum
536 1375 568 1400 et
582 1367 729 1399 futurum
749 1374 852 1399 essent
867 1377 1024 1408 praesens,
1043 1375 1100 1399 etc.
1126 1367 1218 1404 Quae
1233 1367 1343 1398 omnia

269 1420 346 1445 sunt
369 1412 533 1444 manifeste
556 1411 775 1454 impossibilia.

271 1474 277 1478 -
326 1457 396 1489 ΧΠ.
417 1457 492 1488 Alio
515 1456 608 1488 modo
631 1463 738 1497 potest
759 1456 902 1497 intelligi,
927 1457 1016 1498 quod
1040 1457 1072 1486 in
1097 1456 1235 1497 quolibet
1257 1466 1343 1487 nunc

269 1501 474 1533 aeternitatis
497 1501 560 1532 sint
581 1507 762 1542 praesentes
785 1501 974 1537 aeternitati;
998 1501 1042 1532 ita
1061 1502 1149 1542 quod
1169 1501 1342 1532 coexisten-

248 1583 252 1587 .
269 1546 314 1578 tia
337 1545 505 1577 cuiuslibet
524 1545 567 1576 rei
587 1545 627 1575 ad
651 1545 867 1577 aeternitatem
886 1546 1024 1577 salvetur
1045 1545 1079 1576 in
1095 1545 1239 1587 quolibet
1257 1555 1343 1576 nunc

268 1589 472 1622 aetenatatis.
502 1589 544 1621 Et
566 1589 618 1620 hic
649 1599 760 1620 sensus
789 1597 835 1620 est
857 1600 967 1626 verus,
1002 1597 1032 1621 et
1062 1590 1202 1621 intentus
1226 1600 1244 1620 a
1267 1590 1342 1620 divo

267 1634 411 1666 Thomu.

327 1678 430 1710 Verus
457 1678 606 1720 quidem:
630 1679 722 1720 quia,
748 1689 823 1710 curn
855 1679 1020 1710 aeternitas
1048 1689 1115 1709 non
1146 1678 1259 1710 habeat
1282 1678 1343 1709 nisi

268 1724 376 1754 unum
391 1733 487 1760 nunc,
504 1723 594 1764 quod
610 1730 764 1765 aequatur
786 1723 846 1764 ipsi
866 1722 1040 1755 aeternitati
1057 1729 1087 1754 et
1101 1723 1222 1754 excedit
1245 1733 1342 1753 omne

268 1774 412 1809 tempus;
432 1777 559 1799 necesse
582 1775 630 1798 est
652 1768 741 1809 quod
762 1777 859 1798 omne
881 1767 1002 1798 instans
1018 1767 1117 1799 nostri
1133 1768 1296 1808 temporis,
1313 1774 1343 1798 et

269 1811 430 1854 quidquid
451 1812 485 1842 in
508 1812 565 1843 illo
589 1819 636 1843 est
659 1819 714 1843 aut
736 1811 785 1848 fit,
810 1812 947 1843 salvetur
970 1812 1002 1842 in
1025 1822 1111 1842 nunc
1135 1811 1340 1847 aeternitatis,

268 1863 303 1888 et
325 1862 527 1887 mensuretur
549 1857 588 1896 ab
611 1856 684 1893 illo,
709 1866 775 1887 non
798 1863 835 1887 ut
858 1866 876 1886 a
899 1866 1048 1887 mensura
1071 1856 1261 1897 adaequata,
1287 1856 1342 1886 sed

270 1901 438 1932 excessiva.
450 1918 470 1923 ——
482 1901 585 1938 Unde,
603 1907 639 1932 ut
653 1901 766 1931 clarius
782 1901 895 1931 evadas
910 1901 1053 1941 laqueos,
1070 1911 1088 1930 a
1103 1901 1197 1931 rebus
1213 1901 1252 1930 ad
1268 1910 1341 1940 pro-

268 1945 465 1987 positiones,
491 1952 522 1976 et
545 1955 563 1975 a
585 1945 860 1986 propositionibus
885 1945 924 1975 ad
948 1955 996 1975 res
1019 1945 1240 1985 procedendo,
1264 1945 1341 1976 istae

271 1989 526 2031 propositiones,
558 1991 667 2020 omnia
696 1999 780 2030 quae
796 1989 890 2030 fiunt
912 1990 944 2019 in
969 1995 1126 2030 tempore,
1150 1995 1227 2020 sunt
1244 1999 1342 2029 prae-

269 2035 376 2065 sentia
399 2035 596 2072 aeternitati,
613 2033 664 2064 vel
678 2039 755 2065 sunt
771 2035 959 2074 praesentia
973 2034 1052 2064 -Deo
1076 2034 1116 2064 ab
1131 2038 1275 2071 aeterno,
1291 2033 1342 2064 vel

268 2084 349 2110 sunt
370 2088 496 2119 semper
505 2079 694 2119 praesentia
708 2079 790 2116 Deo,
807 2084 838 2109 et
852 2078 979 2114 similes,
997 2078 1236 2118 distinguendae
1256 2086 1340 2109 sunt.

271 2123 358 2161 Quia
373 2123 406 2164 ly
419 2128 496 2154 sunt
517 2129 574 2153 aut
594 2121 810 2162 consignificat
833 2132 919 2152 nunc
937 2122 1100 2162 temporis,
1118 2129 1172 2153 aut
1187 2132 1273 2153 nunc
1291 2132 1342 2153 ae-

270 2167 435 2199 ternitatis.
459 2167 501 2198 Et
524 2167 668 2198 similiter
689 2166 723 2208 ly
745 2167 786 2197 ab
809 2172 959 2204 aeterno,
984 2174 1039 2197 aut
1062 2167 1094 2207 ly
1121 2176 1262 2207 semper,
1288 2174 1343 2197 aut

271 2218 398 2244 tenetur
419 2210 750 2253 syncategorematice,
774 2211 855 2241 idest
873 2210 961 2252 quod
985 2211 1151 2242 distribuat
1170 2221 1229 2251 pro
1253 2211 1342 2241 omni

271 2255 426 2297 temporis
454 2255 643 2286 differentia:
672 2262 728 2286 aut
760 2254 1037 2295 categorematice,
1061 2254 1142 2286 idest
1172 2255 1262 2296 quod
1284 2255 1343 2285 im-

270 2306 379 2343 portet
395 2299 677 2341 sempiternitatem
695 2298 877 2340 perfectam,
894 2309 976 2340 quae
991 2299 1182 2340 importatur
1197 2299 1231 2330 in
1247 2307 1343 2330 aeter-

271 2345 369 2376 nitate
392 2351 423 2375 et
445 2344 545 2385 ipsius
561 2354 656 2375 nunc.
681 2345 722 2375 Et
740 2344 845 2385 primo
869 2344 970 2374 modo
990 2350 1064 2374 sunt
1079 2343 1186 2381 falsae,
1202 2344 1343 2374 secundo

272 2397 381 2421 autem
403 2398 504 2420 verae.
529 2387 651 2420 Verum
678 2388 799 2430 quippe
823 2395 869 2420 est
893 2395 924 2419 et
946 2388 1178 2425 indubitatum,
1202 2388 1343 2429 primum

271 2433 393 2466 intans
415 2433 512 2464 huius
535 2433 632 2463 horae
656 2443 724 2463 esse
746 2432 780 2462 in
804 2442 890 2463 nunc
912 2432 1123 2469 aeternitatis}
1147 2440 1178 2464 et
1202 2433 1344 2464 similiter

271 2488 385 2510 verum
409 2485 455 2509 eet
475 2477 629 2508 ultimum
650 2477 770 2508 instans
794 2476 884 2508 istius
899 2477 1006 2513 horae,
1026 2487 1093 2508 non
1116 2477 1149 2508 in
1172 2477 1235 2508 hoc
1258 2487 1344 2508 nunc

272 2522 427 2564 temporis
450 2522 539 2563 quod
563 2528 610 2552 est
638 2521 832 2562 principium
862 2521 958 2552 huius
985 2522 1098 2558 horae,
1123 2522 1178 2552 sed
1202 2522 1234 2552 in
1258 2532 1344 2553 nunc

272 2566 464 2598 aeternitatis
487 2565 603 2596 eodem
626 2574 710 2601 esse;
734 2575 794 2605 pro
818 2565 881 2596 alio
904 2573 1011 2596 tamen
1027 2565 1156 2597 instanti
1179 2567 1342 2607 temporis,

273 2619 311 2643 ut
334 2611 373 2641 de
397 2620 429 2641 se
448 2616 543 2650 patet.
562 2609 606 2640 Et
620 2617 788 2650 propterea
810 2619 878 2640 non
895 2609 1079 2641 inconvenit
1101 2611 1167 2641 duo
1187 2611 1344 2642 contradi-

272 2655 374 2686 ctoria
392 2654 570 2685 secundum
592 2663 678 2684 nunc
697 2653 860 2695 temporis,
881 2664 948 2685 esse
964 2654 997 2685 in
1012 2654 1127 2685 eodem
1145 2665 1231 2686 nunc
1247 2662 1343 2686 aeter-

274 2699 390 2735 nitatis,
415 2706 472 2730 etc.
1317 2707 1322 2711 ·

330 2743 429 2781 Quod
444 2749 552 2774 autem
570 2742 621 2772 hic
636 2751 747 2772 sensus
763 2741 803 2772 sit
821 2742 961 2774 intentus
977 2743 1010 2773 in
1028 2743 1140 2780 littera,
1158 2754 1195 2774 ex
1218 2744 1344 2774 duobus

274 2794 371 2829 patet.
402 2788 511 2818 Primo
535 2796 572 2817 ex
595 2796 635 2817 eo
665 2786 754 2827 quod
778 2786 822 2817 sic
849 2787 959 2818 omnia
982 2788 1064 2819 dicta
1091 2787 1291 2820 verificantur
1314 2795 1344 2819 et

275 2838 463 2863 consonant.
482 2831 568 2862 Cum
587 2830 674 2861 enim
693 2840 788 2867 nunc,
808 2831 872 2861 sive
887 2832 1041 2872 temporis
1064 2832 1129 2863 sive
1146 2832 1343 2868 aeternitatis,

274 2886 341 2907 non
365 2875 467 2917 possit
490 2875 640 2915 distingui
663 2875 697 2905 in
720 2885 882 2915 praesens,
905 2877 1110 2917 praeteritum
1133 2884 1163 2907 et
1187 2877 1342 2912 futurum,

274 2922 331 2952 sed
353 2930 501 2962 praesens
532 2926 659 2951 tanturn
690 2926 752 2955 est;
777 2919 1024 2951 demonstrando
1057 2921 1090 2951 in
1118 2928 1190 2951 actu
1220 2921 1343 2961 signato

273 2974 362 2996 nunc
384 2964 588 3000 aeternitatis,
612 2973 724 2994 verum
753 2970 800 2994 est
822 2963 924 2994 dicere
947 2965 1057 2995 omnia
1080 2965 1253 2996 aeternitati
1278 2975 1344 2995 esse

274 3009 468 3050 praesentia;
492 3015 530 3039 ut
552 3015 637 3049 patet
661 3008 812 3044 dicendo,
843 3009 952 3039 omnia
976 3010 1008 3040 in
1034 3019 1121 3040 nunc
1146 3010 1345 3040 aeternitatis

275 3058 352 3084 sunt
369 3053 557 3093 praesentia
580 3053 772 3083 aeternitati.
798 3052 838 3083 Et
857 3052 1007 3090 similiter,
1020 3053 1295 3093 *consignificando
1311 3054 1344 3084 in

276 3104 348 3128 actu
365 3096 500 3127 exercito
516 3106 602 3128 nunc
618 3096 815 3132 aeternitatis,
827 3096 1029 3128 verissimum
1045 3104 1091 3128 est
1108 3098 1219 3134 dicere,
1236 3099 1344 3128 omnia

274 3146 353 3173 sunt
369 3142 558 3181 praesentia
589 3142 780 3172 aeternitati.
813 3140 875 3171 Sed
899 3140 1017 3172 fallitur
1038 3142 1240 3182 imaginatio,
1266 3142 1345 3173 dum

276 3185 402 3226 respicit
424 3185 457 3226 ly
479 3190 565 3224 sunt,
583 3192 614 3216 et
629 3195 666 3216 ex
689 3185 919 3216 consuetudine
943 3192 1050 3217 nostra
1074 3193 1165 3227 putat
1188 3186 1344 3226 consigni-

275 3229 369 3260 ficare
399 3235 546 3269 oportere
572 3239 659 3261 nunc
682 3230 842 3270 temporis.
859 3247 880 3251 -
895 3229 1042 3261 Secundo
1065 3240 1102 3260 ex
1125 3240 1164 3261 eo
1188 3231 1278 3271 quod
1301 3231 1344 3261 sic

276 3273 399 3314 optime
422 3273 563 3304 redditur
577 3274 658 3305 ratio
681 3273 815 3315 quaesiti
835 3280 865 3304 et
887 3273 1000 3305 intenti
1022 3274 1055 3304 in
1074 3274 1184 3305 littera.
1213 3275 1260 3305 Ex
1283 3275 1345 3305 hoc

276 3327 417 3358 namque
440 3317 529 3358 quod
552 3317 700 3348 omnium
730 3318 909 3349 existentiae
938 3318 1142 3359 temporales,
1167 3319 1345 3349 secundum

276 3371 363 3393 nunc
374 3360 563 3392 aeternitatis
579 3368 734 3403 sumptae,
748 3370 822 3394 sunt
834 3369 1013 3403 praesentes
1030 3362 1211 3399 aeternitati,
1224 3363 1344 3403 optime

277 3416 314 3437 ac
338 3406 452 3436 directe
475 3405 618 3446 sequitur
640 3407 730 3447 quod
752 3407 797 3437 illi
816 3407 931 3437 visioni
954 3417 1036 3448 quae
1060 3407 1240 3438 aeternitate
1257 3417 1344 3437 men-

277 3457 412 3486 suratur,
433 3449 543 3480 omnia
566 3450 743 3481 secundum
766 3461 839 3482 suas
863 3451 1039 3482 existentias
1063 3451 1168 3488 simul,
1186 3451 1346 3482 simultate

277 3494 473 3526 instantanea
497 3493 695 3530 aeternitatis,
719 3502 794 3526 sunt
816 3495 999 3536 praesentia.
1023 3497 1071 3526 Ac
1094 3506 1150 3537 per
1171 3495 1242 3532 hoc,
1266 3496 1346 3526 visio

277 3538 339 3575 illa,
360 3538 436 3579 quia
458 3538 644 3569 terminatur
667 3538 707 3568 ad
729 3548 778 3568 res
800 3547 989 3579 praesentes,
1010 3547 1092 3571 certa
1115 3550 1151 3571 ac
1174 3540 1346 3570 infallibilis

277 3589 334 3620 est,
354 3583 435 3614 sicut
451 3588 481 3613 et
497 3589 614 3614 nostra.
627 3600 647 3605 -
659 3582 703 3613 Et
717 3582 938 3624 confirmatur.
959 3584 1053 3622 Quia,
1069 3584 1346 3625 quemadmodum

1373 223 1673 262 ARTlcULUs
1704 226 1789 261 xm
2393 226 2463 273 189

1394 303 1434 333 ad
1459 303 1521 333 hoc
1545 304 1633 344 quod
1656 304 1777 345 aliquid
1792 305 1831 335 sit
1854 315 1999 345 praesens
2014 305 2128 336 visioni
2153 312 2278 336 nostrae
2295 305 2461 344 corporali,

1396 347 1475 377 nihil
1499 347 1586 378 aliud
1609 347 1742 388 exigitur
1765 348 1824 378 nisi
1841 350 1929 390 quod
1952 350 2032 380 illud
2048 349 2170 380 visibile
2194 350 2233 381 sit
2253 356 2283 380 et
2307 349 2387 380 adsit
2403 359 2461 389 pro

1395 401 1544 422 mensura
1568 392 1743 423 durationis
1767 403 1831 433 qua
1854 402 2053 425 mensuratur
2076 401 2107 425 et
2137 400 2183 424 est
2206 394 2274 434 ipsa
2296 393 2395 429 visio;
2420 393 2464 424 ita

1396 436 1434 466 ad
1458 436 1520 467 hoc
1543 436 1634 477 quod
1652 436 1772 478 aliquid
1795 437 1835 467 sit
1853 447 1998 478 praesens
2018 438 2194 468 secundum
2214 448 2247 468 se
2263 437 2371 468 divino
2388 447 2462 468 con-

1396 481 1533 520 spectui,
1561 481 1693 521 exigitur
1716 481 1805 522 quod
1828 481 1868 512 sit
1891 488 1921 512 et
1944 481 2024 512 adsit
2054 482 2231 513 secundum
2253 482 2342 512 illam
2370 482 2463 512 dura-

1395 524 1491 555 tionis
1514 535 1698 556 mensuram
1714 535 1778 567 qua
1793 533 1992 557 mensuratur
2005 526 2085 556 visio
2109 526 2222 558 divina.
2245 527 2332 556 Haec
2355 533 2462 557 autern

1396 576 1442 600 est
1466 570 1638 601 aeternitas.
1656 570 1741 610 Ergo
1765 577 1813 601 sat
1835 577 1882 600 est
1904 571 1992 611 quod
2012 570 2082 606 sint,
2099 571 2276 601 secundum
2298 570 2462 601 aeternita-

1395 620 1461 644 tem
1479 621 1616 655 sumpta,
1634 614 1818 654 praesentia,
1835 621 1866 645 et
1881 624 1947 645 non
1963 614 2127 655 praeterita
2143 622 2198 646 aut
2212 614 2331 651 futura;
2349 624 2462 655 quam-

1395 657 1452 694 vis,
1478 659 1655 689 secundum
1678 666 1805 699 tempus
1829 665 1966 698 sumpta,
1987 659 2049 689 sint
2070 658 2187 690 futura.

1452 702 1533 733 XlIl.
1559 703 1652 734 Unde
1675 710 1762 743 patet
1784 703 1949 743 responsio
1974 704 2013 733 ad
2036 713 2148 733 omnes
2171 703 2364 734 obiectiones
2386 712 2462 733 con-

1395 753 1442 777 tra
1465 746 1552 777 illam
1582 747 1854 788 propositionem,
1883 748 1991 778 omnia
2019 753 2095 778 sunt
2119 748 2306 788 praesentia
2330 748 2399 778 Deo
2423 747 2462 777 ab

1395 796 1527 822 aeterno
1545 791 1571 822 *.
1597 791 1719 823 Omnes
1741 791 1826 822 enim
1848 791 1994 822 laborant
2014 791 2046 822 in
2069 791 2255 832 aequivoco,
2276 791 2462 831 accipientes

1395 845 1443 866 res
1467 842 1502 866 ut
1526 836 1648 867 suntin
1671 843 1815 876 tempore
1835 835 1886 866 vel
1901 836 2108 866 instantibus:
2134 845 2208 866 cum
2229 843 2335 866 tamen
2358 835 2408 866 hic
2424 835 2464 865 sit

1395 890 1500 911 sermo
1518 881 1556 911 de
1572 880 1811 921 temporalibus,
1832 887 1862 911 et
1881 880 1951 920 ipso
1968 887 2112 921 tempore
2133 887 2162 911 et
2179 880 2246 910 eius
2265 879 2461 915 instantibus,

1396 932 1432 955 ut
1455 932 1529 956 sunt
1551 935 1608 955 seu
1631 932 1766 956 utuntur
1789 925 1978 955 aeternitate.

1451 970 1492 1000 Et
1506 979 1562 1010 per
1577 969 1654 1000 haec
1678 970 1789 1000 eadem
1812 976 1898 1009 patet
1921 969 2086 1009 responsio
2110 969 2150 999 ad
2173 975 2358 1008 argumenta
2381 977 2462 1008 quae

1395 1013 1567 1044 afferuntur
1589 1024 1607 1044 a
1631 1013 1809 1054 Capreolo,
1837 1013 1870 1043 in
1900 1024 1991 1043 xxxvr
2022 1012 2222 1044 distinctione
2251 1012 2347 1043 Primi
2362 1011 2395 1048 *,
2427 1021 2463 1042 ex

1395 1058 1549 1089 Aureolo.

1449 1103 1532 1133 XIV.
1554 1102 1605 1133 Ad
1629 1102 1823 1133 obiectiones
1843 1108 1950 1133 autem
1973 1102 2113 1132 secundo
2136 1102 2209 1132 loco
2226 1101 2252 1138 *,
2277 1108 2386 1132 contra
2408 1110 2462 1141 ap-

1395 1146 1601 1186 plicationem
1624 1147 1753 1177 rationis
1777 1147 1817 1176 ad
1832 1146 2045 1187 propositum,
2065 1146 2283 1186 respondetur.

1447 1191 1489 1221 Et
1510 1191 1554 1221 ad
1563 1192 1719 1231 primam,
1736 1201 1811 1221 cum
1833 1191 1954 1227 dicitur,
1971 1191 2068 1222 sessio
2091 1200 2162 1221 mea
2182 1191 2335 1227 crastina,
2353 1195 2388 1220 ut
2403 1189 2462 1231 su-

1396 1240 1483 1272 tura,
1500 1241 1558 1265 aut
1578 1236 1680 1265 scitur
1703 1241 1798 1272 certe,
1815 1240 1874 1265 aut
1894 1245 1969 1272 non,
1988 1235 2196 1275 respondetur
2219 1234 2461 1274 distinguendo,

1396 1279 1487 1319 quod
1509 1279 1567 1310 ista
1591 1279 1687 1309 sessio
1713 1278 1827 1315 futura,
1853 1286 1887 1309 ut
1911 1279 2026 1315 futura,
2051 1289 2117 1309 non
2141 1279 2235 1309 habet
2259 1288 2325 1309 esse
2348 1278 2407 1308 nisi
2429 1278 2462 1308 in

1397 1323 1462 1354 suis
1487 1323 1604 1354 causis:
1629 1324 1669 1353 ad
1693 1333 1801 1354 causas
1830 1329 1938 1353 autern
1960 1333 2032 1354 suas
2057 1330 2163 1363 potest
2187 1322 2353 1363 dupliciter
2377 1332 2463 1353 com-

1397 1367 1512 1408 parari;
1537 1378 1604 1398 uno
1620 1367 1731 1404 modo,
1751 1374 1787 1398 ut
1802 1367 2058 1398 indeterminatas
2081 1367 2121 1397 ad
2144 1367 2383 1408 producendam
2399 1376 2463 1397 cra-

1397 1412 1512 1443 stinam
1535 1412 1710 1442 sessio'nem
1734 1421 1849 1447 meam,
1866 1411 1916 1442 vel
1937 1412 2004 1442 eius*
2028 1411 2242 1452 negationem;
2267 1411 2329 1441 alio
2353 1411 2462 1447 modo,

1397 1463 1433 1487 ut
1456 1456 1676 1488 determinatas
1700 1457 1740 1486 ad
1763 1456 1848 1486 illius
1867 1456 2113 1496 productionem
2132 1455 2231 1495 magis
2247 1465 2345 1496 quam
2361 1465 2463 1496 oppo-

1397 1501 1458 1537 siti,
1477 1501 1528 1531 vel
1544 1511 1618 1532 cum
1634 1500 1815 1531 exclusione
1838 1500 1989 1541 oppositi.
2014 1500 2133 1531 Futura
2153 1500 2257 1540 primo
2282 1499 2381 1530 modo
2398 1509 2463 1530 non

1398 1552 1570 1576 sumuntur
1586 1552 1621 1576 ut
1637 1545 1752 1581 futura,
1773 1545 1828 1575 sed
1843 1552 1879 1575 ut
1895 1544 2000 1575 futura
2015 1545 2140 1585 penitus
2158 1544 2380 1584 contingentia.
2401 1543 2463 1574 Fu-

1398 1597 1467 1621 tura
1491 1597 1599 1621 autem
1629 1590 1770 1620 secundo
1804 1589 1903 1619 modo
1935 1595 2106 1619 sumuntur
2129 1588 2260 1630 quidem
2282 1595 2318 1619 ut
2341 1588 2462 1624 futura,

1398 1634 1452 1665 sed
1476 1634 1634 1665 declinant
1657 1644 1675 1664 a
1699 1633 1922 1674 contingentia,
1947 1633 2124 1664 secundum
2140 1633 2229 1674 quod
2246 1632 2463 1664 determinatio

1398 1689 1566 1710 causarum
1585 1679 1626 1709 ad
1648 1678 1778 1709 alteram
1800 1685 1932 1718 partem,
1948 1678 2048 1718 magis
2063 1678 2113 1708 vel
2137 1677 2242 1708 minus
2256 1677 2307 1708 vel
2329 1677 2465 1708 totaliter

1397 1723 1500 1763 exigit.
1525 1724 1646 1754 Futura
1668 1722 1763 1764 igitur
1787 1722 2009 1763 contingentia,
2027 1729 2062 1753 ut
2077 1722 2183 1753 futura
2198 1732 2235 1752 ex
2255 1722 2355 1752 causis
2378 1721 2464 1751 inde-

1397 1768 1581 1804 terminatis,
1607 1777 1673 1798 non
1697 1774 1771 1798 sunt
1787 1767 1914 1803 scibilia,
1931 1773 1967 1797 ut
1981 1766 2014 1796 in
2030 1766 2131 1797 littera
2148 1766 2270 1802 dicitur,
2288 1776 2345 1796 nec
2361 1775 2378 1795 a
2395 1766 2463 1796 Deo

1398 1822 1455 1843 nec
1479 1822 1497 1843 a
1519 1820 1742 1853 quocumque:
1767 1811 1842 1852 quia
1866 1821 1932 1842 non
1955 1818 2030 1842 sunt
2053 1811 2151 1847 entia,
2173 1821 2233 1842 nec
2257 1811 2289 1841 in
2313 1817 2384 1841 actu
2407 1819 2464 1840 nec

1397 1857 1429 1886 in
1454 1856 1612 1897 potentia,
1638 1856 1738 1896 magis
1761 1856 1829 1896 ipsa
1852 1866 1950 1896 quam
1974 1855 2131 1896 opposita.
2162 1856 2208 1886 Ex
2232 1855 2333 1886 causis
2357 1861 2463 1885 autem

1397 1900 1620 1937 determinatis,
1637 1907 1712 1931 sunt
1727 1900 1961 1940 cognoscibilia,
1979 1899 2064 1931 iuxta
2081 1899 2376 1930 determinationem
2391 1909 2463 1929 cau-

1396 1942 1513 1976 sa'rum.
1530 1963 1550 1968 —
1565 1945 1607 1976 Et
1623 1955 1697 1975 cum
1713 1945 1835 1981 dicitur,
1852 1954 1931 1986 ergo
1946 1945 2036 1975 Deus
2051 1945 2147 1975 aliter
2161 1945 2248 1975 novit
2253 1943 2350 1984 facta
2366 1953 2462 1984 quam

1386 1990 1514 2031 fienda,
1539 1989 1723 2030 simpliciter
1746 1996 1878 2029 negatur
1901 1989 2140 2029 consequentia:
2161 1988 2236 2029 quia
2251 1989 2284 2029 ly
2300 1989 2406 2026 aliter,
2431 1988 2463 2018 in

1397 2034 1582 2065 auctoritate
1605 2033 1792 2074 Augustini,
1817 2033 1892 2064 dicit
1915 2033 2051 2063 modum
2082 2032 2293 2073 cognoscendi
2317 2043 2354 2063 ex
2377 2039 2463 2073 parte

1398 2078 1636 2119 cognoscentis,
1668 2077 1724 2119 qui
1747 2078 1779 2108 in
1804 2078 1873 2108 Deo
1902 2087 1969 2107 non
1992 2077 2138 2108 variatur.
2168 2077 2219 2108 Ad
2242 2077 2464 2117 probationem

1398 2130 1506 2153 autem
1534 2122 1734 2163 superfluum
1762 2129 1808 2152 est
1837 2121 2042 2162 respondere,
2067 2122 2147 2152 adeo
2177 2121 2307 2162 puerilis
2330 2121 2462 2152 videtur.

1399 2167 1483 2198 Dicit
1514 2167 1620 2203 enim,
1657 2167 1821 2207 cognoscit
1854 2171 1960 2197 autem
1993 2167 2164 2196 sessionem
2198 2166 2466 2196 certitudinaliter

1398 2212 1499 2249 Deus,
1518 2221 1589 2242 cum
1606 2211 1663 2241 illa
1672 2210 1782 2251 fuerit
1796 2215 1880 2241 actu.
1906 2210 1986 2247 Quis
2010 2210 2096 2240 enim
2114 2210 2238 2250 ignorat
2256 2210 2325 2240 Deo
2343 2210 2465 2240 nullam

1399 2255 1545 2286 accedere
1565 2252 1801 2295 cognitionem?
1825 2255 1917 2285 Unde
1941 2255 2033 2285 debet
2050 2254 2160 2290 dicere,
2181 2260 2212 2285 et
2224 2260 2331 2285 tamen
2348 2264 2465 2295 cogno-

1398 2301 1458 2331 scit
1481 2300 1571 2330 illam
1588 2299 1858 2330 certitudinaliter
1875 2299 2050 2330 secundum
2067 2300 2136 2329 eius
2151 2300 2311 2330 actualem
2328 2300 2465 2329 existen-

1399 2346 1488 2375 tiam.
1513 2344 1575 2374 Sed
1598 2344 1660 2374 hoc
1683 2353 1750 2373 non
1765 2344 1879 2384 probat
1895 2343 2165 2384 consequentiam.
2190 2343 2287 2374 Aliud
2304 2350 2350 2374 est
2369 2343 2463 2378 enim,

1399 2388 1490 2430 quod
1512 2388 1600 2419 aliter
1623 2398 1656 2418 se
1679 2388 1815 2418 habeant
1837 2397 1885 2417 res
1909 2395 1945 2418 ut
1968 2387 2066 2418 factae
2090 2397 2188 2428 quarn
2212 2394 2248 2418 ut
2270 2387 2401 2423 fiendae,
2426 2388 2466 2417 ad

1398 2433 1458 2464 Dei
1482 2432 1717 2473 cognitionem:
1743 2439 1774 2463 et
1796 2431 1899 2467 aliud,
1929 2432 2018 2472 quod
2047 2432 2134 2462 aliter
2163 2432 2250 2462 Deus
2274 2432 2363 2462 novit
2386 2431 2466 2462 facta

1399 2487 1498 2518 quam
1516 2476 1630 2507 fienda.
1656 2477 1737 2507 Illud
1755 2476 1839 2506 enirn
1859 2483 1905 2506 est
1926 2486 2047 2512 verum,
2064 2476 2098 2506 in
2122 2476 2251 2507 materia
2270 2475 2464 2516 contingenti

1398 2521 1579 2563 loquendo:
1604 2521 1667 2551 hoc
1690 2527 1797 2551 autem
1821 2527 1867 2550 est
1890 2519 2015 2550 falsum.
2041 2520 2122 2550 Illud
2141 2520 2294 2560 significat
2312 2521 2402 2561 quod
2418 2530 2464 2550 res

1400 2566 1495 2596 aliam
1510 2565 1753 2606 dispositionem
1769 2564 1863 2594 habet
1879 2571 1914 2594 ut
1930 2564 2019 2600 facta,
2037 2571 2068 2595 et
2083 2564 2177 2594 aliam
2192 2572 2228 2595 ut
2241 2564 2358 2595 fienda:
2379 2565 2463 2605 quia,

1399 2618 1435 2642 ut
1458 2610 1552 2646 facta,
1577 2609 1680 2640 induit
1703 2608 1920 2639 necessitatem
1943 2608 2114 2649 quandam,
2139 2615 2175 2639 ut
2196 2608 2300 2639 fienda
2323 2619 2400 2640 non.
2425 2609 2465 2639 Et

1399 2655 1453 2691 sic,
1471 2661 1507 2685 ut
1522 2654 1612 2692 facta,
1637 2660 1683 2683 est
1706 2652 1820 2683 scibilis
1837 2659 1931 2683 certe:
1956 2659 1992 2684 ut
2007 2652 2119 2689 fienda,
2136 2663 2212 2684 non.
2237 2654 2278 2684 Et
2293 2663 2411 2689 rursus,
2430 2660 2465 2684 ut

1399 2699 1490 2735 facta,
1503 2704 1608 2739 potest
1624 2703 1745 2728 certum
1763 2696 1915 2727 intuitum
1930 2697 1989 2727 Dei
2005 2697 2185 2728 terminare:
2206 2704 2242 2728 ut
2257 2697 2370 2734 fienda,
2387 2708 2462 2728 non.

1453 2743 1505 2774 Ad
1526 2742 1700 2774 secundam
1721 2741 1843 2777 dicitur,
1864 2741 1953 2781 quod
1977 2741 2062 2771 aliud
2086 2749 2132 2772 est
2155 2741 2317 2773 scientiam
2340 2742 2399 2772 Dei
2416 2752 2463 2772 ca-

1399 2798 1472 2828 pere
1489 2786 1708 2818 certitudinem
1733 2795 1769 2816 ex
1793 2785 1931 2816 sessione
1949 2785 2099 2816 Socratis:
2126 2793 2156 2816 et
2174 2786 2261 2816 aliud
2284 2793 2330 2816 est
2353 2786 2463 2816 sessio-

1399 2842 1473 2862 nem
1497 2830 1633 2862 Socratis
1656 2839 1722 2860 non
1738 2839 1804 2860 esse
1830 2839 1978 2870 capacem
2001 2837 2036 2861 ut
2060 2830 2099 2861 sit
2117 2830 2269 2861 terminus
2286 2837 2386 2861 certae
2405 2830 2463 2861 Dei

1399 2876 1539 2911 notitiae,
1563 2874 1624 2904 nisi
1648 2874 1824 2904 secundum
1841 2874 1930 2914 quod
1945 2881 1991 2905 est
2006 2874 2039 2904 in
2056 2884 2088 2905 se
2105 2882 2196 2905 certa.
2212 2874 2355 2905 Primum
2379 2874 2463 2905 enirn

1398 2919 1590 2955 inconvenit,
1607 2918 1784 2949 secundum
1803 2925 1910 2949 autem
1927 2925 1973 2949 est
1987 2919 2213 2949 necessarium:
2238 2919 2378 2959 primurn
2397 2929 2463 2949 non

1399 2965 1532 2995 habetur
1555 2973 1592 2993 ex
1614 2962 1734 2998 littera,
1763 2962 1818 2992 sed
1842 2963 2028 2993 secundum.
2054 2963 2159 2999 Quare
2184 2963 2366 2993 conceditur
2395 2970 2463 2994 tota

1399 3009 1489 3045 ratio,
1502 3014 1613 3046 utpote
1627 3007 1705 3036 nihil
1725 3013 1833 3037 contra
1849 3017 1908 3037 nos
1928 3007 2044 3043 dicens,
2061 3008 2115 3037 sed
2129 3017 2312 3047 supponens
2332 3007 2461 3038 falsum:

1400 3053 1517 3084 scilicet
1539 3051 1628 3092 quod
1649 3061 1687 3081 ex
1709 3050 1768 3081 hac
1790 3051 1950 3091 positione
1973 3051 2124 3082 habeatur
2146 3052 2235 3092 quod
2259 3051 2385 3082 scientia
2404 3051 2463 3082 Dei

1401 3097 1502 3137 capiat
1526 3095 1746 3127 certitudinem
1769 3095 1806 3125 ab
1835 3095 1897 3125 alio
1922 3095 2045 3126 obiecto
2069 3106 2167 3136 quam
2194 3096 2368 3127 substantia
2395 3106 2460 3126 sua.

1400 3142 1534 3172 Deberet
1558 3139 1643 3170 enim
1666 3149 1847 3179 supponere
1880 3140 1968 3180 quod
1991 3139 2084 3180 exigit
2117 3140 2334 3170 certitudinem
2368 3140 2462 3170 etiam

1400 3186 1433 3216 in
1457 3185 1519 3215 alio
1544 3184 1679 3220 obiecto,
1697 3193 1752 3214 seu
1776 3183 1911 3214 termino
1932 3184 2077 3214 scientiae
2101 3194 2189 3220 suae,
2210 3194 2276 3214 non
2300 3184 2406 3214 solum
2429 3184 2462 3214 in

1401 3229 1573 3260 substantia
1596 3236 1669 3270 sua:
1694 3227 1756 3258 hoc
1779 3228 1865 3258 enim
1880 3228 1953 3258 hinc
1976 3229 2116 3264 habetur,
2135 3236 2165 3259 et
2188 3236 2254 3258 non
2268 3229 2357 3269 quod
2381 3228 2463 3269 capit

1401 3273 1620 3305 certitudinem
1643 3272 1682 3302 ab
1705 3271 1778 3303 alio.

1453 3318 1504 3348 Ad
1526 3318 1652 3348 tertiam
1678 3316 1800 3352 dicitur,
1817 3317 1907 3357 quod
1930 3316 2097 3356 dupliciter
2112 3315 2223 3347 deficit.
2248 3316 2366 3353 Primo,
2389 3317 2463 3358 quia

1401 3362 1539 3402 cognitio
1564 3360 1666 3400 angeli
1693 3370 1757 3401 qua
1778 3361 1941 3401 cognoscit
1959 3361 2154 3401 temporalia,
2175 3370 2240 3391 non
2263 3368 2464 3392 mensuratur

1401 3415 1496 3437 aevo:
1522 3412 1552 3447 et
1574 3405 1647 3435 ideo
1671 3404 1750 3435 ratio
1777 3404 1856 3434 nihil
1879 3405 1981 3436 infert.
2007 3405 2170 3441 Secundo,
2187 3405 2262 3445 quia
2285 3415 2463 3446 repraesen-

1401 3451 1477 3482 tatio
1502 3448 1709 3489 singularium
1732 3449 1958 3489 temporalium
1981 3459 2036 3489 per
2059 3449 2251 3489 principium
2274 3450 2463 3490 cognitionis

1401 3495 1568 3535 angelicae,
1585 3492 1702 3524 scilicet
1718 3493 1832 3533 speciei
1848 3493 2058 3533 intelligibilis,
2075 3504 2141 3524 non
2158 3501 2358 3525 mensuratur
2374 3505 2462 3530 aevo,

1401 3540 1455 3570 sed
1480 3539 1518 3568 de
1541 3547 1626 3568 novo
1651 3537 1784 3567 advenit.
1800 3538 1841 3568 Et
1863 3537 1934 3567 ideo
1957 3537 2154 3578 impossibile
2178 3544 2224 3568 est
2246 3539 2335 3579 quod
2359 3538 2464 3569 futura

1402 3582 1613 3623 contingentia
1636 3581 1817 3612 naturaliter
1839 3581 1938 3612 sciant
1961 3581 2072 3622 angeli,
2088 3589 2125 3613 ut
2147 3582 2277 3613 inferius
2296 3582 2314 3601 *
2336 3582 2462 3623 patebit.

2489 801 2498 809 ·
2514 799 2549 821 Cf.
2565 805 2687 821 numnnn.

2490 1016 2499 1025 '
2514 1015 2564 1037 Art.
2574 1021 2595 1036 2.

2490 1107 2500 1118 ⁸
2515 1107 2551 1129 Cf.
2567 1113 2631 1129 num.
2647 1114 2678 1129 rx.

2495 3593 2503 3601 '
2513 3592 2560 3619 Qu.
2571 3597 2625 3618 nvn,
2636 3594 2703 3620 art.3.
