2768 4178
51 794 61 802 ²
78 793 129 814 Art.
145 798 159 819 ι,
175 792 203 813 ad
219 798 238 813 2.

152 898 167 921 η

54 947 62 955 ·
79 946 107 967 D.
123 951 176 973 ¹¹54·

307 291 350 315 12
1013 280 1299 327 <QUAESTIO
1330 282 1360 327 1,
1391 282 1689 319 ARTicULUs
1722 283 1772 318 111

351 359 577 395 RESPONDEO
606 370 790 396 met-:Noun
820 371 969 396 sacram
1005 359 1218 396 doctrinam
1254 372 1372 397 unam
1426 361 1535 409 pium
1564 362 1626 398 vel
1655 362 1787 399 finem.
1818 361 1930 398 Unde
1958 360 2083 397 unitas
2113 358 2294 396 scientiae
2323 370 2402 396 non
2430 358 2502 395 im-

297 411 493 461 scientiam
524 424 617 448 esse.
648 412 717 448 Est
746 412 847 449 enim
876 412 1001 449 unitas
1029 413 1222 462 potentiae
1253 420 1288 449 et
1306 414 1372 450 ha-

298 464 395 501 bitus
416 464 690 502 consideranda
705 471 715 485 ¹
735 466 949 503 secundum
971 467 1177 514 obiectum,
1195 479 1273 504 non
1290 467 1372 515 qui-

298 518 386 555 dem
415 518 678 566 materialiter,
714 519 781 556 sed
819 521 1035 558 secundum
1070 520 1259 558 rationem
1297 521 1372 558 for-

297 572 438 608 malem
467 572 630 609 obiecti:
660 581 753 621 puta
781 574 915 621 homo,
936 574 1064 611 asinus
1094 581 1131 610 et
1157 573 1252 623 lapis
1282 587 1371 611 con-

295 624 455 661 veniunt
490 625 529 662 in
566 638 643 662 una
681 627 830 664 formali
864 628 1008 664 ratione
1048 627 1229 674 colorati,
1266 628 1371 676 quod

296 685 352 714 est
380 678 574 716 obiectum
603 679 720 717 visus.
753 681 853 727 Quia
883 681 994 729 igitur
1022 693 1129 718 sacra
1158 681 1372 730 scriptura<

296 731 512 768 considerat
541 733 668 782 aliqua
696 735 911 771 secundum
941 735 1046 784 quod
1075 742 1162 771 sunt
1191 734 1372 772 divinitus

296 785 483 832 revelata,
524 787 737 824 secundum
776 788 880 836 quod
919 788 1062 826 dictum
1097 788 1208 835 est*,
1239 788 1370 825 omnia

295 850 562 888 quaecumque
593 849 680 878 sunt
715 841 893 878 divinitus
927 842 1162 889 revelabilia,
1194 854 1369 878 commu-

294 890 422 928 nicant
440 892 478 929 in
497 906 574 931 una
589 900 603 917 '⁷
623 894 768 936 ratione
788 896 937 934 formali
959 896 1097 934 obiecti
1117 895 1230 933 huius
1250 895 1370 933 scien-

293 943 366 981 tiae
380 945 410 982 *.
428 946 477 983 Et
490 946 577 983 ideo
594 950 974 998 comprehenduntur
988 951 1059 987 sub
1075 962 1182 987 sacra
1199 949 1370 986 doctrina

294 997 389 1035 sicut
417 1000 487 1036 sub
517 1001 673 1039 scientia
701 1015 789 1040 una.

346 1053 405 1088 AD
435 1065 571 1091 PRIMUM
600 1067 698 1093 ERGO
725 1068 908 1094 DICENDUM
943 1057 1049 1106 quod
1069 1068 1176 1093 sacra
1196 1056 1368 1094 doctrina

293 1118 372 1142 non
401 1106 628 1145 determinat
657 1110 703 1146 de
724 1110 809 1147 Deo
831 1118 867 1147 et
886 1111 932 1148 de
954 1110 1132 1147 creaturis
1154 1122 1198 1147 ex
1218 1122 1366 1159 aequo:

293 1159 362 1195 sed
391 1160 437 1196 de
467 1162 552 1198 Deo
583 1163 849 1212 principaliter,
881 1172 917 1200 et
946 1165 992 1202 de
1023 1164 1203 1202 creaturis
1232 1177 1366 1201 secun-

293 1213 385 1249 dum
420 1216 524 1262 quod
564 1217 776 1254 referuntur
809 1219 857 1256 ad
890 1219 1040 1265 Deum,
1075 1225 1118 1255 ut
1145 1218 1194 1255 ad
1230 1218 1366 1267 princi-

347 1372 369 1403 ε)
391 1371 440 1396 Est
458 1371 563 1395 enim...
582 1369 787 1395 consideranda.
799 1382 818 1387 -
837 1369 886 1393 Est
905 1369 975 1393 enim
995 1369 1083 1393 unitas
1102 1368 1229 1394 scientiae
1246 1369 1285 1394 sic
1302 1376 1365 1393 con-

293 1407 446 1437 sideranda,
459 1406 528 1431 sicut
545 1406 633 1431 unitas
642 1405 780 1437 potentiae
791 1408 818 1430 et
830 1404 935 1429 habitus
949 1404 1144 1435 consideratur,
1159 1405 1259 1430 scilicet
1268 1404 1365 1436 BGsD;

295 1443 344 1467 Est
361 1443 430 1467 enim
445 1442 534 1467 unitas
544 1441 682 1474 potentiae
694 1444 721 1466 et
733 1440 838 1466 habitus
850 1440 889 1465 sic
902 1440 954 1472 (vel
969 1439 1016 1473 sit)
1029 1440 1228 1465 consideranda
1242 1440 1365 1472 Act-'pm

297 1479 361 1503 Cum
381 1478 450 1503 enim
471 1478 560 1502 unitas
575 1477 713 1509 potentiae
731 1479 758 1501 et
775 1475 880 1501 habitus
899 1476 935 1501 sit
952 1476 1149 1501 consideranda
1168 1476 1199 1501 E.

346 1514 370 1545 ζ)
394 1514 538 1546 scriptura.
556 1527 575 1532 -
593 1513 718 1538 doctrina
743 1513 854 1539 codices.
871 1525 891 1531 ·-
909 1512 1053 1537 secundum
1073 1512 1145 1545 quod
1164 1511 1263 1537 dictum
1324 1519 1366 1536 re-

294 1550 416 1575 velabilia
435 1558 488 1574 om.
507 1550 536 1574 C.

1457 414 1592 452 editur.

1427 427 1452 463 p
1480 470 1540 505 An
1564 479 1755 505 SECUNDUM
1775 479 1961 505 mcx-:NDUM
1981 466 2087 515 quod
2107 465 2199 503 nihil
2217 464 2399 514 prohibet
2417 462 2430 485 ⁶
2449 464 2503 501 in-

1427 521 1583 558 feriores
1616 521 1806 570 potentias
1834 521 1897 558 vel
1929 520 2081 558 habitus
2119 517 2368 556 diversificari
2407 517 2506 557 eirca

1426 574 1506 611 illas
1535 575 1726 621 materias,
1747 587 1847 622 quae
1877 574 2134 611 communiter
2163 572 2304 610 cadunt
2331 571 2403 608 sub
2428 582 2505 608 una

1424 628 1596 676 potentia
1623 629 1686 665 vel
1714 628 1846 665 habitu
1874 627 2079 677 superiori:
2110 626 2199 676 quia
2229 624 2405 675 superior
2435 636 2505 673 po·

1425 681 1540 718 tentia
1569 682 1631 718 vel
1660 681 1810 718 habitus
1840 681 1992 730 respicit
2024 680 2221 718 obiectum
2250 680 2321 717 sub
2349 677 2504 715 univer-

1425 734 1553 771 saliori
1590 735 1738 772 ratione
1772 735 1926 772 formali
1944 742 1963 771 ¹.
1995 734 2102 772 Sicut
2133 733 2329 771 obiectum
2367 744 2504 769 sensus

1426 788 1644 825 communis
1673 796 1730 825 est
1757 788 1947 836 sensibile,
1973 788 2081 838 quod
2109 785 2403 836 comprehendit
2431 785 2503 822 sub

1424 853 1464 877 se
1493 841 1644 886 visibile
1673 849 1711 878 et
1739 841 1927 879 audibile:
1965 841 2070 879 unde
2103 853 2239 878 sensus
2268 838 2502 886 communis,

1425 906 1512 936 cum
1533 894 1580 931 sit
1597 890 1682 932 una'
1693 895 1876 943 potentia,
1898 894 2067 932 extendit
2081 907 2122 932 se
2137 894 2187 932 ad
2202 893 2333 930 omnia
2354 892 2504 930 obiecta

1423 948 1596 996 quinque
1615 961 1814 986 sensuum.
1835 949 1884 986 Et
1903 948 2075 986 similiter
2099 960 2144 985 ea
2163 958 2264 996 quae
2283 947 2322 983 in
2341 945 2502 984 diversis

1422 1002 1587 1040 scientiis
1604 1001 1881 1052 philosophicis
1895 1008 1908 1022 '¹
1923 1008 2142 1048 tractantur,
2161 1007 2288 1050 potest
2306 1005 2415 1037 sac'ra
2435 999 2503 1036 do-

1422 1056 1552 1102 ctrina,
1572 1068 1650 1093 una
1679 1055 1857 1103 existens,
1887 1055 2132 1093 considerare
2151 1055 2224 1092 sub
2243 1066 2323 1091 una
2340 1053 2500 1100 ratione,

1419 1109 1647 1159 inquantum
1682 1108 1824 1146 scilicet
1858 1116 1947 1146 sunt
1974 1108 2156 1146 divinitus
2190 1106 2430 1145 revelabilia:
2460 1113 2503 1144 ut

1420 1164 1472 1201 sic
1501 1176 1609 1201 sacra
1639 1162 1811 1200 doctrina
1840 1162 1885 1199 sit
1905 1160 1916 1182 λ
1939 1162 2045 1199 velut
2073 1161 2268 1211 quaedam
2296 1159 2500 1209 impressio

1421 1217 1574 1262 divinae
1590 1216 1784 1264 scientiae,
1801 1228 1901 1264 quae
1918 1223 1974 1252 est
1987 1228 2066 1253 una
2081 1223 2118 1252 et
2133 1214 2296 1264 simplex
2311 1213 2499 1252 omnium.

1476 1368 1501 1400 η)
1521 1375 1583 1393 una.
1601 1380 1620 1386 ·-
1639 1368 1718 1393 unica
1737 1368 1769 1392 G.
1787 1381 1806 1386 -
1824 1368 1876 1392 Pro
1895 1375 1952 1400 seq.
1973 1366 2107 1396 doctrina,
2126 1366 2263 1399 scriptura
2282 1367 2313 1391 A.
2468 1397 2470 1401 y

1474 1402 1498 1436 0)
1514 1403 1648 1436 prohibet.
1660 1417 1680 1422 -
1698 1403 1810 1435 impedit
1828 1404 1859 1428 Β.
1877 1417 1896 1422 -
1915 1403 1966 1428 Pro
1986 1402 2054 1432 inas,
2073 1402 2179 1435 aliquas
2198 1402 2309 1431 codices,
2329 1402 2398 1428 alias
2417 1402 2459 1428 ed.
2471 1409 2498 1429 a.

1475 1440 1493 1472 ι)
1509 1439 1699 1464 universalior?
1712 1439 1819 1465 ratione
1826 1439 1981 1474 sormal1'.-
1995 1439 2142 1464 universali
2157 1438 2262 1464 ratione
2270 1437 2429 1473 formaliter
2443 1439 2499 1472 pA3
2539 1455 2543 1457 -

1422 1475 1569 1500 universali
1587 1475 1648 1508 legit
1667 1475 1745 1500 etiam
1764 1475 1797 1500 G.
2266 1496 2275 1500 t

1475 1511 1501 1543 κ)
1516 1510 1718 1543 philosophicis.
1735 1524 1754 1531 -
1767 1511 1881 1543 phisicis
1898 1510 1929 1535 F.
1946 1524 1965 1530 -
1983 1510 2051 1536 Infra
2069 1510 2170 1536 scilieet
2186 1517 2241 1535 om.
2255 1511 2287 1535 Α.

1475 1545 1503 1579 λ)
1525 1549 1589 1571 ut..
1604 1546 1648 1572 sit.
1667 1561 1685 1566 -
1703 1550 1730 1572 et
1779 1547 1816 1580 fit
1834 1546 1916 1577 ΑΒΕ,
1936 1550 1998 1572 et...
2013 1546 2049 1572 sit
2068 1546 2138 1580 ch.

977 1644 1312 1678 Commentario.
1334 1643 1586 1678 Cardinalis
1609 1643 1811 1677 Caietam

324 1749 344 1769 N
368 1738 461 1770 titulo
485 1744 561 1767 nota
585 1737 666 1766 duos
690 1735 857 1770 terminos,
883 1734 998 1775 scilicet
1021 1733 1200 1764 subiectum
1223 1739 1254 1764 et
1277 1742 1364 1773 prae-

297 1752 479 1814 Idicatum:
506 1782 537 1822 ly
558 1781 644 1811 enim
667 1789 762 1812 sacra
785 1779 933 1810 doctrina
953 1778 1090 1809 sumitur
1105 1787 1164 1818 pro
1184 1783 1251 1808 tota
1267 1777 1364 1808 scien-

292 1828 334 1858 tia
358 1826 553 1866 theologica;
578 1826 610 1866 ly
635 1835 700 1856 una
725 1824 878 1864 supponit
902 1833 960 1864 pro
985 1823 1106 1854 unitate
1129 1821 1275 1862 specifica
1295 1832 1362 1862 spe-

292 1873 349 1903 ciei
379 1870 631 1912 specialissimae.
657 1870 697 1900 Et
721 1869 846 1900 adverte
870 1875 960 1899 caute
984 1867 1074 1908 quod
1095 1867 1146 1897 hic
1173 1876 1239 1897 non
1267 1876 1363 1907 quae-

292 1917 370 1947 ritur
393 1917 502 1947 utrum
526 1915 564 1945 sit
588 1924 652 1944 una
676 1913 809 1954 simplex
833 1912 986 1954 qualitas,
1021 1912 1075 1942 sed
1104 1918 1213 1942 utrum
1237 1911 1276 1942 sit
1300 1921 1364 1941 una

292 1962 421 1992 scientia
444 1959 621 1991 secundum
646 1958 799 1999 speciem;
825 1957 983 1998 quidquid
1008 1956 1048 1987 sit
1063 1957 1102 1986 de
1119 1956 1218 1986 modo
1234 1955 1364 1986 unitatis

291 2006 390 2046 ipsius
415 2004 562 2036 scientiae
586 2004 618 2033 in
642 2002 829 2038 communi,
862 2011 901 2031 an
930 2001 1047 2032 scilicet
1076 2001 1116 2031 sit
1147 2008 1211 2031 una
1242 2000 1362 2031 unitate

291 2049 509 2090 simplicitatiS‚
535 2058 574 2078 an
598 2047 718 2078 unitate
742 2046 876 2082 ordinis,
902 2053 960 2077 etc.
985 2044 1072 2076 Nihil
1096 2044 1183 2075 enim
1206 2044 1300 2076 refert
1322 2045 1363 2076 ad

290 2094 494 2135 propositum
517 2092 596 2134 quid
619 2092 755 2133 quisque
779 2091 901 2122 sentiat.
927 2090 981 2121 Sat
1005 2096 1051 2121 est
1078 2089 1130 2120 hic
1146 2089 1301 2120 discutere
1321 2100 1362 2120 an

290 2139 452 2178 theologia
482 2138 521 2168 sit
552 2137 681 2168 scientia
704 2146 768 2167 una
799 2135 977 2166 secundum
1007 2134 1146 2175 speciem
1177 2134 1362 2174 specialissi-

291 2193 393 2219 mam;
419 2193 459 2212 an
482 2192 558 2217 non,
585 2181 640 2212 sed
664 2180 703 2211 sit
726 2180 889 2210 divisibilis
905 2180 938 2210 in
962 2179 1078 2210 multas
1102 2178 1235 2219 species;
1261 2186 1300 2215 et,
1326 2186 1362 2210 ut

290 2227 511 2259 mathematica
527 2225 676 2256 dividitur
692 2225 724 2255 in
740 2224 956 2265 geometriam,
975 2223 1205 2254 arithmeticam
1228 2230 1302 2259 etc„
1319 2223 1361 2254 ita

290 2273 367 2303 haec
391 2271 548 2302 dividatur
571 2270 604 2300 in
633 2269 776 2300 scientias
801 2269 922 2309 plures,
948 2275 1025 2309 puta
1050 2268 1089 2298 de
1112 2267 1192 2303 Deo,
1218 2268 1257 2298 de
1273 2267 1363 2299 Chri-

290 2321 351 2353 sto,
377 2316 416 2346 de
441 2315 593 2346 moribus.

346 2361 384 2391 11.
411 2361 445 2390 ln
468 2366 610 2400 *corpore
643 2365 689 2389 est
712 2368 776 2388 una
805 2357 982 2393 conclusio,
1007 2357 1191 2397 responsiva
1215 2357 1360 2398 quaesito

291 2404 487 2437 affirmative:
504 2404 596 2435 Sacra
613 2402 754 2433 doctrina
770 2409 816 2433 est
831 2402 960 2432 scientia
976 2411 1049 2432 una.
1065 2418 1082 2425 -
1099 2401 1264 2432 Probatur.
1282 2401 1361 2432 Uni-

290 2458 336 2481 tas
364 2449 525 2490 potentiae
554 2455 584 2478 et
608 2447 733 2478 habitus
761 2453 807 2477 est
835 2447 1012 2477 secundum
1045 2445 1201 2477 unitatem
1231 2446 1361 2477 rationis

262 2522 265 2523 γ
289 2494 431 2525 formalis
456 2493 583 2524 obiecti:
610 2501 684 2532 ergo
710 2501 796 2522 sacra
817 2491 960 2522 doctrina
981 2497 1029 2522 est
1050 2490 1178 2522 scientia
1202 2500 1276 2522 una.

343 2538 540 2569 Antecedens
555 2537 728 2567 declaratur
740 2536 772 2566 in
788 2535 930 2576 potentia
945 2535 1043 2566 visiva
1055 2542 1086 2566 et
1098 2535 1218 2566 ratione
1233 2535 1360 2566 formali

289 2583 338 2614 sui
355 2582 504 2614 obiecti.-
516 2580 754 2621 Consequentia
764 2590 840 2611 vero
853 2580 1015 2620 probatur.
1029 2579 1148 2611 Omnia
1164 2580 1360 2612 considerata

289 2628 320 2657 in
335 2637 420 2658 sacra
432 2626 582 2662 doctrina,
594 2625 833 2656 communicant
845 2625 876 2655 in
890 2634 954 2655 una
968 2625 1089 2656 ratione
1105 2624 1231 2656 formali
1246 2625 1360 2657 obiecti

289 2672 384 2702 huius
405 2670 561 2706 scientiae,
585 2669 701 2700 scilicet
723 2670 845 2700 lumine
865 2669 987 2700 divinae
1009 2669 1223 2700 revelationis:
1250 2679 1335 2711 ergo.

346 2716 397 2746 111.
422 2716 472 2746 Ad
496 2714 686 2745 evidentiam
709 2714 805 2745 huius
829 2714 977 2750 rationis,
1007 2721 1083 2745 nota
1107 2714 1269 2755 duplicem
1292 2725 1359 2746 esse

290 2761 446 2791 rationem
470 2759 638 2790 formalem
662 2758 775 2789 obiecti
799 2759 831 2788 in
856 2758 1001 2790 scientia:
1032 2759 1162 2789 alteram
1186 2759 1300 2790 obiecti
1325 2767 1360 2791 ut

289 2815 362 2842 res,
395 2805 525 2835 alteram
548 2803 661 2834 obiecti
686 2810 721 2833 ut
748 2803 922 2840 obiectum;
952 2803 1001 2834 vel
1031 2803 1161 2834 alteram
1189 2810 1226 2835 ut
1251 2814 1356 2846 quae,

289 2850 418 2880 alteram
443 2855 478 2879 ut
495 2848 554 2879 sub
569 2858 642 2889 qua.
668 2847 761 2878 Ratio
778 2847 919 2878 formalis
935 2848 1049 2879 obiecti
1065 2855 1101 2879 ut
1116 2859 1174 2884 res,
1191 2859 1247 2880 seu
1263 2859 1357 2890 quae,

290 2900 336 2924 est
352 2893 432 2924 ratio
449 2893 492 2923 rei
510 2892 650 2923 obiectae
673 2902 755 2933 quae
779 2892 883 2931 primo
908 2892 1055 2923 terminat
1078 2900 1186 2924 actum
1204 2893 1289 2925 illius
1304 2893 1358 2926 ha-

289 2938 392 2973 bitus,
418 2945 448 2968 et
471 2947 508 2967 ex
531 2947 595 2978 qua
619 2936 723 2967 fluunt
746 2936 909 2976 passiones
932 2936 1016 2967 illius
1041 2937 1191 2974 subiecti,
1221 2946 1252 2969 et
1275 2949 1358 2980 quae

290 2989 335 3012 est
359 2981 502 3012 medium
525 2981 557 3011 in
582 2981 684 3020 prima
712 2981 1001 3018 demonstratione;
1035 2989 1069 3013 ut
1100 2982 1211 3014 entitas
1234 2983 1267 3014 in
1291 2994 1357 3015 me-

288 3026 461 3067 taphysica,
485 3025 643 3067 quantitas
666 3025 699 3055 in
724 3025 954 3061 mathematica,
980 3033 1009 3056 et
1033 3026 1192 3058 mobilitas
1216 3027 1248 3058 in
1265 3035 1356 3059 natu-

288 3071 354 3101 rali.
379 3071 473 3101 Ratio
496 3077 604 3101 autern
635 3069 777 3100 formalis
807 3069 921 3100 obiecti
953 3078 987 3101 ut
1012 3071 1193 3108 obiectum,
1225 3073 1276 3103 vel
1298 3073 1357 3103 sub

288 3125 367 3155 qua,
393 3122 439 3146 est
462 3114 708 3145 immaterialitas
732 3114 817 3150 talis,
844 3124 899 3144 seu
924 3114 992 3145 talis
1016 3116 1133 3147 modus
1157 3116 1357 3148 abstrahendi

290 3166 319 3190 et
336 3158 521 3190 definiendi:
546 3166 624 3199 puta
647 3159 713 3189 sine
737 3158 827 3188 omni
843 3158 973 3189 materia
990 3159 1021 3189 in
1038 3160 1264 3202 metaphysica,
1282 3171 1357 3192 cum

288 3203 417 3233 materia
433 3203 620 3244 intelligibili
636 3210 761 3234 tantum
776 3203 809 3233 in
825 3203 1056 3240 mathematica,
1082 3212 1112 3236 et
1135 3215 1210 3236 cum
1226 3205 1356 3237 materia

290 3247 437 3283 sensibili,
463 3257 527 3278 non
552 3255 657 3279 tamen
682 3247 756 3283 hac,
781 3247 813 3278 in
839 3248 983 3278 naturali.

346 3291 396 3322 IV.
417 3292 590 3323 Necessitas
613 3299 730 3327 autem,
749 3292 883 3333 qualitas
899 3299 929 3323 et
945 3293 1104 3324 distinctio
1122 3294 1238 3325 harum
1260 3294 1357 3326 ratio-

290 3345 368 3365 num
385 3337 538 3367 sumenda
557 3344 602 3367 est
619 3347 655 3367 ex
672 3336 872 3368 distinctione
888 3337 1027 3368 duorum
1044 3347 1206 3377 generum,
1232 3339 1264 3370 in
1285 3339 1357 3380 qui-

289 3380 348 3410 bus
372 3387 498 3420 oportet
511 3380 614 3412 locare
635 3380 796 3412 obiectum
821 3381 977 3412 scientiae.
1003 3382 1139 3422 Oportet
1163 3383 1249 3414 enim
1268 3384 1358 3426 quod

290 3423 462 3454 formaliter
481 3425 520 3455 sit
536 3425 604 3456 talis
627 3435 690 3463 res,
712 3425 812 3456 taliter
826 3425 953 3457 scibilis.
980 3426 1020 3457 Et
1035 3426 1108 3457 ideo
1126 3434 1253 3468 oportet
1267 3427 1356 3470 quod

289 3468 401 3498 habeat
414 3476 444 3499 et
457 3469 611 3500 rationem
624 3469 791 3500 formalem
806 3470 1052 3501 constituentem
1066 3470 1240 3503 formaliter
1253 3472 1357 3514 ipsam

289 3512 320 3541 in
337 3512 389 3542 tali
407 3522 473 3543 esse
490 3513 572 3548 reali,
591 3521 620 3544 et
644 3514 798 3544 rationem
828 3513 996 3545 formalem
1019 3515 1264 3548 constituentem
1292 3517 1356 3548 for-

289 3556 411 3587 maliter
426 3557 528 3597 ipsam
545 3557 577 3588 in
594 3558 645 3588 tali
666 3568 732 3589 esse
757 3558 870 3594 scibili;
898 3566 931 3590 ut
947 3559 990 3590 sic
1014 3568 1186 3600 reponatur
1202 3568 1232 3592 et
1252 3561 1286 3592 in
1303 3571 1356 3601 ge-

289 3609 361 3630 nere
374 3608 479 3631 rerum
491 3608 520 3632 et
534 3602 566 3632 in
582 3612 694 3642 genere
704 3600 881 3639 'scibilium;
901 3604 1177 3644 quemadmodum
1194 3605 1357 3637 obiectum

289 3654 398 3675 sensus
416 3652 460 3676 est
484 3645 514 3676 in
532 3647 658 3677 duobus
682 3647 858 3686 generibus,
877 3647 992 3679 scilicet
1009 3649 1068 3679 sub
1083 3650 1231 3689 passibili
1247 3650 1350 3691 quali-

1419 1736 1484 1763 tate
1494 1738 1526 1763 et
1541 1732 1600 1763 sub
1615 1732 1766 1764 sensibili.
1782 1732 1874 1763 Aliae
1887 1742 2027 1774 namque
2040 1738 2115 1763 sunt
2126 1731 2320 1763 differentiae
2332 1737 2364 1763 et
2376 1729 2498 1772 species

1418 1776 1575 1817 passibilis
1595 1777 1767 1818 qualitatis,
1786 1784 1817 1808 et
1831 1777 1911 1808 aliae
1926 1777 2092 1808 sensibilis.
2116 1776 2204 1808 Illius
2221 1776 2308 1808 enim
2331 1782 2408 1807 sunt
2426 1785 2498 1817 spe-

1418 1821 1480 1852 cies
1497 1822 1596 1858 color,
1621 1832 1731 1858 sonus,
1749 1823 1841 1858 odor,
1865 1828 1941 1853 etc.:
1966 1821 2058 1853 istius
2081 1831 2157 1852 vero
2181 1821 2302 1863 species
2325 1827 2402 1852 sunt
2423 1820 2497 1853 visi·

1418 1866 1490 1903 bile,
1506 1866 1654 1903 audibile,
1671 1866 1845 1898 odorabile.
1863 1866 1952 1897 Illius
1968 1865 2162 1898 differentiae
2181 1873 2257 1898 sunt
2272 1865 2497 1898 constitutivae

1418 1920 1524 1941 rerum
1549 1911 1761 1942 obiectarum:
1786 1910 1878 1942 istius
1902 1910 2096 1942 differentiae
2119 1910 2200 1942 nihil
2223 1916 2351 1952 ponunt
2369 1909 2404 1942 in
2418 1909 2496 1952 ipsis

1418 1955 1512 1986 rebus
1535 1955 1676 1987 obiectis.
1703 1956 1778 1986 Illae
1801 1965 1911 1986 rursus
1935 1955 2136 1987 constituunt
2159 1954 2310 1992 subiecta,
2330 1955 2496 1996 istnevpu·

1417 1999 1536 2036 siones,
1561 2000 1648 2031 iuxta
1665 2000 1745 2031 illud
1762 2000 1788 2030 Π
1804 2000 1845 2031 de
1859 2000 1979 2031 Anima
1991 1997 2025 2036 ⁸,
2050 1999 2106 2030 ubi
2128 1999 2252 2031 visibile
2275 1999 2497 2040 praedicam

1415 2045 1549 2076 secundi
1565 2044 1652 2076 modi
1667 2054 1731 2085 per
1743 2054 1790 2083 se,
1815 2054 1871 2076 seu
1888 2044 2005 2085 passio,
2027 2043 2160 2085 ponitur
2175 2043 2303 2076 coloris.
2327 2043 2370 2076 Et
2385 2051 2497 2086 quem·

1417 2089 1595 2120 admodum
1618 2098 1730 2120 sensus
1754 2089 1914 2120 distinctio
1938 2095 1970 2120 et
1992 2088 2217 2130 multiplicatio
2241 2096 2308 2120 non
2323 2087 2497 2127 attendunt

1416 2135 1595 2165 secundum
1610 2143 1852 2175 quamcumque
1868 2133 2060 2164 divisionem
2079 2132 2235 2164 sensibilis
2250 2132 2422 2175 qualitatis,
2439 2132 2497 2167 nd

1416 2178 1525 2210 solum
1555 2179 1735 2210 seeundum
1765 2178 1852 2209 illam
1883 2178 1916 2208 in
1946 2177 2000 2209 illa
2022 2178 2182 2219 quinque,
2207 2187 2245 2209 ex
2275 2177 2394 2220 quibus
2422 2176 2497 2211 fluit

1416 2223 1529 2254 divisio
1553 2233 1610 2264 per
1625 2233 1657 2254 se
1681 2222 1836 2254 sensibilis
1858 2222 1891 2253 in
1915 2232 1955 2253 eo
1979 2223 2068 2264 quod
2092 2222 2239 2254 sensibile
2263 2221 2335 2265 (per
2350 2221 2495 2264 proprias

1415 2267 1533 2299 scilicet
1556 2267 1746 2299 differentias
1769 2267 1870 2308 ipsius
1894 2267 2063 2303 sensibilis,
2088 2274 2166 2308 puta
2188 2267 2292 2299 taliter
2318 2266 2494 2300 immutati-

1416 2322 1494 2344 vum
1510 2322 1577 2343 esse
1593 2322 1714 2349 sensus,
1731 2310 1820 2354 etc.),
1837 2312 1993 2354 quoniam
2011 2322 2123 2344 sensus
2138 2311 2252 2343 dicitur
2268 2310 2365 2343 dividi
2381 2321 2508 2355 secun(

1417 2357 1495 2388 dum
1521 2357 1711 2388 divisionem
1740 2357 1896 2388 sensibilis
1919 2357 2112 2399 inquantum
2142 2356 2305 2388 sensibile:
2334 2356 2376 2388 ita
2406 2356 2494 2389 obie-

1417 2409 1504 2433 ctum
1524 2401 1671 2433 scientiae
1687 2409 1734 2433 est
1749 2401 1782 2433 in
1796 2411 1910 2443 genere
1933 2401 2014 2433 entis
2038 2408 2069 2434 et
2091 2401 2125 2432 in
2148 2411 2263 2442 genere
2278 2401 2495 2442 speculabilis,

1415 2446 1459 2477 ita
1473 2446 1564 2487 quod
1587 2446 1664 2478 haec
1687 2447 1754 2478 duo
1777 2456 1892 2487 genera
1915 2446 1984 2477 aliis
2008 2453 2039 2478 et
2061 2446 2131 2478 aliis
2153 2445 2337 2478 differentiis
2354 2445 2493 2488 proprii}

1416 2490 1600 2522 dividuntur
1615 2491 1647 2522 in
1663 2491 1808 2532 proprias
1831 2491 1962 2532 species.
1987 2491 2078 2523 Eritis
2101 2490 2188 2522 enim
2212 2490 2406 2522 differentiae
2420 2500 2494 2532 pro·

1415 2536 1501 2576 priae
1525 2543 1600 2567 sunt
1623 2535 1845 2568 constitutivae
1869 2536 1992 2567 entium
2015 2535 2048 2566 in
2065 2535 2131 2567 suis
2154 2535 2322 2576 generibus
2339 2534 2490 2579 realibus,

1415 2581 1497 2612 sicut
1528 2590 1596 2612 esse
1621 2591 1685 2622 per
1707 2591 1742 2612 se
1765 2580 1929 2612 constituit
1952 2580 2162 2612 substantiam
2175 2603 2183 2617 ,
2215 2586 2247 2612 et
2275 2589 2346 2612 esse
2368 2581 2402 2612 in
2425 2578 2492 2612 alio

1415 2625 1573 2662 accidens,
1588 2632 1664 2657 etc.:
1690 2625 1890 2666 speculabilis
1909 2631 2018 2657 autem
2032 2625 2182 2666 propriae
2202 2624 2396 2656 differentiae
2410 2624 2491 2658 nihil

1414 2677 1541 2711 ponunt
1563 2670 1596 2701 in
1621 2670 1756 2702 enu'bus.
1781 2670 1873 2701 Unde
1897 2670 1968 2701 illae
1991 2669 2158 2701 intrinsece
2187 2669 2387 2702 constituunt
2416 2669 2491 2702 mb—

1414 2715 1507 2751 iectu,
1538 2715 1615 2746 istae
1645 2715 1843 2746 constituunt
1872 2714 1963 2756 quasi
1986 2713 2150 2756 passiones
2181 2723 2313 2746 eorum:
2343 2714 2491 2756 quando·

1414 2760 1545 2801 quidem
1565 2766 1595 2791 et
1614 2759 1847 2800 speculabilitas
1871 2759 1952 2790 entis
1976 2759 2082 2800 passio
2106 2766 2162 2790 est.
2188 2759 2229 2790 Et
2252 2765 2421 2800 propterea
2435 2756 2491 2791 ina

1414 2804 1483 2835 sola
1506 2804 1587 2836 entis
1604 2804 1717 2836 divisio
1742 2803 1929 2835 diversificat
1951 2803 2078 2835 habitus
2102 2803 2324 2845 speculativos,
2342 2813 2425 2845 quae
2443 2803 2490 2835 in-
2519 2797 2551 2843 f*

1414 2849 1472 2880 fert
1488 2848 1651 2890 propriam
1675 2848 1864 2879 divisionem
1882 2848 2082 2889 speculabilis
2098 2856 2134 2880 ut
2148 2847 2341 2890 speculabile
2357 2855 2415 2885 est,
2432 2858 2489 2890 per

1413 2893 1558 2935 proprias
1581 2893 1770 2924 differentias
1793 2893 1894 2934 ipsius
1917 2892 2136 2934 speculabilis:
2161 2902 2244 2935 quae
2268 2902 2366 2933 penes
2390 2893 2489 2925 dlver·

1413 2938 1538 2969 sitatem
1549 2938 1639 2969 modi
1651 2937 1850 2969 abstrahendi
1864 2948 1881 2968 a
1894 2937 2025 2969 materia
2037 2944 2210 2969 sumuntur
2221 2937 2264 2969 VI
2277 2937 2462 2980 Metaplgrs.
2470 2937 2489 2958 *
2514 2946 2525 2958 ⁸

1414 2984 1458 3014 lta
1473 2983 1563 3024 quod
1579 2982 1685 3024 primo
1700 2982 1850 3013 dividitur
1869 2982 1948 3014 ratio
1965 2982 2045 3013 entis
2059 2982 2093 3014 in
2108 2981 2271 3014 entitatem
2291 2981 2486 3023 simpliciter,

1413 3027 1637 3068 quantitatem,
1662 3034 1692 3058 et
1715 3026 1941 3063 mobilitatem,
1967 3034 1997 3058 et
2020 3026 2180 3058 deitatem.
2205 3026 2247 3058 Et
2274 3036 2311 3058 ex
2335 3026 2394 3058 hac
2416 3025 2488 3059 fluit

1412 3071 1472 3103 alia
1488 3071 1600 3103 divisio
1615 3071 1745 3110 scibilis,
1761 3071 1795 3102 in
1811 3071 1918 3102 scibile
1934 3081 1990 3112 per
2005 3071 2116 3103 lumen
2132 3070 2390 3113 metaphysicale,
2405 3070 2487 3104 idest

1413 3116 1557 3148 medium
1579 3116 1773 3148 illustratum
1804 3126 1859 3157 per
1882 3116 2126 3148 abstractionem
2156 3116 2196 3147 ab
2220 3115 2311 3147 omni
2333 3115 2485 3154 mareri&

1412 3168 1443 3192 et
1465 3171 1521 3202 per
1552 3161 1662 3192 lumen
1692 3160 1974 3197 mathematicum,
2006 3160 2088 3192 idest
2117 3159 2262 3192 medium
2292 3159 2487 3196 illustratam

1411 3205 1676 3236 immaterialitate
1700 3205 1849 3242 sensibili,
1875 3205 2104 3236 obumbratum
2127 3211 2234 3236 tamen
2251 3205 2383 3237 materia
2396 3204 2488 3249 inuh

1411 3249 1535 3290 ligibili;
1557 3257 1588 3281 et
1604 3259 1660 3291 per
1674 3250 1785 3281 lumen
1801 3250 1972 3292 physicum
1988 3249 2227 3286 obumbratum,
2244 3249 2325 3281 idest
2340 3249 2486 3283 medium

2523 2009 2534 2020 ⁸
2549 2008 2608 2037 Cap.
2618 2015 2660 2037 m,
2674 2015 2724 2032 mr.

1413 3295 1641 3327 obumbratum
1665 3294 1795 3326 materia
1819 3293 1967 3331 sensibili,
1991 3293 2186 3325 illustratum
2208 3301 2316 3325 autem
2341 3304 2378 3326 ex
2395 3303 2487 3336 nep·-
2511 3303 2515 3307 '

1412 3339 1534 3370 ratione
1548 3339 1793 3371 individualium
1817 3338 2058 3375 conditionum;
2083 3345 2114 3370 et
2129 3349 2185 3379 per
2200 3339 2311 3370 lumen
2328 3339 2485 3377 divinum.

1412 3384 1493 3415 idest
1516 3383 1660 3421 medium
1683 3383 1793 3415 divino
1816 3383 1937 3415 lumine
1962 3381 2098 3424 fulgens,
2122 3384 2212 3424 quod
2234 3384 2343 3416 scibile
2365 3383 2484 3416 theolo-

1411 3429 1519 3469 gicum
1545 3428 1717 3459 constituit.

1470 3472 1508 3503 V.
1534 3469 1638 3503 Habet
1661 3472 1757 3513 igitur
1781 3472 1944 3504 obiectum
1967 3472 2114 3504 scientiae
2139 3472 2303 3514 duplicem
2326 3472 2483 3504 rationem

1413 3515 1596 3547 formalem:
1622 3517 1752 3548 alteram
1778 3516 2022 3557 quidditativam
2045 3517 2104 3548 sibi
2129 3524 2163 3549 ut
2192 3527 2241 3548 res
2265 3523 2327 3554 est;
2352 3516 2483 3548 alteram

1411 3560 1684 3592 denominativam
1700 3561 1749 3592 sui
1764 3561 1957 3601 simpliciter,
1983 3561 2227 3602 quidditativam
2249 3568 2357 3594 autem
2371 3560 2431 3593 sibi
2448 3568 2484 3593 ut

1413 3612 1459 3636 est
1481 3605 1540 3636 sub
1564 3615 1678 3646 genere
1702 3604 1831 3641 scibilis;
1856 3606 1945 3647 quod
1970 3613 2016 3637 est
2039 3616 2106 3638 esse
2130 3607 2189 3638 sub
2213 3615 2327 3646 genere
2351 3605 2480 3643 obiecti,

1412 3649 1567 3690 quoniam
1591 3649 1697 3680 scibile
1730 3649 1848 3690 species
1880 3657 1926 3681 est
1957 3650 2080 3682 obiecti.
2115 3651 2156 3682 Et
2186 3650 2259 3681 ideo
2290 3649 2412 3682 dictum
2435 3657 2483 3681 est
