2768 4178
165 513 180 538 ο)

304 217 384 263 484

306 294 463 331 nomine
500 298 624 329 terrae
657 290 914 339 intelligitur),
953 298 1126 339 tempus,
1166 297 1204 326 et
1240 296 1374 326 natura

306 346 484 395 angelica.

359 403 418 436 AD
446 410 584 436 PmMUM
612 408 710 434 ERGO
739 408 924 434 DICENDUM
958 395 1064 445 quod
1091 407 1171 432 non
1200 394 1376 432 dicuntur

305 453 343 490 in
362 451 548 501 principio
568 449 752 499 temporis
772 462 831 487 res
861 462 944 487 esse
965 455 1125 496 creatae,
1146 448 1255 497 quasi
1273 448 1375 497 prin-

306 506 448 555 cipium
467 504 649 553 temporis
668 503 714 540 sit
733 502 933 540 creationis
949 500 962 523 ὅ
981 514 1178 539 mensura:
1199 501 1267 538 sed
1287 501 1376 551 quia

306 559 417 596 simul
439 570 527 595 cum
555 566 729 606 tempore
759 557 909 593 caelum
930 563 967 592 et
985 563 1084 592 terra
1104 562 1230 591 creata
1249 562 1347 592 sunt.

358 613 424 661 AD!
445 623 635 648 SECUNDUM
655 622 840 647 mOENDuM
869 609 975 658 quod
988 608 1158 646 ‘verbum
1177 606 1269 645 illud
1288 607 1377 645 Phi-

304 665 455 714 losophi
475 663 688 712 intelligitur
715 663 763 701 de
790 662 874 700 fieri
903 661 1009 711 quod
1038 669 1094 698 est
1121 674 1191 711 per
1210 668 1373 709 motum,

304 720 366 756 vel
396 717 501 767 quod
531 725 586 754 est
605 716 789 754 terminus
818 723 958 753 motus.
990 714 1092 763 Quia
1113 727 1200 752 curn
1220 714 1260 751 in
1279 727 1375 764 quo-

304 772 397 809 libet
422 779 530 809 motu
562 770 608 808 sit
644 770 817 820 accipere
847 769 951 818 prius
981 776 1017 805 et
1048 767 1258 817 posterius,
1288 775 1375 805 ante

306 825 578 874 quodcumque
608 823 757 872 signum
778 823 816 860 in
836 830 944 860 motu
965 822 1112 870 signato
1127 827 1150 870 ³,
1181 821 1275 858 dum
1305 821 1373 858 sci-

357 956 382 990 δ)
400 957 436 982 sit
453 956 605 982 creationis.
623 970 642 975 -
659 955 804 981 creationis
822 955 858 980 sit
876 955 960 980 PFab.

357 994 379 1026 ε)
399 993 515 1026 signato.
532 1006 551 1011 —
569 992 648 1025 signa
667 991 713 1023 pF,
733 991 870 1024 signatum
890 991 934 1017 sF.

984 211 1253 259 QUAESTIO
1283 211 1422 258 XLVI,
1452 210 1750 247 ARTICULUS
1781 210 1831 247 111

1429 289 1514 326 licet
1542 288 1685 338 aliquid
1714 295 1769 325 est
1797 288 1836 325 in
1873 288 2022 325 moveri
2050 295 2087 324 et
2114 287 2210 335 fieri,
2245 295 2302 325 est
2329 289 2502 338 accipere

1428 343 1551 391 prius,
1581 349 1618 378 et
1646 341 1760 378 etiam
1790 340 1931 390 aliquid
1968 348 2058 390 post
2093 341 2241 390 ipsum:
2272 341 2361 390 quia
2395 344 2502 391 quod

1431 403 1487 433 est
1515 395 1553 432 in
1580 394 1768 444 principio
1798 402 1938 442 motus,
1967 394 2031 431 vel
2060 393 2098 431 in
2126 393 2307 442 termino,
2337 406 2417 432 non
2447 403 2503 433 est

1428 448 1467 485 in
1487 448 1648 486 moveri.
1679 447 1830 485 Creatio
1857 455 1987 485 autem
2006 460 2132 496 neque
2154 455 2210 485 est
2227 455 2356 485 motus
2375 461 2501 498 neque

1430 502 1614 539 terminus
1634 508 1774 549 motus,
1795 508 1837 538 ut
1865 514 1980 550 supra
1998 501 2019 524 ²¹⁶
2044 501 2188 539 dictum
2210 508 2276 538 est.
2308 501 2420 539 Unde
2449 501 2502 539 sic

1430 555 1572 604 aliquid
1601 562 1760 602 creatur,
1782 554 1889 603 quod
1917 567 1997 591 non
2023 555 2128 604 prius
2158 555 2357 591 creabatur
2374 554 2400 591 ς.

1483 611 1543 645 An
1569 620 1732 645 TERTIUM
1760 620 1945 646 DiCENDuM
1970 608 2076 658 quod
2105 608 2196 645 nihil
2214 608 2259 644 fit
2277 607 2347 644 nisi
2366 620 2502 645 secun-

1431 661 1524 698 dum
1543 661 1650 711 quod
1670 668 1736 698 est.
1757 661 1863 698 Nihil
1883 669 2012 698 autern
2030 669 2085 699 est
2099 661 2283 711 temporis
2302 660 2373 698 nisi
2388 673 2500 699 nunc.

1429 714 1540 752 Unde
1560 726 1640 751 non
1654 722 1781 763 potest
1795 714 1878 751 fieri
1892 714 1964 752 nisi
1979 715 2194 753 secundum
2210 713 2366 764 aliquod
2380 726 2501 752 nunc:

1430 780 1509 805 non
1538 767 1629 815 quia
1663 766 1701 804 in
1738 767 1823 816 ipso
1857 768 1985 816 primo
2014 781 2115 806 nunc
2142 769 2190 806 sit
2226 775 2396 817 tempus,
2433 767 2502 805 sed

1430 820 1520 869 quia
1549 821 1597 857 ab
1627 833 1674 857 eo
1703 820 1835 870 incipit
1861 828 2025 870 tempus.

1485 954 1511 987 ζ)
1530 961 1582 979 non
1598 953 1687 985 prius.
1705 953 1858 978 creabatur.
1871 967 1891 972 -
1903 960 1955 978 non
1968 953 2112 978 creabatur
2126 954 2176 986 pA,
2191 960 2244 978 non
2257 954 2343 980 solum
2357 954 2503 980 creabatur

1429 990 1477 1022 ΡΒ,
1497 997 1548 1015 ηοη
1568 989 1649 1014 simul
1667 989 1812 1014 creabatur
1831 988 1909 1013 ceteri
1928 993 1954 1013 et
1971 988 2020 1013 ab.

991 1086 1324 1119 Commentario,
1346 1086 1597 1119 Oardjnalis
1620 1085 1820 1118 Caietam

364 1197 470 1218 rruws
494 1186 567 1218 satis
592 1185 693 1217 clarus
717 1192 773 1216 est.
796 1186 867 1216 —In
893 1195 1028 1226 corpore
1053 1184 1217 1216 conclusio
1242 1195 1374 1226 respon-

306 1199 430 1262 Tsiva
458 1238 522 1268 est,
552 1231 641 1271 quod
663 1231 697 1272 ly
725 1230 764 1260 In
783 1231 947 1271 principio
983 1231 1105 1261 creavit
1134 1230 1225 1261 Deus
1248 1230 1373 1261 caelum

303 1282 334 1307 et
349 1282 470 1307 terram
490 1275 652 1316 tripliciter
675 1274 853 1316 exponitur,
879 1281 990 1306 contra
1005 1281 1068 1305 tres
1096 1283 1233 1306 errores:
1258 1274 1375 1305 scilicet

283 1325 285 1327 '
303 1322 336 1351 in
355 1321 517 1361 principio
533 1321 695 1361 temporis,
713 1326 823 1350 contra
846 1318 1078 1360 philosophos;
1100 1319 1132 1349 in
1153 1319 1248 1357 Filio,
1266 1325 1375 1350 contra

302 1365 529 1406 Pythagoricos
549 1372 579 1395 et
594 1363 813 1400 Manichaeos;
838 1369 914 1395 ante
929 1364 1049 1402 omnia,
1071 1370 1181 1395 contra
1194 1363 1373 1400 Platonem,

302 1409 509 1446 Avicennam,
534 1415 565 1440 et
588 1418 748 1450 sequaces.
764 1426 785 1432 -
802 1408 921 1439 Omnia
935 1408 1031 1449 plana
1047 1414 1121 1439 sunt
1135 1407 1168 1438 in
1190 1407 1302 1439 littera.
1327 1408 1374 1438 Ex

303 1454 420 1495 quibus
443 1453 575 1484 habetur
603 1453 767 1484 conclusio
791 1452 975 1494 responsiva
998 1452 1143 1494 quaesito
1171 1451 1373 1489 affirmative3

304 1505 343 1535 et,
369 1498 408 1529 ad
431 1498 658 1538 perfectionem
682 1497 857 1534 doctrinae,
883 1507 958 1528 cum
981 1497 1092 1528 multis
1116 1497 1283 1528 adiunctis.

361 1543 398 1574 11.
424 1543 459 1573 In
482 1542 689 1584 responsione
721 1542 761 1573 ad
789 1541 951 1582 primum,
983 1542 1109 1572 adverte
1139 1542 1229 1582 quod
1252 1543 1375 1572 Auctor

1429 1190 1523 1225 negat
1538 1183 1679 1225 primum
1696 1183 1850 1224 temporis
1866 1183 1985 1214 instans
2002 1193 2200 1214 mensurasse
2217 1183 2419 1220 creationem,
2435 1193 2502 1214 non

1429 1229 1519 1270 quod
1542 1228 1662 1260 diutius
1686 1228 1845 1259 emanatio
1869 1228 1923 1258 illa
1947 1227 2114 1264 duraverit,
2139 1237 2214 1258 cum
2236 1227 2433 1259 instantanen
2451 1228 2501 1265 sit,

1429 1280 1466 1304 ut
1488 1273 1522 1304 in
1545 1273 1755 1314 responsione
1773 1273 1814 1303 ad
1837 1272 1989 1313 primurn,
2014 1272 2047 1302 in
2071 1272 2204 1303 articulo
2221 1268 2436 1312 praecedente,
2455 1272 2501 1303 di-

1429 1325 1518 1349 ctum
1535 1325 1594 1349 est:
1612 1318 1667 1348 sed
1683 1317 1758 1359 quia
1775 1317 1890 1348 creatio
1906 1317 1946 1348 ad
1961 1316 2150 1348 substantias
2163 1316 2259 1348 etiam
2274 1316 2500 1358 incorporales,

1429 1373 1512 1404 quae
1526 1372 1623 1403 supra
1645 1369 1773 1403 tempus
1797 1369 1828 1393 et
1843 1362 1997 1402 temporis
2020 1361 2167 1392 instantia
2190 1367 2274 1398 sunt,
2292 1371 2325 1392 se
2351 1361 2499 1393 extendit.

1429 1407 1523 1438 Unde
1546 1407 1688 1448 primum
1711 1406 1831 1437 instans
1854 1406 2017 1446 temporis,
2043 1406 2100 1437 etsi
2124 1416 2191 1436 non
2206 1405 2300 1436 fuerit
2313 1415 2501 1437 mensurans

1430 1451 1637 1488 creationem,
1663 1450 1723 1482 fuit
1745 1457 1853 1482 tamen
1877 1450 2051 1482 coexistens
2075 1450 2241 1486 creationi,
2267 1460 2349 1492 quae
2372 1449 2502 1482 instanti

1429 1496 1583 1537 temporis
1608 1495 1741 1532 discreti,
1759 1506 1826 1537 quo
1843 1502 2067 1526 mensurantur
2090 1494 2292 1536 operationes
2312 1494 2499 1536 spirituales,

1429 1547 1466 1572 ut
1488 1540 1600 1571 infra*
1622 1540 1751 1581 patebit,
1776 1546 1957 1571 mensurata
1980 1546 2036 1571 est.
2425 1543 2430 1547 '

2527 505 2540 516 ⁸
2551 504 2599 532 Qu.
2609 511 2661 534 va,
2672 509 2743 534 arta,

2529 531 2559 554 nd
2573 538 2600 560 3;
2615 536 2657 554 art.
2667 539 2689 562 3.

2628 561 2643 590 ζ

2528 1515 2566 1538 Ἰ·
2574 1515 2628 1543 Π··,
2637 1520 2742 1544 quanm,

2528 1554 2571 1574 art.
2585 1557 2607 1580 7,
2622 1550 2651 1574 ad
2665 1557 2686 1580 5.

2756 3482 2768 4178 maa—...MAQQ-s
2760 3444 2768 3476 „se-1
2762 3412 2768 3432 J-
