2522 3970
187 207 234 232 XII

188 276 337 330 inquit,
379 292 393 311 <a
419 273 600 315 nitorem
633 276 801 326 spectes
834 283 884 310 ac
918 267 1241 324 perfectionem,
1278 266 1490 307 affirmare
1524 266 1663 307 ausim
1697 279 1776 307 nec
1799 279 1824 306 a
1847 263 1975 306 nobis
1999 263 2192 314 antehac,
2228 276 2308 304 nec
2330 262 2386 303 ab

188 339 279 381 aliis
301 349 490 392 unquam
512 335 607 390 plus
631 333 772 389 operis
797 346 846 373 ac
869 331 999 372 studii
1024 330 1115 371 eius
1139 329 1432 370 emendationi
1459 329 1591 370 fuisse
1614 329 1880 370 tributum...
1905 326 1954 368 Id
1978 327 2020 368 in
2043 326 2192 381 primis
2216 325 2388 374 curavi,

188 408 234 443 ut
267 401 471 456 optimam
505 404 546 438 et
578 395 927 452 probatissimam
960 393 1123 448 ubique
1157 391 1388 433 lectionem
1422 391 1671 441 retinerem;
1706 397 1810 440 tum,
1841 391 1878 432 si
1902 404 1989 445 qua
2023 389 2157 430 dubia
2179 388 2276 430 visa
2309 393 2385 436 est,

187 465 360 505 alteram
393 460 558 510 addidi;
593 466 755 501 ceteras
787 471 906 506 vero,
942 455 1058 498 unde
1091 455 1232 496 nullus
1256 460 1322 495 est
1343 468 1460 503 usus,
1496 454 1575 495 sed
1608 455 1724 495 fatua
1757 453 1974 509 quaedam
2003 458 2200 493 veterum
2235 464 2389 492 manu-

187 526 441 581 scriptorum
485 522 740 571 ostentatio,
787 520 966 562 omnino
1007 518 1184 559 reieci.»
1217 542 1236 548 -
1260 517 1475 559 Secundis
1511 517 1623 558 curis
1657 531 1683 558 a
1726 516 1866 558 doctis
1899 516 2004 557 viris
2039 520 2248 556 exornata
2282 514 2388 554 haec

188 589 336 637 editio,
371 587 516 642 purior
547 598 648 640 prae
682 584 832 626 ceteris
866 582 1083 638 publicam
1116 581 1257 621 lucem
1290 580 1469 634 aspexit.
1506 579 1598 621 Sed
1632 579 1674 620 in
1708 579 1792 620 hoc
1826 579 1969 620 minus
2002 577 2207 619 laudandi
2242 576 2388 618 claris-

187 651 281 693 simi
316 650 519 697 editores,
555 647 674 702 quod
707 648 802 702 plus
836 658 977 700 aequo
1012 644 1187 698 insuper
1219 643 1447 684 habuerint
1484 642 1877 697 manuscriptorum
1916 641 2117 682 codicum
2149 640 2292 681 varias
2326 639 2388 680 le-

188 702 363 762 ctiones,
398 712 520 767 quasi
543 712 585 752 in
619 710 733 765 ipsis,
769 714 935 764 praeter
968 705 1192 748 cuiusdam
1226 705 1480 747 eruditionis
1511 705 1860 753 ostentationem,
1896 703 1999 745 nihil
2032 717 2163 745 verae
2196 701 2388 744 utilitatis

187 775 241 818 ad
264 789 353 816 rem
377 774 429 816 de
451 788 537 829 qua
568 773 748 829 agimus,
784 772 839 813 sit
870 771 1072 826 positum.
1107 769 1200 809 Imo
1236 781 1290 809 ex
1312 767 1442 808 variis
1477 768 1678 808 codicum
1712 768 1857 808 bonae
1890 773 2019 808 notae
2054 766 2327 814 lectionibus,
2351 764 2387 806 si

187 852 291 879 sana
325 837 419 878 crisi
452 842 701 884 tractentur,
736 847 933 889 sanoque
968 832 1134 873 delectu
1168 831 1470 879 adhibeantur,
1505 830 1594 885 peti
1626 830 1740 872 solet
1771 830 2004 885 praecipua
2037 829 2266 870 cuiuslibet
2295 827 2387 869 edi-

186 900 315 941 tionis
348 898 678 941 commendatio.
704 922 723 929 -
747 897 880 950 Quod
925 902 1069 937 autem
1109 900 1210 950 post
1241 899 1306 934 tot
1339 892 1548 934 Summae
1582 893 1881 948 Theologicae
1914 907 1940 933 a
1973 891 2243 947 peritissimis
2282 890 2387 932 viris

189 968 353 1004 curatas
387 962 618 1010 editiones,
653 961 769 1001 nullo
804 958 938 1000 modo
978 969 1347 1013 supervacaneum
1386 955 1535 996 haberi
1569 961 1722 1010 posset
1752 956 1906 997 iterum
1944 955 1987 996 in
2022 954 2386 996 consultationem

187 1025 400 1066 advocare
433 1023 746 1078 manuscriptos
781 1022 974 1070 codices,
1009 1020 1245 1061 luculenter
1288 1025 1514 1060 ostensum
1546 1018 1624 1059 fuit
1655 1032 1682 1059 a
1714 1018 1890 1059 Thoma
1922 1017 2171 1066 Madalena,
2208 1015 2386 1058 Ordinis

187 1087 545 1135 Praedicatorum,
581 1086 623 1127 in
657 1085 867 1140 opusculo
902 1083 1023 1139 quod
1056 1082 1215 1138 publici
1250 1082 1352 1123 iuris
1382 1081 1483 1122 fecit
1516 1081 1904 1136 Caesaraugustae,
1927 1093 2044 1121 anno
2075 1091 2206 1134 1719,
2241 1085 2284 1120 et
2318 1078 2386 1120 cui

186 1150 352 1190 titulum
385 1149 599 1204 praefixit:
641 1166 655 1184 «
682 1148 814 1189 Crisis
848 1146 1117 1188 Thomistica
1151 1151 1194 1186 et
1226 1144 1466 1186 novissima
1497 1144 1688 1185 litteralis
1717 1143 1976 1191 emendatio,
2002 1142 2213 1184 Summae
2235 1141 2385 1183 Theo-

187 1212 353 1267 logicae
376 1211 573 1267 Angelici
607 1210 811 1251 Doctoris
845 1223 878 1251 s.
902 1209 1100 1250 Thomae
1124 1207 1356 1262 Aquinatis
1389 1206 1643 1256 adiicienda,
1668 1212 1711 1247 et
1731 1212 1833 1261 post
1853 1205 2040 1261 plurium
2073 1205 2386 1260 theologorum

187 1288 363 1329 operam
397 1274 618 1314 clariorem
652 1272 858 1314 exhibens
892 1271 1124 1313 lectoribus
1147 1265 1334 1319 sensum,
1360 1269 1478 1311 iuxta
1499 1269 1677 1325 antiqua
1698 1269 1923 1310 volumina
1945 1267 2247 1323 manuscripta,
2272 1279 2386 1322 quae

188 1336 313 1377 divus
346 1336 597 1377 Vincentius
631 1335 849 1376 Ferrerius
883 1333 1056 1376 tradidit
1099 1332 1347 1375 Conventui
1390 1332 1593 1374 Alcanitii
1635 1331 1813 1373 Ordinis
1849 1331 2215 1373 Praedicatorum.
2240 1347 2256 1368 ›
2302 1329 2386 1372 Sa-

186 1399 350 1454 pienter
381 1404 524 1439 autem
557 1398 763 1439 admonet
797 1397 837 1438 in
871 1397 1139 1439 Praefatione
1171 1409 1348 1437 sensum
1372 1401 1414 1436 et
1435 1395 1632 1437 ordinem
1655 1395 1879 1436 litteralem
1904 1393 1993 1436 divi
2015 1394 2216 1435 Thomae
2239 1392 2386 1448 potius

188 1475 240 1502 ex
274 1461 569 1515 manuscriptis
603 1460 930 1515 exemplaribus,
966 1473 1096 1514 quam
1131 1472 1185 1500 ex
1208 1458 1470 1499 editionibus
1503 1458 1740 1499 subsistere
1763 1457 1935 1499 debere.
1971 1456 2106 1510 Quod
2140 1456 2253 1497 facto
2287 1455 2385 1511 ipso

188 1523 428 1572 declaravit,
463 1523 583 1578 plura
616 1522 846 1563 indicando
871 1523 978 1571 loca,
1007 1535 1118 1577 quae
1153 1535 1206 1562 ex
1228 1521 1318 1562 suis
1342 1521 1566 1562 codicibus
1589 1527 1663 1562 aut
1685 1520 1849 1562 restitui
1872 1526 1947 1562 aut
1968 1519 2167 1561 exornari
2189 1524 2383 1575 possent.

309 1586 422 1626 Inter
453 1585 535 1626 alia
568 1585 657 1626 divi
690 1585 886 1626 Thomae
909 1598 1052 1639 opera,
1078 1597 1264 1640 quorum
1288 1583 1420 1625 editio
1443 1583 1639 1624 Venetiis
1661 1597 1776 1625 anno
1808 1582 1924 1638 1745
1953 1588 2178 1638 assumpta
2211 1588 2277 1624 est
2308 1594 2387 1637 per

186 1647 416 1702 Iosephum
450 1647 674 1697 Bettinelli,
711 1654 882 1688 curante
917 1647 1167 1702 praesertim
1201 1646 1438 1688 clarissimo
1471 1646 1567 1687 viro
1591 1646 1815 1688 Bernardo
1839 1646 1898 1688 M.
1923 1647 1992 1687 De
2016 1645 2195 1694 Rubeis,
2224 1644 2386 1700 prodiit

186 1723 299 1751 anno
341 1709 453 1763 1755
489 1710 616 1751 etiam
660 1710 930 1766 Theologica
964 1709 1156 1751 Summa.
1198 1710 1334 1750 Porro
1368 1709 1495 1750 huius
1529 1709 1673 1764 operis
1707 1708 1936 1750 accurandi
1971 1722 2068 1750 eam
2110 1708 2387 1749 instituerunt

186 1772 394 1813 rationem
429 1772 636 1821 editores,
670 1779 718 1813 ut
750 1772 962 1827 quidquid
996 1772 1249 1814 sinceritatis
1284 1778 1326 1813 et
1358 1771 1509 1813 nitoris
1542 1785 1645 1826 prae
1678 1785 1726 1813 se
1766 1772 1924 1813 ferrent
1955 1772 2122 1827 priores
2156 1770 2383 1820 editiones,

186 1834 396 1888 quidquid
421 1835 547 1875 etiam
581 1835 636 1876 ad
669 1848 830 1876 novam
855 1835 1089 1877 editionem
1113 1834 1408 1876 exornandam
1433 1847 1486 1875 ex
1508 1847 1839 1889 praecessorum
1860 1834 2087 1876 laboribus
2109 1834 2196 1889 peti
2219 1839 2382 1889 posset,

184 1902 322 1937 totum
355 1897 397 1938 in
431 1897 600 1938 Veneta
641 1897 720 1938 hac
760 1898 990 1938 haberetur
1027 1898 1264 1938 collectum.
1308 1915 1322 1932 ι
1343 1896 1491 1950 Quum
1533 1897 1643 1938 inter
1676 1903 1840 1938 ceteras
1871 1915 1913 1946 »,
1959 1897 2018 1938 ait
2058 1896 2382 1952 typographus,

195 1976 210 1995 ι
235 1959 364 2000 editio
398 1960 606 2000 Patavina
639 1959 737 2000 anni
779 1971 954 2013 1712...
978 1959 1300 2001 absolutissima
1333 1965 1600 2008 censeretur,
1635 1959 1745 2000 hanc
1778 1959 1956 2014 quidem
1991 1959 2250 2014 exemplaris
2282 1959 2383 2001 loco

184 2021 379 2062 adhibui:
414 2021 492 2062 sed
525 2021 580 2062 ad
614 2022 930 2072 illustrandum,
966 2022 1256 2077 pristinaeque
1289 2022 1520 2063 sinceritati
1555 2021 1825 2063 reddendum
1861 2022 1950 2063 divi
1983 2022 2184 2064 Thomae
2216 2027 2384 2064 textum

185 2082 225 2137 (a
248 2097 333 2137 qua
367 2083 600 2125 descivisse
634 2085 963 2139 suspicabantur
995 2085 1218 2140 nonnulli),
1243 2097 1394 2126 eorum
1419 2084 1615 2126 omnium
1646 2085 1870 2126 laboribus
1904 2084 1965 2126 uti
1999 2084 2185 2134 decrevi,
2213 2085 2290 2140 qui
2312 2084 2383 2127 vel

185 2145 409 2186 Summam
432 2146 745 2202 Theologicam
775 2160 872 2188 cum
905 2147 1034 2188 laude
1068 2147 1305 2196 ediderunt,
1330 2147 1400 2188 vel
1428 2147 1470 2188 in
1495 2161 1603 2197 earn,
1638 2161 1717 2202 pro
1744 2161 1796 2189 ea
1821 2161 1908 2203 qua
1931 2147 2154 2203 pollebant
2187 2146 2384 2189 doctrina

185 2213 227 2248 et
261 2208 457 2249 codicum
490 2209 633 2250 bonae
667 2215 794 2250 notae
829 2209 964 2264 copia,
991 2209 1117 2251 crisin
1147 2222 1433 2252 exercuere...
1458 2211 1608 2265 Itaque
1642 2211 1798 2252 horum
1833 2210 2028 2252 omnium
2052 2210 2384 2266 diligentissima

185 2270 374 2311 instituta
396 2271 634 2320 collatione,
669 2271 883 2312 variantes
918 2285 1070 2313 omnes
1093 2272 1271 2314 alicuius
1295 2273 1503 2314 momenti
1537 2273 1744 2314 lectiones
1767 2272 1954 2314 inferiori
1978 2273 2160 2329 margini
2183 2273 2382 2329 apposui,

186 2345 236 2373 ea
264 2331 306 2372 in
328 2338 445 2373 textu
479 2339 652 2383 retenta,
678 2347 789 2388 quae
820 2340 893 2375 aut
926 2335 1280 2376 communissima
1313 2341 1387 2376 aut
1417 2335 1723 2390 probatissima
1744 2336 1840 2377 visa
1874 2342 1982 2378 est.»
2007 2360 2026 2366 -
2046 2335 2171 2389 Quae
2206 2335 2383 2378 demum

186 2394 333 2449 elapso
367 2396 540 2436 saeculo
573 2396 643 2436 vel
675 2397 887 2451 praesenti
921 2397 1179 2439 subsecutae
1212 2403 1312 2439 sunt
1345 2398 1553 2440 Summae
1587 2398 1885 2455 Theologicae
1920 2398 2151 2448 editiones,
2186 2405 2261 2441 aut
2293 2399 2384 2442 Ve-

186 2463 328 2498 netam
360 2457 485 2507 hanc,
520 2464 593 2499 aut
625 2459 856 2500 Patavinas
890 2465 988 2500 ante
1023 2459 1175 2510 dictas,
1210 2466 1257 2501 ut
1289 2460 1531 2515 plurimum,
1566 2461 1754 2502 referunt
1786 2461 1859 2516 (1).

311 2519 580 2561 Celebriores
614 2521 821 2562 Summae
855 2521 1150 2578 Theologicae
1185 2522 1396 2564 editiones
1430 2524 1679 2565 meminisse
1712 2524 1930 2574 intererat,
1964 2530 2013 2566 ut
2044 2525 2180 2567 lector
2213 2538 2382 2582 cogno-

186 2587 323 2622 sceret
355 2582 458 2636 quid
492 2583 634 2638 operis
673 2589 715 2624 et
746 2583 875 2625 studii
909 2584 1099 2639 positum
1133 2585 1357 2640 hucusque
1390 2586 1446 2627 sit
1472 2586 1519 2627 in
1555 2587 1846 2628 emaculandis
1880 2587 2191 2630 vetustioribus
2226 2588 2382 2630 editio-

187 2643 325 2693 nibus,
361 2658 469 2698 quas
502 2645 669 2686 mendis
692 2652 854 2687 scatere
878 2660 1050 2702 semper
1072 2654 1114 2689 et
1134 2648 1250 2703 apud
1274 2661 1427 2690 omnes
1450 2649 1493 2690 in
1517 2649 1718 2691 confesso
1746 2650 1833 2691 fuit.
1869 2651 1971 2692 Non
1997 2657 2063 2692 est
2083 2657 2229 2692 autem
2253 2651 2382 2693 nobis

187 2705 229 2746 in
253 2705 396 2747 animo
430 2707 604 2749 ulterius
638 2714 711 2749 aut
744 2708 799 2750 de
833 2722 978 2750 earum
1011 2710 1150 2765 pretio
1185 2710 1409 2766 inquirere,
1444 2718 1518 2753 aut
1551 2712 1813 2769 investigare
1841 2713 2068 2768 quomodo
2091 2714 2282 2769 ipsarum
2306 2726 2382 2756 cu-

187 2774 349 2809 ratores
383 2769 526 2810 datam
560 2770 689 2811 fidem
713 2771 995 2813 liberaverint.
1030 2772 1130 2814 Hoc
1163 2773 1277 2814 enim
1300 2774 1525 2830 negotium
1549 2775 1763 2816 neminem
1787 2775 2074 2833 intelligenter
2094 2790 2226 2834 agere
2249 2789 2382 2832 posse

187 2836 398 2884 putamus,
424 2831 497 2886 qui
530 2845 881 2888 unamquamque
915 2834 1149 2876 editionem
1182 2835 1236 2877 ad
1259 2836 1402 2891 plures
1436 2838 1751 2893 manuscriptos
1785 2839 1959 2881 codices
1992 2852 2082 2881 non
2116 2839 2380 2895 expenderit.

187 2892 294 2932 Illud
338 2906 523 2948 namque
557 2895 600 2935 in
633 2895 887 2950 quaestione
921 2897 1056 2938 modo
1089 2904 1304 2948 versatur,
1340 2913 1394 2940 an
1429 2900 1688 2955 exemplaria
1730 2901 1936 2943 hactenus
1970 2902 2085 2958 typis
2119 2915 2280 2944 excusa
2313 2902 2381 2945 lit-

187 2960 321 2995 teram
353 2969 386 2996 s.
405 2956 600 2998 Thomae
624 2958 833 2999 sinceram
857 2972 1034 3013 prorsus
1058 2966 1100 3001 et
1121 2961 1412 3016 incorruptam
1436 2963 1677 3005 exhibeant.
1713 2964 1774 3005 At
1796 2964 1893 3006 huic
1916 2965 2161 3020 quaestioni
2184 2965 2380 3016 scienter,

187 3022 233 3056 ut
265 3029 331 3057 res
365 3017 457 3072 ipsa
489 3020 688 3073 postulat,
723 3021 972 3071 solvendae,
1008 3036 1120 3077 quae
1154 3023 1236 3064 alia
1267 3023 1339 3065 via
1372 3037 1599 3079 superesse
1621 3032 1776 3081 potest,
1801 3033 2035 3083 postquam
2059 3027 2219 3069 excidit
2240 3028 2382 3071 codex

187 3081 495 3135 autographus,
531 3088 697 3135 praeter
729 3090 969 3125 accuratam
1005 3084 1242 3127 editionum
1278 3086 1551 3130 collationem
1585 3088 1641 3130 ad
1674 3091 1952 3146 apographos
1987 3090 2067 3146 ipsi
2090 3091 2273 3133 Auctori
2307 3105 2381 3133 ae-

188 3141 335 3194 quales
377 3148 449 3183 aut
481 3145 716 3198 suppares?
750 3145 913 3187 Idcirco
949 3160 1029 3188 nos
1076 3147 1117 3188 in
1163 3148 1413 3191 recensione
1457 3164 1587 3205 quam
1632 3151 1809 3193 fecimus
1852 3153 2069 3194 variarum
2113 3153 2379 3205 editionum,

187 3204 383 3244 consulto
423 3205 707 3248 abstinuimus
740 3221 766 3248 a
799 3209 990 3262 qualibet
1032 3222 1213 3252 censura
1255 3211 1430 3254 ferenda
1472 3213 1583 3254 circa
1615 3215 1853 3269 peculiares
1886 3215 2235 3267 emendationes,
2271 3231 2381 3273 quas

187 3270 260 3305 aut
291 3265 476 3308 editores
509 3268 698 3310 fecerunt
731 3269 772 3310 in
808 3275 939 3320 textu,
964 3278 1037 3313 aut
1061 3273 1277 3315 faciendas
1311 3274 1550 3317 iudicarunt
1576 3276 1655 3318 viri
1680 3277 1845 3320 eruditi.
1881 3277 1997 3320 Satis
2021 3292 2177 3335 nempe
2199 3279 2255 3321 ad
2289 3292 2381 3322 rem

186 3333 375 3369 nostram
407 3329 497 3371 fore
531 3330 753 3381 duximus,
788 3332 824 3373 si
861 3333 1064 3376 lectorem
1098 3335 1410 3379 remitteremus
1451 3338 1507 3379 ad
1540 3339 1681 3381 varias
1721 3340 1928 3382 lectiones
1967 3354 2096 3396 quas,
2133 3356 2187 3384 ex
2220 3341 2380 3385 nostris

246 3548 286 3592 (t)
308 3549 383 3576 Inter
403 3548 473 3577 alias
493 3549 671 3594 mentionem
697 3558 840 3587 meretur,
862 3552 948 3581 etiam
970 3554 1008 3581 ob
1030 3555 1144 3584 chartae
1166 3564 1248 3592 prae·
1304 3557 1527 3586 Commentariis
1556 3559 1702 3595 Caietani,
1725 3561 1753 3589 in
1775 3562 1801 3589 X
1823 3569 1920 3591 tomos
1949 3563 1977 3592 in
2007 3564 2076 3594 solio
2103 3564 2269 3601 distributa,
2291 3571 2321 3594 et
2341 3565 2380 3594 nd

185 3593 318 3616 stantiam
341 3594 368 3616 et
389 3589 558 3626 elegantiam
573 3597 718 3627 typorum,
734 3593 866 3621 Romana
880 3593 968 3622 editio
987 3594 1055 3622 anni
1074 3596 1158 3632 1773,
1179 3605 1247 3624 cum
1302 3597 1473 3626 Patavinam
1495 3607 1542 3627 an.
1560 3597 1647 3639 1698
1668 3601 1707 3629 ad
1727 3603 1865 3631 amussim
1887 3610 2001 3633 exacta.
