2768 4178
33 713 116 764 ⁵5⁰3

66 3289 128 3340 &⁰1¹ss

125 739 204 761 lect.x

132 813 147 839 ὃ

137 3297 259 3340 ἷέὲιῗνὲ·

946 254 1213 302 QUAESTIO
1242 255 1379 304 XVIII,
1408 257 1704 294 ARTICULUS
1734 258 1783 294 111
2384 270 2458 306 227

271 335 483 374 secundum
517 336 604 383 hoc,
624 336 752 373 vivere
780 335 872 372 nihil
891 335 991 371 aliud
1022 343 1077 371 est
1109 346 1227 382 quarn
1257 347 1341 371 esse
1396 335 1559 372 malibus
1578 335 1851 383 immobilibus,
1872 338 1967 375 sicut
1990 346 2075 376 sunt
2094 346 2238 385 ostrea;
2269 339 2459 388 quaedam

271 389 310 426 in
333 388 396 426 tali
424 396 574 426 natura:
606 397 643 425 et
660 389 736 426 vita
766 388 951 436 significat
977 388 1052 424 hoc
1079 387 1218 436 ipsum,
1239 389 1307 425 sed
1327 392 1341 414 ⁷
1395 400 1504 436 vero,
1526 401 1614 426 cum
1639 389 1710 436 his,
1730 389 1886 426 ulterius
1915 391 1963 428 ad
1991 392 2229 429 movendum
2258 404 2298 429 se
2327 404 2460 429 secun-

272 442 311 479 in
344 442 555 488 abstracto;
589 443 685 479 sicut
718 442 794 478 hoc
825 452 968 477 nomen
997 452 1129 477 cursus
1157 440 1343 488 significat
1398 441 1491 479 dum
1519 442 1663 490 locum,
1691 442 1787 479 sicut
1815 442 1990 480 animalia
2021 445 2197 492 perfecta,
2226 452 2269 481 ut
2296 445 2460 493 quadru-

273 495 400 544 ipsum
419 507 575 532 currere
601 494 639 531 in
668 495 869 531 abstracto.
899 492 1011 531 Unde
1029 493 1158 530 vivum
1187 506 1267 530 non
1287 501 1343 530 est
1396 494 1510 543 pedia
1530 503 1566 532 et
1583 494 1751 532 volatilia
1779 502 1816 532 et
1847 495 2067 534 huiusmodi
2086 503 2117 543 η;
2147 497 2337 546 quaedam
2364 509 2459 535 vero

272 548 535 597 praedicatum
555 548 798 594 accidentale,
815 545 884 583 sed
903 546 1159 583 substantiale.
1171 567 1195 574 -
1212 547 1343 593 Quan—
1397 548 1552 585 ulterius
1580 548 1629 585 ad
1658 548 1956 596 intelligendum,
1987 549 2082 586 sicut
2108 550 2296 587 homines.

274 603 402 651 doque
417 609 548 638 tamen
565 601 643 638 vita
662 599 822 637 sumitur
841 599 968 636 minus
988 599 1141 648 proprie
1160 611 1231 648 pro
1251 611 1343 661 opes
1450 603 1509 637 AD
1539 613 1729 638 SECUNDUM
1762 613 1947 639 DICENDUM
1983 603 2089 651 quod
2125 615 2243 651 opera
2269 603 2370 640 vitae
2408 603 2461 640 di-

274 655 484 691 tationibus
501 654 614 697 vitae,
635 665 658 690 a
677 652 815 702 quibus
834 664 979 689 nomen
997 652 1097 689 vitae
1117 650 1342 704 assumitur13
1399 661 1544 701 cuntur,
1574 666 1740 702 quorum
1768 654 1953 704 principia
1981 662 2068 691 sunt
2086 655 2125 692 in
2144 656 2398 704 operantibus,
2419 665 2461 694 ut

126 718 157 738 ¹¹
173 718 198 734 ¹³·
205 718 247 760 Ι7··
275 707 370 744 sicut
397 707 488 744 dicit
514 698 784 755 Philosophus,
809 706 862 742 IX
885 705 1005 742 Ethic.
1021 704 1052 751 ³¹²,
1083 706 1188 754 quod
1215 706 1343 742 vivere
1399 707 1545 755 seipsos
1579 707 1761 744 inducant
1788 707 1826 744 in
1853 708 1945 744 tales
1980 708 2231 767 operationes.
2271 709 2463 757 Contingit

269 759 530 809 principaliter
555 765 610 795 est
634 759 770 796 sentire
796 758 857 795 vel
883 758 1100 808 intelligere.
1399 768 1528 797 autem
1558 760 1773 809 aliquorum
1800 772 1963 809 operum
1991 760 2115 798 inesse
2143 761 2360 798 hominibus
2384 775 2461 799 non

327 814 540 850 AmeMuM
559 823 657 849 ERGO
673 823 858 849 mCENDUM
873 811 979 859 quod
993 811 1250 860 Philosophus
1265 811 1315 848 1b1
1331 809 1345 833 ⁰
1399 814 1525 850 solum
1553 813 1737 862 principia
1765 813 1964 861 naturalia,
1992 822 2034 850 ut
2061 822 2148 851 sunt
2174 815 2364 862 potentiae
2397 828 2462 852 na-

275 865 411 914 accipit
436 866 565 903 vivere
591 877 662 914 pro
692 864 915 913 operatione
943 865 1055 902 vitae.
1077 886 1101 892 -
1121 865 1192 902 Vel
1217 865 1343 902 dicen·
1398 867 1555 912 turales;
1581 867 1650 904 sed
1670 866 1783 903 etiam
1813 866 2004 915 quaedam
2032 867 2284 916 superaddita,
2314 875 2356 904 ut
2378 876 2464 904 sunt

276 919 370 956 dum
400 926 456 955 est
482 917 638 965 melius,
674 918 779 967 quod
809 917 945 955 sentire
976 925 1012 955 et
1043 918 1268 966 intelligere,
1309 926 1345 955 et
1398 919 1548 956 habitus
1576 919 1798 956 inclinantes
1827 920 1875 956 ad
1904 919 2096 967 quaedam
2117 920 2382 968 operationum
2402 933 2464 968 ge-

274 971 507 1018 huiusmodi,
537 972 769 1020 quandoque
790 978 994 1008 sumuntur
1020 983 1091 1020 pro
1112 971 1343 1020 quibusdam
1399 985 1491 1009 nera
1519 972 1628 1020 quasi
1654 984 1724 1021 per
1742 974 1905 1010 modum
1929 980 2097 1019 naturae,
2120 980 2155 1009 et
2174 972 2351 1010 facientes
2384 974 2464 1010 illas

276 1024 583 1074 operationibus3
619 1025 851 1074 quandoque
886 1032 1015 1061 autern
1047 1037 1118 1073 pro
1147 1023 1231 1073 ipso
1262 1037 1343 1061 esse
1400 1024 1641 1074 operationes
1671 1038 1753 1062 esse
1782 1025 2034 1063 delectabiles.
2064 1027 2113 1062 Et
2142 1038 2187 1062 ex
2215 1026 2290 1063 hoc
2319 1026 2462 1073 dicitur,

276 1077 331 1115 sic
361 1078 616 1127 operantium.
647 1078 795 1115 Dicitur
822 1077 924 1115 enim
955 1078 1008 1114 IX
1034 1078 1156 1115 Ethic.
1177 1077 1209 1125 *,
1239 1077 1344 1126 quod
1400 1078 1507 1127 quasi
1526 1091 1595 1127 per
1622 1079 1818 1127 quandam
1847 1078 2146 1125 similitudinem,
2169 1079 2273 1127 quod
2295 1079 2354 1116 illa
2374 1092 2464 1128 ope-

276 1136 380 1168 esse‘
398 1137 452 1168 est
477 1132 615 1168 sentire
641 1131 701 1168 vel
733 1131 951 1181 intelligere,
985 1130 1082 1168 idest
1110 1131 1252 1168 habere
1281 1143 1346 1167 na-
1400 1131 1494 1168 ratio
1524 1144 1623 1180 quae
1657 1139 1712 1168 est
1743 1132 1891 1169 homini
1930 1131 2178 1179 delectabilis,
2209 1140 2245 1169 et
2272 1132 2319 1169 ad
2348 1145 2465 1182 quam

276 1191 402 1221 turam
431 1184 480 1222 ad
509 1184 750 1222 sentiendum
778 1185 840 1222 vel
869 1183 1164 1232 intelligendum.
1194 1184 1244 1220 Et
1270 1184 1346 1220 hoc
1399 1184 1610 1230 inclinatur,
1632 1192 1669 1221 et
1687 1185 1725 1222 in
1745 1197 1822 1234 qua
1842 1192 2100 1231 conversatur,
2123 1193 2159 1221 et
2177 1185 2327 1222 ordinat
2345 1186 2464 1222 vitam

277 1237 398 1274 modo
416 1237 619 1286 distinguit
637 1238 895 1287 Philosophus
914 1236 1047 1274 vivere
1066 1248 1136 1286 per
1163 1236 1224 1272 illa
1253 1248 1346 1284 qua·
1401 1249 1512 1274 suam
1527 1237 1576 1274 ad
1591 1237 1727 1286 ipsam,
1744 1238 1878 1275 dicitur
1891 1238 1970 1275 vita
1988 1238 2171 1275 hominis:
2191 1239 2293 1275 unde
2308 1238 2466 1287 quidam

277 1291 376 1328 t'uo'r.
415 1291 520 1328 Nam
557 1291 596 1328 in
633 1290 711 1327 istis
749 1290 990 1327 inferioribus
1025 1298 1189 1338 quatuor
1213 1289 1227 1315 ς
1261 1297 1348 1326 sunt
1401 1290 1577 1327 dicuntur
1605 1303 1716 1338 agere
1743 1290 1863 1328 vitam
1892 1291 2137 1338 luxuriosam,
2168 1291 2323 1340 quidam
2346 1292 2465 1328 vitam

277 1354 418 1391 genera
435 1344 662 1381 viventium.
693 1344 873 1391 Quorum
901 1342 1094 1391 quaedam
1119 1342 1262 1379 habent
1281 1355 1346 1379 na·
1400 1344 1615 1380 honestam.
1646 1344 1695 1380 Et
1721 1356 1791 1391 per
1818 1344 1920 1380 hunc
1948 1344 2110 1381 modum
2129 1343 2207 1381 vita
2236 1345 2467 1393 contempla-

278 1403 404 1433 turam
433 1398 558 1434 solum
587 1397 637 1434 ad
667 1396 858 1434 utendum
891 1395 1084 1437 alimento,
1115 1403 1151 1432 et
1178 1395 1227 1432 ad
1256 1408 1346 1432 con—
1401 1396 1479 1433 tiva
1507 1396 1556 1433 ab
1583 1396 1709 1434 activa
1727 1394 1740 1417 ⁰
1769 1397 2017 1445 distinguitur.
2052 1398 2101 1434 Et
2128 1410 2196 1446 per
2221 1398 2324 1434 hunc
2353 1398 2466 1435 etiam

279 1450 494 1499 sequentia,
529 1462 627 1499 quae
661 1457 749 1486 sunt
782 1457 1031 1497 augmentum
1066 1456 1102 1486 et
1131 1449 1345 1496 generati03
1403 1448 1565 1486 modum
1589 1462 1820 1498 cognoscere
1850 1451 1978 1487 Deum
2007 1450 2143 1487 dicitur
2169 1450 2246 1487 vita
2274 1458 2438 1488 aeterna.

278 1502 470 1550 quaedam
498 1502 654 1539 ulterius
682 1503 731 1540 ad
757 1502 1011 1547 sentiendum,
1030 1510 1073 1539 ut
1091 1510 1194 1550 patet
1212 1502 1251 1539 in
1270 1502 1349 1539 ani·
1456 1502 1567 1540 Unde
1595 1510 1699 1551 patet
1726 1503 1863 1540 solutio
1893 1503 1942 1540 ad
1968 1503 2132 1540 tertium.

329 1616 358 1650 γ)
376 1617 432 1642 sed.
449 1630 469 1636 —
487 1617 550 1642 Om.
567 1616 644 1641 ΑΒΕ.
1245 1646 1249 1652 ι
1458 1616 1483 1649 ζ)
1502 1620 1627 1650 quatuor.
1644 1631 1664 1636 —
1681 1617 1742 1642 Om.
1763 1617 1902 1650 ABCEpD.

331 1651 357 1685 ὃ)
376 1652 421 1677 ibi.
439 1666 458 1671 -
475 1652 538 1677 Om.
557 1652 678 1677 ABCDE.
696 1666 715 1670 —
734 1652 826 1677 melius
845 1659 898 1676 om.
918 1652 948 1677 B.
1457 1652 1483 1684 η)
1503 1656 1529 1677 et
1543 1652 1703 1678 huiusmodi.
1717 1666 1735 1671 —
1750 1653 1810 1678 Om.
1825 1653 1855 1677 B.
1867 1667 1886 1671 -
1898 1653 1948 1678 Pro
1962 1653 2037 1682 sicut,
2051 1653 2151 1678 scilicet
2163 1653 2340 1686 ACDEFGpB
2355 1658 2380 1678 et
2392 1654 2431 1678 ed.
2441 1661 2468 1678 a.

332 1688 355 1720 ε)
374 1694 437 1713 esse.
455 1701 475 1707 -
493 1687 581 1713 vivere
599 1688 628 1712 P.
1457 1685 1482 1720 θ)
1501 1688 1708 1720 contemplativa
1726 1688 1760 1713 ab
1777 1688 1875 1713 activa.
1892 1702 1912 1708 -—
1929 1688 2018 1714 activa
2037 1695 2054 1713 α
2072 1689 2278 1720 contemplativa
2296 1689 2406 1714 codices.

962 1775 1296 1809 Commentaria
1319 1775 1569 1809 Cau-dinalis
1591 1775 1791 1809 Caietani

340 1874 448 1895 mus
473 1863 574 1894 clarus
598 1870 654 1894 est.
672 1880 690 1886 -
715 1863 750 1893 In
774 1873 917 1903 corpore,
942 1873 1005 1894 una
1029 1864 1192 1895 conclusio
1216 1873 1346 1904 respon·
1402 1864 1441 1894 ad
1465 1864 1626 1901 ultimum,
1650 1864 1714 1895 vita
1732 1865 1858 1905 proprie
1875 1871 1921 1896 est
1937 1875 2002 1895 esse
2019 1865 2240 1901 substantiale;
2265 1865 2372 1895 minus
2394 1875 2467 1905 pro-

281 1875 407 1938 Tsiva
421 1907 584 1948 quaesito:
605 1907 678 1938 Vita
694 1907 821 1948 proprie
845 1914 891 1938 est
913 1917 979 1938 esse
999 1907 1215 1944 substantiale;
1241 1908 1347 1938 minus
1402 1908 1469 1948 prie
1498 1915 1545 1939 est
1572 1908 1724 1948 operatio.
1750 1926 1770 1931 —
1793 1909 1898 1939 Prima
1926 1909 2166 1950 consequentia,
2197 1909 2373 1940 secundum
2401 1910 2467 1940 duo

280 1952 407 1993 proprie
431 1961 505 1982 vero
530 1958 576 1982 est
599 1951 753 1992 operatio.
1402 1952 1508 1982 clausa
1530 1952 1563 1982 in
1587 1960 1814 1993 consequente,
1846 1953 1963 1984 scilicet
1988 1954 2150 1984 exteriora
2174 1954 2212 1983 et'
2227 1953 2405 1993 quidditas,
2429 1963 2466 1984 ex

332 1996 420 2027 Haec
435 1996 612 2035 conclusio,
627 1996 735 2036 quoad
751 2002 919 2036 utramque
935 2002 1066 2036 partem,
1083 1996 1180 2026 simul
1196 1997 1349 2036 probatur
1404 1996 1530 2026 duobus
1553 1996 1586 2026 in
1611 1997 1812 2027 antecedente
1837 1997 1959 2033 clausis,
1984 1997 2101 2028 scilicet
2123 1997 2283 2028 intellectu
2307 2004 2337 2028 et
2359 2007 2465 2035 sensu,

281 2040 335 2072 sic.
361 2040 540 2071 Intellectus
571 2047 679 2071 noster
709 2040 822 2080 accipit
844 2050 862 2070 a
886 2049 996 2070 sensu:
1027 2050 1101 2080 ergo
1125 2050 1161 2071 ex
1185 2041 1234 2071 his
1267 2050 1348 2081 quae
1404 2041 1571 2081 probatur:
1602 2040 1743 2081 primum
1773 2048 1835 2077 est,
1867 2041 1942 2082 quia
1965 2041 2141 2072 intellectus
2165 2048 2211 2072 est
2234 2042 2466 2081 cognoscitivus

282 2092 437 2126 apparent
457 2084 592 2115 exterius
615 2084 654 2114 de
677 2094 720 2120 re,
743 2084 966 2124 cognoscimus
981 2084 1165 2115 essentiam:
1191 2095 1265 2125 ergo
1282 2085 1349 2125 ple·
1404 2085 1587 2125 quidditatis
1603 2085 1660 2121 rei;
1678 2085 1855 2116 secundum
1870 2096 1945 2116 vero
1962 2093 2018 2122 est,
2038 2085 2112 2126 quia
2132 2085 2301 2116 accidentia
2317 2086 2468 2116 exteriora

281 2139 418 2170 rumque
442 2139 479 2159 ex
502 2128 747 2169 proprietatibus
766 2128 971 2159 exterioribus
990 2129 1203 2169 imponuntur
1219 2129 1350 2159 nomina
1404 2136 1478 2160 sunt
1494 2128 1621 2169 propria
1641 2139 1762 2160 sensus.
1787 2129 1931 2160 Secunda
1955 2129 2180 2170 consequentia
2203 2130 2368 2170 probatur:
2394 2130 2469 2170 quia

281 2173 322 2204 ad
345 2172 564 2213 significandas
592 2172 741 2203 essentias
764 2181 885 2202 rerum:
911 2183 985 2212 ergo
1009 2172 1194 2203 huiusmodi
1218 2173 1351 2203 nomina
1405 2173 1485 2203 sicut
1513 2173 1754 2212 cognoscimus,
1784 2173 1826 2204 sic
1854 2173 2068 2204 nominamus.
2098 2173 2205 2204 Tertia
2233 2173 2407 2204 declaratur
2435 2174 2468 2204 in

281 2217 477 2259 quandoque
500 2216 700 2257 accipiuntur
722 2217 859 2256 proprie,
877 2226 935 2256 pro
959 2217 1035 2256 ipsis
1058 2216 1213 2253 essentiis;
1238 2224 1269 2247 et
1292 2216 1350 2246 mi·
1405 2217 1466 2247 hoc
1489 2217 1619 2247 nomine
1648 2226 1780 2257 corpus,
1810 2224 1952 2257 respectu
1982 2217 2178 2248 Substantiae
2208 2225 2238 2248 et
2268 2218 2470 2255 Quantitatis.

281 2271 343 2292 nus
359 2261 496 2302 proprie,
513 2271 572 2301 pro
589 2260 835 2301 proprietatibus
851 2271 869 2291 a
885 2260 1001 2301 quibus
1021 2261 1249 2300 imponuntur:
1276 2271 1350 2300 ergo
1407 2262 1527 2298 Quarta
1551 2261 1716 2300 probatur:
1741 2261 1816 2301 quia
1844 2263 1928 2292 vitae
1958 2271 2076 2292 nornen
2107 2261 2243 2292 sumitur
2266 2271 2303 2291 ex
2335 2262 2468 2292 exterius

282 2306 367 2338 vitae
389 2315 509 2336 nomen
533 2305 670 2335 sumitur
692 2305 820 2345 proprie
843 2315 902 2345 pro
926 2305 1101 2336 substantia
1115 2305 1205 2336 cuius
1222 2312 1351 2336 naturae
1406 2312 1586 2345 apparente,
1611 2304 1728 2335 scilicet
1743 2315 1871 2336 movere
1887 2315 1929 2341 se,
1947 2312 2004 2336 etc.
2030 2306 2149 2343 Quinta
2165 2315 2221 2345 per
2236 2315 2268 2336 se
2283 2313 2359 2336 nota
2377 2306 2470 2336 relin-

283 2349 432 2381 convenit
454 2359 583 2380 movere
606 2359 655 2385 se,
681 2356 711 2379 et
734 2349 841 2379 minus
865 2349 992 2390 proprie
1017 2359 1075 2390 pro
1100 2349 1284 2389 operatione
1307 2349 1352 2379 vi-
1405 2349 1522 2390 quitur.
1549 2349 1639 2380 Sexta
1655 2350 1825 2390 probatur:
1850 2350 1925 2390 quia
1941 2351 2006 2380 vita
2023 2360 2088 2380 non
2113 2350 2214 2380 differt
2229 2360 2247 2380 a
2267 2351 2384 2387 vivere,
2410 2350 2470 2380 nisi

282 2393 356 2425 tali:
381 2403 455 2434 ergo
480 2393 583 2424 vivere
606 2393 734 2433 proprie
758 2393 837 2424 nihil
858 2393 945 2424 aliud
965 2400 1020 2430 est,
1037 2404 1136 2434 quam
1153 2403 1219 2424 esse
1243 2394 1275 2424 in
1299 2394 1352 2424 tali
1406 2403 1503 2433 penes
1518 2394 1655 2423 modum
1667 2392 1871 2433 significandi,
1889 2394 2004 2424 scilicet
2018 2394 2051 2424 in
2063 2395 2227 2425 abstracto.
2243 2394 2285 2425 Et
2299 2394 2471 2424 declaratur

282 2444 411 2469 natura:
436 2447 511 2478 ergo
529 2439 594 2469 vita
610 2437 765 2477 significat
784 2437 845 2468 hoc
862 2437 985 2478 ipsum:
1011 2448 1085 2478 ergo
1102 2439 1207 2469 vivum
1225 2448 1290 2468 non
1307 2445 1353 2468 est
1408 2438 1554 2477 exemplo
1579 2447 1703 2468 cursus.
1728 2437 1869 2478 Septima
1885 2445 1931 2468 est
1946 2448 2002 2478 per
2017 2448 2049 2468 se
2068 2445 2154 2469 nota.
2170 2456 2190 2460 —
2210 2438 2251 2468 Et
2267 2437 2470 2468 confirmatur

282 2482 502 2522 praedicatum
525 2482 730 2518 accidentale,
755 2482 810 2512 sed
829 2481 1041 2513 substantiale.
1066 2483 1161 2522 Ergo,
1187 2482 1224 2512 de
1248 2482 1352 2521 primo
1409 2481 1618 2512 nihilominus
1636 2482 1773 2512 secunda
1783 2492 1854 2522 pars
1868 2482 2091 2518 conclusionis,
2108 2482 2293 2513 auctoritate
2310 2482 2352 2512 IX
2365 2482 2468 2512 Ethic.

1091 2651 1408 2694 ARTICULUS
1437 2651 1665 2693 TERTIUS

975 2744 1160 2776 UTRUM
1191 2744 1294 2775 DEo
1326 2743 1634 2775 CONVENIAT
1665 2743 1791 2774 VITA
1828 2719 1830 2721 ¹

623 2823 632 2847 1
654 2823 729 2848 Cont.
745 2823 832 2852 Gent„
853 2830 907 2855 cap.
926 2830 1003 2854 xcvn,
1022 2830 1115 2854 xcvm;
1135 2823 1177 2852 lv,
1197 2830 1252 2855 cap.
1271 2829 1309 2852 x1;
1329 2823 1355 2846 in
1375 2822 1458 2851 loun„
1479 2829 1535 2854 cap.
1554 2829 1604 2853 xiv,
1625 2823 1683 2847 lect.
1702 2829 1734 2852 n;
1753 2822 1798 2846 XII
1816 2822 1978 2856 Metaphys„
1999 2823 2057 2849 lect.
2074 2831 2129 2848 vm.

287 2917 291 2919 ’
322 2936 377 2973 ὴὲ
403 2944 454 2963 ‚s
443 2937 479 2987 4—
497 2929 519 2954 D
547 2928 707 2953 TERTmM
727 2927 779 2952 s1c
800 2927 1038 2953 moeson-ua.
1067 2915 1226 2952 Videtur
1245 2914 1350 2963 quod
1405 2914 1500 2960 bilis,
1518 2926 1616 2962 quae
1636 2926 1715 2951 non
1732 2922 1786 2951 est
1801 2914 1871 2951 nisi
1891 2915 1930 2952 in
1945 2916 2058 2953 rebus
2079 2917 2348 2965 corporalibus.
2366 2919 2468 2966 Ergo

310 2969 364 3014 ’ἲν
335 2952 583 3035 &Deo
613 2981 691 3006 non
725 2968 927 3006 conveniat
953 2969 1042 3006 vita.
1081 2968 1219 3005 Vivere
1250 2967 1351 3004 enim
1406 2968 1520 3004 rebus
1548 2967 1848 3017 incorporalibus
1876 2980 1956 3005 non
1985 2970 2165 3018 competit
2191 2970 2335 3007 vivere.

302 3012 377 3081 ιγ
363 3039 422 3067 ν,
454 3041 473 3072 ξ»,
499 3023 676 3060 dicuntur
694 3022 820 3070 aliqua
839 3023 1051 3060 secundum
1070 3022 1173 3070 quod
1194 3027 1352 3058 movent
1461 3021 1534 3056 SED
1550 3031 1695 3056 CONTRA
1711 3032 1776 3057 EST
1796 3021 1899 3069 quod
1915 3021 2050 3059 dicitur
2065 3023 2102 3059 in
2118 3023 2269 3060 Psalmo
2285 3023 2466 3060 Lxxxi11*:

341 3051 641 3124 Qseipsa,
671 3082 712 3111 ut
740 3075 883 3112 dictum
913 3082 967 3112 est
984 3074 1016 3112 ²¹².
1048 3075 1125 3112 Sed
1154 3075 1239 3111 Deo
1272 3086 1351 3111 non
1406 3085 1473 3110 cor
1501 3085 1626 3109 meum
1659 3079 1695 3109 et
1730 3085 1820 3110 caro
1854 3086 1938 3111 mea
1977 3076 2240 3112 exultaverunt
2270 3076 2307 3112 in
2345 3077 2470 3113 Deum

288 3097 470 3176 competit
497 3129 658 3166 moveri.
690 3129 792 3176 Ergo
822 3139 947 3177 neque
973 3128 1118 3165 vivere.
1221 3135 1226 3140 ‘
1406 3127 1545 3164 vivum.

342 3193 376 3218 2.
399 3182 631 3228 PRAETEREA,
652 3181 690 3218 in
710 3181 888 3218 omnibus
906 3193 1004 3229 quae
1023 3180 1171 3227 vivunt,
1188 3187 1245 3217 est
1259 3179 1354 3216 acci·
1461 3181 1685 3216 RESPONDEO
1714 3191 1897 3217 mei-:NDUM
1929 3181 2034 3230 quod
2062 3181 2141 3217 vita
2179 3181 2343 3218 maxime
2379 3194 2468 3230 pro-

286 3246 383 3287 pere
397 3233 554 3282 aliquod
571 3234 728 3272 vivendi
747 3234 994 3283 principium:
1021 3234 1125 3271 unde
1155 3209 1288 3270 dicitur
1316 3232 1354 3269 in
1408 3231 1520 3281 Ρῐίεβ
1538 3232 1577 3268 in
1605 3233 1690 3268 Deo
1719 3240 1786 3270 est.
1815 3233 1876 3270 Ad
1905 3234 2010 3271 cuius
2036 3234 2277 3282 evidentiam,
2299 3235 2469 3272 conside-

287 3289 319 3324 ΙΙ
344 3283 390 3324 de
407 3287 549 3324 Anima
571 3287 610 3347 *ἦ
633 3288 738 3348 quod
767 3288 896 3324 anima
925 3292 979 3323 est
1002 3286 1159 3324 viventis
1186 3286 1355 3334 corporis
1409 3286 1572 3322 randum
1592 3293 1647 3321 est
1666 3285 1782 3333 quod,
1813 3292 1901 3322 cum
1920 3286 2052 3323 vivere
2080 3287 2251 3324 dicantur
2269 3287 2395 3335 aliqua
2414 3300 2471 3324 se-

287 3352 402 3377 causa
428 3345 464 3376 et
482 3340 723 3388 principium.
745 3341 824 3378 Sed
843 3342 948 3377 Deus
969 3352 1047 3376 non
1065 3340 1181 3377 habet
1199 3338 1356 3386 aliquod
1410 3339 1578 3376 cundum
1599 3338 1702 3386 quod
1724 3347 1929 3387 operantur
1949 3352 1993 3376 ex
2022 3339 2162 3388 seipsis,
2193 3347 2229 3376 et
2256 3352 2335 3376 non
2363 3341 2471 3388 quasi

286 3393 527 3443 principium.
557 3394 659 3441 Ergo
689 3394 760 3430 sibi
787 3406 866 3431 non
895 3393 1078 3441 competit
1103 3393 1246 3430 vivere.
1294 3410 1296 3412 >
1410 3393 1457 3429 ab
1493 3392 1572 3428 aliis
1610 3399 1735 3437 mota;
1771 3400 1913 3440 quanto
1950 3392 2150 3441 perfectius
2188 3393 2369 3441 competit
2395 3394 2471 3430 hoc

344 3447 378 3484 3.
404 3447 643 3494 PRAETEREA,
671 3446 898 3496 principium
918 3453 935 3468 ‘²‘
962 3446 1064 3483 vitae
1092 3445 1131 3483 in
1159 3445 1271 3483 rebus
1300 3445 1357 3483 vi·
1411 3444 1540 3491 alicui,
1569 3451 1673 3481 tanto
1710 3445 1912 3493 perfectius
1946 3446 1984 3482 in
2013 3458 2059 3482 eo
2088 3445 2277 3482 invenitur
2303 3446 2393 3484 vita.
2428 3448 2471 3483 In

287 3499 466 3537 ventibus
495 3511 594 3548 quae
623 3499 726 3548 apud
754 3512 825 3537 nos
854 3507 952 3548 sunt,
974 3507 1030 3537 est
1049 3499 1175 3536 anima
1202 3506 1357 3551 vegeta·
1412 3497 1655 3535 moventibus
1684 3505 1812 3534 autem
1840 3506 1875 3535 et
1903 3498 2016 3535 motis
2040 3498 2108 3535 tria
2126 3511 2195 3548 per
2214 3498 2388 3536 ordinem
2417 3499 2470 3536 in-

342 3618 369 3650 α)
383 3617 558 3650 principium.
575 3631 595 3635 -
608 3616 729 3648 primum
745 3617 909 3648 principium
928 3618 1039 3643 codices.
1379 3612 1382 3651 Ι
1462 3616 1486 3650 β)
1503 3617 1622 3649 proprie.
1641 3631 1660 3636 -
1679 3620 1705 3641 et
1718 3617 1830 3649 proprie
1848 3617 1877 3641 B.

2498 3037 2507 3046 ‘
2522 3036 2590 3058 Vers.
2604 3043 2626 3065 3.
