2768 4178
296 254 342 290 16
1030 227 1298 300 QUAEST10
1329 254 1364 299 1,
1395 250 1692 289 ARTICULUS
1721 250 1756 287 v

1090 388 1407 431 ARTICULUS
1438 387 1695 440 QUINTUS

779 483 935 514 UTRUM
959 482 1099 514 SACRA
1122 481 1350 513 DOCTRINA
1374 481 1440 512 srr
1463 475 1646 512 D‘IGNIOR
1669 479 1779 511 ALns
1803 478 2012 511 SCIENTns

827 562 847 598 l·
868 562 920 592 11··‚
940 569 984 594 qu.
999 568 1065 592 uvi,
1085 565 1131 584 art.
1147 559 1170 589 5,
1190 560 1222 584 ad
1243 559 1271 590 33
1291 559 1301 583 1
1320 559 1404 590 Sent„
1424 559 1501 588 Ptol..
1521 564 1568 584 art.
1582 566 1604 590 ις
1623 559 1643 584 11
1659 560 1736 584 Cont.
1754 560 1840 590 Gent.‚
1861 566 1916 591 cap.
1931 566 1964 583 ιν.

510 656 532 680 D
553 654 714 686 QumTUM
735 654 788 679 sle
807 653 1046 678 PRocED1TUR.
1076 640 1237 677 Videtur
1261 639 1366 688 quod
1421 651 1519 688 quae
1540 640 1588 677 ad
1608 639 1829 676 ulteriorem
1850 639 1970 676 finem
1991 638 2188 676 ordinatur
2207 643 2231 685 η,
2262 636 2359 674 sicut
2379 635 2499 674 civilis
2625 639 2642 663 η

430 700 478 743 ’Ξῖο
510 709 616 734 sacra
630 695 802 734 doctrina
821 707 899 732 non
919 694 966 731 sit
985 693 1133 741 dignior
1151 692 1231 729 aliis
1247 692 1366 729 scien·
1421 692 1592 729 militari:
1633 705 1724 729 nam
1753 694 1903 729 bonum
1933 692 2118 729 exercitus
2152 691 2202 729 ad
2231 691 2379 728 bonum
2409 688 2499 727 civi-

314 757 316 761 ·
346 752 348 759 ’
376 770 434 798 w,
450 750 578 795 tiis.
616 748 813 786 Certitudo
849 748 951 785 enirn
978 747 1141 796 pertinet
1169 746 1219 783 ad
1248 745 1367 793 digni—
1420 745 1505 782 tatis
1534 745 1743 783 ordinatur.
1784 745 1887 783 Finis
1916 753 2047 783 autem
2075 745 2189 782 huius
2219 743 2414 782 doctrinae
2443 742 2500 779 in-

332 782 625 840 ffltatem
654 802 843 839 scientiae.
876 801 953 839 Sed
982 801 1075 838 aliae
1106 799 1298 846 scientiae,
1320 798 1367 835 de
1421 806 1609 846 quantum
1639 807 1695 836 est
1722 799 1908 848 practica,
1940 807 1995 836 est
2023 798 2218 836 beatitudo
2248 805 2420 845 aeterna,
2450 795 2500 834 ad

297 871 460 908 quarum
488 855 681 906 principiis
711 854 872 892 dubitari
901 867 979 892 non
1016 861 1159 903 potest,
1189 852 1368 890 videntur
1421 863 1540 899 quam
1569 852 1665 889 sicut
1694 852 1950 890 adultimum
1970 853 2090 890 finem
2111 852 2335 889 ordinantur
2363 862 2500 888 omnes

280 924 379 949 ⁴esse
418 910 596 948 certiores
634 921 740 946 sacra
778 908 971 956 doctrina,
1015 907 1122 944 cuius
1158 905 1366 956 principia,
1421 904 1482 941 alii
1509 905 1608 942 fines
1637 905 1882 943 scientiarum
1899 906 2168 955 practicarum.
2198 904 2311 943 Unde
2341 903 2500 941 manife—

297 964 436 1002 seilicet
454 963 597 1000 articuli
616 962 718 1009 fidei,
741 961 1017 999 dubitationem
1038 960 1232 1009 recipiunt.
1259 958 1367 996 Aliae
1421 965 1524 995 stum
1543 966 1611 1005 est,
1628 959 1842 996 secundum
1871 971 2031 996 omnem
2054 959 2230 1007 modum,
2246 971 2334 996 eam
2355 957 2501 1006 dignio-

296 1018 407 1066 igitur
435 1016 612 1053 scientiae
641 1014 819 1052 videntur
846 1015 915 1051 ista
944 1014 1146 1063 digniores.
1422 1024 1505 1048 rem
1536 1024 1620 1048 esse
1649 1011 1730 1049 aliis
1748 1012 1780 1049 ²¹³.
2528 1010 2649 1046 ⁸¹³·.¹¹⁵⁵·

353 1083 387 1108 2.
419 1071 660 1116 PRAETEREA‚
691 1067 876 1105 inferioris
914 1067 1091 1104 scientiae
1122 1074 1177 1104 est
1206 1079 1228 1103 a
1256 1078 1368 1115 supe-
1475 1067 1535 1102 AD
1564 1077 1703 1103 PRlMUM
1740 1076 1839 1102 ERGO
1877 1077 2064 1103 monimum
2099 1066 2206 1115 quod
2243 1065 2335 1103 nihil
2371 1063 2501 1115 prohi-

155 1131 172 1147 α
298 1123 384 1160 riori
404 1123 587 1172 accipere,
608 1122 704 1159 sicut
722 1120 888 1158 musicus
903 1127 920 1142 0‘
942 1121 990 1158 ab
1010 1120 1258 1158 arithmetico.
1290 1119 1366 1157 Sed
1422 1119 1486 1156 bet
1514 1118 1553 1156 id
1586 1119 1693 1168 quod
1722 1126 1777 1156 est
1807 1118 1943 1156 certius
1971 1119 2186 1156 secundum
2205 1127 2394 1166 naturam,
2417 1130 2500 1156 esse

298 1189 404 1214 sacra
433 1176 603 1212 doctrina
631 1175 767 1224 accipit
795 1174 937 1223 aliquid
969 1186 991 1211 a
1019 1173 1293 1223 philosophicis
1315 1173 1368 1210 di-
1422 1172 1553 1222 quoad
1581 1184 1653 1209 nos
1676 1172 1804 1222 minus
1833 1179 1993 1219 certum,
2013 1179 2171 1221 propter
2191 1172 2425 1210 debilitatem
2445 1171 2501 1208 in·

325 667 393 707 733}
416 677 445 710 ’ἔ

346 711 352 720 .

298 1229 482 1278 sciplinis:
523 1228 611 1266 dicit
644 1229 746 1265 enim
776 1227 1036 1276 Hieronymus
1065 1227 1103 1264 in
1132 1227 1291 1276 epistola
1318 1227 1370 1263 ad
1422 1226 1592 1263 tellectus
1629 1225 1768 1273 nostri,
1802 1225 1868 1275 qui
1895 1238 1935 1262 se
1962 1226 2075 1262 habet
2109 1226 2161 1263 ad
2191 1225 2499 1275 manifestissima

60 1284 225 1332 ‘Lxfflsst‘fflv
241 1285 269 1306 ³¹·
296 1283 491 1333 Magnum
525 1282 722 1319 Oratorem
748 1281 859 1319 Urbis
882 1282 1030 1318 Romae
1048 1280 1080 1328 ³¹⁶,
1111 1280 1216 1330 quod
1237 1280 1368 1317 docto·
1423 1285 1584 1316 naturae
1602 1277 1635 1326 ⁰,
1664 1279 1761 1316 sicut
1786 1279 1917 1316 oculus
1951 1284 2112 1316 noctuae
2148 1279 2201 1316 ad
2227 1279 2354 1316 lumen
2391 1277 2501 1325 solis,
2630 1277 2645 1303 θ

149 1327 171 1372 ’β
299 1348 358 1373 res
395 1335 536 1384 antiqui
580 1336 763 1372 intantum
797 1335 1107 1384 philosophorum
1136 1332 1153 1362 Ρ
1190 1334 1368 1371 doctrinis
1423 1333 1518 1370 sicut
1547 1332 1680 1370 dicitur
1716 1332 1755 1370 in
1794 1333 1825 1369 ΙΙ
1863 1333 2082 1382 Metaphys.
2103 1332 2134 1369 ³⁸.
2163 1332 2278 1370 Unde
2316 1330 2503 1370 dubitatio
2532 1329 2744 1384 Ifflfffibffis

298 1395 408 1438 atque
434 1389 620 1426 sententiis
638 1401 725 1426 suos
744 1394 1002 1436 resperserunt
1020 1387 1145 1434 libros,
1168 1393 1208 1433 ut
1225 1387 1368 1424 nescias
1423 1398 1521 1436 quae
1560 1385 1697 1423 accidit
1733 1386 1773 1423 in
1811 1385 1999 1435 aliquibus
2037 1385 2136 1423 circa
2174 1386 2353 1424 articulos
2390 1383 2503 1433 fidei,
2532 1389 2613 1412 “⁹³¹
2627 1389 2651 1406 ¹¹·
2665 1389 2687 1406 ²·

298 1443 388 1491 quid
414 1443 450 1479 in
481 1443 551 1479 illis
572 1443 683 1490 prius
716 1442 904 1479 admirari
937 1442 1092 1487 debeas,
1122 1441 1367 1478 eruditionem
1422 1452 1501 1477 non
1530 1448 1587 1477 est
1614 1447 1772 1489 propter
1809 1439 2117 1477 incertitudinem
2146 1439 2217 1488 rei,
2248 1440 2318 1478 sed
2345 1446 2505 1489 propter

297 1495 456 1541 saeculi,
486 1507 535 1532 an
563 1496 756 1532 scientiam
785 1495 1080 1544 Scripturarum.
1121 1495 1224 1543 Ergo
1262 1506 1369 1531 sacra
1423 1493 1656 1531 debilitatem
1694 1493 1904 1531 intellectus
1936 1493 2109 1530 humani.
2148 1494 2197 1531 Et
2232 1501 2365 1531 tamen
2393 1491 2505 1530 mini-

299 1549 470 1586 doctrina
499 1556 554 1586 est
582 1549 737 1585 inferior
764 1548 844 1585 aliis
873 1548 1047 1586 scientiis.
1423 1559 1533 1584 mum
1571 1548 1677 1596 quod
1710 1554 1837 1597 potest
1868 1547 2001 1584 haberi
2039 1546 2087 1584 de
2126 1546 2343 1596 cognitione
2372 1558 2504 1584 rerum

353 1603 426 1639 SED
457 1614 603 1639 CONTRA
632 1614 697 1639 EST
726 1602 831 1651 quod
860 1601 954 1639 aliae
988 1601 1165 1638 scientiae
1194 1601 1370 1639 dicuntur
1423 1600 1712 1648 altissimarum,
1743 1600 2032 1638 desiderabilius
2061 1607 2117 1638 est
2145 1613 2263 1650 quarn
2293 1599 2505 1638 certissima

58 1661 69 1671 ⁸
85 1660 185 1689 ven-3·
299 1655 452 1693 ancillae
472 1655 595 1703 huius,
625 1656 738 1692 Prov.
761 1668 795 1692 1x
813 1655 853 1692 *ε
883 1655 984 1692 misit
1009 1655 1167 1692 ancillas
1193 1666 1282 1692 suas
1304 1667 1369 1692 vo·
1425 1654 1589 1702 cognitio
1619 1666 1716 1703 quae
1745 1655 1908 1692 habetur
1936 1654 1984 1692 de
2014 1653 2183 1692 minimis
2212 1655 2348 1702 rebus,
2377 1661 2420 1691 ut
2448 1653 2504 1692 di·
2647 1675 2655 1686 ι

299 1720 388 1746 care
415 1709 467 1745 ad
492 1720 632 1746 arcem.
1425 1708 1519 1745 citur
1546 1708 1585 1745 in
1609 1709 1662 1744 XI
1691 1708 1737 1745 de
1763 1707 2005 1745 Animalibus
2023 1707 2055 1745 *.
2532 1706 2730 1758 mmm

353 1763 579 1801 RESPONDEQ
617 1773 800 1799 DICENDUM
834 1762 960 1811 quod,
992 1774 1079 1798 cum
1117 1762 1187 1799 ista
1216 1761 1370 1799 scientia
1478 1763 1538 1798 At>
1567 1773 1758 1799 SECUNDUM
1787 1773 1972 1799 melerinum
2001 1761 2108 1811 quod
2135 1762 2232 1798 haec
2261 1760 2418 1799 scientia
2442 1772 2504 1798 ac·
2531 1760 2707 1790 ¹¹⁶·¹²⁰·¹’·'·

299 1822 486 1864 quantum
516 1815 564 1852 ad
593 1815 732 1863 aliquid
761 1815 808 1852 sit
840 1815 1088 1864 speculativa,
1119 1823 1155 1852 et
1183 1823 1370 1864 quantum
1425 1814 1550 1864 cipere
1586 1822 1712 1864 potest
1749 1814 1892 1865 aliquid
1920 1827 1943 1852 a
1970 1814 2246 1864 philosophicis
2284 1813 2503 1865 disciplinis,

156 1873 173 1898 Υ
300 1869 350 1906 ad
378 1868 519 1917 aliquid
547 1868 622 1905 sit⁷
650 1868 827 1917 practica,
858 1881 994 1906 omnes
1023 1868 1113 1906 alias
1142 1868 1370 1906 transcendit
1425 1880 1504 1906 non
1538 1868 1642 1917 quod
1662 1875 1670 1889 ⁴
1699 1881 1745 1905 ex
1778 1867 2002 1906 necessitate
2040 1868 2094 1906 eis
2131 1867 2318 1917 indigeat,
2357 1868 2427 1906 sed
2453 1866 2504 1906 ad
2634 1871 2642 1888 ⁸

299 1930 378 1959 tam
398 1921 651 1971 speculativas
671 1934 788 1971 quarn
812 1922 1008 1970 practicas.
1040 1922 1370 1971 Speculativarum
1425 1921 1615 1959 maiorem
1653 1921 2002 1959 manifestationem
2041 1934 2178 1960 eorum
2216 1934 2317 1970 quae
2355 1922 2395 1960 in
2431 1922 2505 1960 hac

161 1975 175 2000 ὃ
301 1975 402 2022 enirn
430 1974 673 2012 scientiarum
693 1987 769 2012 una
789 1976 906 2012 altera
925 1975 1073 2023 dignior
1093 1975 1227 2012 dicitur
1242 1973 1267 2022 ⁸,
1288 1983 1370 2012 tum
1425 1974 1580 2012 scientia
1608 1975 1818 2012 traduntur.
1849 1975 1942 2012 Non
1971 1975 2073 2012 enirn
2101 1974 2238 2025 accipit
2269 1987 2339 2014 sua
2365 1975 2504 2026 princi·

298 2036 455 2078 propter
474 2028 750 2076 certitudinem,
771 2036 853 2065 tum
873 2036 1030 2078 propter
1049 2028 1270 2077 dignitatern
1290 2041 1371 2066 ma·
1425 2028 1488 2078 pia
1517 2029 1565 2066 ab
1594 2028 1673 2066 aliis
1702 2028 1866 2066 scientiis
1884 2028 1916 2076 ³¹³,
1947 2029 2015 2067 sed
2043 2028 2263 2066 immediate
2283 2042 2306 2067 a
2325 2030 2412 2067 Deo
2434 2040 2506 2080 per
2533 2035 2542 2045 ·
2560 2033 2591 2057 ⁰·
2606 2033 2661 2063 ⁶⁶³-

298 2082 425 2119 teriae.
455 2082 505 2118 Et
532 2088 719 2130 quantum
748 2082 798 2119 ad
825 2089 1048 2131 utrumque,
1083 2083 1178 2119 haec
1215 2082 1371 2119 scientia
1426 2082 1714 2119 revelationem.
1745 2083 1795 2119 Et
1812 2081 1900 2120 ideo
1929 2094 2008 2120 non
2037 2082 2174 2132 accipit
2201 2083 2250 2120 ab
2279 2083 2359 2121 aliis
2383 2082 2504 2122 scien-

300 2135 390 2172 alias
406 2135 656 2184 speculativas
677 2134 850 2172 scientias
871 2135 1029 2173 excedit.
1053 2135 1276 2173 Secundum
1292 2148 1371 2173 cer—
1426 2135 1485 2172 tiis
1521 2143 1705 2184 tanquam
1735 2147 1757 2173 a
1785 2135 2068 2184 superioribus,
2098 2135 2166 2174 sed
2194 2135 2311 2174 utitur
2339 2136 2394 2175 eis
2421 2144 2504 2176 tan»

298 2188 501 2226 titudinem
525 2188 703 2236 quidem,
733 2188 824 2236 quia
852 2189 947 2226 aliae
976 2189 1154 2226 scientiae
1184 2188 1372 2226 certitudi-
1427 2201 1544 2238 quam
1573 2188 1813 2226 inferioribus
1833 2196 1869 2226 et
1889 2189 2030 2226 ancillis
2049 2189 2087 2236 *;
2117 2189 2214 2227 sicut
2241 2189 2505 2229 architectoni-
2530 2195 2542 2207 ⁸
2557 2194 2587 2218 ὓ·
2602 2201 2650 2225 ¹¹¹³·

300 2254 391 2279 nem
419 2242 562 2279 habent
581 2254 626 2278 ex
645 2241 805 2278 naturali
825 2242 969 2278 lumine
990 2242 1145 2279 rationis
1164 2243 1371 2290 humanae,
1428 2254 1493 2279 cae
1514 2248 1527 2263 ¹
1554 2250 1712 2279 utuntur
1731 2242 2118 2290 subministrantibus,
2138 2250 2182 2280 ut
2201 2243 2320 2281 civilis
2339 2243 2502 2283 militari.
2631 2249 2648 2266 ⁸

162 2300 172 2315 ε
300 2307 399 2344 quae
418 2302 543 2344 potest
563 2307 706 2332 errare:
734 2295 830 2332 haec
850 2303 977 2332 autem
992 2301 1003 2316 ⁸
1023 2295 1287 2333 certitudinem
1307 2296 1372 2332 ha·
1427 2297 1476 2332 Et
1503 2296 1579 2332 hoc
1598 2295 1726 2345 ipsum
1745 2296 1851 2344 quod
1871 2295 1924 2333 sic
1942 2296 2059 2334 utitur
2079 2296 2144 2344 eis,
2164 2309 2244 2334 non
2273 2305 2330 2335 est
2348 2306 2505 2349 propter

300 2349 364 2386 bet
383 2361 438 2385 rex
466 2348 609 2386 lumine
634 2348 786 2386 divinae
816 2348 1008 2397 scientiae,
1029 2361 1127 2399 quae
1149 2349 1272 2399 decipi
1291 2361 1371 2386 non
1427 2349 1619 2388 defectum
1655 2349 1717 2387 vel
1752 2348 2062 2388 insufficientiam
2101 2350 2204 2398 eius,
2243 2351 2312 2389 sed
2348 2359 2505 2402 propter

299 2409 435 2451 potest.
458 2402 680 2439 Secundum
701 2400 920 2450 dignitatem
939 2414 1033 2439 vero
1054 2402 1253 2450 materiae,
1283 2402 1371 2453 quia
1427 2403 1619 2440 defectum
1640 2403 1849 2440 intellectus
1882 2403 2016 2451 nostri;
2046 2404 2112 2454 qui
2137 2416 2182 2441 ex
2201 2403 2260 2441 his
2278 2402 2291 2425 ²
2317 2417 2416 2454 quae
2434 2417 2506 2455 per
2626 2404 2646 2430 λ

299 2455 369 2492 ista
384 2455 540 2492 scientia
560 2463 616 2492 est
634 2455 886 2504 principaliter
905 2455 952 2493 de
968 2456 1026 2493 his
1040 2468 1139 2506 quae
1159 2468 1227 2493 sua
1251 2456 1372 2493 altitu·
1426 2457 1637 2494 naturalem
1658 2456 1844 2494 rationem
1859 2459 1921 2504 (ex
1941 2470 2017 2507 qua
2035 2457 2252 2507 procedunt
2268 2458 2363 2496 aliae
2383 2458 2505 2498 scien-

301 2508 388 2546 dine
418 2509 605 2546 rationem
629 2509 913 2546 transcendunt:
944 2509 1039 2546 aliae
1067 2521 1162 2547 vero
1191 2509 1371 2547 scientiae
1425 2510 1518 2557 tiae)
1557 2518 1860 2558 cognoscuntur,
1895 2511 2040 2549 facilius
2074 2511 2346 2550 manuducitur
2379 2512 2420 2551 in
2457 2525 2504 2551 ea

155 2559 170 2588 ζ
301 2562 543 2600 considerant
562 2574 608 2599 ea
627 2569 773 2599 tanturn
790 2562 803 2588 ζ
823 2574 921 2611 quae
942 2562 1078 2600 rationi
1098 2562 1324 2601 subduntur.
1425 2575 1523 2613 quae
1553 2571 1639 2601 sunt
1667 2576 1783 2613 supra
1812 2564 2022 2614 rationem,
2051 2577 2150 2614 quae
2179 2565 2218 2603 in
2247 2566 2319 2604 hac
2348 2566 2505 2605 scientia

352 2616 608 2652 practicarum
632 2627 725 2652 vero
755 2615 996 2653 scientiarum
1030 2615 1092 2653 illa
1125 2616 1273 2665 dignior
1302 2624 1369 2664 est,
1425 2617 1633 2655 traduntur.

355 2738 382 2771 α)
403 2739 526 2764 musicus.
544 2751 563 2758 —
581 2738 695 2764 musicus
714 2739 811 2771 accipit
829 2740 941 2764 codices.
1478 2740 1506 2775 η)
1520 2741 1699 2766 ordinatur.-
1714 2748 1765 2766 non
1781 2741 1927 2766 ordinatur
1941 2741 1982 2766 ed.
1993 2741 2008 2766 b
2019 2746 2044 2766 et
2055 2742 2134 2775 aliqui
2145 2742 2186 2767 alii
2199 2742 2292 2768 editi.—
2304 2743 2331 2768 ln
2341 2742 2394 2769 fine
2407 2750 2504 2778 parag..

353 2773 379 2808 β)
393 2773 622 2806 philosophorum.
639 2788 657 2793 ·-
671 2774 822 2806 ph’icorum
841 2775 871 2800 B.
888 2788 907 2794 -
925 2775 977 2799 Pro
994 2775 1144 2805 sententiis,
1167 2775 1286 2802 scientiis
1304 2776 1335 2800 Α.
1353 2789 1372 2795 -
1426 2777 1487 2802 aliis
1506 2781 1565 2801 ante
1583 2783 1642 2802 eam
1660 2776 1806 2802 ABCDEF.
2090 2807 2093 2809 ,

299 2810 350 2835 Pro
370 2813 564 2842 resperserunt,
585 2810 749 2843 referserunt
768 2810 796 2840 F,
816 2814 983 2835 reserserunt
1001 2811 1060 2840 AC.
1080 2811 1232 2837 retulerunt
1250 2811 1310 2842 BD,
1330 2818 1371 2836 re·
1479 2810 1504 2846 0)
1529 2815 1651 2838 naturae.
1669 2825 1687 2832 —·
1706 2819 1796 2837 rerum
1820 2811 1986 2844 ACEFGab;
2010 2813 2051 2846 pD
2071 2813 2156 2839 abras.
2173 2827 2193 2834 -
2215 2814 2267 2839 Pro
2290 2814 2392 2844 lumen,
2417 2815 2503 2842 Imm

293 2846 435 2880 flexerunt
454 2845 486 2874 G.
504 2846 655 2878 refecerunt
673 2846 714 2870 ed.
729 2853 755 2870 a.
768 2859 787 2865 -
798 2845 847 2870 Pro
861 2846 948 2878 prius,
958 2847 1079 2879 primum
1094 2846 1147 2878 BD,
1162 2846 1262 2879 primis
1278 2847 1371 2872 AEFG
1426 2847 1571 2873 BCDEFG.

300 2881 348 2913 pC.
359 2894 378 2899 -
393 2880 443 2905 Pro
461 2880 568 2909 saeculi,
587 2881 731 2906 saecularis
750 2880 875 2906 scientiae
893 2882 951 2906 B.-
970 2882 1036 2907 Ante
1055 2882 1291 2915 scripturarumss
1302 2882 1372 2908 addit
1481 2883 1500 2918 ι)
1520 2883 1600 2916 quod.
1617 2897 1637 2902 -
1654 2883 1732 2916 quasi
1749 2883 1872 2914 ABCFG,
1885 2884 1962 2916 quasi
1980 2884 2052 2917 quod
2071 2884 2102 2910 E.
2119 2898 2139 2904 -
2158 2884 2209 2910 Pro
2227 2892 2265 2910 ex
2279 2885 2443 2916 necessitate,
2457 2892 2503 2912 ne-

299 2923 448 2945 sacrarum,
468 2916 492 2941 G
510 2923 629 2941 suarum.
1425 2919 1542 2944 cessario
1560 2919 1652 2950 DEsC,
1670 2925 1708 2944 ex
1727 2919 1876 2944 necessario
1894 2919 1966 2951 Ape,
1985 2927 2023 2945 ex
2037 2920 2187 2946 necessaria
2201 2921 2248 2954 pB.
2266 2934 2286 2940 -
2303 2921 2355 2946 Pro
2371 2920 2503 2955 indigeat,

352 2951 380 3022 73
400 2954 529 2985 quantum
546 2951 584 2977 ad
602 2951 705 2984 aliquid
722 2951 766 2977 sit.
778 2966 798 2971 -
816 2952 877 2977 Om.
892 2953 1003 2978 codices.
1426 2954 1564 2988 indigebat
1582 2955 1611 2979 Β.

353 2986 367 3012 ὃ
399 2987 507 3012 dicitur.
524 3001 543 3006 -
561 2990 600 3012 est
618 2987 672 3019 BD,
690 2995 744 3013 om.
759 2987 788 3012 F.
1408 3003 1410 3005 ·
1479 2990 1505 3025 κ)
1525 2990 1755 3016 architectonicae.
1774 3004 1792 3009 -
1810 2990 2000 3017 architectores
2019 2991 2141 3023 ABCDE,
2159 2990 2366 3018 architectoriae
2385 2992 2426 3018 ed.
2445 2999 2472 3019 a.
2483 3006 2503 3012 -

353 3023 376 3056 ε)
397 3026 495 3048 autem.
512 3036 531 3042 -
549 3025 638 3048 autem
656 3023 767 3048 scientia
786 3023 887 3048 codices
906 3029 931 3049 et
950 3031 966 3048 a
977 3024 1000 3048 b.
1426 3026 1477 3051 Pro
1494 3026 1588 3056 civilis,
1606 3026 1672 3051 civis
1690 3026 1722 3050 Α.

353 3058 379 3092 ζ)
400 3062 512 3083 tantum.
527 3072 545 3077 —-
564 3058 625 3083 Om.
639 3058 670 3083 D.
1479 3060 1508 3095 λ)
1528 3061 1578 3087 his.
1595 3074 1615 3082 ·-
1632 3061 1670 3086 eis
1689 3061 1792 3087 codices
1812 3067 1837 3086 et
1855 3069 1871 3086 a
1882 3062 1906 3087 b.
1923 3076 1942 3081 -
1961 3062 2020 3087 Mox
2039 3062 2166 3088 scientiae
2182 3069 2237 3088 om.
2252 3062 2281 3088 C.

975 3139 1310 3173 Commentariis
1331 3140 1584 3174 cardinalis
1606 3140 1808 3174 Caietam

305 3231 471 3295 Titanus
496 3222 607 3252 clarus.
632 3240 650 3244 —
674 3221 708 3252 ln
737 3232 868 3262 corpore
899 3233 962 3253 una
988 3224 1150 3255 conclusio
1172 3225 1370 3261 bimembris,
1426 3231 1486 3261 est,
1519 3226 1608 3266 quod
1637 3226 1779 3257 continet
1810 3227 2009 3258 conditiones
2042 3227 2263 3268 speculativae..
2285 3236 2316 3260 et
2348 3229 2503 3271 practicae

364 3266 545 3306 responsiva
573 3266 716 3307 quaesito
746 3266 945 3298 affirmative:
975 3267 1067 3299 Sacra
1095 3269 1236 3300 doctrina
1260 3276 1306 3301 est
1329 3270 1373 3300 di·
1426 3269 1610 3301 formaliter.
1637 3270 1771 3302 Ratione
1803 3271 1917 3311 primi,
1942 3281 2009 3302 non
2039 3278 2086 3303 est
2115 3272 2251 3304 dubium
2275 3274 2354 3315 quin
2383 3275 2424 3307 sit
2454 3275 2501 3307 di-

301 3310 408 3350 gnior,
433 3310 608 3341 secundum
636 3310 725 3351 quod
749 3311 956 3351 speculativa,
982 3312 1131 3343 omnibus
1155 3313 1370 3354 speculativis;
1425 3314 1518 3355 gnior
1545 3314 1672 3351 ceteris,
1706 3325 1779 3346 cum
1811 3322 1950 3356 ponatur
1981 3315 2101 3347 altioris
2132 3317 2261 3349 ordinis.
2297 3318 2359 3350 Sed
2392 3319 2502 3361 quoad

303 3362 333 3385 et
352 3355 527 3385 secundum
551 3355 641 3396 quod
664 3355 815 3395 practica,
841 3355 991 3387 omnibus
1014 3357 1167 3397 practicis.
1426 3358 1603 3389 secundum
1627 3366 1750 3400 poterat
1781 3359 1935 3391 dubitari:
1967 3367 1999 3392 et
2029 3367 2211 3402 propterea,
2243 3363 2316 3395 licet
2342 3363 2376 3394 in
2405 3363 2500 3396 titulo

363 3398 400 3428 11.
425 3401 606 3439 Antequam
630 3399 781 3439 probetur
805 3400 978 3437 conclusio,
996 3401 1120 3432 adverte
1135 3411 1232 3443 quare
1248 3402 1280 3433 in
1297 3411 1371 3434 con·
1426 3402 1520 3434 fuerit
1550 3403 1731 3444 quaesitum
1760 3403 1923 3440 absolute,
1952 3404 1986 3435 in
2015 3406 2224 3446 responsione
2253 3407 2426 3439 deventum
2453 3414 2500 3439 est

304 3442 445 3473 elusione
469 3450 628 3482 ponantur
651 3443 721 3474 illae
749 3443 1017 3484 specificationes,
1048 3445 1164 3477 scilicet
1195 3446 1369 3478 secundum
1425 3447 1465 3477 ad
1488 3447 1521 3477 id
1545 3448 1634 3488 quod
1658 3454 1781 3488 poterat
1809 3448 1869 3478 sub
1897 3448 1996 3479 dubio
2021 3450 2149 3487 cadere;
2175 3458 2206 3482 et
2233 3461 2425 3493 responsum
2453 3458 2501 3483 est

304 3487 388 3527 quod
406 3488 613 3527 speculativa,
632 3488 807 3519 secundum
831 3489 916 3529 quod
933 3491 1089 3529 practica.
1114 3491 1188 3521 Non
1205 3490 1291 3522 enirn
1307 3490 1370 3522 fru-
1425 3491 1514 3532 quod
1538 3491 1622 3532 ipsa,
1648 3492 1841 3533 inquantum
1865 3493 2073 3533 speculativa,
2106 3502 2152 3526 est
2184 3495 2310 3537 dignior
2333 3495 2500 3537 speculati-

65 3533 73 3541 ·
92 3533 128 3555 Cf·
150 3536 275 3554 comment.
305 3537 366 3561 stra
382 3531 443 3561 hoc
459 3538 565 3562 actum
582 3538 638 3562 est.
663 3532 746 3567 Sed,·
760 3539 795 3563 ut
811 3542 847 3563 ex
863 3533 1061 3573 praecedenti
1085 3535 1218 3566 articulo
1234 3534 1251 3554 *
1274 3542 1368 3575 patet,
1425 3535 1485 3572 vis,
1511 3542 1542 3566 et
1563 3535 1756 3577 inquantum
1779 3536 1925 3577 practica,
1951 3538 2113 3578 practicis;
2139 3540 2260 3572 omisso
2283 3540 2340 3572 illo
2363 3540 2499 3582 liquido,

65 3566 172 3582 ‘'¹¹¹¹''vn
188 3565 223 3586 ’ς’
305 3574 362 3605 ista
379 3575 521 3606 doctrina
534 3575 627 3606 habet
647 3576 678 3606 in
695 3586 726 3607 se
744 3577 823 3608 duo:
844 3577 985 3618 primum
1002 3585 1057 3614 est,
1073 3579 1161 3620 quod
1177 3586 1224 3611 est
1243 3579 1371 3611 scientia
1424 3579 1515 3620 quod
1543 3580 1687 3612 absolute
1717 3587 1763 3612 est
1791 3580 1940 3612 omniurn
1969 3582 2168 3623 dignissima,
2200 3584 2276 3627 quia
2306 3584 2425 3616 altioris
2449 3594 2500 3615 or·

306 3618 424 3650 altioris
455 3619 573 3650 ordinis
603 3630 700 3661 quarn
729 3620 790 3652 sint
818 3621 963 3653 scientiae
996 3622 1161 3664 physicae;
1194 3624 1371 3655 secundum
1427 3623 1518 3655 dinis.
