2768 4178
18 1997 34 2010 ⁴
46 1995 115 2020 Vm.
123 2002 161 2019 w.

20 2048 32 2060 ‘¹
48 2048 85 2072 Ex
93 2048 235 2081 Cpmmwto

21 2075 235 2125 fflffmbssl?

0 2753 3 2771 ,
24 2741 36 2751 ·
50 2739 120 2763 Vei-⁸.
132 2746 169 2769 37.

49 3325 240 3348 S.Th.lect.xiv.

29 3362 42 3369 ·
61 3351 115 3375 md.
135 3353 176 3374 lib.
195 3353 229 3374 1v

29 3383 82 3407 etp.
91 3385 133 3406 ιιι,
143 3385 167 3402 n.
175 3385 198 3407 9,
208 3369 242 3402 ια’.

945 277 1211 324 QUAESTIO
1240 278 1366 325 XXV,
1396 278 1690 315 ARTICULUS
1722 279 1770 314 III

2375 279 2448 326 293

945 373 1276 406 Commentaria
1299 372 1549 406 Cardinalis
1571 373 1772 406 Caietam

299 472 319 492 N
338 462 442 498 titulo,
458 461 491 502 ly
511 461 635 502 infinita
659 460 811 501 significat
833 459 1021 490 infinitatem
1044 460 1242 490 intensivam.
1259 478 1279 482 -
1296 459 1331 489 In

272 473 432 546 Icorpore
445 506 537 536 unica
552 512 598 536 est
614 505 787 540 conclusio,
800 504 984 544 responsiva
999 504 1039 533 ad
1055 504 1235 544 quaesitum
1251 503 1330 534 affir-

269 550 400 580 mative:
424 550 569 580 Potentia
592 549 651 580 Dei
674 555 720 579 est
735 547 866 579 infinita.
884 566 903 570 —
917 548 1082 578 Probatur.
1107 548 1183 577 Esse
1207 548 1266 578 Dei
1286 554 1332 578 est

268 593 443 624 infinitum:
461 603 535 633 ergo
552 593 651 624 activa
668 592 808 633 potentia
819 591 878 622 Dei
894 597 940 621 est
955 590 1085 622 infinita.
1100 609 1118 614 -
1135 592 1331 622 Antecedens

268 644 355 677 patet
377 648 414 668 ex
437 647 490 678 qu.
507 647 560 667 vn.
584 654 605 659 -
628 635 864 676 Consequentia
892 635 1061 675 probatur:
1086 635 1160 676 quia
1189 635 1330 676 potentia

269 682 368 712 activa
382 682 452 712 Deo
465 680 611 712 convenit
626 680 802 710 secundum
817 679 905 720 quod
918 679 1007 709 estin
1021 686 1102 715 actu,
1115 679 1204 715 idest,
1219 679 1330 709 funda-

1386 460 1507 491 titatem
1522 468 1618 492 actus.
1639 462 1737 499 Quod
1756 462 1907 502 probatur
1922 471 1958 492 ex
1972 462 2024 492 ina
2041 462 2220 493 universali:
2246 458 2375 500 Quanto
2392 463 2447 494 ali-

1386 505 1474 545 quod
1489 515 1584 545 agens
1600 512 1646 536 est
1661 506 1828 546 perfectius
1844 506 1877 536 in
1897 505 1999 536 forma
2014 516 2076 546 qua
2093 507 2165 547 agit,
2182 513 2270 537 tanto
2286 507 2387 538 maior
2401 515 2448 539 est

1385 549 1526 588 potentia
1545 549 1621 585 eius,
1636 556 1670 580 ut
1686 556 1772 589 patet
1790 550 1822 579 in
1840 549 2029 586 calefactivo‚
2047 557 2104 581 etc.
2119 569 2139 573 —
2155 551 2271 582 Littera
2289 558 2336 582 est
2355 551 2445 583 clara.

1444 593 1481 622 ΙΙ.
1506 593 1540 622 In
1564 593 1769 633 responsione
1793 594 1832 623 ad
1855 593 1992 630 tertium,
2008 594 2107 625 multa
2131 594 2262 625 dicenda
2285 602 2387 626 essent
2407 596 2446 626 de

1386 635 1537 666 infinitate
1560 637 1718 676 potentiae
1742 637 1889 673 motivae,
1914 647 1995 678 quae
2018 638 2139 678 prolixa
2160 639 2250 669 valde
2267 646 2349 675 sunt,
2368 646 2399 670 et
2413 639 2446 669 in

1386 679 1522 719 speciali,
1546 691 1644 721 quam
1668 681 1705 711 de
1728 681 1790 712 hoc
1808 681 1951 717 fecimus,
1969 682 2152 722 quaestione
2167 682 2185 701 *
2208 682 2346 713 discussa
2361 689 2445 714 sunt.

268 732 320 756 tur
335 725 507 765 supereius
522 731 607 760 actu;
623 731 654 755 et
669 723 825 764 quantitas
840 723 1000 763 potentiae
1017 723 1221 763 consequitur
1235 733 1332 763 quan·
1357 722 1360 762 Ι
1386 724 1492 760 Quare
1511 734 1569 764 pro
1590 734 1674 755 nunc
1692 725 1920 756 transeundum
1939 732 2029 765 puto.

1070 868 1386 910 ARTICULUS
1415 869 1642 910 TERTIUS

925 952 1112 983 UTRUM
1143 951 1282 982 Deus
1315 951 1398 982 slT
1430 951 1782 983 OMNIPOTENS

338 1031 414 1056 Parte
432 1031 472 1060 ΙΙΙ,
487 1038 533 1063 qu.
545 1038 599 1062 xm,
614 1035 662 1055 art.
680 1038 687 1054 1
700 1038 706 1061 3
726 1030 735 1054 Ι
755 1030 838 1059 Sent„
854 1030 913 1054 dist.
927 1037 987 1059 xm,
1001 1038 1045 1062 qu.
1059 1037 1087 1059 11,
1102 1034 1148 1053 art.
1164 1037 1193 1060 23
1213 1029 1253 1058 III,
1269 1029 1326 1053 dist.
1341 1036 1359 1059 1,
1374 1036 1419 1061 qu.
1433 1037 1460 1058 ιι,
1474 1034 1520 1053 art.
1537 1029 1564 1060 33
1584 1029 1604 1053 II
1626 1030 1702 1054 Cont.
1719 1031 1806 1058 Gent„
1823 1038 1877 1062 cap.
1890 1038 1950 1060 1¹11,
1968 1038 2031 1061 xxv5
2053 1032 2094 1056 De
2112 1032 2180 1060 Por„
2197 1040 2240 1064 qu.
2252 1040 2269 1061 1,
2283 1038 2330 1057 art.
2343 1040 2388 1065 73⁷

669 1074 713 1098 qu.
726 1073 750 1095 v,
765 1070 812 1091 art.
827 1065 856 1096 3;
878 1065 974 1095 Quodl.
989 1065 1027 1094 Ill,
1043 1072 1086 1097 qu.
1099 1072 1116 1095 1,
1131 1070 1177 1089 art.
1196 1071 1221 1094 1;
1241 1065 1272 1095 V,
1286 1072 1330 1096 qu.
1343 1071 1369 1093 ιι,
1386 1069 1431 1088 art.
1450 1072 1475 1095 1;
1495 1065 1547 1093 ΧΙΙ,
1562 1072 1607 1097 qu.
1621 1071 1648 1094 11,
1664 1069 1710 1089 art.
1728 1072 1755 1095 ις
1775 1065 1808 1090 VI
1829 1066 1925 1094 Ethic„
1939 1067 1996 1090 lect.
2010 1073 2038 1091 11.

305 1162 361 1193 sy
388 1165 457 1210 sa(
478 1159 501 1183 D
529 1158 688 1183 TER-rium
716 1158 769 1182 Sic
788 1157 1027 1182 PROCEDITUR.
1047 1144 1207 1181 Videtur
1225 1144 1330 1191 quod

449 1211 459 1242 j
478 1201 584 1236 Deus
605 1211 683 1236 non
711 1199 757 1236 sit
776 1198 1031 1247 omnipotens.
1054 1196 1204 1234 Moveri
1226 1196 1328 1233 enim

285 1252 333 1297 ’,,
371 1266 407 1304 Ε
428 1254 516 1291 (et
550 1252 628 1301 pati
659 1252 801 1301 aliquid
838 1251 1013 1288 omnium
1049 1258 1114 1287 est.
1145 1249 1223 1286 Sed
1255 1250 1330 1285 hoc

326 1318 335 1328 =-
359 1294 584 1342 ’ΨΧΒειιε
613 1317 691 1342 non
719 1311 864 1354 potest:
895 1311 950 1340 est
978 1303 1080 1340 enirn
1109 1301 1328 1349 immobilis,

191 1369 236 1392 -³³
264 1365 306 1396 ut
332 1371 447 1407 supra
466 1358 486 1380 '¹‘
505 1358 646 1395 dictum
668 1365 733 1394 est.
755 1358 846 1394 Non
866 1356 975 1404 igitur
995 1363 1051 1392 est
1070 1355 1328 1403 omnipotens,

318 1422 354 1448 2.
375 1413 617 1458 PRAETEREA,
646 1422 804 1459 peccare
833 1409 974 1457 aliquid
1013 1421 1124 1456 agere
1157 1415 1223 1445 est.
1252 1407 1328 1444 Sed

264 1465 370 1503 Deus
396 1476 476 1502 non
493 1470 618 1512 potest
644 1475 816 1512 peccare,
837 1475 961 1511 neque
989 1462 1150 1510 seipsum
1174 1473 1328 1510 negare,

263 1523 305 1554 ut
332 1516 466 1554 dicitur
493 1518 526 1554 II
550 1516 645 1553 Tim.
667 1528 689 1552 11
707 1515 738 1552 ²⁸.
760 1517 862 1563 Ergo
882 1517 988 1552 Deus
1016 1527 1094 1552 non
1119 1521 1173 1551 est
1206 1514 1328 1550 omni-

262 1576 410 1618 potens.

317 1623 352 1660 3.
374 1623 606 1668 PRAETEREA,
628 1621 675 1658 de
704 1622 789 1657 Deo
818 1621 950 1658 dicitur
972 1620 993 1642 '¹‘
1025 1620 1131 1668 quod
1159 1620 1326 1668 omnipo-

261 1675 414 1713 tentiam
432 1686 542 1712 suam
556 1675 750 1723 parcendo
774 1675 944 1711 maxime
961 1680 998 1710 et
1014 1673 1228 1710 miserando
1247 1685 1328 1710 ma-

262 1728 421 1777 nifestat.
455 1727 638 1765 Ultimum
670 1728 780 1775 igitur
812 1728 918 1776 quod
945 1734 1070 1776 potest
1103 1726 1232 1764 divina
1260 1738 1328 1775 po-

260 1781 389 1829 tentia,
411 1787 467 1818 est
492 1792 650 1829 parcere
674 1788 711 1817 et
729 1780 910 1817 misereri.
940 1779 1095 1829 Aliquid
1124 1787 1252 1816 autem
1273 1787 1329 1816 est

260 1835 381 1872 multo
419 1833 543 1870 maius
581 1845 698 1882 quam
735 1845 891 1882 parcere
930 1841 966 1870 et
1001 1833 1194 1879 misereri;
1232 1832 1327 1869 sicut

262 1898 391 1924 creare
428 1886 545 1923 alium
578 1886 787 1933 mundum,
822 1886 884 1923 vel
920 1886 1059 1934 aliquid
1092 1885 1325 1923 huiusmodi.

261 1940 365 1988 Ergo
397 1940 504 1976 Deus
531 1951 609 1976 non
638 1947 694 1976 est
721 1939 974 1987 omnipotens.

314 2004 352 2039 4.
391 1993 632 2039 PRAETEREA,
662 2005 775 2040 super
802 1992 893 2029 illud
923 1991 1147 2037 I.Cor.1*,
1176 1991 1325 2028 stultam

250 2045 350 2094 fecit
366 2046 470 2082 Deus
496 2045 716 2093 sapientiam
736 2045 846 2082 huius
864 2045 1006 2091 mundi,
1028 2044 1114 2081 dicit
1134 2044 1269 2081 Glossa
1288 2043 1324 2080 *ε

260 2098 482 2147 sapientiam
501 2099 611 2134 huius
638 2099 771 2135 mundi
779 2098 878 2146 fecit
904 2099 1008 2135 Deus
1025 2098 1187 2143 stultam,
1207 2103 1326 2134 osten-

261 2151 381 2188 dendo
405 2150 592 2199 possibile,
615 2152 716 2199 quod
741 2151 805 2188 illa
824 2157 841 2172 ‘²‘
874 2150 1098 2199 impossibile
1125 2150 1324 2187 iudicabat.

261 2205 373 2242 Unde
399 2203 550 2241 videtur
585 2205 690 2251 quod
719 2216 798 2241 non
827 2204 873 2240 sit
900 2203 1040 2251 aliquid
1078 2203 1325 2240 iudicandum

260 2256 440 2307 possibile
458 2257 521 2294 vel
540 2257 772 2305 impossibile
791 2256 1003 2293 secundum
1023 2256 1219 2292 inferiores
1240 2268 1326 2292 cau-

262 2323 334 2357 sas,
358 2317 473 2359 prout
501 2310 683 2358 sapientia
720 2309 832 2346 huius
859 2308 877 2338 β
905 2308 1040 2346 mundi
1067 2308 1229 2355 iudicat;
1259 2308 1326 2345 sed

261 2363 476 2402 secundum
503 2362 712 2412 potentiam
743 2362 924 2400 divinam.
947 2362 988 2399 Si
1014 2361 1125 2410 igitur
1152 2363 1258 2399 Deus
1282 2361 1328 2398 sit

262 2416 528 2465 omnipotens,
558 2416 690 2453 omnia
727 2423 837 2453 erunt
868 2415 1073 2464 possibilia.
1103 2415 1207 2451 Nihil
1237 2427 1326 2462 ergo

261 2469 510 2519 impossibile.
550 2470 708 2506 Sublato
743 2477 871 2506 autem
909 2468 1152 2517 impossibili,
1186 2468 1326 2504 tollitur

262 2522 536 2560 necessarium:
566 2534 658 2559 nam
687 2523 792 2570 quod
820 2534 975 2559 necesse
996 2529 1052 2558 est
1071 2534 1164 2568 esse,
1185 2521 1327 2569 impos-

263 2575 368 2613 sibile
398 2583 454 2612 est
481 2587 559 2612 non
589 2587 682 2612 esse.
718 2575 822 2612 Nihil
854 2587 944 2623 ergo
973 2574 1042 2611 erit
1069 2574 1327 2611 necessarium

263 2629 303 2666 in
330 2629 455 2674 rebus,
477 2628 508 2664 si
526 2629 632 2664 Deus
660 2635 716 2664 est
735 2628 989 2676 omnipotens.
1020 2628 1107 2664 Hoc
1126 2635 1253 2664 autem
1273 2636 1328 2664 est

264 2677 511 2730 impossibile.
542 2681 644 2728 Ergo
673 2682 778 2718 Deus
806 2693 884 2717 non
914 2688 970 2717 est
997 2680 1237 2729 omnipotens
1257 2686 1282 2717 ⁷.

319 2735 394 2771 SED
423 2745 569 2770 CONTRA
596 2731 662 2770 EST
681 2734 786 2782 quod
805 2734 939 2771 dicitur
958 2735 1051 2770 Luc.
1068 2746 1079 2770 1
1097 2733 1135 2771 *t
1165 2746 1240 2771 non
1260 2734 1331 2770 erit

266 2786 490 2836 impossihile
517 2788 619 2835 apud
644 2788 770 2823 Deum
799 2799 910 2824 omne
936 2787 1105 2824 verbum.

318 2841 544 2877 RESPONDEO
573 2851 757 2877 DICENDUM
784 2839 890 2888 quod
923 2839 1178 2877 communiter
1210 2839 1328 2876 confi-

264 2900 390 2931 tentur
413 2904 549 2930 omnes
577 2894 706 2930 Deum
726 2905 808 2930 esse
837 2892 1154 2942 omnipotentem.
1176 2892 1253 2929 Sed
1273 2904 1330 2928 ra-

265 2943 409 2985 tionem
437 2946 736 2994 omnipotentiae
765 2946 955 2994 assignare
982 2946 1134 2983 videtur
1165 2945 1327 2982 difficile.

265 2999 437 3037 Dubium
467 2999 568 3036 enim
597 3006 722 3047 potest
750 3011 832 3036 esse
856 2999 947 3048 quid
982 2998 1331 3047 comprehendatur

266 3053 336 3089 sub
364 3052 434 3089 ista
463 3052 744 3099 distributione,
775 3064 863 3088 cum
898 3052 1031 3089 dicitur
1060 3051 1189 3088 omnia
1215 3063 1330 3100 posse

266 3106 407 3142 Deum.
429 3105 508 3142 Sed
535 3105 566 3142 si
593 3105 676 3154 quis
705 3112 805 3142 recte
834 3105 1058 3152 consideret,
1080 3117 1169 3142 cum
1195 3112 1329 3153 poten-

266 3157 318 3195 tia
346 3157 491 3195 dicatur
517 3158 567 3195 ad
593 3158 907 3207 possibilia,1cum
935 3159 1041 3195 Deus
1060 3157 1190 3194 omnia
1216 3170 1331 3207 posse

269 3210 414 3257 dicitur,
435 3210 526 3248 nihil
545 3211 680 3248 rectius
708 3211 922 3259 intelligitur
939 3224 1054 3260 quam
1085 3211 1190 3260 quod
1212 3210 1332 3259 possit

270 3263 401 3306 omnia
427 3263 630 3312 possibilia,
651 3272 688 3301 et
714 3265 765 3301 ob
793 3265 868 3301 hoc
896 3264 1139 3313 omnipotens
1173 3264 1329 3301 dicatur.

320 3316 499 3354 Possibile
534 3324 662 3354 autem
700 3317 833 3355 dicitur
869 3317 1085 3366 dupliciter,
1115 3316 1331 3354 'secundum

269 3369 557 3417 Philosophum,
591 3369 629 3406 in
660 3370 696 3407 V
713 3371 929 3419 Metaphys.
946 3370 966 3392 *
984 3370 1071 3407 Uno
1101 3370 1233 3417 modo,
1262 3382 1331 3419 per

324 3482 352 3514 α)
372 3482 427 3507 illa.
444 3495 463 3500 -
481 3481 525 3506 ille
542 3481 729 3514 ABDEFGpC.

323 3516 348 3550 β)
367 3517 453 3542 huius.
471 3531 490 3535 -
507 3517 569 3542 Om.
583 3517 705 3542 ABCDE.

322 3554 350 3596 Ι)
370 3552 428 3577 Hoc
445 3555 565 3606 autem...
583 3552 795 3612 ¹omm‘gotinzhd—
812 3553 874 3613 Sibn.
892 3554 1014 3579 ABCDE.

322 3588 348 3656 3
361 3590 494 3655 ssgigftttia.
510 3587 740 3655 fogziiggten‘ifa
759 3606 864 3648 codices
880 3629 906 3649 et
922 3631 940 3649 a
950 3625 973 3649 b.

1385 1150 1598 1191 respectum
1619 1143 1668 1180 ad
1688 1144 1855 1191 aliquam
1873 1145 2100 1193 potentiam:
2120 1145 2215 1182 sicut
2233 1147 2337 1194 quod
2357 1148 2444 1183 sub-

1385 1195 1484 1232 ditur
1501 1197 1692 1233 humanae
1711 1198 1916 1245 potentiae,
1937 1198 2069 1234 dicitur
2088 1210 2169 1235 esse
2188 1200 2362 1247 possibile
2379 1201 2444 1236 ho-

1384 1248 1487 1285 mini.
1518 1249 1609 1285 Non
1638 1257 1766 1286 autern
1791 1258 1916 1298 potest
1944 1251 2016 1287 dici
2049 1252 2155 1299 quod
2174 1252 2279 1288 Deus
2299 1252 2444 1289 dicatur

1385 1301 1637 1349 omnipotens,
1659 1302 1747 1350 quia
1774 1310 1898 1351 potest
1918 1301 1932 1324 δ
1960 1304 2089 1340 omnia
2117 1316 2214 1352 quae
2243 1313 2330 1341 sunt
2356 1318 2459 1354 pos-‚

1384 1353 1504 1390 sibilia
1532 1362 1688 1391 naturae
1718 1363 1882 1392 creatae:
1910 1356 1999 1405 quia
2028 1356 2155 1393 divina
2182 1358 2350 1405 potentia
2368 1364 2379 1378 ²
2407 1359 2445 1395 in

1383 1407 1491 1455 plura
1511 1407 1733 1445 extenditur.
1755 1409 1795 1445 Si
1816 1416 1944 1445 autem
1964 1409 2108 1446 dicatur
2127 1411 2232 1458 quod
2251 1412 2356 1447 Deus
2371 1411 2416 1447 sit
2430 1411 2445 1437 ’ὅ

1384 1461 1639 1508 omnipotens,
1662 1460 1751 1508 quia
1778 1469 1902 1510 potest
1931 1462 2059 1498 omnia
2087 1475 2185 1511 quae
2213 1471 2299 1500 sunt
2325 1464 2445 1513 possi-

1383 1512 1471 1550 bilia
1499 1526 1590 1550 suae
1618 1514 1821 1562 potentiae,
1843 1514 1911 1551 erit
1940 1515 2129 1552 circulatio
2157 1516 2195 1552 in
2227 1517 2443 1554 manifesta-

1382 1566 1485 1603 tione
1524 1567 1842 1615 omnipotentiae:
1876 1569 1951 1604 hoc
1985 1569 2088 1605 enim
2126 1581 2204 1606 non
2240 1570 2307 1606 erit
2342 1570 2444 1607 aliud

1383 1632 1500 1668 quam
1531 1619 1655 1656 dicere
1693 1620 1797 1668 quod
1825 1622 1930 1657 Deus
1968 1629 2024 1658 est
2060 1622 2324 1671 omnipotens,
2355 1623 2444 1670 quia

1381 1680 1506 1723 potest
1525 1672 1655 1709 omnia
1675 1685 1774 1720 quae
1794 1681 1928 1722 potest.
1958 1674 2195 1723 Relinquitur
2213 1675 2321 1723 igitur
2340 1677 2444 1724 quod

1382 1726 1487 1762 Deus
1509 1725 1652 1762 dicatur
1671 1726 1927 1774 omnipotens,
1952 1727 2041 1776 quia
2064 1735 2189 1776 potest
2207 1730 2334 1765 omnia
2357 1740 2444 1777 pos-

1380 1779 1502 1815 sibilia
1536 1779 1721 1825 absolute,
1756 1780 1862 1827 quod
1895 1787 1952 1817 est
1983 1781 2075 1817 alter
2115 1781 2255 1818 modus
2293 1781 2442 1818 dicendi

1376 1832 1562 1879 possibile.
1591 1831 1738 1869 Dicitur
1765 1840 1893 1870 autem
1918 1833 2058 1882 aliquid
2085 1834 2264 1882 possibile
2292 1835 2354 1872 vel
2373 1834 2443 1871 im-

1380 1884 1560 1932 possibile
1583 1893 1597 1916 ⁷¹
1626 1885 1817 1931 absolute,
1848 1898 1893 1922 ex
1920 1887 2140 1923 habitudine
2173 1887 2440 1925 terminorum:

1381 1938 1558 1986 possibile
1588 1938 1742 1986 quidem
1770 1936 1794 1986 ⁰,
1825 1939 1912 1986 quia
1938 1940 2197 1987 praedicatum
2226 1952 2305 1977 non
2332 1952 2442 1989 repu-

1381 1998 1470 2038 gnat
1501 1990 1683 2038 subiecto,
1719 1998 1758 2027 ut
1792 1992 1989 2028 Socratem
2022 1992 2175 2039 sedere3
2209 1993 2440 2042 impossibile

1380 2055 1473 2080 vero
1503 2044 1688 2091 absolute,
1709 2044 1797 2092 quia
1820 2044 2079 2092 praedicatum
2105 2054 2289 2095 repugnat
2316 2047 2441 2083 subie-

1382 2104 1454 2142 cto,
1475 2104 1516 2133 ut
1543 2097 1740 2134 hominem
1770 2109 1851 2133 esse
1880 2098 2040 2135 asinum.

1434 2150 1502 2186 Est
1530 2157 1658 2186 autem
1688 2150 2008 2187 considerandum
2035 2151 2158 2199 quod,
2188 2164 2276 2188 cum
2305 2164 2441 2188 unum-

1380 2203 1560 2250 quodque
1581 2215 1696 2250 agens
1724 2211 1808 2250 agat
1831 2204 1901 2239 sibi
1923 2204 2056 2250 simile,
2075 2204 2280 2252 unicuique
2309 2212 2441 2253 poten-

1379 2255 1450 2291 tiae
1480 2255 1626 2292 activae
1664 2256 1934 2304 correspondet
1970 2257 2148 2305 possibile
2176 2264 2217 2293 ut
2250 2258 2441 2294 obiectum

1380 2307 1590 2357 proprium,
1621 2309 1832 2346 secundum
1853 2309 2038 2346 rationem
2058 2310 2153 2346 illius
2182 2317 2286 2347 actus
2306 2310 2343 2347 in
2363 2323 2440 2359 quo

1381 2361 1561 2400 fundatur
1576 2362 1745 2410 potentia
1765 2362 1904 2399 activa:
1926 2362 2021 2399 sicut
2039 2363 2207 2411 potentia
2227 2364 2443 2400 calefactiva

1382 2415 1549 2461 refertur,
1569 2422 1611 2451 ut
1637 2414 1687 2451 ad
1715 2415 1911 2463 proprium
1945 2416 2148 2463 obiectum,
2169 2416 2218 2453 ad
2247 2429 2327 2452 esse
2346 2423 2354 2437 ⁴
2383 2429 2442 2453 ca—

1381 2467 1591 2504 lefactibile.
1613 2469 1707 2504 Esse
1728 2476 1853 2504 autem
1875 2468 2059 2515 divinum,
2081 2481 2195 2517 super
2217 2470 2321 2516 quod
2347 2469 2441 2506 ratio

1383 2521 1532 2558 divinae
1550 2520 1742 2569 potentiae
1761 2522 1948 2568 fundatur,
1971 2529 2025 2558 est
2045 2534 2127 2558 esse
2146 2522 2347 2570 infinitum,
2364 2535 2443 2559 non

1382 2574 1582 2610 limitatum
1612 2573 1660 2610 ad
1679 2573 1834 2621 aliquod
1854 2586 1972 2621 genus
1993 2574 2098 2622 entis,
2119 2575 2186 2611 sed
2204 2576 2442 2623 praehabens

1382 2627 1420 2664 in
1453 2639 1493 2663 se
1531 2626 1644 2663 totius
1683 2639 1763 2663 esse
1800 2627 2084 2675 perfectionem.
2113 2627 2224 2665 Unde
2257 2628 2443 2677 quidquid

1382 2687 1506 2729 potest
1523 2679 1665 2716 habere
1686 2679 1870 2716 rationem
1900 2680 2005 2727 entis,
2027 2680 2239 2718 continetur
2267 2682 2336 2718 sub
2357 2694 2444 2730 pos-

1383 2733 1551 2770 sibilibus
1581 2732 1772 2779 absolutis,
1794 2740 1966 2781 respectu
1985 2745 2150 2782 quorum
2179 2735 2284 2771 Deus
2313 2734 2444 2772 dicitur

1383 2786 1638 2835 omnipotens.

1435 2839 1540 2876 Nihil
1569 2845 1697 2875 autem
1726 2838 1931 2887 opponitur
1964 2839 2099 2876 rationi
2127 2839 2242 2887 entis,
2269 2840 2338 2877 nisi
2366 2853 2444 2877 non

1385 2905 1462 2929 ens.
1484 2893 1570 2928 Hoc
1597 2891 1707 2939 igitur
1734 2899 1919 2940 repugnat
1952 2893 2085 2930 rationi
2118 2893 2305 2941 possibilis
2334 2894 2444 2930 abso-

1383 2945 1460 2991 luti,
1481 2944 1586 2994 quod
1614 2944 1787 2981 subditur
1815 2945 1967 2982 divinae
1995 2945 2312 2994 omnipotentiae,
2339 2946 2444 2994 quod

1385 2998 1553 3047 implicat
1579 2998 1618 3033 in
1646 3010 1686 3034 se
1707 3009 1789 3034 esse
1819 3005 1854 3034 et
1882 3011 1960 3036 non
1981 3011 2062 3035 esse
2092 2999 2214 3036 simul.
2237 3000 2322 3035 Hoc
2342 2999 2443 3036 enirn

1385 3050 1683 3100 omnipotentiae
1712 3063 1790 3087 non
1828 3051 2020 3099 subditur,
2051 3064 2129 3089 non
2156 3059 2311 3101 propter
2345 3052 2445 3089 defe-

1386 3112 1488 3141 ctum
1518 3103 1668 3141 divinae
1695 3103 1905 3152 potentiae;
1931 3105 1998 3142 sed
2018 3105 2104 3154 quia
2123 3117 2202 3142 non
2229 3112 2352 3153 potest
2379 3106 2445 3142 ha-

1386 3159 1476 3194 bere
1511 3157 1697 3194 rationem
1725 3157 1894 3195 factibilis
1923 3170 2048 3205 neque
2079 3158 2278 3206 possibilis.
2318 3158 2444 3204 Quae-

1387 3222 1550 3258 cumque
1569 3210 1681 3257 igitur
1699 3210 2035 3248 contradictionem
2055 3223 2133 3248 non
2147 3211 2352 3260 implicant,
2374 3211 2446 3248 sub

1385 3264 1454 3300 illis
1473 3263 1715 3312 possibilibus
1735 3264 1986 3311 continentur,
2008 3271 2180 3313 respectu
2205 3276 2371 3313 quorum
2392 3264 2445 3301 di-

1387 3317 1480 3353 citur
1507 3317 1612 3352 Deus
1641 3316 1894 3365 omnipotens.
1929 3318 1986 3354 Ea
2013 3329 2107 3354 vero
2133 3329 2230 3365 quae
2259 3317 2444 3355 contradi-

1387 3370 1550 3407 ctionem
1570 3375 1583 3389 *
1603 3368 1809 3417 implicant,
1831 3370 1901 3406 sub
1923 3369 2050 3407 divina
2074 3369 2347 3419 omnipotentia
2366 3383 2445 3408 non

1439 3484 1464 3516 ζ)
1483 3485 1526 3508 sit.
1544 3497 1563 3503 —
1580 3484 1680 3508 dicitur
1698 3484 1808 3509 codices.

1441 3520 1467 3551 η)
1488 3519 1528 3544 vel
1546 3519 1713 3550 impossibile.
1730 3533 1748 3537 —
1767 3519 1828 3544 Om.
1848 3520 1892 3543 sA.

1441 3553 1464 3586 0)
1480 3554 1606 3585 possibile
1621 3554 1736 3586 quidem.
1748 3567 1766 3572 -
1779 3554 1839 3578 Om.
1854 3555 1954 3579 codices
1968 3559 1993 3579 et
2006 3555 2047 3580 ed.
2062 3555 2084 3584 b,
2096 3555 2220 3587 possibile
2232 3555 2351 3581 absolute
2366 3557 2405 3582 ed.
2419 3564 2446 3582 a.

1442 3590 1459 3621 ι)
1479 3596 1542 3614 esse.
1560 3603 1578 3607 -
1596 3596 1673 3614 omne
1691 3590 1791 3614 codices
1811 3594 1836 3613 et
1854 3589 1904 3613 ab.

1442 3625 1467 3657 κ)
1488 3631 1539 3649 non
1559 3624 1726 3656 implicant...
1749 3624 1994 3649 contradictionem.
2011 3639 2030 3643 -
2048 3625 2109 3650 Om.
2129 3625 2238 3650 codices.

2473 631 2481 639 ·
2495 630 2540 661 ¹De
2562 630 2608 652 Dea·
2626 631 2684 662 1ffl“

2472 658 2548 677 nitate
2567 657 2683 679 intensiva

2473 683 2569 709 (opusc.
2593 683 2665 705 Caiet.
2676 700 2682 711 ,

2472 709 2527 761 ΧῨΙ.
2542 709 2586 736 n1,
2605 709 2683 732 Tract.
