2768 4178
2 258 21 351 axz-³25·
5 239 12 253 ν
8 205 17 234 <na-

0 412 14 497 ἥψω,
1 376 14 391 2¹,
3 356 7 363 ·=

64 385 274 408 'S.Th.lect.xxni.

162 440 179 465 Υ

160 592 175 617 0}

982 303 1251 349 QUAESTIO
1281 304 1406 351 xxii,
1436 305 1733 342 ARTlcutus
1764 307 1815 343 iv

302 379 348 415 de
375 379 463 416 Div.
483 380 601 417 Nom.
622 379 653 427 ²¹⁶,
684 380 789 429 quod
817 392 1062 429 corrumpere
1090 388 1267 419 naturam
1296 395 1370 420 non

302 438 356 468 est
378 437 392 459 ⁷
414 433 686 481 providentiae.
717 434 804 469 Hoc
832 440 961 470 autem
989 435 1104 471 habet
1132 436 1371 484 quarundam

303 498 431 522 rerum
450 494 597 533 natura⁷
619 486 725 534 quod
745 486 818 523 sint
847 486 1112 534 contingentia.
1143 489 1235 525 Non
1262 489 1373 537 igitur

302 538 431 575 divina
464 538 707 588 providentia
745 539 1010 576 necessitatem
1039 542 1152 578 rebus
1188 542 1371 592 imponit,

303 592 602 640 contingentiam
623 589 636 613 ὅ
666 592 882 629 excludens.

355 646 581 682 Rasronneo
610 657 794 682 DICENDUM
822 646 928 694 quod
966 647 1206 695 providentia
1242 648 1371 686 divina

300 698 531 747 quibusdam
546 699 659 734 rebus
674 698 939 736 necessitatem
954 699 1132 748 imponit:
1149 713 1227 738 non
1242 710 1369 740 autem

301 751 499 797 omnibus,
530 758 571 787 ut
598 750 755 799 quidam
786 752 1039 790 crediderunt.
1071 753 1133 791 Ad
1164 755 1370 803 providen-

299 803 391 840 tiam
421 803 523 840 enim
551 803 713 852 pertinet
751 805 927 842 ordinare
957 819 1016 843 res
1045 806 1083 843 in
1116 808 1247 845 finem.
1279 810 1371 846 Post

299 856 510 894 bonitatem
540 864 669 894 autem
690 857 873 906 divinam,
894 871 994 908 quae
1024 868 1079 897 est
1098 861 1185 898 finis
1209 874 1231 898 a
1257 863 1370 900 rebus

299 917 516 959 separatus,
545 909 751 959 principale
790 912 937 949 bonum
967 913 1004 949 in
1032 914 1122 963 ipsis
1151 915 1264 952 rebus
1295 916 1368 952 exi-

298 970 419 1011 stens,
451 970 507 1000 est
532 964 714 1012 perfectio
752 965 941 1002 universi:
972 979 1070 1015 quae
1104 968 1260 1016 quidem
1290 982 1368 1006 non

299 1024 409 1063 esset,
431 1016 461 1053 si
490 1029 568 1053 non
598 1029 734 1054 omnes
763 1019 901 1066 gradus
931 1021 1081 1058 essendi
1108 1021 1369 1059 invenirentur

264 1091 269 1096 -
297 1069 337 1106 in
365 1070 490 1107 rebus.
521 1070 633 1107 Unde
662 1070 711 1108 ad
740 1071 911 1109 divinam
939 1074 1221 1122 providentiam
1256 1075 1369 1123 perti-

24 1859 26 1862 >
49 1849 65 1862 ⁴¹
77 1849 265 1873 Conamen-¹.

25 1925 26 1928 ¹
51 1937 180 1960 ‘Atticum
187 1943 265 1966 praec.

49 2823 63 2835 *
97 2822 266 2849 u.m,nrt.8.

21 2869 24 2870 .
49 2848 84 2872 Vi
102 2855 115 2872 ε
131 2849 265 2872 Commeat.

297 1130 361 1160 net
398 1135 535 1160 omnes
563 1123 702 1171 gradus
741 1125 885 1162 entium
923 1127 1150 1175 producere.
1193 1129 1243 1164 Et
1278 1128 1366 1165 ideo

297 1176 528 1225 quibusdam
557 1177 754 1214 effectibus
773 1180 1015 1228 praeparavit
1039 1192 1172 1217 causas
1193 1193 1366 1218 necessa-

297 1229 391 1276 rias,
420 1237 462 1266 ut
495 1230 711 1282 necessario
752 1232 967 1278 evenirent;
1004 1233 1234 1282 quibusdam
1271 1246 1365 1271 vero

296 1290 736 1332 causas‘contlngentes,
775 1292 817 1321 ut
849 1285 1043 1322 evenirent
1086 1287 1364 1335 contingenter,

295 1336 509 1374 secundum
539 1337 798 1375 conditionem
825 1338 1088 1387 proximarum
1122 1352 1336 1377 causarum.

349 1391 408 1427 An
437 1402 575 1428 patmum
602 1402 701 1428 ERGO
730 1403 914 1428 met-:unum
942 1392 1049 1441 quod
1083 1392 1240 1429 effectus
1270 1393 1363 1430 divi-

295 1455 369 1480 nae
395 1443 657 1492 providentiae
686 1455 765 1480 non
793 1445 918 1481 solum
948 1453 1001 1482 est
1030 1445 1172 1494 aliquid
1210 1446 1363 1483 evenire

366 1557 376 1590 )
395 1564 447 1582 non
467 1561 514 1582 est.
533 1571 552 1576 -
569 1557 676 1582 dim‘nae
695 1557 764 1582 addit
782 1558 810 1582 P.

347 1565 374 1625 ἔ)
392 1592 614 1626 contingentiam.
631 1607 651 1612 -
667 1593 851 1626 contingentia
870 1593 946 1618 ΑΒΕ.

345 1627 370 1660 ι)
389 1628 426 1653 Et
444 1628 503 1653 ideo
517 1628 604 1653 evenit
622 1628 799 1662 infallibiliter
813 1633 840 1654 et
853 1629 1001 1654 necessario
1057 1633 1083 1654 et
1101 1629 1189 1654 evenit
1207 1629 1364 1663 contingen-

2418 311 2494 359 269

1427 395 1674 432 quocumque
1702 385 1839 431 modo;
1870 386 1937 423 sed
1966 387 2106 435 aliquid
2135 388 2288 425 evenire
2312 389 2374 426 vel
2403 402 2494 427 con-

1426 436 1612 484 tingenter
1629 438 1691 474 vel
1719 439 1946 475 necessario.
1982 440 2030 476 Et
2056 440 2144 477 ideo
2169 441 2296 478 evenit
2322 442 2492 479 infallibi-

1426 488 1507 526 liter
1535 498 1572 526 et
1599 491 1831 538 necessario,
1862 492 1967 541 quod
1997 493 2123 530 divina
2150 494 2391 542 providentia
2419 495 2492 532 dis-

1425 542 1534 590 ponit
1554 544 1705 581 evenire
1734 544 1972 582 infallibiliter
1993 554 2029 582 et
2048 547 2280 584 necessario:
2311 555 2347 584 et
2365 548 2492 586 evenit

1427 596 1686 644 contingenter
1709 605 1741 644 ⁵,
1768 599 1874 646 quod
1912 598 2061 635 divinae
2098 600 2361 648 providentiae
2395 602 2489 638 ratio

1426 650 1540 685 habet
1567 657 1608 686 ut
1636 650 1895 699 contingenter
1923 652 2083 689 eveniat.

1479 704 1537 739 AD
1553 715 1743 740 SECUNDUM
1758 716 1941 741 DicENDUM
1953 705 2057 753 quod
2073 705 2111 742 in
2125 706 2199 742 hoc
2214 713 2270 742 est
2283 706 2489 744 immobilis

1426 762 1462 791 et
1482 763 1605 793 certus
1626 756 1775 794 divinae
1795 757 2058 805 providentiae
2078 758 2186 805 ordo,
2203 759 2306 807 quod
2327 772 2371 796 ea
2390 772 2489 808 quae

1424 809 1472 845 ab
1488 808 1571 857 ipso
1586 810 1848 858 providentur,
1866 819 2000 848 cuncta
2021 811 2200 848 eveniunt
2215 824 2261 848 eo
2277 812 2395 849 modo
2411 825 2488 861 quo

1423 862 1504 911 ipse
1532 863 1726 911 providet,
1757 863 1837 900 sive
1866 864 2081 901 necessario
2110 864 2190 901 sive
2220 865 2487 912 contingenter.

1476 917 1535 952 AD
1559 924 1719 953 TERTIUM
1748 928 1931 953 morannum
1957 918 2061 965 quod
2091 917 2397 955 indissolubilitas
2428 919 2489 955 illa

1424 975 1460 1005 et
1491 968 1775 1006 immutabilitas
1813 982 1929 1018 quam
1965 970 2119 1007 Boetius
2153 970 2288 1018 tangit,
2326 971 2490 1020 pertinet

1423 1021 1471 1058 ad
1501 1022 1763 1059 certitudinem
1790 1023 2066 1071 providentiae,
2088 1036 2187 1072 quae
2215 1036 2294 1061 non
2320 1024 2446 1062 deficit
2465 1037 2487 1062 a

1422 1087 1492 1111 suo
1523 1075 1671 1122 effectu,
1693 1088 1818 1124 neque
1853 1088 1875 1112 a
1903 1076 2022 1114 modo
2044 1077 2244 1114 eveniendi
2264 1089 2381 1125 quem
2399 1090 2487 1126 pro-

1420 1127 1536 1164 vidit:
1566 1141 1644 1165 non
1674 1137 1802 1165 autem
1830 1129 1990 1177 pertinet
2018 1130 2066 1167 ad
2100 1130 2364 1167 necessitatem
2394 1131 2486 1168 effe-

1422 1188 1551 1217 ctuum
1579 1181 1610 1217 ⁹³.
1645 1182 1694 1218 Et
1732 1182 2052 1220 considerandum
2086 1190 2142 1220 est
2176 1183 2280 1232 quod
2312 1196 2485 1221 necessa-

1421 1233 1518 1270 rium
1538 1241 1574 1270 et
1598 1234 1819 1282 contingens
1847 1235 2000 1284 proprie
2028 1244 2312 1286 consequuntur
2332 1249 2409 1284 enS,
2431 1237 2485 1274 in-

1420 1294 1607 1334 quantum
1635 1287 1866 1337 hujusmodi.
1895 1289 2005 1326 Unde
2035 1289 2175 1326 modus
2209 1290 2485 1337 contingentiae

1420 1347 1456 1376 et
1484 1339 1716 1376 necessitatis
1745 1340 1842 1377 cadit
1870 1341 1941 1378 sub
1970 1342 2190 1390 provisione
2218 1342 2307 1389 Dei,
2337 1343 2402 1391 qui
2431 1351 2487 1380 est

1418 1392 1643 1430 universalis
1670 1393 1848 1442 provisor
1874 1394 1988 1431 totius
2016 1395 2132 1431 entis:
2162 1407 2241 1432 non
2266 1403 2394 1433 autem
2414 1397 2484 1433 sub

1419 1445 1638 1495 provisione
1668 1446 1883 1494 aliquorum
1913 1447 2197 1496 particularium
2225 1449 2482 1497 provisorum.

1419 1563 1445 1584 et
1465 1558 1557 1593 (etiam
1578 1561 1647 1584 addit
1661 1560 1693 1592 Α)
1714 1560 1870 1588 necessario,
1889 1561 2038 1585 necessario
2056 1564 2083 1586 et
2101 1561 2277 1595 infallibiliter
2294 1562 2381 1586 evenit
2395 1562 2485 1595 (insal-

1419 1595 1527 1620 libiliter
1541 1595 1643 1620 eveniet
1660 1599 1687 1620 et
1706 1595 1854 1621 necessario
1867 1596 1915 1629 B),
1934 1599 1961 1621 et
1973 1596 2036 1628 (om.
2052 1596 2130 1629 CDE)
2149 1597 2334 1630 contingenter
2356 1597 2482 1627 ABCDE;

1420 1631 1455 1655 Et
1474 1630 1649 1664 infallibiliter
1666 1631 1753 1656 evenit
1764 1631 1949 1664 contingenter
1963 1631 2016 1664 (vel
2030 1632 2177 1657 necessario
2191 1632 2260 1657 addit
2274 1637 2299 1657 et
2313 1633 2434 1665 expungit
2448 1633 2482 1665 G)

294 1666 344 1689 ter.
361 1677 381 1682 -
399 1664 436 1689 Et
454 1664 514 1689 ideo
533 1664 604 1696 quod
622 1664 715 1689 divina
731 1665 904 1697 providentia
924 1665 1042 1697 disponit
1060 1666 1166 1690 evenire
1187 1665 1364 1698 infallibiliter
1417 1666 1476 1698 FG;
1496 1667 1533 1691 Et
1550 1674 1603 1691 om.
1623 1666 1664 1691 ed.
1676 1673 1702 1692 a.

981 1753 1313 1786 Commentariis
1335 1753 1585 1786 cardinalis
1608 1754 1807 1787 Caietani

354 1853 462 1873 rrimus
479 1853 516 1874 ex
531 1843 621 1874 dictis
638 1843 670 1873 in
690 1853 745 1883 qu.
758 1853 818 1879 xxx,
836 1850 892 1874 art.
911 1843 930 1872 8
942 1842 968 1879 *‚
993 1842 1094 1873 clarus
1119 1850 1174 1873 est.
1199 1843 1256 1873 Est
1275 1842 1361 1873 enim

294 1855 509 1928 Tquaestio,
525 1894 635 1918 utrum
659 1897 696 1917 ex
714 1887 874 1927 positione
890 1887 1014 1917 divinae
1029 1887 1246 1927 providentiae
1261 1887 1360 1917 modo

294 1931 451 1962 declarato
463 1931 489 1968 *‚
515 1938 665 1973 sequatur
687 1932 777 1972 quod
800 1932 909 1962 omnia
932 1932 1059 1971 provisa
1082 1938 1156 1962 sunt
1179 1931 1360 1962 necessaria.

347 1976 385 2007 11.
406 1976 442 2006 In
465 1986 598 2016 corpore
622 1976 687 2007 duo
708 1976 795 2006 facit:
820 1976 935 2016 primo,
953 1975 1105 2016 proponit
1121 1976 1361 2006 conclusionem

292 2020 529 2061 responsivam,
554 2030 674 2051 annexa
697 2020 878 2051 recitatione
912 2020 1080 2061 oppositae
1111 2020 1290 2061 opinionis;
1313 2030 1361 2051 se-

294 2065 419 2101 cundo,
443 2065 558 2104 probat
585 2065 822 2096 conclusionem
847 2065 960 2105 ipsam.
976 2083 997 2087 -
1013 2065 1188 2096 Conclusio
1212 2071 1276 2096 est:
1305 2065 1361 2095 Di-

292 2109 366 2140 vina
389 2109 587 2149 providentia
609 2109 747 2150 imponit
770 2109 987 2140 necessitatem
1010 2109 1216 2150 quibusdam,
1242 2115 1272 2140 et
1295 2119 1361 2139 non

293 2153 454 2184 omnibus.

348 2198 505 2228 Probatur
520 2197 573 2229 sic.
590 2198 642 2228 Ad
657 2197 890 2238 providentiam
910 2197 1051 2228 divinam
1066 2198 1200 2238 pertinet
1216 2197 1361 2228 ordinare

292 2251 341 2272 res
364 2242 398 2272 in
419 2241 531 2272 finem:
552 2252 631 2282 ‚ergo
655 2242 696 2272 ad
718 2241 946 2282 perfectionem
969 2242 1125 2272 universi:
1149 2252 1224 2282 ergo
1249 2252 1361 2272 omnes

292 2287 409 2326 gradus
433 2286 555 2317 entium
578 2287 769 2326 producere:
794 2296 869 2326 ergo
889 2286 1080 2327 quibusdam
1097 2286 1256 2317 effectibus
1272 2296 1360 2326 prae-

291 2340 401 2371 parare
425 2341 534 2362 causas
557 2331 755 2367 necessarias,
776 2337 807 2361 et
821 2331 1014 2371 quibusdam
1034 2331 1261 2373 contingentes.
1286 2331 1361 2361 Non

290 2375 387 2415 igitur
409 2375 450 2406 ad
473 2385 544 2405 eam
567 2382 687 2415 spectat
710 2375 860 2406 omnibus
884 2375 1101 2406 necessitatem
1124 2375 1299 2415 imponere.

349 2419 455 2450 Prima
485 2419 711 2460 consequentia
740 2420 909 2460 probatur:
944 2420 1020 2460 quia
1047 2419 1198 2460 perfectio
1222 2419 1360 2450 universi

293 2469 340 2494 est
363 2463 535 2504 principale
558 2465 683 2498 bonum
702 2464 842 2502 existens*
852 2464 885 2494 in
901 2464 982 2504 ipso.
1007 2464 1138 2494 Bonitas
1154 2464 1240 2494 enim
1256 2464 1361 2494 divina

292 2514 339 2538 est
353 2508 449 2548 longe
472 2508 575 2539 maius
591 2509 725 2544 bonum,
742 2509 796 2538 sed
811 2515 991 2548 separatum
1010 2509 1049 2539 ab
1066 2509 1223 2545 universo,
1240 2515 1271 2539 et
1289 2507 1360 2538 finis

259 2577 265 2583 .
292 2551 360 2593 eius
383 2559 554 2592 separatus,
579 2559 614 2582 ut
637 2559 723 2592 patet
741 2553 798 2583 XII
818 2553 1003 2594 Metaphys.
1016 2553 1033 2571 *
1049 2571 1069 2575 -
1085 2553 1230 2584 Secunda
1253 2559 1359 2583 autem

257 2603 264 2615 ¹
292 2597 461 2636 probatur:
487 2596 562 2637 quia
585 2596 736 2636 perfectio
761 2597 898 2627 universi
922 2607 989 2627 non
1013 2604 1102 2633 esset,
1124 2597 1149 2627 si
1165 2607 1230 2628 non
1248 2607 1360 2627 omnes

292 2640 416 2670 essendi
438 2641 554 2680 gradus
583 2640 798 2671 invenirentur
820 2641 853 2671 in
876 2641 979 2671 rebus.
997 2659 1017 2663 -
1032 2641 1140 2672 Tertia
1162 2651 1257 2672 vero:
1285 2642 1360 2682 quia

293 2691 420 2724 oportet
443 2685 484 2714 ad
507 2684 569 2715 hoc
584 2691 620 2715 ut
639 2685 814 2715 necessario
828 2685 879 2715 vel
896 2685 1113 2725 contingenter
1129 2686 1273 2717 eveniant
1289 2686 1360 2716 effe-

293 2734 371 2765 ctus,
397 2739 506 2759 causas
531 2729 690 2769 proximas
714 2739 780 2759 esse
803 2729 999 2760 huiusmodi.

346 2773 407 2803 Hic
422 2783 487 2803 non
503 2783 586 2813 opus
602 2780 649 2803 est
663 2773 800 2813 amplius
815 2781 953 2813 repetere
969 2774 1218 2813 disputationem
1233 2775 1271 2805 de
1286 2785 1360 2805 con-

292 2817 462 2857 tingentia:
483 2817 644 2848 sufficiunt
659 2817 816 2858 siquidem
837 2828 931 2858 supra
946 2818 963 2837 *
978 2818 1059 2848 dicta
1076 2818 1171 2848 etiarn
1186 2819 1261 2849 huic
1276 2819 1359 2849 loco.

348 2862 400 2892 111.
418 2862 454 2892 ln
477 2861 684 2902 responsione
700 2862 739 2892 ad
763 2861 913 2902 primum,
934 2862 1088 2893 dubitatio
1113 2863 1249 2897 occurrit
1271 2863 1361 2893 valde

293 2906 400 2942 ardua,
421 2912 452 2936 et
474 2905 554 2937 forte
579 2907 616 2936 ab
640 2906 783 2936 humano
806 2906 966 2937 intellectu
988 2907 1176 2937 insolubilis.
1197 2907 1248 2937 Ad
1272 2907 1361 2937 cuius

294 2950 494 2987 evidentiam,
515 2957 551 2981 ut
567 2950 680 2981 melius
697 2950 887 2990 percipiatur
905 2951 938 2981 in
954 2961 1019 2992 quo
1036 2951 1177 2981 consistit
1196 2951 1360 2987 dubitatio,

295 2995 524 3025 advertendum
541 3002 586 3026 est
607 2995 696 3035 quod
719 2994 805 3024 aliud
829 3001 875 3025 est
893 2997 922 3025 A
938 2997 1161 3036 contingenter
1183 2995 1316 3031 evenire,
1332 3002 1363 3025 et

295 3039 383 3069 aliud
407 3045 453 3069 est
471 3041 501 3069 A
524 3040 700 3070 necessario
725 3039 858 3075 evenire,
883 3046 914 3070 et
936 3039 1022 3069 aliud
1039 3047 1085 3069 est
1100 3041 1129 3069 A
1149 3039 1363 3080 infallibiliter

296 3093 352 3113 seu
377 3083 602 3114 inevitabiliter
618 3083 751 3114 evenire.
776 3083 860 3113 Tam
880 3083 1022 3124 primum
1037 3083 1123 3113 enim
1139 3093 1237 3124 quam
1253 3093 1363 3114 secun-

296 3127 375 3156 dum
398 3126 549 3166 importat
563 3128 708 3158 ordinem
725 3126 851 3158 effectus
874 3127 913 3157 ad
930 3138 1058 3158 causam
1073 3127 1105 3158 in
1122 3134 1193 3158 actu
1208 3128 1374 3167 positam;>

294 3171 375 3201 illud
398 3171 539 3211 quidem,
556 3172 645 3213 quod
668 3182 725 3202 sua
749 3182 843 3202 causa
865 3171 959 3202 habet
980 3172 1156 3212 potentiam
1179 3172 1219 3202 ad
1243 3178 1364 3202 utrum-

294 3215 389 3250 libet;
414 3215 477 3245 hoc
506 3225 598 3252 vero,
623 3216 711 3257 quod
735 3226 792 3246 sua
823 3226 889 3246 non
920 3222 1025 3256 potest
1048 3215 1178 3246 deficere
1202 3216 1239 3246 ab
1263 3215 1362 3256 ipsius

297 3258 487 3290 causalitate.
511 3259 572 3290 Sed
595 3260 723 3291 tertium
748 3260 952 3291 communius
969 3266 1015 3290 est
1030 3267 1182 3300 utroque:
1208 3260 1362 3300 quoniam

296 3310 327 3334 et
351 3302 564 3343 contingentia
587 3311 618 3335 et
640 3305 812 3335 necessaria
832 3311 1009 3345 sequuntur
1031 3304 1170 3334 divinam
1194 3305 1362 3343 providen-

295 3347 374 3378 tiam
390 3347 528 3387 positam
543 3348 577 3378 in
592 3355 674 3386 actu,
691 3349 893 3379 infallibiliter
913 3359 968 3379 seu
984 3348 1217 3384 inevitabiliter;
1243 3354 1273 3378 et
1288 3358 1363 3378 cum

297 3391 370 3428 hoc,
395 3391 447 3421 illa
471 3399 647 3432 sequuntur
670 3393 896 3432 contingenter,
921 3399 952 3423 et
974 3392 1033 3423 ista
1056 3392 1241 3422 necessario.

351 3437 403 3467 IV.
423 3436 469 3465 Ex
491 3435 540 3466 his
560 3436 646 3466 enim
665 3437 810 3477 quamvis
834 3437 974 3478 quiescat
995 3436 1182 3472 intellectus,
1199 3436 1362 3467 attendens

297 3480 336 3510 ad
351 3480 595 3521 responsionem
618 3480 651 3510 in
673 3481 775 3511 littera
799 3482 936 3521 positam
961 3481 1040 3511 circa
1057 3480 1264 3511 salvationem
1287 3491 1362 3511 con-

296 3524 481 3564 tingentiae;
499 3524 630 3555 fluctuat
649 3531 755 3555 tamen
779 3525 857 3556 circa
874 3525 1106 3556 connexionem
1125 3525 1300 3565 praedictae
1316 3525 1363 3554 in-

296 3569 490 3599 fallibilitatis
507 3579 582 3599 cum
596 3568 695 3599 libero
712 3569 850 3605 arbitrio,
866 3569 943 3606 imo,
961 3576 997 3600 ut
1019 3570 1133 3600 rectius
1147 3569 1270 3610 loquar,
1289 3579 1362 3599 cum

295 3613 396 3643 libero
421 3620 534 3644 eventu
558 3613 700 3653 ipsarum
723 3613 946 3651 operationum
975 3624 1054 3654 quas
1076 3613 1188 3644 liberas
1212 3613 1361 3649 dicimus3

297 3663 328 3687 et
351 3657 494 3688 similiter
518 3667 591 3688 cum
615 3657 766 3697 ambiguo
790 3664 903 3687 eventu
935 3657 1188 3697 contingentium
1215 3657 1361 3688 aliorum.

2513 1194 2524 1206 ⁸
2538 1195 2568 1217 D.
2582 1201 2632 1223 922.

1416 1842 1501 1873 Cum
1526 1843 1611 1873 enim
1634 1843 1667 1873 in
1691 1843 1874 1883 operatione
1897 1843 1994 1874 libera
2017 1843 2056 1874 sit
2080 1844 2275 1874 considerare
2302 1844 2404 1885 ipsam
2427 1856 2482 1876 vo·
2532 1868 2539 1875 .

1414 1887 1579 1923 luntatem‚
1592 1887 1677 1917 illius
1694 1897 1831 1924 causam,
1846 1895 1876 1918 et
1891 1894 2050 1924 eventum,
2066 1898 2121 1918 seu
2139 1889 2354 1924 executionem
2372 1889 2480 1929 ipsius,

1416 1941 1501 1962 nunc
1519 1931 1562 1962 ita
1585 1932 1674 1972 quod
1697 1942 1764 1962 non
1780 1932 1940 1972 opposite;
1965 1932 2110 1972 quamvis
2132 1932 2256 1963 difficile
2281 1943 2345 1963 non
2366 1934 2405 1964 sit
2422 1934 2481 1964 sal-

1415 1985 1487 2005 vare
1510 1982 1657 2006 naturam
1679 1976 1749 2006 talis
1773 1986 1898 2012 causae,
1924 1976 2041 2007 scilicet
2069 1976 2200 2013 liberae,
2226 1987 2300 2007 cum
2323 1978 2480 2017 praedicta

1415 2019 1634 2050 infallibilitate
1656 2018 1708 2062 (eo
1725 2020 1801 2061 quia
1824 2020 2009 2050 huiusmodi
2032 2020 2235 2051 infallibilitas
2259 2021 2337 2052 nihil
2361 2022 2414 2052 dat
2430 2023 2481 2053 vel

1416 2064 1517 2095 aufert
1533 2073 1644 2094 causae
1661 2065 1700 2094 ad
1716 2064 1914 2100 utrumlibet;
1939 2065 1993 2094 sed
2018 2074 2092 2095 cum
2107 2064 2176 2105 ipsa
2195 2071 2255 2095 stat
2273 2066 2362 2106 quod
2386 2077 2479 2097 causa

1415 2108 1529 2139 habeat
1561 2108 1738 2148 potentiam
1769 2108 1998 2139 indifferentem
2026 2109 2066 2139 ad
2092 2109 2172 2139 illud
2199 2109 2362 2140 infallibile
2387 2117 2418 2140 et
2440 2111 2480 2140 ad

1415 2153 1482 2182 eius
1516 2153 1719 2193 oppositum;
1745 2159 1775 2183 et
1807 2159 1936 2193 propter
1965 2153 2028 2183 hoc
2058 2153 2164 2183 divina
2193 2154 2390 2193 providentia
2414 2165 2479 2185 non

1415 2196 1526 2227 adimit
1556 2197 1805 2237 contingentiam
1828 2207 1847 2226 a
1869 2195 1990 2238 rebus);
2013 2207 2125 2227 verum
2148 2197 2266 2228 salvare
2289 2199 2480 2238 praedictam

1415 2240 1670 2271 infallibilitatem
1695 2251 1770 2272 cum
1798 2240 2006 2271 indifferentia
2036 2251 2091 2271 seu
2121 2241 2262 2272 libertate
2284 2244 2480 2273 executionis

1416 2294 1471 2315 seu
1495 2291 1637 2323 eventus,
1662 2285 1724 2315 hoc
1739 2295 1832 2325 opus,
1849 2285 1900 2316 hic
1922 2285 2012 2315 labor
2035 2292 2090 2316 est.
2108 2285 2140 2316 Si
2156 2285 2241 2316 enim
2256 2286 2419 2317 infallibile
2435 2293 2481 2317 est

1415 2339 1467 2359 me
1491 2329 1632 2360 diluculo
1653 2329 1758 2370 primo
1782 2329 1891 2360 futuro
1908 2329 2050 2366 scribere,
2068 2330 2213 2370 quamvis
2234 2331 2410 2370 potentiam
2426 2331 2480 2361 ha-

1415 2374 1508 2404 beam
1527 2374 1566 2404 ad
1589 2374 1783 2410 utrumlibet,
1799 2373 1879 2404 idest
1895 2374 1935 2404 ad
1958 2374 2159 2404 scribendum
2181 2381 2258 2405 tunc
2272 2374 2322 2405 vel
2345 2375 2385 2405 ad
2414 2385 2479 2405 non

1415 2418 1617 2448 scribendum
1639 2425 1729 2455 tunc;
1754 2425 1892 2449 attamen
1908 2418 2050 2458 potentia
2068 2418 2127 2449 ista
2151 2425 2245 2459 atque
2268 2419 2393 2449 libertas
2412 2429 2479 2450 non

1416 2462 1511 2493 exibit
1533 2462 1566 2492 in
1590 2469 1697 2493 actum
1720 2462 1895 2502 negationis
1919 2462 2082 2498 scribendi,
2109 2463 2163 2492 sed
2187 2462 2413 2500 affirmationis,
2434 2463 2479 2494 sic

1415 2507 1505 2547 quod
1528 2506 1706 2537 inevitabile
1731 2513 1776 2537 est
1799 2507 1877 2547 quin
1900 2506 2066 2536 affirmatio
2091 2506 2222 2537 eveniat.
2243 2507 2285 2537 Et
2308 2507 2333 2537 si
2356 2507 2399 2537 sic
2423 2514 2478 2544 est,

1415 2561 1490 2581 cum
1513 2551 1578 2580 iam
1601 2551 1639 2581 ab
1663 2557 1790 2581 aeterno
1815 2550 1920 2580 divina
1942 2550 2139 2590 providentia
2162 2551 2201 2581 sit
2228 2551 2261 2580 in
2285 2557 2356 2581 actu
2380 2551 2478 2582 deter-

1415 2595 1534 2625 minata
1550 2601 1692 2635 respectu
1709 2595 1866 2631 omnium,
1884 2601 1914 2624 et
1929 2594 2144 2631 immutabilis,
2162 2601 2192 2625 et
2206 2594 2386 2632 infallibilis,
2403 2602 2460 2626 etc.
2470 2605 2477 2632 ;

1415 2639 1557 2679 sequitur
1572 2639 1661 2679 quod
1678 2639 1716 2668 de
1739 2639 1822 2669 facto
1842 2639 1951 2668 omnia
1966 2638 2184 2669 inevitabiliter
2198 2639 2350 2676 eveniant,
2367 2650 2478 2680 quam-

1414 2683 1461 2713 vis
1485 2684 1643 2723 quaedam
1667 2682 1892 2722 contingenter,
1910 2689 1940 2713 et
1963 2683 2120 2723 quaedam
2142 2683 2327 2713 necessario.

1470 2728 1509 2758 V.
1524 2728 1678 2757 Notanter
1693 2734 1800 2757 autern
1817 2727 1878 2757 dixi
1894 2726 1933 2757 de
1945 2726 2058 2767 facto:
2076 2727 2160 2767 quia,
2178 2727 2216 2757 de
2233 2727 2374 2767 possibili
2389 2728 2480 2758 abso-

1414 2772 1480 2802 lute
1501 2771 1675 2812 loquendo,
1697 2777 1802 2811 potest
1824 2771 1910 2801 Deus
1930 2781 1996 2801 non
2020 2771 2225 2801 determinare
2249 2771 2479 2811 providentiam

1393 2836 1395 2838 -
1416 2826 1507 2846 suam
1531 2816 1570 2846 ad
1600 2816 1676 2845 haec
1699 2815 1749 2845 vel
1772 2815 1826 2845 illa
1849 2815 1964 2845 futura.
1989 2815 2065 2851 Sed,
2091 2825 2166 2845 cum
2188 2815 2252 2845 iam
2276 2815 2480 2846 determinata

1416 2867 1471 2896 est,
1488 2867 1642 2900 repugnat
1665 2859 1921 2900 immutabilitati,
1947 2858 2110 2895 efficaciae,
2138 2859 2362 2890 universalitati
2385 2866 2479 2900 atque

1416 2904 1593 2935 certitudini
1617 2914 1692 2934 suae
1715 2903 1899 2934 evitabilitas
1920 2903 2142 2934 evenientium.
2160 2904 2201 2934 Et
2217 2903 2240 2933 si
2259 2903 2367 2933 omnia
2382 2904 2478 2934 inevi-

1416 2948 1549 2979 tabiliter
1566 2948 1715 2978 eveniunt
1730 2948 1769 2978 de
1785 2947 1878 2983 facto,
1895 2954 1931 2978 ut
1949 2947 2027 2988 quid
2042 2947 2254 2983 consiliamur,
2273 2954 2303 2978 et
2327 2957 2480 2978 conamur

1416 2993 1456 3022 ad
1478 2993 1555 3022 haec
1578 2991 1678 3032 magis
1701 3002 1799 3032 quarn
1827 2991 1880 3022 illa
1907 2992 2129 3032 prosequenda
2150 2992 2200 3021 vel
2223 2989 2371 3022 vitanda?
2393 2991 2479 3021 Nihil

1416 3037 1502 3067 enim
1517 3037 1623 3066 minus
1638 3036 1761 3066 videtur
1776 3046 1814 3066 ex
1829 3036 1890 3066 hoc
1902 3036 2019 3066 destrui
2035 3042 2101 3066 tota
2117 3045 2188 3075 pars
2205 3035 2342 3071 moralis,
2360 3035 2478 3066 omnis-

1416 3091 1479 3122 que
1503 3087 1634 3111 conatus
1657 3080 1824 3116 Ecclesiae,
1846 3086 1940 3120 atque
1964 3080 2136 3110 exhortatio
2161 3080 2201 3109 ad
2224 3080 2356 3115 bonum,
2380 3089 2479 3120 quam

1417 3136 1453 3155 ex
1476 3125 1642 3165 negatione
1666 3124 1906 3164 confingendae.
1925 3124 2078 3161 Quamvis
2103 3123 2187 3154 enim
2203 3123 2328 3162 negatio
2352 3123 2478 3153 evitabi-

1416 3169 1510 3200 litatis
1537 3176 1567 3199 et
1590 3168 1714 3208 negatio
1739 3168 1970 3208 contingentiae
2000 3178 2066 3198 non
2095 3167 2328 3208 aequivaleant,
2356 3173 2392 3197 ut
2414 3167 2477 3197 iam

1417 3220 1501 3254 patet
1517 3224 1553 3243 ex
1570 3213 1658 3243 dictis
1672 3212 1699 3248 *,
1715 3212 1823 3252 quoad
1839 3212 2002 3252 proposita
2021 3218 2126 3242 tamen
2149 3211 2411 3247 inconvenientia,
2428 3221 2477 3241 ae-

1417 3258 1574 3299 quivalere
1596 3257 1751 3287 videntur.
1771 3256 1886 3287 Nullus
1911 3256 1995 3286 enim
2019 3255 2200 3300 consiliatur
2223 3255 2262 3285 de
2287 3255 2476 3291 inevitabili;

1417 3313 1475 3333 nec
1491 3301 1602 3342 aliquis
1626 3307 1758 3331 conatur
1773 3307 1827 3331 aut
1842 3301 1985 3331 hortatur
2008 3306 2062 3330 aut
2086 3306 2154 3330 orat
2177 3299 2256 3329 circa
2278 3299 2476 3330 inevitabilia.

1479 3346 1531 3377 VI.
1556 3346 1607 3376 Ad
1637 3345 1718 3375 hanc
1754 3345 1985 3375 dubitationem
2017 3343 2095 3373 nihil
2128 3343 2278 3383 scriptum
2315 3343 2415 3383 reperi
2445 3343 2478 3373 in

1417 3402 1440 3422 s.
1461 3391 1605 3421 Thoma:
1626 3389 1781 3429 quoniam
1804 3389 1915 3419 nullibi
1939 3398 2014 3418 eum
2032 3387 2168 3417 movisse
2191 3387 2272 3417 hanc
2290 3387 2407 3423 recolo,
2425 3387 2479 3417 sed

1418 3444 1542 3475 semper
1564 3433 1685 3464 studuit
1708 3433 1747 3463 ad
1770 3433 1951 3463 salvandam
1975 3431 2231 3471 contingentiam.
2249 3431 2284 3461 In
2308 3431 2374 3461 aliis
2398 3441 2478 3472 quo-

1417 3489 1480 3520 que
1511 3477 1693 3508 doctoribus
1724 3477 1802 3507 nihil
1832 3477 1982 3507 hactenus
2019 3475 2159 3515 comperi
2189 3475 2229 3505 ad
2259 3475 2479 3515 quaestionem

1417 3524 1518 3559 istam,
1536 3522 1594 3552 nisi
1618 3531 1700 3562 quae
1721 3521 1933 3551 communiter
1956 3520 2103 3550 dicuntur
2129 3520 2167 3549 de
2189 3529 2284 3550 sensu
2309 3520 2478 3560 composito

1417 3573 1447 3598 et
1469 3567 1580 3604 diviso,
1598 3566 1636 3596 de
1661 3566 1846 3596 necessitate
1868 3565 2109 3604 consequentiae
2132 3569 2162 3594 et
2185 3565 2419 3604 consequentis,
2440 3563 2478 3593 de

1415 3612 1555 3641 libertate
1571 3609 1730 3640 electionis
1747 3609 1870 3639 divinae
1892 3608 1926 3638 in
1945 3608 2133 3643 aeternitate,
2151 3607 2253 3648 deque
2276 3614 2386 3638 natura
2406 3617 2478 3637 cau-

1417 3665 1522 3686 sarum
1546 3655 1586 3684 ad
1609 3653 1793 3684 utrumlibet
1815 3653 1848 3683 in
1871 3652 2018 3683 universo
2041 3652 2249 3682 inventarum.

2504 3220 2516 3231 ⁸
2529 3220 2600 3242 Num.
2614 3225 2648 3242 in.
