2768 4178
52 416 62 426 '
78 415 114 438 cf.
124 420 194 443 supra
209 420 233 437 n.
242 414 265 436 8.

52 542 240 596 'DePotentiqiq
225 549 264 571 qu.

51 572 142 623 ὃιιόιιιιὲ
142 569 264 623 Χξίὶνῇ,

118 624 205 644 uatuor
218 613 265 651 Op-

123 655 142 676 s,
151 655 203 677 cap.
211 655 245 672 ιιι.

39 1954 256 1984 ‘’nemon-tn„

41 1980 87 2005 nb.
100 1981 120 2011 1,
135 1987 186 2011 enp-
201 1988 234 2004 ix.

38 2654 256 2686 ’ῦιμιῌΜι-

41 2681 122 2730 mn,
142 2681 254 2709 lseat„

114 2709 152 2735 u).
166 2698 256 2758 -mlg‘in

39 2761 241 2790 lat.,ew.urao.

968 240 1236 286 QUAESTIO
1265 219 1699 288 X111,*ART1CULUS
1726 244 1813 280 v111

293 326 375 347 num
393 317 521 347 nullum
540 327 607 348 esse
630 318 664 348 in
686 327 794 348 rerum
817 324 928 349 natura
950 317 1052 358 ponit,
1077 318 1137 348 nisi
1153 328 1219 349 esse
1239 319 1288 349 sui
1307 329 1364 359 op-

293 361 399 400 positi.
431 361 497 392 Nec
521 368 567 393 est
589 362 833 398 inconveniens,
862 361 895 392 in
925 362 1056 392 materia
1082 362 1228 399 relativa,
1261 373 1363 394 unum

293 405 520 446 oppositorum
537 416 603 437 esse
620 405 696 448 quia
711 405 798 437 aliud
816 412 872 442 est,
889 412 925 436 ut
940 406 1125 437 Aristoteles
1149 406 1258 438 docuit
1271 407 1297 438 *.
1323 408 1364 438 Et

293 449 372 480 ratio
392 456 447 486 est,
472 450 548 491 quia
567 450 717 492 opposita
739 449 867 481 relativa
890 449 923 480 in
949 450 1012 481 hoc
1037 460 1055 481 a
1079 451 1188 482 ceteris
1207 451 1364 492 oppositis

293 493 450 531 differunt,
476 495 566 537 quod
584 504 617 525 se
633 494 730 526 simul
745 501 882 534 ponunt,
908 504 966 525 nec
983 505 1085 525 unum
1100 495 1133 525 in
1150 495 1363 526 destructione

293 538 419 569 alterius
439 538 650 575 constituitur,
667 546 703 570 ut
719 549 744 569 S.
753 538 899 569 Thomas
919 539 1029 570 docuit
1039 538 1066 570 *.
1079 557 1100 562 -
1111 541 1154 570 At
1169 539 1195 570 si
1211 539 1364 571 obieceris

292 583 382 624 quod
397 583 430 613 in
447 583 577 614 materia
596 582 724 614 relativa
742 592 808 613 non
827 582 863 613 fit
882 583 1100 614 denominatio
1120 584 1159 614 ab
1179 584 1362 621 extrinseco,

293 634 329 658 ut
351 627 385 657 in
404 627 431 657 11
450 627 572 658 Contra
598 626 707 663 Gent.,
732 636 801 667 cap.
817 637 890 663 x111,
916 627 1158 658 determinatur:
1183 629 1362 669 respondeo

292 672 381 712 quod
405 671 467 702 hoc
491 677 538 702 est
559 681 672 702 verum
695 671 883 707 formaliter,
908 681 975 702 non
999 679 1107 703 autem
1131 672 1263 703 realiter.
1288 674 1363 704 Non

292 715 378 746 enirn
400 716 488 746 Deus
512 714 626 746 dicitur
654 715 814 746 Dominus
838 726 857 746 a
880 716 1028 747 servitute
1052 716 1242 754 formaliter,
1266 718 1322 748 sed
1345 728 1363 748 a

291 759 443 790 relatione
470 759 615 796 dominii,
636 769 718 800 quae
742 767 789 791 est
811 760 898 791 velut
923 760 951 790 ei
975 760 1151 792 inhaerens.
1175 761 1237 792 Sed
1256 768 1362 793 tamen

289 803 378 834 Deus
397 803 510 834 dicitur
528 803 700 840 Dominus,
725 811 755 835 et
777 804 900 835 realiter
922 804 1092 842 Dominus,
1110 816 1128 836 a
1143 806 1281 837 realitate
1298 817 1361 837 ser-

289 848 416 879 vitutis:
441 847 517 889 quia
535 857 603 878 esse
626 848 806 879 Dominum
829 849 957 880 nullum
981 859 1048 880 esse
1071 850 1172 890 ponit,
1197 850 1257 881 nisi
1272 852 1362 892 quod

289 892 444 924 terminus
467 899 515 923 est
537 892 628 923 realis
651 893 820 924 servitutis.
854 894 895 924 Et
918 894 961 925 sic
984 894 1044 925 ista
1073 895 1290 926 denominatio
1314 902 1362 926 est

289 936 464 968 formaliter
479 937 518 968 ab
533 936 714 974 intrinseco,
732 944 763 969 et
778 938 901 969 realiter
916 939 955 969 ab
972 938 1155 970 extrinseco.

343 981 376 1012 Si
400 988 508 1012 autem
530 982 704 1023 loquamur
727 983 766 1013 de
790 982 834 1013 eis
857 983 1032 1014 secundum
1054 994 1122 1014 esse
1145 985 1292 1022 rationis,
1317 984 1361 1016 sic

290 1035 357 1056 esse
379 1026 561 1057 Dominum
583 1027 676 1067 ponit
691 1027 724 1058 in
739 1027 810 1058 Deo
826 1027 1013 1058 relationem
1033 1028 1173 1059 rationis.
1200 1029 1240 1059 Et
1256 1028 1300 1059 sic
1316 1028 1360 1059 di-

289 1070 378 1107 citur,
397 1077 427 1101 et
441 1081 530 1108 vere,
546 1072 635 1112 quod
658 1072 746 1102 Deus
761 1071 874 1102 dicitur
889 1072 1049 1103 Dominus
1065 1083 1083 1103 a
1099 1072 1253 1109 dominio,
1271 1073 1361 1114 quod

252 1134 254 1138 ,
289 1121 337 1146 est
358 1115 469 1146 relatio
493 1115 633 1147 rationis.
658 1117 733 1147 Non
750 1117 839 1157 quod
858 1116 910 1147 hic
929 1116 991 1147 sint
1010 1117 1090 1147 duae
1114 1117 1280 1148 relationes
1304 1117 1360 1147 do-

288 1159 389 1196 minii,
406 1160 502 1190 altera
525 1167 610 1191 extra
633 1161 784 1197 animam,
802 1168 833 1192 et
853 1161 949 1192 altera
972 1161 1118 1192 rationis:
1139 1161 1194 1191 sed
1210 1161 1285 1202 quia
1308 1161 1361 1191 illa

287 1203 399 1235 relatio
419 1204 565 1242 dominii,
581 1215 664 1246 quae
678 1212 744 1237 tam
759 1205 854 1236 debili
870 1206 970 1236 modo
985 1215 1041 1236 ens
1056 1205 1178 1242 dicitur,
1194 1205 1361 1245 dupliciter

265 1269 268 1270 ν
287 1247 426 1280 iudicata
449 1256 496 1280 est
511 1260 530 1280 a
546 1249 739 1281 doctoribus.
765 1250 970 1290 Quandoque
993 1250 1171 1280 secundum
1195 1259 1262 1280 esse
1285 1260 1360 1290 pro-

288 1292 408 1334 prium:
435 1300 466 1324 et
479 1293 524 1325 sic
542 1293 625 1325 dicta
649 1301 696 1326 est
710 1294 820 1325 relatio
841 1300 872 1324 et
895 1304 950 1324 ens
973 1293 1103 1324 rationis
1127 1300 1261 1330 tantum,
1286 1294 1360 1335 quia

289 1337 417 1368 nullum
440 1338 535 1369 habet
556 1338 724 1379 proprium
739 1348 806 1369 esse
822 1337 882 1368 nisi
899 1347 955 1379 per
968 1337 1134 1369 rationem.
1155 1338 1359 1379 Quandoque

287 1382 466 1413 secundum
481 1393 547 1414 esse
564 1382 714 1419 alienum,
728 1382 845 1413 scilicet
860 1382 1012 1423 oppositi,
1030 1393 1047 1413 a
1062 1392 1128 1423 quo
1145 1383 1225 1413 entis
1240 1393 1359 1413 nomen

288 1432 464 1468 utcumque
482 1433 638 1458 meretur:
664 1434 694 1458 et
710 1427 755 1458 sic
771 1427 853 1458 dicta
868 1433 915 1458 est
930 1437 995 1464 ens,
1013 1433 1043 1458 et
1057 1427 1138 1458 inter
1161 1427 1240 1458 entis
1257 1434 1359 1468 partes

2413 247 2484 294 157

1419 327 1583 351 numerata
1606 321 1634 351 V
1657 322 1840 362 Metaphys.
1858 323 1883 359 *‚
1909 324 1983 363 quia
2011 324 2071 355 alia
2099 325 2212 356 dicitur
2235 325 2275 356 ad
2297 325 2410 366 ipsam.
2444 325 2524 356 Et

1418 364 1493 405 quia
1508 365 1551 395 sic
1566 365 1692 396 nullum
1715 376 1783 396 esse
1798 367 1890 406 ponit
1908 367 1940 397 in
1964 368 2179 406 denominato,
2197 369 2299 400 sedin
2315 369 2482 400 terminato

1418 415 1559 446 tantum,
1584 409 1656 440 ideo
1681 420 1805 450 semper
1829 417 1859 441 et
1882 410 2063 451 simpliciter
2087 413 2125 443 de
2148 413 2214 444 istis
2238 413 2369 450 dicitur,
2394 414 2483 454 quod

1418 453 1544 484 nullum
1568 464 1635 485 esse
1658 461 1785 495 ponunt
1806 454 1840 484 in
1864 455 2079 493 denominato,
2102 464 2179 497 puta
2202 458 2272 488 Deo
2295 464 2350 488 aut
2374 457 2482 494 scibili,

1418 496 1477 527 nisi
1501 497 1639 535 rationis,
1664 499 1754 540 quod
1777 505 1897 539 spectat
1915 500 1954 529 ad
1970 510 2036 530 esse
2051 501 2227 541 proprium.
2252 502 2293 533 Et
2311 502 2391 532 bene
2407 508 2484 532 nota

1418 542 1507 582 quod
1534 552 1601 572 non
1625 542 1738 574 dicitur
1767 543 1857 584 quod
1887 543 2014 574 nullum
2045 555 2110 575 esse
2139 552 2284 596 ponunt,
2315 547 2370 577 sed
2393 546 2483 587 quod

1418 586 1544 617 nullum
1568 597 1634 618 esse
1658 588 1690 618 in
1713 587 1917 619 denominato
1942 595 2083 628 ponunt:
2114 590 2188 630 quia
2212 598 2337 630 ponunt
2360 600 2426 621 esse
2449 590 2482 621 in

1417 630 1585 661 terminato
1610 631 1773 672 opposito,
1797 632 1886 673 quod
1910 632 2024 663 sufficit
2046 633 2086 663 ad
2110 643 2222 664 eorum
2245 644 2312 665 esse
2336 641 2428 665 extra.

1471 675 1553 706 XIX.
1575 676 1616 706 Et
1635 676 1660 706 si
1676 676 1757 706 hanc
1773 676 2007 707 distinctionem
2031 678 2222 717 perspexeris
2239 685 2333 719 atque
2357 678 2481 709 sciveris

1417 719 1593 760 applicare,
1619 720 1739 751 diversa
1769 720 1938 751 doctorum
1972 721 2053 751 dicta
2075 721 2263 752 verificabis:
2292 729 2370 763 puta
2393 723 2482 764 quod

1416 763 1493 794 istae
1526 764 1692 795 relationes
1719 774 1786 795 non
1809 771 1883 795 sunt
1907 764 1990 795 entia
2014 772 2097 796 extra
2121 766 2260 796 animam
2283 765 2366 809 (hoc
2397 767 2482 797 enim

1416 818 1528 839 verum
1551 815 1597 840 est
1625 809 1802 840 secundum
1833 818 1900 839 esse
1930 808 2125 851 proprium);
2151 816 2181 841 et
2204 811 2292 851 quod
2316 811 2374 841 ista
2397 818 2480 847 sunt,

1416 852 1491 893 quia
1515 853 1663 893 opp'osita
1686 860 1760 884 sunt
1784 851 1860 896 (hoc
1884 853 1969 883 enim
1992 863 2104 884 verum
2135 861 2181 885 est
2210 855 2387 886 secundum
2415 865 2482 886 esse

1416 896 1581 939 alienum).
1600 897 1793 938 Videbisque
1813 908 1836 928 s.
1848 897 2011 928 Thomam
2028 905 2200 939 utrumque
2224 899 2360 939 tetigisse
2375 899 2408 929 in
2423 899 2482 930 hac

1415 941 1637 981 responsione;
1662 941 1880 982 Augustinum
1902 952 2043 983 quoque,
2060 942 2092 973 in
2112 943 2140 974 V
2159 943 2198 974 de
2222 944 2323 981 Trin.,
2342 943 2480 984 capitulo

1415 986 1541 1017 ultimo.
1550 1004 1569 1008 —
1579 986 1731 1017 Advertes
1744 996 1875 1027 quoque
1887 987 1986 1027 quod,
1999 986 2126 1018 novitiis
2142 987 2347 1028 compatiens,
2360 989 2482 1018 Auctor

1415 1030 1515 1070 magis
1531 1041 1607 1061 usus
1623 1037 1669 1061 est
1692 1030 1828 1061 relativis
1850 1031 1916 1061 istis
1939 1032 2116 1062 secundum
2139 1042 2206 1063 esse
2224 1031 2367 1070 rationis,
2383 1042 2482 1073 quam

1414 1074 1591 1105 secundum
1613 1075 1701 1105 illam
1721 1075 1844 1106 essendi
1863 1075 2110 1107 diminutionem
2132 1086 2199 1107 non
2222 1076 2312 1107 facile
2335 1076 2481 1117 intelligi-

1415 1118 1522 1149 bilem.
1539 1137 1559 1141 —
1575 1119 1622 1149 Ex
1644 1119 1693 1150 his
1717 1129 1848 1160 quoque
1877 1126 1963 1160 patet
1989 1121 2176 1161 quomodo,
2207 1120 2296 1151 nullo
2321 1121 2480 1152 intellectu

1415 1163 1642 1200 considerante,
1666 1171 1771 1204 potest
1793 1163 1854 1194 dici
1870 1164 1957 1195 Deus
1973 1165 2131 1198 Dominus
2146 1164 2328 1201 formaliter,
2346 1172 2376 1195 et
2399 1175 2479 1206 quo-

1415 1207 1514 1237 modo
1534 1217 1599 1237 non
1624 1207 1683 1238 nisi
1707 1207 1992 1244 fundamentaliter,
2010 1215 2083 1239 etc.:
2108 1209 2330 1249 distinguendo
2355 1210 2393 1239 de
2413 1219 2479 1240 esse

1415 1251 1545 1291 proprio
1560 1251 1610 1282 vel
1632 1252 1736 1282 alieno
1759 1252 1868 1292 ipsius.
1885 1270 1906 1275 ·—
1920 1253 2091 1293 Habesque
2113 1253 2186 1284 hinc
2205 1253 2364 1284 defectum
2383 1253 2478 1290 Scoti,

1414 1295 1447 1325 in
1465 1295 1487 1332 Ι,
1504 1295 1575 1326 dist.
1591 1306 1660 1332 xxx,
1678 1306 1732 1337 qu.
1753 1307 1773 1332 1,
1798 1296 1950 1328 credentis
1975 1298 2063 1338 quod
2087 1298 2173 1328 Deus
2190 1298 2304 1338 dicitur
2320 1297 2479 1328 Dominus

1415 1349 1452 1370 ex
1467 1339 1535 1370 sola
1551 1340 1701 1370 relatione
1725 1350 1806 1381 quae
1829 1347 1876 1371 est
1897 1341 1931 1371 in
1948 1348 2096 1373 creatura.
2121 1341 2216 1372 Ponit
2230 1341 2314 1372 enim
2335 1341 2480 1372 effectum

1414 1383 1600 1420 formalem,
1626 1384 1742 1415 scilicet
1766 1395 1832 1415 esse
1856 1385 2051 1422 Dominum,
2077 1386 2195 1427 absque
2220 1396 2312 1416 causa
2336 1386 2478 1422 formali,

1414 1427 1531 1459 scilicet
1553 1428 1704 1459 relatione
1728 1429 1880 1459 dominii:
1906 1430 1995 1470 quod
2018 1440 2084 1460 non
2108 1437 2154 1461 est
2176 1430 2379 1471 intelligibile.

1075 1581 1394 1624 ARTICULUS
1425 1582 1699 1625 OCTAVUS

834 1676 990 1707 UTRUM
1013 1676 1107 1708 Hoc
1131 1676 1287 1707 NOMEN
1309 1676 1432 1707 DEUs
1455 1676 1521 1708 sn·
1544 1676 1701 1708 NOMEN
1724 1677 1933 1708 NATURAE

1186 1756 1195 1780 1
1216 1756 1298 1786 Sent„
1319 1757 1378 1782 dist.
1397 1764 1424 1788 ιι,
1444 1764 1532 1790 expos.
1552 1758 1589 1783 lit.

319 1856 329 1875 ι,
373 1861 413 1885 ²»

315 1870 383 1903 κῇ
425 1871 475 1909 ζ(
499 1857 522 1882 D
544 1856 717 1882 ocuvuM
737 1856 790 1882 stc
810 1856 1050 1882 PROCEDITUR.
1071 1844 1232 1882 Videtur
1251 1846 1356 1894 quod

315 1886 471 1992 8»)ῗῇ
499 1899 575 1935 hoc
603 1910 750 1935 nomen
777 1899 882 1935 Deus
901 1910 980 1935 non
1001 1898 1047 1935 sit
1074 1911 1220 1936 nomen
1247 1906 1357 1936 natu-

304 1952 307 1957 '
322 1953 427 1996 tv«
444 1940 471 1992 s(
501 1963 577 1988 rae.
594 1951 694 1988 Dicit
713 1951 816 1988 enim
832 1952 1110 1999 Damascenus,
1127 1952 1166 1989 in
1183 1953 1195 1989 1
1213 1952 1308 1990 libro
1324 1953 1355 2001 ²¹²,

306 1969 469 2037 (⁶³3³)
459 1995 606 2055 &quod
643 2006 747 2042 Deus
780 2005 916 2041 dicitur
942 2017 966 2042 a
995 1981 1131 2046 theeiri
1163 2007 1267 2055 quod
1301 2013 1357 2043 est

286 2068 436 2096 currere
455 2065 484 2106 ⁰⁸,
510 2063 546 2095 et
550 2059 693 2106 fovere
713 2058 913 2103 universa;
940 2059 1000 2095 vel
1018 2060 1067 2096 ab
1086 2060 1245 2105 aethein,
1267 2060 1359 2097 idest

284 2113 422 2150 ardere
449 2113 573 2159 (Deus
610 2112 710 2148 enim
749 2117 874 2148 noster
911 2112 1010 2161 ignis
1048 2124 1271 2149 consumens
1305 2119 1359 2150 est

285 2178 436 2203 omnem
455 2165 640 2202 malitiam
655 2163 705 2211 p);
730 2164 791 2201 vel
807 2176 831 2201 α
851 2165 1044 2211 theasthai,
1066 2166 1172 2214 quod
1191 2173 1248 2202 est
1267 2179 1358 2203 con-

283 2219 463 2266 siderare,
489 2218 630 2255 omnia.
660 2218 769 2255 Haec
796 2224 925 2255 autem
949 2218 1081 2255 omnia
1100 2218 1149 2255 ad
1169 2219 1357 2268 operatio-

284 2284 376 2310 nem
403 2272 605 2321 pertinent.
636 2272 739 2320 Ergo
758 2272 835 2308 hoc
859 2284 1005 2308 nomen
1033 2273 1138 2308 Deus
1167 2274 1356 2322 operatio-

285 2338 377 2364 nem
406 2325 603 2374 significat,
635 2332 671 2362 et
699 2337 779 2362 non
807 2332 983 2362 naturam
998 2330 1023 2362 ⁷.

339 2391 374 2416 2.
404 2380 638 2427 PRAETEREA,
669 2379 883 2416 secundum
911 2379 987 2416 hoc
1015 2378 1158 2428 aliquid
1182 2379 1357 2417 nomina-

282 2439 344 2470 tur
362 2445 385 2470 a
404 2432 528 2480 nobis,
550 2432 765 2470 secundum
790 2432 895 2482 quod
919 2432 1172 2481 cognoscitur.
1204 2433 1282 2471 Sed
1302 2434 1356 2471 di-

283 2485 375 2523 vina
403 2493 538 2524 natura
567 2493 622 2523 est
650 2486 761 2523 nobis
795 2486 934 2534 ignota.
974 2487 1078 2534 Ergo
1107 2487 1183 2523 hoc
1211 2499 1356 2524 nomen

283 2540 389 2577 Deus
416 2552 497 2577 non
525 2539 711 2587 significat
740 2546 918 2577 naturam
947 2539 1129 2577 divinam.

339 2594 414 2630 SED
435 2604 582 2630 CONTRA
601 2605 667 2630 EST
687 2593 792 2642 quod
809 2593 898 2630 dicit
916 2593 1156 2641 Ambrosius,
1172 2593 1211 2630 in
1230 2594 1324 2631 libro
1341 2595 1354 2630 Ι

283 2646 330 2683 de
356 2646 451 2683 Fide
467 2646 500 2694 ²¹²,
525 2646 631 2695 quod
659 2647 764 2683 Deus
793 2654 849 2684 est
876 2659 1021 2684 nornen
1049 2654 1219 2684 naturae.

338 2701 565 2737 RESPONDr-:o
581 2711 766 2737 morannum
785 2700 890 2749 quod
910 2712 990 2737 non
1010 2708 1066 2737 est
1080 2712 1233 2750 semper
1251 2700 1354 2738 idern

283 2753 323 2791 id
351 2766 374 2790 a
401 2765 479 2802 quo
508 2753 718 2802 imponitur
746 2766 888 2791 nomen
918 2754 967 2791 ad
992 2754 1298 2802 significandum,
1320 2762 1356 2791 et

284 2807 324 2845 id
342 2806 394 2844 ad
407 2806 516 2855 quod
535 2806 829 2855 significandum
844 2819 988 2844 nomen
1008 2807 1229 2857 imponitur.
1252 2807 1356 2844 Sicut

284 2860 389 2898 enim
418 2860 668 2897 substantiam
698 2860 751 2897 rei
780 2873 825 2898 ex
853 2861 1146 2910 proprietatibus
1173 2862 1236 2898 vel
1266 2873 1356 2910 ope-

285 2914 496 2951 rationibus
526 2913 607 2951 eius
638 2914 917 2962 cognoscimus,
947 2914 998 2952 ita
1026 2914 1274 2951 substantiam
1304 2914 1357 2951 rei

286 2967 584 3005 denominamus
619 2968 854 3017 quandoque
883 2969 932 3007 ab
961 2968 1086 3017 aliqua
1114 2967 1194 3005 eius
1223 2979 1357 3016 opera-

284 3020 389 3057 tione
417 3022 480 3058 vel
516 3021 768 3071 proprietate:
809 3021 904 3058 sicut
935 3021 1185 3059 substantiam
1223 3021 1356 3071 lapidis

287 3073 584 3112 denominamus
613 3075 661 3112 ab
691 3075 817 3124 aliqua
845 3074 991 3112 actione
1022 3075 1113 3122 eius,
1135 3073 1225 3123 quia
1244 3074 1358 3111 laedit

285 3127 450 3176 pedem;
478 3140 558 3165 non
586 3135 716 3166 tamen
754 3129 829 3166 hoc
868 3140 1012 3166 nornen
1049 3127 1273 3178 impositum
1302 3135 1358 3165 est

285 3181 336 3218 ad
364 3180 656 3228 significandum
675 3183 776 3219 hanc
794 3181 998 3230 actionem,
1020 3182 1088 3219 sed
1108 3181 1356 3219 substantiam

286 3233 434 3283 lapidis.
466 3233 507 3271 Si
525 3247 601 3284 qua
618 3248 713 3272 vero
735 3242 822 3272 sunt
850 3248 948 3285 quae
975 3235 1190 3272 secundum
1210 3247 1251 3271 se
1271 3242 1358 3271 sunt

287 3294 379 3324 nota
398 3287 522 3334 nobis,
541 3295 584 3324 ut
603 3289 718 3336 calor,
739 3289 867 3337 frigus,
889 3288 1039 3336 albedo,
1062 3296 1098 3325 et
1121 3287 1355 3335 huiusmodi,

287 3353 366 3378 non
386 3341 435 3384 ab
455 3340 534 3377 aliis
554 3341 862 3380 denominantur.
892 3342 1005 3379 Unde
1033 3342 1071 3378 in
1099 3341 1235 3378 talibus
1254 3341 1356 3378 idem

341 3472 368 3504 α)
388 3478 505 3496 currere.
523 3485 542 3491 -
559 3478 656 3496 curare
674 3472 857 3499 PABCDEGb.

342 3506 367 3540 β)
387 3514 491 3532 omnem
511 3506 650 3531 malitiam.
668 3520 688 3526 ·—
705 3507 767 3532 Om.
782 3508 846 3534 Pub

341 3543 368 3575 γ)
389 3545 524 3567 naturam.
537 3555 556 3561 -
575 3541 693 3566 divinam
713 3543 811 3568 addunt
828 3544 906 3569 ABD.

341 3577 366 3610 ὃ)
386 3585 403 3602 a
421 3585 505 3610 quo...
524 3577 772 3611 significandumn-
752 3578 820 3603 -ad
837 3579 910 3611 quod
928 3586 1022 3605 nomen
1041 3579 1246 3613 significandum
1261 3579 1356 3613 (signi-

280 3613 422 3647 ficandum
442 3620 536 3639 nomen
556 3612 652 3645 CEsA)
672 3612 819 3645 imponitur
837 3610 960 3640 ABCDE.

1414 1854 1469 1883 est
1497 1846 1603 1894 quod
1631 1858 1775 1884 nomen
1803 1846 1999 1895 significat,
2021 1855 2058 1884 et
2076 1847 2115 1885 id
2134 1860 2156 1884 a
2176 1859 2253 1896 quo
2272 1847 2480 1898 imponitur

1412 1911 1558 1936 nomen
1586 1900 1636 1937 ad
1665 1900 1956 1948 significandum
1977 1898 2001 1938 δ.

1467 1953 1568 2000 Quia
1586 1953 1695 2002 igitur
1713 1955 1819 1990 Deus
1839 1966 1917 1991 non
1938 1961 1992 1990 est
2011 1961 2124 1991 notus
2143 1953 2254 1991 nobis
2274 1954 2312 1991 in
2336 1954 2392 1991 sui
2412 1968 2476 1992 na-

1411 2014 1506 2054 tura,
1537 2007 1604 2044 sed
1639 2007 1838 2044 innotescit
1874 2007 1986 2044 nobis
2022 2019 2067 2044 ex
2102 2007 2387 2057 operationibus
2415 2009 2478 2046 vel

1413 2060 1610 2097 effectibus
1640 2060 1732 2108 eius,
1759 2072 1804 2097 ex
1832 2060 1889 2097 his
1913 2073 2118 2109 possumus
2148 2073 2235 2097 eum
2265 2061 2474 2110 nominare,

1411 2121 1453 2150 ut
1472 2126 1587 2162 supra
1600 2113 1620 2136 ’¹‘
1641 2113 1783 2151 dictum
1804 2122 1869 2151 est.
1900 2114 2012 2151 Unde
2037 2114 2112 2151 hoc
2131 2126 2274 2151 nornen
2298 2116 2403 2152 Deus
2423 2123 2478 2152 est

1413 2179 1558 2204 nornen
1587 2166 1835 2216 operationis,
1865 2175 2050 2216 quantum
2079 2167 2128 2204 ad
2151 2167 2188 2204 id
2209 2180 2230 2204 a
2250 2180 2326 2217 quo
2355 2168 2476 2217 impo-

1413 2220 1513 2257 nitur
1532 2221 1579 2258 ad
1600 2220 1905 2268 significandum.
1937 2220 2148 2269 imponitur
2176 2221 2278 2258 enim
2306 2222 2381 2258 hoc
2409 2234 2477 2258 no-

1413 2286 1504 2310 men
1541 2274 1589 2310 ab
1626 2273 1830 2311 universali
1870 2287 1997 2311 rerum
2039 2274 2303 2323 providentia:
2343 2287 2477 2312 omnes

1413 2328 1517 2364 enim
1547 2328 1744 2376 loquentes
1773 2327 1821 2364 de
1851 2328 1947 2375 Deo,
1968 2328 2043 2364 hoc
2062 2328 2260 2365 intendunt
2277 2328 2477 2365 nominare

1413 2382 1540 2418 Deum
1561 2387 1587 2428 ¹,
1618 2381 1723 2430 quod
1751 2382 1867 2418 habet
1901 2381 2184 2430 providentiam
2220 2381 2476 2418 universalem

1413 2434 1461 2472 de
1490 2435 1615 2471 rebus.
1645 2434 1756 2472 Unde
1784 2434 1872 2471 dicit
1899 2434 2116 2483 Dionysius,
2144 2447 2191 2471 xn
2222 2447 2302 2484 cap.
2324 2435 2369 2471 de
2387 2435 2474 2472 Diu.

1411 2488 1529 2526 Nom.
1545 2487 1577 2535 ²¹²,
1607 2489 1712 2536 quod
1740 2488 1856 2525 deitas
1883 2494 1936 2524 est
1962 2498 2059 2536 quae
2087 2488 2213 2524 omnia
2232 2488 2332 2524 videt
2347 2488 2476 2536 provi-

1412 2541 1536 2578 dentia
1556 2546 1591 2577 et
1608 2541 1770 2578 bonitate
1791 2542 1973 2590 perfecta.
2004 2541 2061 2577 Ex
2089 2542 2160 2578 hac
2189 2548 2315 2578 autem
2344 2553 2476 2590 opera-

1412 2594 1514 2631 tione
1548 2595 1624 2631 hoc
1652 2605 1796 2631 nomen
1827 2595 1931 2631 Deus
1965 2601 2224 2643 assumptum,
2254 2594 2476 2643 impositum

1412 2655 1468 2685 est
1495 2649 1545 2685 ad
1573 2646 1864 2695 significandum
1894 2647 2062 2685 divinam
2092 2655 2276 2684 naturam.

1465 2703 1524 2738 AD
1553 2712 1689 2738 PmMUM
1718 2712 1816 2737 ERGO
1845 2712 2028 2738 mensuum
2057 2701 2163 2749 quod
2191 2700 2350 2737 omnia*
2379 2713 2475 2749 quae

1411 2754 1539 2803 posuit
1558 2755 1834 2802 Damascenus,
1854 2753 2043 2803 pertinent
2066 2754 2115 2791 ad
2138 2753 2432 2803 providentiam,
2454 2767 2476 2791 a

1413 2820 1488 2857 qua
1508 2807 1717 2857 imponitur
1731 2807 1806 2843 hoc
1821 2819 1965 2844 nornen
1979 2808 2084 2844 Deus
2098 2807 2147 2844 ad
2168 2807 2470 2855 significandum.

1466 2863 1524 2898 Αι)
1553 2871 1743 2897 SECUNDUM
1770 2872 1954 2898 DICENDUM
1982 2860 2099 2908 quod,
2130 2860 2342 2897 secundum
2372 2860 2476 2909 quod

1413 2921 1588 2951 naturam
1609 2912 1764 2950 alicuius
1783 2913 1836 2950 rei
1857 2925 1902 2950 ex
1922 2913 2002 2950 eius
2021 2913 2311 2963 proprietatibus
2332 2920 2367 2950 et
2387 2913 2475 2950 effe-

1414 2967 1534 3004 ctibus
1555 2978 1785 3015 cognoscere
1803 2979 2021 3015 possumus,
2039 2967 2091 3004 sic
2107 2979 2192 3003 eam
2212 2966 2367 3003 nomine
2386 2978 2476 3015 pos-

1413 3033 1544 3057 sumus
1573 3019 1795 3068 significare.
1815 3020 1939 3068 Unde,
1961 3020 2048 3069 quia
2074 3019 2322 3057 substantiam
2342 3019 2475 3068 lapidis

1413 3087 1458 3111 ex
1489 3074 1567 3110 eius
1595 3072 1823 3122 proprietate
1851 3085 2056 3122 possumus
2086 3084 2315 3121 cognoscere
2343 3084 2475 3109 secun-

1414 3129 1506 3165 dum
1535 3126 1713 3175 seipsam,
1742 3126 1897 3164 sciendo
1918 3126 2009 3176 quid
2038 3134 2093 3163 est
2111 3126 2217 3175 lapis,
2236 3126 2312 3162 hoc
2330 3138 2474 3162 nornen

1414 3181 1507 3229 Iapis
1535 3180 1658 3229 ipsam
1686 3178 1820 3227 lapidis
1848 3186 2037 3227 naturam,
2063 3180 2274 3216 secundum
2303 3179 2408 3226 quod
2436 3178 2476 3215 in

1414 3247 1454 3271 se
1480 3241 1545 3281 est,
1567 3232 1772 3281 significat:
1803 3233 1986 3292 significat
2014 3232 2114 3269 enirn
2141 3231 2403 3269 definitionem
2422 3232 2474 3268 la-

1412 3287 1531 3347 pidis,
1569 3298 1638 3336 per
1674 3298 1790 3335 quam
1823 3286 1964 3323 scimus
2000 3285 2092 3335 quid
2127 3292 2182 3322 est
2218 3284 2323 3334 lapis.
2362 3284 2474 3322 Ratio

1414 3340 1516 3377 enim
1545 3351 1661 3389 quam
1691 3338 1875 3388 significat
1894 3351 2048 3385 nomen,
2080 3346 2135 3375 est
2159 3337 2339 3387 definitio,
2359 3345 2402 3375 ut
2421 3338 2475 3376 di-

1466 3470 1487 3504 ε’)
1503 3473 1552 3497 hoc
1566 3472 1708 3497 intendunt
1720 3472 1859 3497 nominare
1874 3472 1969 3496 Deum.
1981 3484 2000 3490 -
2010 3470 2058 3495 hoc
2073 3470 2224 3503 intelligunt
2237 3470 2374 3495 nominare
2388 3471 2473 3496 Deum

1412 3507 1602 3575 Βςιέῗῗνῗιιζία.
1611 3555 1631 3562 —
1643 3542 1689 3567 illa
1703 3542 1799 3567 addunt
1812 3542 1932 3567 CDEFG.
1947 3556 1965 3560 -
1977 3542 2027 3566 Pro
2036 3541 2137 3573 posuit,
2151 3541 2231 3573 ponit
2243 3541 2364 3566 ABCDE.
2377 3555 2397 3561 ·-
2410 3541 2473 3566 Post

1411 3578 1617 3612 significandum
1636 3578 1657 3602 B
1677 3578 1745 3602 addit
1764 3577 1882 3602 diuinam
1901 3577 2051 3602 essentiam.

2540 328 2577 351 Cf.
2587 335 2657 358 supra
2666 337 2691 353 n.
2702 337 2727 354 x.

2605 1898 2619 1923 οἱ

2502 2121 2513 2132 ⁸
2523 2122 2574 2144 Art.
2589 2127 2608 2143 1.

2503 2495 2515 2506 ‘
2529 2494 2605 2518 S.Th.
2620 2495 2673 2517 lect.
2684 2500 2701 2516 ι.
