2768 4178
25 1155 37 1168 '
51 1155 101 1184 Qu.
111 1161 153 1179 ιιι.

23 1207 38 1220 ⁸
52 1207 102 1237 Qu.
112 1210 164 1231 xm.

30 2319 122 2343 ''Ven.
133 2319 147 2342 8
161 2325 198 2348 sq.

14 2623 18 2625 .
32 2637 42 2647 '‘
56 2635 124 2658 Ven-
139 2635 177 2658 26.

15 2791 18 2801 ³
33 2799 46 2812 ⁴
59 2799 158 2829 Vas-3.

8 3062 13 3070 ¹
37 3071 51 3088 ’ψ
59 3069 126 3092 Vera.
137 3077 161 3097 4.

35 3177 48 3189 ³
60 3177 100 3199 Ps.
114 3183 200 3203 mm,
217 3176 248 3198 16.

35 3203 60 3216 ¹⁸⁸
73 3203 111 3226 Ps.
120 3209 191 3231 cxvn,
203 3203 235 3225 16.

137 3281 152 3314 β

15 3415 17 3419 .
37 3388 51 3400 ⁸
64 3388 130 3411 Vei-u.
142 3395 158 3410 1.

995 249 1264 296 QUAEST10
1295 253 1363 300 111,

1393 252 1690 290 ARTICULUS
1722 255 1735 290 Ι
2415 257 2461 293 35

984 477 1399 555 QUAESTIO
1438 478 1752 535 TERTIA

894 606 994 646 DE
1048 605 1181 646 DEI
1238 605 1833 648 SIMPLICITATE

1099 731 1133 756 IN
1162 731 1262 756 OCTO
1290 731 1493 757 ARTICULOS
1522 732 1637 757 DIVISA

349 836 489 862 oonrro
519 824 566 861 de
597 824 723 873 aliquo
754 836 802 861 an
833 824 895 872 sit,
926 825 1198 874 inquirendum
1229 834 1344 863 restat

269 835 550 927 Cquomodo
580 877 638 925 sit,
665 884 708 914 ut
732 877 871 915 sciatur
900 878 947 916 de
978 891 1024 916 eo
1054 879 1147 928 quid
1175 879 1232 916 sit.
1264 880 1342 916 Sed

266 931 356 980 quia
384 931 432 968 de
461 932 548 968 Deo
576 930 672 968 scire
701 943 781 968 non
816 944 1026 980 possumus
1055 933 1146 982 quid
1179 933 1243 980 sit,
1274 933 1341 970 sed

266 985 359 1034 quid
379 997 459 1022 non
482 984 539 1032 sit,
569 997 648 1022 non
672 997 880 1034 possumus
910 986 1151 1023 considerare
1179 987 1226 1024 de
1255 988 1340 1024 Deo

267 1038 468 1087 quomodo
489 1037 547 1086 sit,
567 1037 636 1075 sed
654 1038 782 1088 potius
806 1040 1007 1087 quomodo
1027 1052 1106 1077 non
1126 1039 1180 1076 sit.
1212 1040 1340 1076 Primo

268 1103 359 1140 ergo
398 1091 724 1129 considerandum
758 1100 813 1129 est
848 1093 1050 1141 quomodo
1080 1105 1159 1130 non
1188 1093 1254 1139 sit;
1285 1106 1342 1130 se-

268 1144 650 1194 cundo,¹quomodo
680 1157 702 1182 a
730 1146 841 1183 nobis
871 1154 1124 1194 cognoscatur
1142 1146 1182 1192 *;
1211 1146 1340 1193 tertio,

268 1198 471 1247 quomodo
500 1198 720 1236 nominetur
739 1199 770 1235 *.

265 1279 274 1282 ·
315 1253 453 1289 <Potest
473 1258 602 1289 autem
623 1252 771 1290 ostendi
791 1253 838 1289 de
858 1254 944 1289 Deo
962 1252 1164 1300 quomodo
1186 1264 1264 1289 non
1284 1252 1341 1300 sit,

268 1305 509 1342 removendo
544 1306 592 1342 ab
621 1317 669 1342 eo
698 1317 744 1342 ea
777 1317 876 1354 quae
907 1305 940 1341 ei
973 1318 1052 1342 non
1087 1306 1340 1352 conveniunt,

267 1365 401 1408 utpote
421 1358 754 1408 compositionem,
775 1366 939 1406 motum,
961 1366 996 1395 et
1015 1359 1087 1396 alia
1106 1358 1341 1396 huiusmodi.

267 1411 398 1449 Primo
429 1423 519 1459 ergo
547 1411 761 1461 inquiratur
789 1411 836 1449 de
857 1412 1095 1460 simplicitate
1124 1412 1254 1461 ipsius,
1274 1425 1344 1461 per

268 1476 387 1513 quam
417 1472 640 1502 removetur
663 1465 712 1502 ab
733 1477 779 1501 eo
803 1465 1044 1514 compositio.
1076 1466 1125 1503 Et
1144 1466 1233 1514 quia
1254 1466 1343 1502 sim-

267 1517 379 1568 plicia
413 1518 452 1555 in
486 1518 601 1555 rebus
635 1518 897 1567 corporalibus
934 1527 1021 1556 sunt
1057 1519 1279 1568 imperfecta
1309 1527 1345 1556 et

267 1579 407 1621 partes,
430 1571 601 1609 secundo
626 1572 836 1621 inquiretur
856 1572 903 1610 de
922 1572 1156 1621 perfectione
1175 1572 1292 1621 ipsius
1305 1572 1343 1618 *;

267 1624 390 1672 tertio,
417 1624 465 1662 de
493 1625 678 1662 infinitate
708 1625 790 1662 eius
809 1625 845 1671 *3
876 1634 1025 1674 quarto,
1047 1625 1095 1663 de
1124 1626 1345 1663 immutabi-

269 1677 368 1716 litate
388 1677 424 1723 *ς
454 1678 604 1727 quinto,
636 1679 683 1716 de
711 1679 854 1716 unitate
873 1679 924 1716 ἢ.

1398 827 1507 863 Circa
1535 827 1705 875 primum
1734 835 1969 876 quaeruntur
1998 835 2097 865 octo.

1451 880 1600 917 Primo:
1629 887 1758 917 utrum
1787 881 1894 918 Deus
1924 881 1970 918 sit
1998 894 2136 931 corpus
2155 888 2183 918 ⁸¹.

1452 933 1649 970 Secundo:
1679 941 1809 971 utrum
1839 934 1884 971 sit
1912 934 1951 972 in
1979 947 2027 971 eo
2062 935 2288 984 compositio
2322 937 2468 974 formae

1505 994 1542 1023 et
1570 987 1764 1024 materiae.

1451 1040 1610 1077 Tertio:
1648 1048 1777 1078 utrum
1815 1041 1860 1077 sit
1896 1041 1934 1077 in
1972 1054 2019 1078 eo
2058 1042 2284 1091 compositio
2322 1043 2469 1092 quiddi-

1504 1093 1609 1141 tatis,
1648 1094 1728 1131 sive
1768 1094 1974 1142 essentiae,
2003 1096 2066 1132 vel
2104 1103 2282 1143 naturae,
2318 1104 2353 1133 et
2382 1097 2469 1134 sub-

1504 1154 1600 1183 lecti.

1452 1199 1616 1245 Quarto:
1646 1207 1775 1236 utrum
1810 1201 1855 1237 sit
1883 1201 1922 1238 in
1950 1213 1997 1238 eo
2028 1202 2254 1250 compositio
2285 1214 2382 1251 quae
2412 1210 2470 1240 est

1507 1265 1552 1288 ex
1582 1260 1745 1290 essentia
1774 1260 1809 1290 et
1839 1266 1934 1291 esse.

1452 1305 1613 1352 Quinto:
1642 1314 1772 1343 utrum
1797 1307 1842 1343 sit
1871 1307 1909 1343 in
1938 1320 1985 1344 eo
2011 1308 2237 1356 compositio
2267 1309 2414 1356 generis
2435 1317 2471 1346 et

1507 1358 1753 1397 differentiae.

1453 1412 1586 1449 Sexto:
1616 1419 1744 1449 utrum
1774 1413 1819 1450 sit
1847 1413 1885 1450 in
1915 1426 1960 1450 eo
1996 1414 2223 1463 compositio
2249 1415 2407 1452 subiecti
2436 1423 2472 1451 et

1507 1465 1724 1503 accidentis.
2422 1503 2427 1508 .
2461 1490 2474 1507 s

1454 1519 1646 1568 Septimo:
1677 1527 1805 1556 utrum
1834 1520 1880 1556 sit
1903 1532 2151 1569 quocumque
2172 1521 2290 1558 modo
2313 1534 2470 1571 compo-

1507 1573 1614 1620 situs,
1644 1573 1707 1609 vel
1735 1573 1897 1610 totaliter
1925 1573 2094 1622 simplex.

1454 1626 1621 1663 Octavo:
1652 1633 1780 1663 utrum
1808 1627 1937 1664 veniat
1965 1627 2003 1664 in
2033 1628 2351 1676 compositionem
2382 1640 2470 1665 cum

1508 1680 1598 1716 aliis.

1000 1805 1425 1847 ARTICULUS
1470 1806 1745 1848 PRIMUS

1082 1907 1238 1937 UTRUM
1262 1906 1374 1938 DEUS
1399 1906 1466 1937 SIT
1491 1906 1661 1938 CORPUS

884 2004 892 2028 I
915 2004 991 2029 Cont.
1014 2005 1102 2035 Gent.,
1123 2011 1178 2036 cap.
1198 2011 1244 2034 xx;
1264 2004 1292 2033 11,
1313 2011 1369 2036 cap.
1388 2011 1432 2034 1u;
1456 2004 1599 2036 Compend.
1618 2004 1715 2035 neon,
1735 2012 1790 2037 cap.
1809 2012 1860 2030 xv1.

306 2116 314 2139 ε
339 2119 364 2141 »ι
391 2123 458 2161 a«
483 2114 505 2139 D
535 2114 672 2138 Pmuuu
701 2114 754 2138 SIC
784 2113 1024 2138 PROCEmTUR.
1054 2101 1214 2138 Videtur
1239 2102 1344 2149 quod

401 2143 590 2213 ‘'Deus
610 2156 658 2192 sit
677 2167 828 2203 corpus.
861 2155 1012 2203 Corpus
1039 2155 1142 2191 enim
1166 2163 1220 2191 est
1240 2157 1345 2204 quod

307 2245 310 2252 Α
429 2212 451 2250 '6
483 2209 599 2245 habet
635 2208 774 2245 trinam
804 2208 1099 2245 dimensionem.
1131 2209 1210 2245 Sed
1238 2221 1345 2246 sacra

328 2253 412 2294 *⁷³⁹³*
440 2251 678 2311 &Scriptura
707 2262 873 2299 attribuit
906 2263 990 2298 Deo
1019 2262 1156 2298 trinam
1197 2262 1344 2299 dimen-

271 2313 439 2350 sionem:
470 2314 606 2353 dicitur
625 2315 728 2352 enirn
748 2316 818 2352 Iob
838 2327 872 2351 XI
891 2315 926 2351 *ε
953 2315 1138 2352 excelsior
1157 2316 1261 2352 caelo
1282 2322 1345 2362 est,

271 2372 308 2404 et
334 2367 425 2415 quid
444 2368 603 2417 facies?
626 2369 857 2418 profundior
891 2369 1061 2417 inferno,
1091 2375 1128 2405 et
1160 2369 1257 2405 unde
1286 2382 1346 2406 co-

270 2431 430 2470 gnosces
444 2421 466 2458 ?
493 2422 646 2472 longior
679 2428 780 2459 terra
818 2434 997 2459 mensura
1035 2423 1134 2467 eius,
1174 2428 1210 2459 et
1236 2423 1348 2459 latior

272 2474 384 2511 mari.
415 2475 518 2523 Ergo
548 2476 654 2512 Deus
683 2483 739 2512 est
768 2488 919 2524 corpus.
1144 2518 1154 2524 χ

328 2538 363 2564 2.
386 2528 620 2576 PRAETEREA,
642 2541 759 2566 omne
780 2529 985 2577 figuratum
1007 2537 1063 2565 est
1083 2541 1234 2577 corpus,
1258 2542 1345 2566 cum

273 2580 396 2629 figura
430 2581 475 2618 sit
503 2581 662 2630 qualitas
699 2582 798 2619 circa
835 2582 1097 2630 quantitatem.
1135 2583 1212 2619 Sed
1242 2584 1347 2620 Deus

273 2633 424 2671 videtur
453 2646 536 2672 esse
564 2635 760 2683 figuratus,
782 2647 870 2672 cum
891 2635 1074 2685 scriptum
1104 2635 1150 2672 sit
1173 2636 1265 2673 Gen.
1284 2637 1345 2673 1²¹²:

274 2687 479 2724 Faciamus
515 2688 707 2725 hominem
743 2689 795 2725 ad
830 2689 1036 2739 imaginem
1070 2695 1106 2726 et
1140 2690 1348 2727 similitudi-

276 2752 361 2777 nem
391 2746 581 2778 nostram:
609 2742 732 2790 figura
762 2741 864 2779 enim
894 2742 1021 2790 imago
1047 2742 1192 2790 dicitur,
1214 2755 1347 2780 secun-

277 2795 370 2832 dum
399 2794 490 2831 illud
513 2795 635 2831 Hebr.
657 2807 666 2831 1
687 2795 721 2831 *z
752 2807 838 2832 cum
857 2796 906 2832 sit
920 2796 1097 2844 splendor
1123 2796 1283 2846 gloriae,
1314 2803 1348 2833 et

265 2849 405 2898 figura
432 2849 661 2885 substantiae
689 2849 785 2894 eius,
815 2848 911 2886 idest
938 2849 1077 2897 imago.
1109 2850 1210 2897 Ergo
1240 2851 1346 2886 Deus

278 2908 333 2938 est
361 2913 512 2950 corpus.

333 2955 367 2992 3.
397 2955 641 3002 PRAETEREA,
671 2967 787 2993 omne
822 2956 928 3004 quod
961 2956 1077 2992 habet
1108 2964 1235 3003 partes
1265 2968 1346 2992 cor-

276 3019 435 3056 poreas,
467 3015 522 3045 est
551 3020 701 3057 corpus.
739 3008 817 3045 Sed
846 3009 1039 3058 Scriptura
1068 3006 1232 3046 attribuit
1260 3010 1345 3046 Deo

275 3068 403 3110 partes
433 3073 654 3110 corporeas:
685 3060 820 3099 dicitur
839 3062 942 3099 enim
966 3063 1036 3099 Iob
1050 3075 1096 3098 XL
1116 3062 1153 3098 *z
1182 3063 1216 3099 si
1232 3063 1347 3099 habes

278 3114 474 3151 brachium
503 3120 544 3152 ut
568 3116 696 3159 Deus,·
725 3122 761 3151 et
789 3115 827 3151 in
851 3116 1024 3152 Psalmo:
1064 3115 1164 3152 oculi
1188 3116 1349 3152 Domini

277 3179 390 3215 super
409 3167 521 3205 iustos
535 3167 571 3215 *3
589 3176 637 3216 et,
653 3168 809 3205 dextera
828 3169 988 3206 Domini
992 3169 1092 3217 fecit
1103 3169 1277 3206 virtutem
1293 3169 1344 3206 **.
1364 3176 1369 3178 ’

278 3221 381 3268 Ergo
410 3221 516 3258 Deus
546 3228 601 3258 est
629 3234 780 3270 corpus.

330 3285 367 3320 4.
390 3274 623 3321 PRAETER'EA,
644 3275 736 3312 situs
755 3287 835 3312 non
863 3275 1041 3311 convenit
1054 3273 1071 3302 β
1091 3275 1161 3311 nisi
1182 3275 1344 3324 corpori.

280 3327 357 3364 Sed
387 3339 431 3363 ea
451 3339 550 3375 quae
578 3328 627 3365 ad
654 3328 767 3365 situm
793 3327 992 3378 pertinent,
1012 3328 1050 3364 in
1070 3328 1271 3377 Scripturis
1291 3328 1346 3365 di-

280 3387 416 3418 cuntur
436 3379 483 3417 de
509 3381 612 3417 Deo:
644 3381 777 3419 dicitur
797 3382 900 3419 enim
920 3381 1038 3418 Isaiae
1057 3393 1093 3417 VI
1108 3381 1143 3417 *τ
1173 3382 1252 3418 vidi
1269 3383 1346 3418 Do-

334 3523 361 3556 α)
380 3529 485 3554 corpus.
499 3536 518 3540 —
531 3529 627 3554 corpus
646 3523 723 3555 quasi
737 3524 953 3556 compositionem
968 3524 1066 3549 habens
1081 3531 1118 3549 ex
1127 3524 1253 3556 partibus
1266 3531 1350 3557 quan-

280 3559 395 3584 titativis
414 3557 584 3591 (quantitatis
602 3557 681 3589 BEG)
701 3558 803 3583 codices
823 3563 849 3583 et
866 3559 917 3584 ab.

334 3592 360 3626 β)
379 3594 510 3619 convenit.
527 3607 546 3612 -
564 3593 691 3625 competit
709 3593 819 3618 codices.
836 3607 857 3616 ο
874 3595 925 3619 Pro
944 3595 1100 3627 Scripturis,
1122 3595 1266 3627 Scriptura
1285 3595 1314 3619 B.

334 3629 361 3663 γ)
382 3629 469 3660 Quod.
486 3642 506 3649 -
526 3628 605 3659 Quod
622 3628 729 3661 quidem
748 3629 849 3654 codices
868 3635 894 3655 et
913 3631 952 3655 ed.
967 3637 993 3655 a.

1399 2102 1544 2138 minum
1572 2102 1759 2139 sedentem
1769 2116 1782 2147 ,·
1813 2111 1849 2139 et
1878 2103 1994 2139 Isaiae
2015 2115 2050 2140 111
2070 2103 2107 2139 *ε
2137 2109 2210 2140 stat
2226 2105 2278 2140 ad
2304 2105 2470 2142 iudican-
2501 2121 2510 2129 ·

1399 2155 1488 2191 dum
1520 2156 1717 2192 Dominus.
1748 2156 1850 2204 Ergo
1880 2157 1986 2192 Deus
2016 2164 2072 2193 est
2100 2168 2250 2205 corpus.

1458 2210 1489 2245 5.
1508 2209 1742 2255 PRAETEREA,
1759 2209 1850 2245 nihil
1864 2216 1989 2258 potest
2005 2221 2086 2246 esse
2105 2209 2290 2247 terminus
2306 2211 2434 2248 localis
2450 2224 2472 2248 a

1400 2274 1478 2310 quo
1499 2262 1560 2297 vel
1581 2262 1630 2298 ad
1654 2274 1782 2310 quem,
1804 2262 1876 2299 nisi
1905 2262 1949 2299 sit
1977 2274 2115 2311 corpus
2134 2264 2195 2300 vel
2216 2263 2369 2313 aliquod
2391 2277 2471 2301 cor-

1398 2327 1575 2364 poreum.
1599 2315 1676 2352 Sed
1697 2316 1802 2352 Deus
1823 2315 1862 2352 in
1883 2316 2076 2364 Scriptura
2096 2316 2228 2353 dicitur
2248 2330 2330 2354 esse
2346 2318 2472 2354 termi—

1400 2381 1471 2405 nus
1491 2368 1621 2405 localis
1641 2376 1682 2405 ut
1701 2368 1749 2406 ad
1769 2381 1899 2418 quem,
1921 2370 2134 2406 secundum
2163 2370 2252 2407 illud
2277 2371 2419 2407 Psalmi
2434 2371 2470 2407 *ε
2500 2381 2509 2392 ·

1400 2422 1563 2458 accedite
1582 2422 1633 2458 ad
1650 2434 1748 2468 eum,
1778 2428 1814 2458 et
1831 2422 2120 2467 illuminamim'‚·
2145 2430 2180 2459 et
2199 2431 2240 2460 ut
2259 2436 2281 2460 a
2301 2437 2390 2472 quo,
2414 2436 2470 2461 se-

1402 2475 1571 2512 cundum
1606 2475 1697 2512 illud
1727 2475 1896 2512 Hierem.
1922 2487 1994 2512 xvn
2014 2475 2049 2512 *ε
2080 2476 2290 2513 recedentes
2318 2489 2341 2513 a
2371 2483 2405 2513 te
2432 2478 2469 2514 in
2499 2491 2507 2500 ·

1401 2534 1502 2565 terra
1530 2528 1751 2565 scribentur.
1783 2529 1884 2576 Ergo
1915 2530 2021 2565 Deus
2051 2537 2106 2565 est
2135 2542 2285 2578 corpus.

1456 2582 1530 2618 SED
1560 2593 1705 2618 CONTRA
1734 2593 1800 2618 EST
1825 2582 1931 2630 quod
1951 2582 2084 2619 dicitur
2105 2584 2208 2620 Ioan.
2230 2595 2265 2619 ιν
2284 2583 2324 2620 *ε
2355 2584 2470 2633 Spiri-
2500 2597 2508 2605 ·

1401 2641 1458 2672 tus
1486 2640 1541 2671 est
1567 2636 1681 2671 Deus.

1455 2689 1681 2725 Ri-:spoum-:o
1710 2699 1894 2725 DICENDUM
1923 2688 2095 2725 absolute
2125 2690 2253 2726 Deum
2282 2702 2362 2726 non
2387 2702 2470 2727 esse

1402 2754 1553 2790 corpus.
1585 2741 1702 2788 Quod
1729 2745 1742 2766 ⁷
1771 2740 1962 2789 tripliciter
1990 2742 2139 2779 ostendi
2165 2749 2302 2791 potest.
2339 2743 2469 2780 Primo

1402 2794 1570 2844 quidem,
1593 2789 1681 2842 quia
1701 2794 1848 2830 nullum
1870 2807 2009 2843 corpus
2029 2803 2162 2832 movet
2176 2807 2255 2832 non
2271 2793 2285 2816 ὃ
2303 2803 2468 2833 motum:

1400 2856 1441 2885 ut
1477 2855 1581 2896 patet
1615 2847 1834 2884 inducendo
1866 2860 1937 2896 per
1971 2848 2128 2896 singula.
2169 2849 2378 2886 Ostensum
2417 2857 2471 2886 est

1401 2908 1529 2938 autem
1559 2913 1673 2949 supra
1699 2899 1719 2921 '¹‘
1747 2901 1854 2948 quod
1887 2902 1992 2938 Deus
2026 2910 2082 2939 est
2108 2902 2277 2950 primum
2306 2915 2470 2939 movens

1399 2954 1606 2991 immobile.
1636 2953 1748 2990 Unde
1777 2954 2020 2991 manifestum
2051 2963 2105 2992 est
2133 2955 2237 3003 quod
2266 2956 2372 2992 Deus
2392 2968 2471 2992 non

1401 3016 1456 3044 est
1485 3020 1634 3056 corpus.

1456 3060 1635 3098 Secundo
1661 3065 1687 3107 ²,
1719 3060 1807 3109 quia
1842 3072 1997 3097 necesse
2028 3069 2082 3097 est
2111 3061 2148 3097 id
2182 3061 2285 3109 quod
2315 3068 2371 3097 est
2397 3061 2471 3110 pri-

1400 3126 1509 3151 mum
1531 3126 1610 3161 ens,
1632 3125 1715 3150 esse
1735 3113 1773 3150 in
1793 3120 1890 3161 acm,
1912 3121 1948 3150 et
1967 3115 2069 3150 nullo
2090 3114 2209 3151 modo
2230 3114 2268 3150 in
2286 3114 2469 3162 potentia.

1401 3167 1507 3204 Licet
1527 3167 1630 3204 enim
1658 3166 1697 3203 in
1725 3179 1804 3204 uno
1826 3174 1862 3203 et
1882 3167 2021 3204 eodem
2042 3167 2147 3216 quod
2168 3167 2241 3203 exit
2269 3167 2316 3204 de
2334 3174 2470 3216 poten·

1399 3221 1448 3258 tia
1477 3221 1514 3257 in
1543 3227 1681 3266 actum,
1701 3219 1806 3268 prius
1834 3220 1880 3256 sit
1907 3220 2077 3268 potentia
2100 3233 2217 3268 quam
2242 3227 2347 3257 actus
2375 3228 2470 3257 tem-

1398 3287 1493 3323 pore
1510 3274 1534 3319 ς,
1561 3272 1778 3321 simpliciter
1801 3281 1931 3310 tamen
1951 3281 2056 3310 actus
2074 3273 2179 3322 prior
2207 3281 2263 3310 est
2281 3274 2468 3322 potentia:

1401 3327 1489 3376 quia
1508 3326 1614 3374 quod
1635 3334 1690 3363 est
1708 3326 1746 3363 in
1765 3326 1946 3375 potentia,
1968 3339 2046 3363 non
2075 3326 2266 3363 reducitur
2284 3327 2322 3364 in
2342 3335 2469 3364 actum

1400 3381 1469 3418 nisi
1497 3393 1566 3428 per
1595 3392 1662 3416 ens
1687 3387 1783 3416 actu.
1816 3380 2024 3416 Ostensum
2055 3387 2110 3416 est
2138 3387 2264 3416 autem
2293 3381 2471 3429 supra'’*

1458 3521 1482 3556 δ)
1503 3529 1564 3546 non.
1583 3535 1601 3539 -
1619 3521 1672 3546 nisi
1689 3521 1771 3546 FGsB
1791 3526 1816 3545 et
1835 3522 1875 3546 ed.
1889 3528 1914 3545 a.

1458 3559 1480 3589 ε)
1501 3556 1633 3582 Secundo.
1651 3571 1669 3575 -
1689 3557 1811 3582 Secundo
1831 3563 1893 3581 vero
1913 3556 1991 3581 modo
2011 3556 2112 3581 codices
2131 3561 2156 3581 et
2174 3557 2225 3581 ab.

1457 3593 1482 3625 ζ)
1497 3596 1622 3624 tempore.
1631 3605 1651 3612 -·
1662 3592 1724 3617 Om.
1734 3592 1837 3617 codices
1853 3596 1878 3617 et
1891 3592 1931 3617 ed.
1941 3599 1995 3616 a.-
2006 3591 2057 3616 Pro
2072 3591 2218 3621 reducitur,
2232 3595 2271 3617 est
2286 3592 2428 3617 reducibile
2441 3592 2470 3616 Β.

1458 3629 1484 3661 η)
1504 3635 1596 3660 supra.
1614 3641 1632 3648 —-
1651 3627 1712 3652 Om.
1728 3628 1838 3652 codices.

2525 2120 2591 2141 Vers.
2603 2126 2631 2148 ¹3·

2524 2380 2561 2401 Ps.
2578 2386 2661 2407 xxxin,
2676 2380 2700 2402 6.

2525 2490 2592 2512 Vcrs.
2604 2497 2633 2519 13.

2526 2596 2592 2617 Vei-s.
2603 2602 2639 2622 ²4·

2499 2912 2508 2920 '
2525 2910 2573 2937 Qu.
2589 2917 2613 2937 11,
2630 2914 2671 2932 art.
2683 2918 2704 2939 3.

2500 3399 2511 3409 ⁹
2526 3398 2585 3419 Ibid.
