2768 4178
74 1278 81 1286 ·
98 1277 154 1304 Cap.
169 1282 218 1298 cin.

71 1599 150 1647 *Cap
159 1605 205 1622 v.m
218 1605 241 1620 ιι
250 1605 274 1620 ι

74 1637 83 1642 -
143 1626 164 1647 h.
173 1626 225 1648 lect.
234 1632 274 1647 xlv

72 1706 80 1715 ·
98 1704 164 1727 Vers.
180 1712 211 1733 ¹9·

168 2450 182 2483 ’ζῦ

321 285 397 320 244

319 354 487 384 cessarium
510 353 757 390 immutabiliter,
776 360 811 385 ut
826 355 904 385 velle
929 355 998 385 alia.
1022 355 1064 386 Et
1087 355 1150 386 huc
1169 357 1304 388 tendunt
1320 367 1385 387 ma-

262 398 268 405 *
317 397 428 429 nifeste
451 398 543 428 verba
566 398 685 428 litterae
709 398 741 428 in
766 399 972 438 responsione
986 423 993 435 ‚
1024 410 1061 430 ex
1088 401 1255 440 negatione
1279 411 1385 432 neces-

320 442 390 472 sarii
414 443 571 478 absolute,
603 442 747 483 eligendo
772 443 985 473 necessarium
1007 444 1265 476 immutabiliter:
1295 445 1385 486 quasi

317 486 442 517 dixisset
465 487 554 527 quod
574 497 610 516 ex
627 486 794 526 negatione
814 487 976 518 necessarIi
993 488 1136 519 absolute
1161 499 1227 519 non
1244 489 1386 530 sequitur

316 531 465 570 potentia,
491 541 546 561 seu
571 531 719 571 possibile
743 532 928 562 secundum'
949 531 1088 573 aliquam
1113 533 1304 572 potentiam
1331 534 1385 564 sed

316 581 376 605 stat
399 575 487 615 quod
511 582 648 615 ponatur
673 575 883 606 necessarium
907 576 1155 607 immutabiliter.
1181 577 1256 608 Non
1281 578 1393 614 enim‚.

317 629 390 649 cum
414 619 536 655 dicitur,
561 620 651 650 Deus
660 626 767 660 potest
787 621 866 651 velle
882 621 941 651 hoc
956 626 1013 651 aut
1029 622 1218 661 oppositum,
1235 622 1269 662 ly
1278 628 1385 662 potest

316 663 445 694 denotat
468 664 617 704 possibile
641 665 818 695 secundum
842 665 981 705 aliquam
1005 665 1199 704 potentiam;
1231 667 1285 697 sed
1309 677 1383 707 pos-

992 274 1259 321 QUAESTIO
1290 275 1391 322 XIX,
1422 275 1720 315 ARTICULUS
1750 278 1836 315 VIII

1441 355 1530 388 sibile
1547 368 1583 388 ex
1599 358 1782 389 habitudine
1799 359 2020 394 terminorum,
2035 366 2071 390 ut
2087 369 2228 400 expresse
2245 360 2340 392 habes
2356 360 2389 392 in
2403 361 2414 392 1
2428 361 2511 393 Con-

1440 405 1492 432 tra
1519 402 1672 440 Gentiles,
1698 413 1765 443 cap.
1783 413 1894 434 Lxxxn.

1499 446 1540 477 Et
1563 454 1730 487 propterea
1753 447 1937 487 imaginatio
1955 447 2087 483 Scotica,
2108 447 2139 477 in
2160 447 2188 484 1,
2213 447 2284 479 dist.
2301 459 2402 486 xxxrx,
2419 459 2472 490 qu.
2489 461 2508 486 ι,

1441 491 1479 521 de
1493 491 1634 530 potentia
1649 491 1752 531 priore
1768 492 1949 522 naturaliter
1961 499 2031 522 actu
2048 492 2167 533 absque
2182 492 2399 529 mutabilitate,
2411 503 2510 534 quam

1440 534 1473 564 in
1492 535 1655 566 voluntate
1680 535 1784 566 divina
1808 534 1907 575 fingit,
1931 535 2108 566 voluntaria
2132 543 2191 567 est:
2217 536 2322 567 omnis
2347 537 2433 567 enim
2451 547 2509 578 po·

1441 579 1537 610 tentia
1561 579 1816 610 contradictionis
1845 587 1891 611 est
1920 590 1994 611 cum
2024 580 2231 611 mutabilitate
2255 581 2377 622 aliqua,
2408 588 2444 613 ut
2467 582 2510 613 IX

1439 624 1623 664 Metaphys.
1639 623 1656 643 *
1678 624 1820 661 habetur,
1838 632 1868 655 et
1884 632 2108 665 argumentum
2131 625 2193 656 hoc
2216 625 2250 655 in
2272 625 2375 656 littera
2390 625 2511 658 factum

1441 675 1609 699 convmcit.

1099 819 1417 862 ARTICULUS
1447 821 1721 863 OCTAVUS

690 913 846 944 UTRUM
870 912 1104 944 VOLUNTAS
1128 912 1199 943 DEl
1223 912 1556 944 NECEsserTEM
1580 913 1717 945 REBUS
1741 914 1914 946 voLlrls
1938 915 2135 947 IMPONAT

582 993 590 1016 1
613 993 688 1017 Cont.
710 993 796 1021 Germ,
817 999 872 1024 cap.
892 999 986 1022 Lxx-xm
1007 992 1035 1019 ΙΙ,
1055 999 1112 1024 cap.
1130 999 1196 1020 κω,
1214 999 1277 1021 xxx;
1299 991 1340 1016 De
1357 991 1445 1021 Ver-it„
1466 999 1511 1025 qu.
1529 999 1599 1021 xxm.
1618 998 1666 1017 art.
1681 992 1710 1023 53
1731 992 1772 1018 De
1790 992 1875 1022 Malo,
1895 1001 1940 1026 qu.
1958 1001 2008 1023 xvi.
2027 999 2073 1019 art.
2089 1002 2113 1026 7,
2133 995 2165 1019 ad
2189 994 2233 1025 15;

947 1028 1042 1058 Quodl.
1061 1027 1104 1057 XI,
1124 1035 1169 1059 qu.
1187 1034 1230 1058 1115
1249 1026 1303 1056 ΧΙΙ,
1322 1034 1366 1060 qu.
1385 1034 1426 1057 111,
1446 1028 1478 1052 ad
1501 1035 1527 1058 13
1548 1027 1557 1052 Ι
1576 1027 1732 1058 ΡενίΙιεννη.,
1752 1028 1810 1053 lect.
1829 1036 1879 1053 xiv-

352 1150 361 1168 ,
380 1133 410 1150 a
432 1146 462 1163 ,κ
463 1138 503 1185 ,ἐκ
524 1129 547 1153 D
572 1129 744 1154 OCTAVUM
764 1129 816 1153 stc
837 1128 1075 1153 PROCEDITUR.
1096 1115 1255 1153 Videtur
1279 1117 1384 1165 quod

440 1158 506 1231 '‘Qr
524 1171 701 1206 voluntas
748 1170 820 1206 Dei
861 1170 974 1206 rebus
1015 1169 1141 1206 volitis
1184 1169 1385 1207 necessita-

330 1225 334 1231 '
370 1231 373 1235 ’
392 1238 446 1257 ν·
464 1213 495 1265 ²?
525 1231 602 1260 tem
622 1223 803 1272 imponat.
826 1223 926 1260 Dicit
955 1223 1056 1260 enim
1080 1223 1325 1272 Augustinus,
1346 1223 1385 1260 in

350 1243 494 1318 ιζ’ἔέῗῗ)
483 1268 717 1313 &Ena-hirini.
738 1276 774 1298 ²³³·
767 1276 936 1314 ‚Nullus
948 1278 1001 1325 fit
1022 1277 1160 1323 salvus,
1182 1277 1252 1314 nist
1273 1288 1383 1325 quem

312 1330 416 1367 Deus
429 1330 589 1367 voluerit
604 1330 757 1367 salvari.
778 1331 830 1367 Et
847 1331 927 1367 ideo
943 1331 1139 1380 rogandus
1157 1336 1212 1367 est
1230 1335 1270 1367 ut
1286 1330 1384 1376 velit,

313 1384 401 1432 quia
422 1396 568 1424 necesse
595 1389 649 1420 est
663 1385 768 1431 fieri,
788 1384 822 1420 si
846 1384 1017 1420 voluerit.

369 1450 403 1474 2.
438 1438 679 1485 PRAETEREA,
711 1437 837 1474 omnis
876 1449 990 1474 causa
1019 1448 1118 1486 quae
1148 1448 1226 1473 non
1259 1444 1384 1485 potest

313 1490 498 1540 impediri,
521 1503 565 1527 ex
585 1490 806 1527 necessitate
836 1502 949 1527 suum
975 1489 1155 1527 effectum
1185 1490 1382 1539 producit:

312 1545 399 1593 quia
421 1552 456 1581 et
475 1552 609 1581 natura
629 1556 781 1592 semper
798 1543 903 1581 idem
930 1551 1120 1593 operatur,
1146 1543 1216 1580 nisi
1242 1543 1383 1591 aliquid

277 1597 505 1647 simpediat,
526 1605 567 1634 ut
595 1597 728 1634 dicitur
756 1597 794 1634 in
824 1598 854 1634 II
883 1597 1033 1645 Physic.
1054 1596 1074 1618 '¹‘
1100 1596 1178 1634 Sed
1205 1597 1382 1634 voluntas

311 1652 383 1688 Dei
403 1664 481 1688 non
501 1658 626 1700 potest
644 1650 835 1699 impediri:
864 1650 950 1687 dicit
970 1650 1072 1687 enim
1091 1651 1312 1699 Apostolus,
1333 1651 1385 1687 ad

310 1706 422 1742 Rom.
445 1717 479 1741 1x
493 1703 529 1741 *ε
559 1704 742 1746 voluntati
765 1704 864 1740 enim
885 1704 963 1752 eius
982 1704 1064 1752 quis
1087 1703 1251 1740 resistit?
1278 1704 1380 1752 Ergo

308 1759 486 1795 voluntas
514 1757 585 1794 Dei
614 1757 775 1806 imponit
808 1757 922 1794 rebus
950 1757 1073 1794 volitis
1102 1756 1380 1794 necessitatem.

365 1813 399 1848 3.
434 1812 675 1857 PRAETEREA,
706 1810 796 1847 illud
835 1811 940 1859 quod
974 1811 1090 1847 habet
1117 1810 1380 1847 necessitatem

309 1877 354 1901 ex
381 1864 508 1913 priori,
530 1871 586 1900 est
605 1864 862 1901 necessarium
891 1864 1084 1900 absolute:
1114 1863 1209 1900 sicut
1240 1863 1382 1900 animal

309 1918 407 1955 mori
438 1925 492 1954 est
512 1917 782 1963 necessarium,
805 1917 893 1966 quia
914 1924 969 1953 est
989 1929 1034 1953 ex
1058 1916 1253 1953 contrariis
1277 1929 1381 1953 com-

307 1971 485 2020 positum.
508 1970 586 2007 Sed
615 1983 674 2007 res
703 1978 850 2007 creatae
871 1983 893 2007 a
921 1970 1019 2017 Deo,
1041 1977 1313 2029 comparantur
1332 1970 1379 2007 ad

307 2025 544 2061 voluntatem
565 2023 735 2060 divinam
765 2023 859 2060 sicut
880 2024 928 2060 ad
953 2023 1094 2072 aliquid
1117 2022 1234 2072 prius,
1255 2035 1277 2060 a
1301 2036 1379 2083 quo

308 2078 449 2114 habent
478 2077 761 2114 necessitatem:
793 2083 911 2113 cum⁰‘
933 2077 1028 2114 haec
1049 2076 1314 2114 conditionalis
1333 2077 1381 2114 sit

307 2143 411 2177 vera,
431 2131 464 2167 si
481 2131 624 2179 aliquid
641 2131 745 2167 Deus
773 2130 862 2176 vult,
890 2130 983 2167 illud
1000 2136 1075 2175 est‚·
1104 2130 1231 2167 omnis
1251 2138 1379 2167 autem

309 2184 571 2221 conditionalis
599 2196 692 2220 vera
726 2192 782 2221 est
816 2183 1042 2220 necessaria.
1083 2183 1262 2232 Sequitur
1290 2196 1380 2232 ergo

309 2237 413 2286 quod
441 2249 559 2274 omne
587 2237 694 2285 quod
723 2238 828 2274 Deus
847 2237 939 2283 vult,
962 2236 1007 2273 sit
1036 2237 1294 2295 necessarium
1315 2237 1380 2274 ab·

311 2292 444 2327 solute.

364 2345 437 2381 SED
462 2355 619 2390 CONTRA,
641 2342 771 2379 omnIa
791 2343 894 2379 bona
922 2354 1020 2390 quae
1046 2330 1154 2389 fiunt,
1175 2343 1281 2379 Deus
1300 2343 1381 2379 vult

309 2397 403 2434 fieri,
426 2396 466 2434 Si
494 2396 603 2456 igitur
631 2396 712 2433 eius
739 2396 918 2432 voluntas
938 2395 1111 2444 imponat
1141 2396 1255 2432 rebus
1282 2395 1378 2432 voli-

309 2450 354 2487 tis
382 2450 658 2496 necessitatem,
680 2449 849 2498 sequitur
877 2448 984 2498 quod
1013 2448 1142 2486 omnia
1170 2449 1274 2486 bona
1296 2447 1314 2477 Ρ
1334 2461 1378 2486 ex

309 2503 532 2541 necessitate
570 2502 763 2540 eveniunt.
794 2503 843 2539 Et
875 2502 928 2539 sic
956 2502 1053 2554 perit
1090 2501 1254 2539 liberum
1283 2502 1379 2539 arbi-

307 2557 432 2604 trium,
454 2564 491 2593 et
519 2556 732 2603 consilium,
755 2563 791 2592 et
819 2555 951 2592 omnia
979 2551 1210 2592 huiusmodi.

363 2611 587 2647 RsssPONDEo
615 2621 799 2647 met-:Noun
820 2609 925 2658 quod
946 2608 1076 2646 divina
1099 2609 1279 2646 voluntas
1299 2608 1377 2657 qui-

310 2664 472 2700 busdam
499 2663 626 2700 volitis
655 2662 918 2700 necessitatem
945 2662 1120 2712 imponit,
1141 2674 1220 2699 non
1249 2670 1378 2700 autem

310 2716 499 2753 omnibus.
522 2716 640 2753 Cuius
669 2715 825 2765 quidem
846 2715 1032 2753 rationem
1053 2715 1167 2765 aliqui
1188 2715 1378 2764 assignare

309 2771 513 2807 voluerunt
544 2781 590 2806 ex
620 2769 739 2806 causis
777 2769 934 2806 mediis:
975 2769 1063 2818 quia
1092 2782 1137 2806 ea
1165 2781 1263 2818 quae
1291 2781 1379 2818 pro-

311 2823 413 2860 ducit
440 2835 508 2871 per
528 2835 660 2859 causas
690 2822 933 2870 necessarIas,
955 2830 1041 2859 sunt
1069 2822 1303 2868 necessaria;
1334 2835 1379 2860 ea

309 2888 404 2913 vero
425 2887 522 2924 quae
541 2875 718 2925 producit
751 2887 818 2924 per
843 2888 975 2913 causas
1000 2876 1272 2925 contingentes,
1294 2884 1379 2913 sunt

312 2929 575 2978 contingentia.
597 2950 620 2956 —
644 2929 719 2966 Sed
752 2930 826 2966 hoc
859 2942 938 2966 non
965 2929 1117 2967 videtur
1150 2929 1379 2966 sufficienter

312 2982 466 3029 dictum,
483 2990 639 3032 propter
658 2983 746 3020 duo.
772 2982 903 3019 Primo
924 2982 1093 3032 quidem,
1114 2983 1203 3032 quia
1222 2982 1380 3020 effectus

311 3036 467 3073 alicuius
504 3036 648 3085 primae
692 3048 828 3072 causae
865 3044 922 3073 est
960 3036 1182 3085 contingens
1224 3044 1380 3086 propter

313 3102 467 3126 causam
488 3090 709 3136 secundam,
733 3101 778 3125 ex
798 3101 844 3126 eo
873 3090 978 3138 quod
998 3090 1203 3139 impeditur
1223 3089 1380 3126 effectus

313 3155 449 3180 causae
477 3142 624 3191 primae
661 3154 730 3192 per
758 3142 950 3180 defectum
990 3155 1127 3180 causae
1165 3142 1378 3189 secundam

313 3196 404 3233 sicut
435 3195 554 3233 virtus
592 3195 682 3233 solis
714 3208 783 3245 per
812 3195 1003 3233 defectum
1041 3197 1191 3246 plantae
1220 3195 1380 3246 impedi-

312 3257 382 3286 tur.
404 3250 541 3286 Nullus
570 3258 698 3286 autem
726 3249 894 3287 defectus
924 3262 1060 3286 causae
1090 3249 1282 3287 secundae
1309 3248 1380 3286 im-

313 3302 441 3350 pedire
471 3310 594 3351 potest
623 3302 713 3352 quin
749 3303 927 3340 voluntas
956 3303 1028 3339 Dei
1058 3302 1238 3340 effectum
1267 3314 1380 3340 suum

367 3418 393 3449 α)
409 3425 476 3442 cum.
489 3431 507 3436 —
519 3424 577 3442 cum
593 3417 678 3450 igitur
691 3417 774 3442 GsAF
794 3423 818 3442 et
837 3424 853 3441 a
865 3417 887 3446 b,
908 3418 970 3450 quia
986 3418 1103 3450 CDEpA,
1118 3421 1144 3443 et
1157 3426 1216 3443 cum
1232 3418 1279 3450 pB,
1293 3417 1380 3450 igfwr

313 3459 371 3477 cum
392 3452 439 3493 sB,
460 3452 522 3484 qur'a
543 3453 627 3486 Igitur
645 3453 691 3485 pF.
709 3466 728 3472 -
743 3453 794 3477 Pro
812 3453 855 3481 sit,
876 3457 915 3477 est
935 3453 965 3477 D.
979 3467 998 3472 -
1017 3461 1083 3486 ergo
1101 3459 1162 3486 post
1181 3453 1308 3486 Sequitur
1325 3460 1380 3477 om.

314 3488 492 3554 ΑΒῖἐῗὶῗῖξ..
507 3537 526 3542 -
546 3524 607 3548 Οιιι.
626 3525 728 3549 codices
749 3530 773 3548 et
790 3524 841 3548 ab.
860 3537 877 3542 —
897 3524 988 3549 omnia
1007 3529 1066 3549 ante
1086 3524 1239 3550 huiusmodi
1256 3531 1310 3549 om.
1327 3522 1380 3548 BD.

367 3562 393 3591 γ)
413 3565 453 3583 ea.
471 3571 490 3577 -
509 3559 569 3583 Om.
585 3559 706 3583 ABCDE.

367 3591 391 3625 δ)
411 3597 437 3618 et
456 3594 594 3626 quaedam.
613 3608 631 3613 -
650 3595 779 3626 quaedam
800 3595 831 3619 Ρ.

1439 1115 1637 1165 producat.
1657 1137 1682 1144 -
1704 1117 1895 1163 Secundo,
1911 1117 2012 1166 quia,
2034 1118 2064 1155 si
2084 1118 2271 1156 distinctio
2292 1121 2510 1170 contingen-

1440 1170 1534 1206 tium
1563 1182 1585 1206 a
1613 1170 1834 1207 necessariis
1863 1171 2045 1208 referatur
2073 1173 2207 1217 solumx
2224 1173 2262 1210 in
2292 1185 2424 1212 causas
2453 1187 2511 1212 se—

1441 1223 1597 1273 cundas,
1619 1223 1787 1273 sequitur
1814 1225 1889 1261 hoc
1918 1236 2000 1261 esse
2022 1233 2172 1274 praeter
2199 1225 2447 1264 intentionem
2475 1236 2511 1265 et

1439 1277 1678 1314 voluntatem
1709 1277 1899 1314 divinam:
1930 1279 2034 1327 quod
2064 1286 2119 1315 est
2146 1278 2430 1317 inconveniens.

1493 1331 1543 1367 Et
1570 1330 1658 1368 ideo
1687 1330 1823 1367 melius
1848 1331 2056 1369 dicendum
2086 1340 2152 1379 est,
2183 1333 2288 1381 quod
2316 1333 2391 1370 hoc
2420 1345 2510 1371 con-

1437 1382 1542 1432 tingit
1570 1391 1728 1434 propter
1755 1384 1967 1421 efficaciam
1989 1384 2138 1422 divinae
2166 1386 2382 1424 voluntatis.
2407 1386 2510 1424 Cum

1440 1437 1543 1474 enim
1564 1437 1689 1487 aliqua
1709 1449 1823 1474 causa
1844 1438 1979 1475 efficax
1998 1438 2108 1475 fuerit
2127 1439 2176 1476 ad
2196 1440 2402 1488 agendum,
2420 1440 2510 1478 effe-

1440 1497 1520 1527 ctus
1550 1490 1797 1539 consequitur
1826 1504 1982 1529 causam
2012 1504 2091 1528 non
2118 1499 2266 1537 tantum
2295 1493 2508 1532 secundum

1438 1542 1477 1580 id
1505 1544 1610 1593 quod
1639 1545 1692 1591 fit,
1723 1545 1791 1582 sed
1820 1545 1933 1582 etiam
1962 1546 2175 1583 secundum
2203 1546 2365 1584 modum
2389 1547 2508 1586 fiendi

1436 1597 1499 1633 vel
1529 1597 1700 1635 essendi:
1731 1610 1776 1635 ex
1797 1597 1988 1635 debilitate
2008 1598 2109 1636 enim
2137 1598 2285 1636 virtutis
2304 1600 2451 1638 activae
2469 1601 2509 1639 in

1438 1650 1603 1697 semine,
1634 1651 1813 1700 contingit
1850 1652 1957 1700 quod
1994 1651 2094 1689 filius
2122 1652 2289 1689 nascitur
2317 1653 2508 1692 dissimilis

1436 1703 1533 1752 patri
1561 1704 1600 1741 in
1629 1703 1899 1751 accidentibus,
1930 1717 2027 1754 quae
2056 1705 2246 1754 pertinent
2273 1707 2321 1744 ad
2344 1707 2508 1745 modum

1438 1757 1599 1794 essendi.
1630 1758 1732 1795 Cum
1759 1758 1870 1807 igitur
1887 1759 2065 1796 voluntas
2095 1758 2224 1796 divina
2253 1759 2299 1796 sit
2327 1760 2509 1798 efficacis—

1436 1810 1550 1857 sima,
1581 1823 1661 1848 non
1689 1812 1813 1848 solum
1843 1811 2013 1860 sequitur
2040 1813 2147 1859 quod
2176 1811 2271 1850 fiant
2299 1824 2344 1850 ea
2363 1817 2379 1840 ⁷
2407 1825 2508 1864 quae

1437 1865 1543 1901 Deus
1571 1865 1654 1901 vult
1681 1864 1783 1910 fieri;
1813 1864 1880 1902 sed
1920 1865 2025 1913 quod
2054 1876 2100 1902 eo
2134 1865 2255 1903 modo
2284 1866 2398 1914 fiant,
2428 1879 2506 1916 quo

1437 1918 1543 1954 Deus
1559 1929 1604 1954 ea
1624 1917 1706 1954 fieri
1720 1918 1812 1954 vult.
1833 1918 1923 1954 Vult
1938 1925 2067 1955 autern
2087 1917 2279 1968 quaedam
2299 1918 2382 1956 fieri
2401 1919 2508 1958 Deus

1437 1970 1664 2018 necessario,
1687 1978 1723 2007 et
1742 1970 1934 2020 quaedam
1956 1968 1970 1992 ⁶
1993 1971 2264 2020 contingenter,
2283 1979 2325 2009 ut
2345 1973 2391 2010 sit
2410 1973 2507 2011 ordo

1438 2024 1476 2061 in
1506 2025 1640 2070 rebus,
1676 2024 1725 2060 ad
1763 2025 2091 2072 complementum
2127 2025 2308 2063 universi.
2343 2026 2393 2063 Et
2415 2025 2507 2072 ideo

1436 2077 1667 2127 quibusdam
1689 2076 1883 2114 effectibus
1912 2078 2054 2126 aptavit
2069 2083 2079 2098 ¹
2099 2090 2232 2116 causas
2261 2079 2506 2128 necessarias,

1437 2143 1536 2180 quae
1567 2130 1730 2168 deficere
1760 2142 1839 2167 non
1863 2139 2035 2179 possunt,
2057 2143 2102 2168 ex
2122 2132 2261 2180 quibus
2282 2132 2439 2170 effectus
2459 2133 2508 2171 de

1436 2184 1658 2221 necessitate
1673 2183 1921 2233 proveniunt:
1943 2184 2175 2233 quibusdam
2191 2192 2320 2222 autem
2335 2185 2350 2212 ς
2365 2185 2508 2236 aptavit

1436 2249 1569 2274 causas
1590 2236 1851 2284 contingentes
1872 2236 2113 2283 defectibiles,
2131 2249 2176 2275 ex
2196 2238 2334 2287 quibus
2350 2239 2507 2278 effectus

1435 2290 1697 2338 contingenter
1717 2289 1906 2326 eveniunt.
1929 2290 2022 2327 Non
2049 2290 2159 2338 igitur
2181 2299 2387 2340 propterea
2416 2292 2507 2330 effe-

1436 2351 1517 2380 ctus
1553 2342 1660 2380 voliti
1689 2355 1710 2379 a
1739 2343 1845 2389 Deo,
1885 2343 2068 2380 eveniunt
2105 2343 2385 2393 contingenter,
2419 2345 2507 2395 quia

1435 2408 1572 2433 causae
1593 2395 1790 2445 proximae
1811 2403 1897 2433 sunt
1917 2396 2194 2448 contingentes:
2215 2398 2283 2435 sed
2302 2406 2506 2447 propterea

1436 2449 1524 2498 quia
1551 2450 1657 2486 Deus
1684 2448 1805 2486 voluit
1834 2461 1901 2486 eos
1931 2449 2191 2498 contingenter
2219 2451 2384 2500 evenire,
2414 2463 2506 2490 con-

1434 2503 1618 2552 tingentes
1647 2514 1779 2540 causas
1808 2502 1857 2539 ad
1886 2515 1953 2539 eos
1981 2503 2222 2552 praeparavit
2239 2502 2271 2541 ¹⁸.

1488 2558 1546 2594 An
1575 2568 1712 2593 Palmum
1741 2567 1839 2592 ERGO
1868 2567 2051 2594 DtCENnuM
2081 2557 2186 2605 quod
2205 2569 2275 2606 per
2301 2556 2393 2595 illud
2419 2570 2506 2595 ver—

1434 2610 1530 2647 bum
1555 2608 1754 2658 Augustini
1774 2609 2016 2657 intelligenda
2035 2617 2091 2647 est
2110 2609 2314 2648 necessitas
2334 2610 2373 2648 in
2392 2611 2506 2649 rebus

1432 2662 1559 2700 volitis
1579 2675 1601 2699 a
1620 2663 1717 2710 Deo,
1739 2674 1817 2699 non
1837 2663 2022 2710 absoluta,
2039 2663 2107 2700 sed
2123 2662 2411 2702 conditionalis:
2439 2676 2506 2702 ne—

1436 2728 1541 2754 cesse
1572 2723 1627 2753 est
1655 2715 1758 2752 enirn
1787 2716 1886 2753 hanc
1915 2715 2211 2754 conditionalem
2235 2729 2371 2755 veram
2398 2729 2504 2766 esse,

1433 2770 1468 2807 si
1492 2770 1597 2807 Deus
1624 2770 1695 2806 hoc
1721 2769 1812 2815 vult,
1842 2781 1990 2807 necesse
2018 2775 2072 2807 est
2097 2770 2169 2811 hoc
2196 2781 2284 2808 esse.

1487 2825 1547 2860 An
1576 2834 1766 2860 secunaum
1786 2834 1970 2860 meramnum
1988 2823 2105 2871 quod,
2127 2835 2173 2861 ex
2191 2823 2267 2861 hoc
2285 2822 2369 2873 ipso
2398 2823 2505 2873 quod

1435 2876 1525 2913 nihil
1550 2875 1737 2914 voluntati
1758 2875 1909 2913 divinae
1938 2876 2083 2923 resistit,
2102 2876 2273 2924 sequitur
2298 2877 2405 2926 quod
2424 2889 2505 2916 non

1435 2930 1560 2966 solum
1590 2929 1684 2973 fiant
1713 2941 1757 2966 ea
1786 2940 1885 2978 quae
1919 2930 2025 2966 Deus
2058 2930 2143 2966 vult
2169 2929 2270 2976 fieri3
2297 2929 2364 2967 sed
2399 2930 2505 2979 quod

1434 2983 1529 3020 fiant
1544 2981 1805 3030 contingenter
1817 2982 1881 3019 vel
1897 2981 2125 3031 necessario,
2136 2993 2234 3032 quae
2250 2981 2303 3019 sic
2317 2981 2400 3020 fieri
2410 2983 2502 3020 vult.

1489 3038 1547 3073 AD
1575 3047 1735 3073 TERTtUM
1762 3047 1947 3073 mCENDUM
1977 3035 2081 3086 quod
2118 3035 2329 3086 posteriora
2361 3035 2505 3074 habent

1435 3089 1700 3126 necessitatem
1719 3101 1743 3126 a
1762 3088 1960 3138 prioribus,
1982 3088 2195 3127 secundum
2220 3087 2383 3126 modum
2405 3088 2505 3139 prio·

1435 3154 1534 3180 rum.
1555 3142 1668 3180 Unde
1686 3149 1725 3178 et
1754 3154 1798 3178 ea
1827 3154 1925 3190 quae
1945 3142 2043 3179 fiunt
2061 3153 2083 3179 a
2102 3149 2118 3173 η
2143 3142 2342 3179 voluntate
2360 3141 2502 3190 divina,

1435 3197 1550 3233 talem
1578 3195 1841 3232 necessitatem
1862 3195 2015 3242 habent,
2035 3195 2191 3244 quatem
2220 3195 2326 3232 Dens
2353 3195 2437 3233 vuit
2457 3207 2504 3233 ea

1435 3249 1594 3286 habere:
1625 3248 1775 3295 scilicet,
1796 3249 1857 3285 vel
1877 3249 2104 3296 absolutam,
2124 3249 2187 3285 vel
2208 3248 2503 3287 conditionalem

1436 3309 1596 3339 tantum.
1617 3302 1666 3339 Et
1681 3301 1745 3348 sic,
1758 3314 1837 3339 non
1849 3301 1979 3339 omnia
1989 3308 2076 3339 sunt
2090 3301 2303 3340 necessaria
2317 3302 2501 3340 absolute.

1452 3451 1458 3457 .
1487 3418 1509 3449 ε)
1528 3418 1641 3449 aptavit.
1664 3430 1684 3437 ·-
1703 3417 1849 3449 adaptavit
1872 3416 1935 3441 Fab.
1956 3429 1975 3436 ·-
1994 3415 2045 3440 Pro
2066 3417 2242 3448 proveniunt,
2260 3416 2437 3449 provenirent
2457 3423 2500 3442 eo-

1434 3452 1513 3519 dloe’g
1530 3491 1632 3513 autem.
1648 3501 1668 3508 -
1686 3487 1748 3513 Om.
1763 3487 1860 3512 ABCE.
1873 3500 1894 3506 -
1907 3486 1957 3511 Pro
1978 3487 2102 3519 aptavit,
2124 3487 2266 3519 adaptavit
2280 3487 2327 3512 Db.
2340 3500 2360 3506 -
2374 3487 2424 3512 Pro
2440 3494 2503 3512 con-

1435 3522 1571 3563 tingenter
1589 3523 1722 3553 eveniunt,
1741 3522 1924 3555 contingentes
1938 3522 2061 3548 eveniant
2075 3522 2163 3553 FGab,
2179 3523 2365 3556 contingenter
2378 3521 2501 3547 eveniant

1435 3563 1520 3626 cete-2²²1).
1533 3599 1562 3617 a.
1579 3606 1598 3612 -
1617 3593 1678 3618 Om.
1697 3592 1807 3618 codices.

2540 617 2549 625 ·
2558 615 2591 638 Ca
2610 622 2671 639 sm.
2680 628 2691 634 ·
2699 617 2753 640 Did.

2539 642 2580 664 lib.
2616 643 2694 672 11‚cap

2539 674 2563 690 n.
2574 675 2591 691 ιι
2606 675 2659 698 sqq.

2697 650 2752 672 sm,
