2768 4178
70 2121 78 2128 '
94 2120 151 2147 Cap.
165 2125 196 2147 tx,
207 2126 231 2142 n.
241 2126 267 2141 ιι.

71 2471 82 2481 ⁸
97 2471 131 2494 Cf.
147 2476 210 2493 num.
221 2477 236 2492 1.

75 3270 153 3291 'Hunc
163 3275 287 3292 numerum

75 3302 123 3318 om.
145 3296 196 3318 edd.
220 3298 286 3324 1508,

74 3329 131 3351 ¹514·
146 3323 175 3345 cf.
190 3328 253 3344 num.
271 3329 286 3345 ι.

318 258 387 293 188

309 335 460 376 tingentia
485 335 590 365 futura
619 334 800 364 subduntur
829 334 952 365 divinae
982 334 1175 375 cognitioni,
1208 334 1384 365 differenter

310 388 426 411 tamen.
445 380 485 410 Et
509 379 552 409 sic
575 379 706 419 ponitur
725 379 802 409 haec
826 379 1007 410 conclusio:
1033 379 1260 419 Contingentia
1277 378 1383 410 futura

310 431 547 464 cognoscuntur
570 434 588 453 a
611 423 680 453 Deo
705 430 802 463 prout
825 431 900 454 sunt
923 430 995 454 actu
1018 424 1050 454 in
1076 423 1201 463 seipsis,
1233 430 1263 454 et
1286 430 1384 463 prout

311 476 385 500 sunt
400 469 433 499 in
450 468 551 499 causis
575 467 656 498 suis:
682 467 736 498 sed
753 467 858 508 primo
874 469 984 504 modo,
1002 475 1097 503 certe;
1123 468 1264 498 secundo
1282 468 1382 498 modo

310 523 396 549 vero,
420 513 613 553 inquantum
638 511 863 552 cognoscibilia
887 519 970 543 sunt.

366 557 520 588 Probatur
535 564 566 587 et
585 556 768 592 declaratur,
789 556 1014 597 distinguendo
1039 555 1254 596 contingentia
1277 556 1384 587 futura

309 602 487 632 secundum
511 601 673 642 duplicem
697 607 824 637 statum,
843 601 960 632 scilicet
982 601 1015 631 in
1039 607 1111 631 actu
1131 607 1162 631 et
1183 600 1217 630 in
1241 601 1383 641 potentia

311 656 493 682 causarum,
525 652 555 677 et
578 646 731 686 ponendo
763 645 950 676 differentias
979 652 1040 676 tres
1070 645 1151 675 inter
1183 644 1243 675 hos
1274 651 1382 676 status·

309 691 415 721 Prima
442 697 489 721 est
512 690 620 731 quoad
645 689 853 721 differentiam
883 690 1053 730 temporis:
1079 689 1154 730 quia
1177 696 1213 719 ut
1235 689 1269 719 in
1292 696 1381 725 actu,

310 735 404 766 habet
426 734 584 765 rationem
603 734 793 775 praesentis;
819 741 855 765 ut
878 735 910 764 in
934 733 1086 775 potentia,
1105 733 1213 764 futuri.
1238 733 1384 764 Secunda

310 780 418 820 quoad
443 779 706 819 contingentiam:
732 779 807 820 quia
830 785 866 810 ut
889 779 921 809 in
946 785 1027 814 actu,
1044 778 1138 808 habet
1157 778 1313 808 rationem
1331 778 1383 808 de-

309 824 466 854 terminati
491 824 531 854 ad
555 832 674 859 unum;
700 830 735 854 ut
755 823 788 853 in
805 823 956 864 potentia,
975 822 1186 862 contingentis
1205 822 1244 852 ad
1264 829 1382 853 utram-

311 878 373 910 que
397 875 530 909 partem.
556 868 664 898 Tertia
687 868 796 908 quoad
819 868 1052 908 cognitionem:
1078 867 1154 908 quia
1176 873 1212 897 ut
1235 866 1268 896 in
1292 873 1381 902 actu,

310 919 415 953 potest
438 912 530 943 subdi
555 919 655 943 certae
679 912 871 952 cognitioni,
897 919 932 943 ut
956 918 1042 952 patet
1065 911 1103 941 de
1127 911 1250 941 visione
1271 921 1383 951 corpo—

310 957 379 993 rali;
405 964 441 988 ut
462 957 496 987 in
521 957 674 997 potentia,
695 967 762 987 non
778 956 838 986 nisi
854 957 1062 992 coniecturae,
1078 962 1135 986 etc.
1161 955 1207 986 Ex
1230 955 1279 985 his
1295 955 1381 985 enim

310 1001 476 1032 manifeste
500 1001 644 1043 sequitur
666 1001 833 1031 intentum.

367 1046 419 1076 IV.
444 1045 579 1076 Adverte
603 1045 664 1081 hic,
688 1045 778 1085 quod
801 1045 888 1075 aliud
912 1051 959 1076 est
981 1045 1072 1085 loqui
1097 1044 1135 1074 de
1161 1049 1280 1074 natura
1306 1054 1381 1074 con-

309 1089 488 1129 tingentiae,
510 1096 540 1120 et
559 1089 645 1119 aliud
669 1096 715 1120 est
738 1089 828 1130 loqui
853 1090 891 1119 de
915 1095 1000 1120 statu
1026 1088 1269 1128 contingentiae.
1295 1088 1382 1119 Cum

300 1134 396 1165 ‚enirn
420 1133 635 1173 contingentia
659 1133 698 1164 sit
722 1133 895 1164 differentia
919 1133 1041 1164 entium
1070 1143 1137 1163 non
1162 1133 1380 1169 accidentalis,

310 1179 364 1209 sed
388 1178 600 1209 substantialis
625 1176 800 1220 (quoniam
825 1178 1084 1219 unumquodque
1108 1178 1286 1208 secundum
1306 1188 1380 1218 pro-

310 1223 412 1263 priam
435 1229 582 1254 naturam
605 1222 638 1252 in
663 1223 767 1263 seipso
793 1229 839 1253 est
868 1232 923 1253 ens
948 1223 1134 1263 contingens
1165 1222 1216 1252 vel
1239 1232 1381 1253 necessa-

309 1267 402 1303 rium,
428 1265 518 1310 etc.);
547 1274 578 1297 et
601 1273 713 1298 natura
737 1267 780 1298 rei
805 1277 871 1298 non
893 1267 1047 1304 varietur,
1072 1265 1127 1298 sed
1151 1267 1191 1298 sit
1214 1267 1325 1298 eadem
1348 1266 1381 1297 in

309 1319 381 1343 actu
406 1318 436 1342 et
459 1312 492 1342 in
516 1311 674 1352 potentia;
699 1318 827 1352 oportet
850 1312 939 1352 quod
962 1322 1010 1342 res
1035 1312 1231 1352 contingens,
1257 1311 1321 1342 sive
1341 1311 1382 1342 sit

309 1356 343 1386 in
367 1363 438 1387 actu
461 1363 491 1387 et
514 1366 671 1396 praesens,
697 1356 761 1387 sive
786 1356 818 1386 in
843 1356 985 1397 potentia
1008 1363 1039 1387 et
1061 1356 1177 1393 futura,
1195 1366 1320 1397 semper
1343 1355 1383 1386 sit

309 1408 439 1431 naturae
459 1400 680 1441 contingentis·
700 1403 748 1432 Ac
763 1410 820 1441 per
835 1401 907 1437 hoc,
924 1400 1097 1432 differentia
1113 1401 1217 1441 posita
1232 1401 1266 1431 in
1281 1401 1385 1431 littera»

309 1446 390 1476 inter
407 1445 593 1485 contingens
609 1445 641 1476 in
658 1452 730 1476 actu
747 1452 778 1476 et
793 1445 825 1476 in
842 1445 994 1486 potentia,
1011 1455 1158 1486 praesens
1178 1452 1209 1477 et
1225 1445 1380 1481 futurum,

310 1501 377 1521 non
394 1497 440 1521 est
455 1489 627 1521 differentia
643 1497 788 1526 naturae,
814 1490 904 1531 quasi
928 1490 1024 1520 aliam
1039 1497 1186 1521 naturam
1210 1490 1323 1520 habeat
1339 1489 1381 1520 sic

311 1542 342 1565 et
365 1535 459 1565 aliam
483 1534 542 1565 sic:
576 1534 631 1565 sed
655 1541 701 1565 est
731 1534 904 1565 differentia
935 1542 1034 1566 status
1065 1534 1209 1565 eiusdem
1240 1541 1380 1565 naturae.

309 1580 418 1610 Potest
432 1579 518 1610 enim
542 1589 607 1609 una
629 1579 740 1609 eadem
765 1586 885 1615 natura,
903 1589 960 1610 sua
983 1579 1104 1610 ratione
1129 1579 1223 1615 salva,
1241 1578 1382 1609 diversos

309 1623 424 1654 habere
440 1630 548 1660 status,
565 1623 598 1654 in
614 1630 686 1654 actu
703 1630 734 1654 et
749 1623 782 1654 in
798 1624 950 1664 potentia,
964 1623 1137 1664 praesentis
1153 1630 1184 1654 et
1198 1623 1306 1659 futuri,
1323 1629 1380 1654 etc.

310 1669 416 1699 Status
440 1668 525 1698 enim
549 1668 736 1699 actualitatis
766 1675 812 1699 est
836 1674 934 1699 status
959 1668 1157 1699 determinati
1188 1668 1228 1698 ad
1251 1668 1382 1699 alteram

310 1719 433 1753 partem
457 1712 728 1760 contradictionis;
754 1719 852 1743 status
876 1723 952 1743 vero
972 1713 1005 1743 in
1022 1723 1116 1744 causa
1133 1713 1173 1743 ad
1189 1712 1380 1748 utramlibet,

311 1764 357 1788 est
380 1764 479 1788 status
502 1757 825 1788 indeterminationis:
859 1764 982 1788 constat
1005 1764 1113 1788 autem
1138 1757 1230 1808 quod
1259 1757 1381 1788 contin-

309 1801 415 1841 gentia
434 1812 466 1832 se
483 1809 568 1832 tenet
584 1812 620 1832 ex
639 1808 726 1842 parte
749 1801 1064 1837 indeterminationis‚
1090 1802 1258 1833 necessitas
1274 1808 1382 1832 autem

311 1856 347 1877 ex
364 1853 451 1886 parte
468 1846 749 1877 determinationis.
774 1847 815 1877 Et
837 1846 911 1877 ideo
935 1856 983 1876 res
1009 1846 1205 1886 contingens,
1226 1853 1262 1877 ut
1275 1845 1383 1876 futura

311 1891 390 1921 etin
407 1891 557 1931 potentia,
583 1890 696 1921 dicitur
719 1890 834 1921 habere
858 1890 1014 1921 rationem
1039 1890 1250 1931 contingentis
1274 1890 1383 1931 quoad

311 1942 443 1966 statum:
461 1942 497 1966 ut
512 1945 660 1976 praesens
684 1941 793 1966 autem
817 1935 849 1965 in
866 1942 948 1971 actu,
966 1935 1080 1966 dicitur
1095 1935 1209 1966 habere
1225 1935 1382 1966 rationem

310 1979 475 2010 necessarii
495 1980 603 2020 quoad
625 1986 753 2010 statum.
771 1980 903 2015 Rursus,
921 1989 969 2010 res
989 1986 1287 2020 quantumcumque
1306 1989 1382 2010 con-

310 2024 443 2064 tingens,
461 2034 498 2054 ex
514 2031 596 2055 statu
620 2023 814 2064 praesentiae
839 2024 997 2055 contrahit
1013 2024 1173 2065 quendam
1190 2023 1382 2055 necessitatis

310 2069 465 2105 modum,
491 2079 528 2099 ex
552 2068 775 2109 suppositione
804 2075 903 2099 status
934 2069 974 2099 ad
998 2068 1101 2109 ipsam
1133 2069 1192 2099 sub
1221 2068 1275 2099 tali
1300 2075 1381 2099 statu

310 2113 550 2153 pertingentem,
569 2120 604 2144 ut
621 2119 706 2153 patet
725 2123 762 2143 ex
778 2113 978 2144 IPeriherm.
992 2113 1022 2143 *z
1043 2113 1119 2154 quia
1135 2113 1383 2154 unumquodque

310 2158 395 2198 quod
418 2162 475 2195 est,
499 2157 628 2198 quando
653 2162 709 2195 est,
733 2159 913 2188 necessario
933 2162 988 2188 est.
1014 2158 1076 2188 Res
1095 2165 1204 2188 autem
1221 2164 1257 2188 ut
1276 2157 1382 2188 futura

309 2212 366 2232 seu
386 2202 418 2232 in
435 2202 587 2243 potentia,
605 2212 679 2232 cum
695 2211 762 2232 non
779 2202 828 2238 sit,
845 2202 941 2233 talem
956 2202 1148 2232 necessitatis
1162 2202 1299 2232 modum
1315 2211 1382 2232 non

310 2246 483 2282 contrahit;
509 2247 563 2277 sed
587 2246 783 2286 contingens,
809 2253 839 2278 et
862 2246 894 2276 in
919 2252 1000 2277 statu
1025 2246 1238 2286 contingente,
1263 2246 1382 2286 absque

311 2291 366 2322 tali
390 2290 589 2326 necessitate,
614 2290 812 2331 relinquitur.
836 2291 877 2321 Et
901 2297 1067 2330 propterea
1090 2290 1124 2320 in
1145 2290 1246 2321 littera
1270 2290 1384 2320 dicitur

311 2334 400 2376 quod
429 2335 631 2376 contingens,
657 2342 692 2365 ut
720 2344 886 2375 praesens,
921 2341 1026 2375 potest
1056 2334 1149 2366 subdi
1173 2333 1328 2365 infallibili
1354 2341 1383 2365 et

312 2387 412 2410 certae
436 2379 599 2410 scientiae.
625 2385 656 2410 et
678 2379 710 2409 in
736 2379 819 2410 calce
843 2378 1059 2419 responsionis
1074 2379 1114 2409 ad
1130 2379 1316 2415 secundum,
1337 2378 1383 2408 di-

313 2424 393 2455 citur
416 2424 505 2464 quod
529 2430 565 2454 ut
588 2423 641 2459 sic,
667 2431 713 2454 est
736 2423 958 2454 necessarium.

369 2469 408 2499 V.
435 2468 551 2506 Quoad
576 2469 704 2499 tertium
719 2468 746 2504 *,
771 2468 876 2508 primo
900 2467 1033 2508 ponitur
1056 2468 1174 2498 modus
1198 2477 1264 2509 quo
1295 2467 1382 2498 Deus

311 2513 388 2544 haec
412 2513 521 2548 novit,
553 2512 670 2543 scilicet
694 2512 799 2543 simul.
832 2513 873 2543 Et
903 2512 1059 2553 quoniam
1084 2522 1121 2542 ex
1145 2512 1256 2543 eadem
1280 2512 1382 2543 radice

311 2557 429 2598 pendet
443 2557 523 2587 ratio
539 2567 636 2598 quare
651 2557 738 2587 Deus
754 2556 831 2587 haec
848 2563 1028 2596 cognoscat,
1045 2556 1140 2587 ideo
1132 2567 1165 2586 ιιι
1182 2556 1292 2592 littera,
1309 2566 1381 2597 pro-

312 2602 419 2642 posito
443 2602 543 2632 modo
569 2601 747 2637 simultatis,
773 2611 809 2631 ex
835 2601 902 2631 eius
926 2611 1020 2632 causa
1037 2606 1174 2641 propter
1197 2601 1292 2631 etiam
1308 2601 1386 2642 quid

311 2646 472 2687 quaesitae
496 2645 710 2676 conclusionis
735 2645 922 2676 ostenditur.
951 2646 1120 2686 Propterea
1144 2645 1281 2676 formato
1305 2656 1383 2676 con-

312 2691 490 2722 clusionem
518 2690 734 2721 continentem
759 2689 854 2720 etiam
883 2690 1020 2721 modum
1044 2697 1074 2720 et
1098 2699 1245 2721 causam:
1271 2697 1302 2721 et
1323 2700 1382 2730 po-

312 2742 404 2765 natur
420 2735 497 2765 haec
514 2734 693 2765 conclusio:
719 2734 805 2764 Deus
830 2734 994 2775 cognoscit
1013 2734 1121 2766 omnia
1138 2734 1244 2765 futura
1261 2735 1383 2766 contin·

312 2779 425 2820 genna,
442 2779 619 2809 secundum
643 2785 759 2809 statum
777 2788 842 2819 quo
860 2786 930 2809 actu
948 2786 1031 2815 sunt,
1057 2774 1094 2809 ab
1119 2785 1258 2815 aeterno,
1275 2779 1383 2810 simul.

368 2823 531 2854 Probatur.
556 2823 747 2858 Aeternitas,
772 2829 839 2853 tota
863 2823 958 2854 simul
982 2823 1130 2860 existens,
1155 2823 1255 2855 ambit
1277 2830 1383 2855 totum

313 2875 459 2908 tempus,
485 2874 515 2898 et
538 2867 596 2898 Dei
627 2866 766 2907 cognitio
794 2875 996 2898 mensuratur
1023 2867 1220 2899 aeternitate:
1253 2878 1328 2908 ergo
1353 2875 1384 2899 et

313 2912 409 2943 simul
432 2921 514 2952 quae
538 2911 712 2943 successive
735 2911 817 2942 fiunt
840 2912 938 2948 novit,
964 2919 995 2943 et
1018 2912 1127 2943 omnia
1150 2922 1233 2953 quae
1257 2919 1332 2944 sunt
1351 2911 1383 2943 in

313 2963 467 3007 tempore,
493 2963 567 2987 sunt
591 2955 765 2996 praesentia
789 2956 858 2986 Deo
879 2957 916 2987 ab
934 2963 1078 2993 aetern0;
1104 2966 1169 2987 non
1186 2957 1292 2988 solum
1309 2957 1383 2999 quia

312 3001 449 3031 rationes
466 3011 579 3031 eorum
598 3000 692 3030 habet
715 3007 894 3040 praesentes
918 3002 1004 3041 apud
1028 3011 1070 3038 se,
1095 3001 1149 3032 sed
1165 3001 1240 3052 quia
1255 3001 1322 3032 eius
1337 3001 1383 3032 in-

313 3045 411 3076 tuitus
436 3045 474 3075 ab
499 3052 626 3076 aeterno
651 3044 749 3075 fertur
773 3054 867 3084 supra
883 3045 1001 3082 omnia,
1019 3052 1054 3076 ut
1069 3052 1143 3076 sunt
1166 3045 1198 3076 in
1223 3055 1280 3076 sua
1296 3056 1383 3086 prae-

313 3084 508 3120 sentialitate.
532 3089 618 3129 Ergo
643 3088 856 3129 contingentia
878 3089 982 3126 etiam,
999 3090 1190 3131 inquantum
1207 3090 1384 3121 secundum

314 3144 405 3164 suam
421 3133 717 3174 praesentialitatem
734 3133 914 3165 subduntur
931 3134 1039 3165 divino
1057 3134 1251 3175 conspectui,
1268 3133 1383 3165 infalli-

314 3178 415 3209 biliter
434 3184 671 3218 cognoscuntur
685 3188 703 3208 a
720 3178 800 3208 Deo.
819 3195 838 3200 —
860 3179 1068 3215 Antecedens,
1086 3179 1195 3220 quoad
1210 3179 1384 3210 secundam

314 3230 446 3262 partem,
471 3223 637 3263 probatur:
663 3221 739 3263 quia
763 3232 829 3253 esse
853 3222 911 3253 Dei
936 3229 1136 3255 mensuratur
1160 3223 1351 3254 aeternitate.

367 3267 420 3298 VI.
434 3267 552 3304 Quoad
568 3272 720 3307 quartum
735 3265 763 3303 ’ἢ
784 3267 988 3298 corollarium
1005 3274 1060 3304 est,
1078 3268 1167 3308 quod
1184 3278 1220 3299 ex
1234 3267 1283 3298 his
1298 3274 1384 3309 patet

315 3311 403 3352 quod
426 3311 504 3342 haec
527 3311 593 3342 duo
618 3318 700 3342 stant
724 3310 829 3347 simul,
855 3311 971 3342 scilicet
994 3313 1084 3352 quod
1107 3312 1228 3354 aliquid
1244 3311 1283 3343 sit
1298 3311 1383 3343 futu·

315 3365 386 3385 rum
405 3355 600 3396 contingens,
621 3362 652 3386 et
667 3355 757 3396 quod
781 3355 1037 3387 certitudinaliter
1061 3363 1283 3397 cognoscatur:
1309 3356 1384 3398 quia

316 3400 493 3430 secundum
517 3400 656 3430 diversos
681 3406 779 3431 status
803 3400 880 3431 haec
903 3400 1020 3432 insunt.
1050 3401 1150 3432 Subdi
1173 3401 1259 3432 enim
1283 3407 1383 3432 certae

316 3443 499 3483 cognitioni,
525 3444 672 3477 convenit
695 3444 723 3475 ei
739 3445 917 3475 secundum
940 3445 1030 3485 quod
1054 3452 1099 3477 est
1122 3452 1204 3481 actu.
1228 3445 1272 3477 sic
1298 3445 1384 3477 enim

315 3487 461 3518 terminat
484 3488 629 3519 divinum
652 3488 819 3524 intuitum;
845 3499 911 3519 esse
926 3499 1001 3520 vero
1018 3490 1205 3530 contingens
1227 3489 1381 3525 futurum,

316 3532 464 3563 convenit
487 3532 514 3563 ei
534 3534 710 3564 secundum
727 3534 815 3574 quod
831 3540 878 3564 est
892 3533 924 3564 in
940 3534 1041 3564 causis
1061 3534 1140 3570 suis;
1161 3541 1197 3566 ut
1219 3533 1283 3565 iam
1299 3540 1384 3575 patet

317 3586 354 3606 ex
378 3575 476 3606 dictis.

375 3620 442 3651 VII.
467 3620 557 3652 Circa
582 3621 663 3652 dicta
679 3621 710 3652 in
728 3621 788 3653 hoc
813 3621 955 3658 articulo,
980 3622 1208 3654 advertendum
1232 3629 1278 3654 est
1294 3621 1383 3663 quod

987 254 1256 302 QUAESTIO
1286 255 1387 300 XIV,
1421 256 1716 294 ARTICULUS
1746 257 1834 293 XIII

1438 335 1489 365 hic
1505 342 1580 366 sunt
1604 336 1669 366 duo
1694 336 1776 367 dicta
1796 337 1990 368 dubitabilia.
2015 337 2161 368 Primum
2181 344 2212 368 et
2236 338 2444 379 praecipuum
2467 346 2513 370 est

1438 379 1518 410 ratio
1539 380 1674 411 adducta
1698 391 1735 411 ex
1754 388 1842 431 parte
1867 381 2072 412 aeternitatis.
2094 382 2272 413 secundum
2296 390 2342 414 est
2366 383 2446 414 ratio
2465 383 2511 414 in-

1439 424 1526 454 clusa
1553 434 1590 455 ex
1605 431 1693 464 parte
1716 426 1878 457 rationum
1901 436 2008 457 rerum
2032 436 2110 467 quas
2134 427 2221 457 Deus
2245 427 2333 467 apud
2355 437 2388 458 se
2407 427 2511 459 habet.

1439 468 1562 499 Dicitur
1586 469 1672 499 enim
1700 469 1732 500 in
1755 470 1857 501 littera
1881 471 1970 512 quod
1994 471 2102 501 omnia
2130 476 2206 501 sunt
2228 473 2418 511 praesentia
2441 473 2511 503 Deo

1438 513 1478 543 ab
1493 518 1636 551 aeterno,
1656 523 1719 544 non
1743 515 1847 545 solum
1866 520 2002 556 propter
2025 516 2168 546 rationes
2191 525 2301 546 rerum
2326 525 2407 556 quas
2425 517 2513 557 apud

1438 566 1472 587 se
1495 558 1585 588 Deus
1602 564 1793 598 praesentes
1816 559 1929 598 habet,
1962 560 2018 591 sed
2041 560 2117 600 quia
2142 561 2212 590 eius
2236 561 2372 591 intuitus
2394 560 2435 591 ab
2457 570 2511 591 ae-

1438 606 1530 632 terno
1550 602 1670 643 fertur
1692 610 1751 634 etc.
1786 604 1848 635 Ubi
1872 604 2038 635 manifeste
2063 605 2144 635 duae
2168 614 2282 635 causae
2312 604 2512 644 assignantur

1438 647 1528 686 quod
1551 657 1600 677 res
1623 647 1685 678 sint
1708 655 1887 688 praesentes
1906 649 1976 679 Deo
2000 650 2039 679 ab
2063 655 2206 680 aeterno:
2232 648 2349 680 scilicet
2373 649 2510 680 rationes

1438 700 1560 727 rerum,
1586 699 1616 722 et
1639 692 1814 724 aeternitas.
1839 693 1898 723 Per
1921 693 2058 724 rationes
2082 694 2213 734 quidem
2237 700 2312 724 sunt
2334 693 2511 734 praesentia

1438 735 1548 765 omnia
1562 735 1595 765 in
1612 736 1733 767 ratione
1758 737 1886 777 cogniti,
1910 738 1991 769 idest
2010 745 2046 769 ut
2061 738 2189 778 cognita
2212 738 2433 781 cognoscenti:
2454 748 2511 778 per

1438 779 1654 810 aeternitatem
1673 788 1791 818 autem,
1808 788 1844 812 ut
1860 782 2063 814 coexistentia
2087 783 2279 814 coexistenti.
2304 782 2413 813 Primo
2433 792 2509 823 ergo

1438 823 1677 861 examinabitur,
1702 832 1734 856 et
1757 836 1831 856 cum
1855 826 1915 857 Dei
1937 827 2060 858 lumine
2083 837 2119 858 ac
2143 827 2207 858 divi
2228 827 2377 858 Thomae
2400 826 2509 858 suffra-

1437 867 1496 907 giis
1520 867 1706 900 defendetur
1733 869 1915 910 principalis
1938 870 2017 902 ratio
2048 872 2087 902 de
2111 872 2313 903 aeternitate:
2346 871 2507 908 secund0,

1437 912 1516 943 ratio
1541 912 1663 943 inclusa
1686 913 1725 943 de
1748 913 1925 945 rationibus
1947 925 2054 946 rerum
2066 915 2093 947 *-

1494 956 1577 987 VIII.
1603 956 1695 988 Circa
1719 957 1876 989 rationem
1899 959 1939 989 de
1962 959 2163 997 aeternitate,
2195 961 2262 991 duo
2285 967 2452 992 vertuntur
2474 961 2508 991 in

1437 1001 1589 1032 dubium:
1616 1001 1731 1041 primu,
1747 1001 1800 1032 illa
1815 1003 2004 1043 propositio,
2030 1005 2138 1035 omnia
2161 1015 2245 1045 quae
2257 1005 2350 1046 fiunt
2373 1005 2406 1036 in
2431 1011 2509 1036 tem-

1431 1055 1531 1085 pore,
1562 1051 1638 1076 sunt
1665 1048 1854 1086 praesentia
1885 1049 2088 1086 aeternitati;
2119 1049 2260 1080 secundo
2280 1049 2312 1086 *,
2336 1049 2546 1090 applicatio·

1436 1089 1532 1121 huius
1556 1091 1596 1120 ad
1620 1090 1862 1121 conclusionem
1884 1091 2049 1128 intentam,
2074 1092 2189 1124 scilicet
2212 1093 2302 1134 quod
2325 1094 2396 1125 ideo
2418 1094 2509 1125 Deus

1437 1136 1601 1176 cognoscit
1624 1140 1710 1166 certe
1732 1136 1952 1186 contingentia
1967 1135 2102 1177 sutura.

1493 1178 1613 1210 Contra
1623 1179 1879 1220 propositionem
1895 1190 1970 1220 ergo
1985 1180 2085 1218 illam,
2095 1181 2237 1218 Scotus,'
2229 1191 2263 1212 in
2274 1181 2298 1218 1,
2307 1181 2507 1220 disnxxxtx*,

1437 1223 1540 1264 arguit
1563 1223 1821 1265 quadrupliciter.
1846 1225 1974 1263 Primo,
2007 1225 2097 1266 quod
2121 1235 2188 1256 non
2212 1232 2275 1262 est,
2299 1225 2381 1256 nulli
2403 1233 2510 1266 potest

1437 1267 1625 1299 coexistere:
1658 1269 1714 1299 sed
1737 1268 1843 1301 futura
1874 1279 1940 1300 non
1964 1276 2059 1300 sunt:
2094 1279 2180 1310 ergo.
2212 1269 2316 1301 Maior
2338 1269 2507 1311 probatur:

1436 1313 1511 1354 quia
1528 1312 1697 1344 coexistere
1714 1313 1788 1344 dicit
1803 1313 1990 1345 relationem
2006 1314 2134 1346 realem.
2146 1332 2167 1337 —
2184 1314 2343 1352 Secundo,
2359 1314 2385 1345 si
2401 1314 2511 1349 omnia

1437 1357 1616 1389 coexistunt
1629 1357 1812 1395 aeternitati,
1838 1368 1913 1398 ergo
1938 1359 2047 1389 omnia
2071 1365 2145 1390 sunt
2169 1357 2400 1400 simpliciterin
2417 1365 2508 1390 actu:

1437 1411 1512 1442 ergo
1532 1403 1599 1432 n‘on
1617 1409 1760 1442 possunt
1782 1403 1995 1443 postmodum
2018 1403 2095 1445 poni
2118 1403 2152 1434 in
2175 1410 2258 1435 actu.
2273 1403 2382 1434 Prima
2399 1413 2510 1435 conse-

2536 921 2545 930 ·
2561 919 2598 942 ef.
2608 926 2673 943 num.
2684 927 2723 944 xv.

2562 1053 2598 1075 Cf.
2613 1059 2679 1076 num.
2691 1059 2724 1076 rx.

2534 1186 2654 1209 Contra
2667 1192 2750 1218 semn—

2537 1213 2591 1235 dam
2602 1213 2683 1241 posit„
2693 1217 2716 1236 et
2726 1213 2750 1235 in

2535 1245 2644 1268 respons.
2659 1230 2688 1263 nd
2700 1239 2750 1263 eiu·

2536 1271 2628 1295 argum.

1436 1446 1567 1488 quentia
1590 1447 1758 1487 probatur:
1784 1447 1860 1488 quia
1874 1447 1972 1488 ‘quod
1995 1447 2090 1479 habet
2113 1458 2181 1479 esse
2203 1448 2237 1479 in
2261 1455 2333 1479 actu
2351 1448 2385 1479 in
2404 1448 2510 1489 seipso
2559 1461 2562 1462 ⁷

1437 1498 1581 1532 respectu
1601 1501 1713 1522 causae
1732 1491 1863 1532 primae,
1881 1499 1928 1523 est
1951 1491 2135 1533 simpliciter
2149 1492 2182 1523 in
2206 1499 2294 1530 actu;
2314 1493 2406 1534 quod
2423 1491 2510 1524 enirn

1437 1542 1483 1566 est
1498 1535 1559 1566 tale
1575 1542 1719 1576 respectu
1736 1536 1858 1576 primae
1873 1546 1995 1574 causae,
2009 1543 2056 1568 est
2071 1537 2133 1568 tale
2149 1537 2344 1578 simpliciter.
2354 1556 2375 1560 -
2389 1538 2508 1577 Tertio,

1438 1580 1513 1621 quia
1536 1580 1562 1610 si
1586 1580 1630 1611 sic
1654 1587 1713 1617 est,
1738 1590 1813 1621 ergo
1838 1581 1936 1616 sessio
1961 1590 2032 1612 mea
2056 1581 2188 1612 crastina
2211 1581 2260 1612 bis
2281 1582 2510 1623 produceretur

1437 1625 1560 1656 a·Deo.
1583 1625 1739 1656 Probatur
1763 1625 2008 1667 consequentia:
2038 1626 2115 1667 quia
2141 1626 2206 1657 iam
2235 1633 2282 1657 est
2304 1636 2452 1668 praesens
2475 1627 2510 1658 in

1430 1669 1753 1710 seipsaaeternitati,
1778 1679 1853 1710 ergo
1877 1670 2049 1711 producta;
2074 1677 2105 1702 et
2127 1670 2232 1702 adhuc
2254 1681 2322 1702 non
2346 1678 2408 1708 est,
2433 1681 2509 1712 ergo

1438 1714 1654 1754 producenda,
1673 1720 1731 1745 etc.
1749 1732 1768 1736 —
1789 1714 1914 1752 Quarto
1939 1713 1984 1757 (et
2007 1721 2054 1746 est
2069 1714 2270 1746 confirmatio
2286 1715 2391 1757 primi,
2409 1722 2440 1747 et
2456 1716 2509 1749 de-

1438 1758 1569 1789 structio
1594 1758 1730 1799 exempli
1754 1769 1778 1789 s.
1795 1759 1944 1790 Thomae
1966 1759 1999 1789 in
2024 1759 2036 1790 1
2056 1759 2179 1790 Contra
2205 1759 2311 1798 Germ,
2332 1770 2401 1800 cap.
2418 1770 2508 1799 val,

1438 1809 1468 1833 et
1484 1802 1685 1834 fundamenti
1702 1801 1794 1845 eius),
1807 1803 2010 1834 coexistentia
2026 1802 2194 1835 fluentium
2212 1803 2292 1835 circa
2306 1811 2402 1842 stans,
2415 1804 2510 1846 exigit

1438 1846 1634 1878 existentiam
1665 1847 1832 1888 utriusque
1855 1847 1987 1878 extremi
2015 1857 2074 1888 pro
2098 1848 2210 1879 eadem
2239 1858 2390 1880 mensura
2413 1849 2508 1880 dura-

1438 1891 1551 1922 tionis:
1576 1892 1632 1922 sed
1662 1891 1859 1932 impossibile
1892 1898 1939 1923 est
1967 1893 2056 1933 quod
2087 1892 2154 1923 duo
2177 1892 2326 1925 instantia
2355 1893 2510 1934 temporis

1438 1935 1535 1966 simul
1558 1936 1691 1966 existant
1709 1936 1743 1966 in
1767 1936 1878 1967 eadem
1902 1946 2051 1967 mensura
2074 1936 2266 1968 durationis:
2291 1946 2366 1978 ergo
2389 1937 2510 1978 impos-

1438 1980 1527 2011 sibile
1551 1987 1599 2011 est
1626 1980 1731 2021 quod'
1747 1980 1920 2012 coexistunt
1951 1980 2048 2012 simul
2077 1981 2166 2012 alteri
2196 1988 2358 2019 extreme,
2391 1981 2511 2014 seilicet

1439 2024 1623 2056 aeternitati.
1640 2025 1744 2056 Maior
1763 2031 1849 2066 patet
1863 2025 1895 2056 in
1916 2032 2024 2056 centro
2041 2033 2072 2057 et
2087 2025 2120 2056 in
2137 2025 2407 2058 circumferentiae
2426 2036 2510 2067 pun-

1439 2069 1506 2106 ctis,
1523 2068 1549 2099 si
1565 2068 1724 2110 fingamus
1748 2076 1867 2110 puncta
1890 2069 1944 2100 illa
1967 2079 2033 2100 non
2057 2077 2148 2107 stare,
2168 2070 2224 2101 sed
2247 2069 2361 2102 fluere:
2386 2077 2510 2102 certum

1439 2121 1485 2145 est
1501 2113 1587 2144 enim
1607 2114 1697 2154 quod
1721 2114 1855 2154 singula,
1872 2114 2003 2156 quando
2028 2121 2141 2151 essent,
2159 2114 2367 2147 coexisterent
2390 2121 2509 2153 centro,

1439 2158 1494 2195 sed
1517 2167 1687 2199 nunquam
1710 2158 1820 2194 simu1;
1845 2168 1912 2189 non
1937 2169 1973 2190 ex
1997 2159 2121 2190 defectu
2145 2159 2253 2196 centri.
2278 2159 2334 2190 sed
2352 2159 2510 2201 ipsorum,

1439 2202 1515 2243 quia
1537 2202 1655 2234 scilicet
1678 2202 1774 2233 simul
1797 2212 1864 2233 non
1895 2211 1980 2234 sunt.
2004 2203 2046 2235 Et
2067 2203 2111 2235 ita
2139 2210 2187 2235 est
2213 2204 2253 2235 de
2275 2203 2458 2236 aeternitate
2481 2211 2512 2236 et

1438 2253 1592 2287 tempore.

1495 2291 1548 2321 IX.
1567 2290 1688 2321 Contra
1711 2290 1958 2332 applicationem
1977 2290 2106 2322 rationis
2130 2292 2170 2322 ad
2193 2292 2444 2330 conclusionem,
2464 2302 2511 2324 ar-

1438 2334 1507 2375 guit
1525 2335 1611 2365 idem
1626 2335 1739 2366 Scotus
1759 2334 1877 2365 ibidem
1889 2335 1906 2354 *
1925 2335 2095 2376 tripliciter.
2120 2337 2230 2367 Primo
2246 2335 2300 2368 sic.
2317 2336 2423 2368 Sessio
2439 2346 2511 2368 mea

1439 2379 1554 2416 futura,
1572 2386 1608 2410 ut
1624 2378 1731 2410 futura
1751 2386 1807 2416 est,
1829 2386 1884 2410 aut
1898 2379 1995 2411 scitur
2009 2390 2027 2410 a
2041 2379 2111 2412 Deo
2129 2387 2221 2418 certe,
2239 2388 2294 2413 aut
2309 2391 2387 2412 non.
2408 2381 2440 2412 Si
2455 2381 2509 2419 sic,

1439 2434 1514 2464 ergo
1538 2434 1605 2454 non
1638 2431 1766 2464 oportet
1788 2434 1907 2465 ponere
1930 2424 2035 2464 ipsam
2057 2425 2091 2455 in
2121 2431 2194 2456 actu
2218 2425 2361 2462 existere,
2385 2426 2426 2456 ad
2448 2425 2511 2457 hoc

1439 2475 1475 2500 ut
1498 2475 1580 2500 certe
1595 2468 1719 2500 sciatur.
1749 2467 1782 2500 Si
1797 2478 1874 2505 non,
1899 2478 1974 2509 ergo
1994 2468 2082 2500 aliter
2100 2469 2190 2501 novit
2204 2469 2291 2501 Deus
2315 2469 2397 2502 facta
2411 2480 2511 2512 quam

1438 2512 1561 2549 fienda,
1586 2519 1695 2544 contra
1718 2513 1953 2553 Augustinum,
1978 2513 2007 2544 V
2029 2523 2128 2554 super
2152 2514 2232 2546 Gen.
2256 2514 2301 2546 ad
2328 2515 2468 2546 litteram
2482 2514 2510 2547 *.

1438 2557 1594 2588 Probatur
1610 2557 1849 2598 consequentia:
1871 2557 2026 2598 quoniam
2043 2568 2118 2588 cum
2133 2558 2214 2589 facta
2230 2558 2288 2590 erit
2303 2558 2385 2590 dicta
2401 2558 2509 2596 sessio,

1439 2609 1521 2633 certe
1537 2602 1652 2632 scietur
1666 2612 1683 2631 a
1701 2602 1781 2633 Deo.
1797 2620 1816 2624 —
1831 2601 1978 2633 Secundo
1997 2602 2051 2633 sic.
2076 2602 2211 2634 Scientia
2235 2603 2294 2634 Dei
2314 2613 2380 2634 non
2397 2603 2510 2644 accipit

1439 2646 1658 2678 certitudinem
1682 2647 1720 2676 ab
1744 2646 1807 2676 alio
1832 2646 1957 2677 obiecto
1987 2657 2085 2688 quam
2109 2647 2238 2688 propria
2261 2647 2411 2679 essentia:
2435 2657 2511 2688 ergo

1440 2701 1505 2722 non
1529 2697 1575 2722 est
1595 2697 1676 2721 certa
1701 2701 1738 2721 ex
1761 2691 1823 2721 hoc
1841 2691 1932 2732 quod
1955 2690 2053 2722 sessio
2070 2698 2116 2723 est
2139 2691 2172 2722 in
2195 2698 2278 2728 actu,
2299 2692 2355 2723 sed
2373 2691 2510 2728 aliunde.

1438 2735 1636 2766 Antecedens
1653 2736 1818 2775 probatur:
1844 2734 1919 2776 quia
1942 2735 2085 2776 alioquin
2101 2735 2280 2767 intellectus
2294 2735 2420 2768 divinus
2435 2736 2510 2768 vile·

1439 2786 1547 2811 sceret.
1563 2797 1583 2802 -
1604 2780 1710 2810 Tertio
1726 2779 1778 2810 sic.
1796 2782 1922 2810 Aevum
1938 2780 2051 2821 angeli,
2069 2781 2247 2812 secundum
2262 2780 2350 2817 istos,
2367 2780 2511 2812 coexistit

1439 2823 1498 2855 toti
1530 2823 1683 2864 tempori:
1716 2833 1791 2864 ergo
1822 2824 1971 2864 angelus,
2004 2825 2182 2855 secundum
2211 2825 2306 2857 istam
2336 2824 2508 2862 rationem,

1438 2868 1555 2910 poterit
1578 2868 1760 2899 naturaliter
1784 2878 1974 2908 cognoscere
1997 2869 2107 2900 omnia
2131 2868 2237 2900 futura
2260 2869 2485 2909 contingentia.

2538 2340 2550 2353 ⁸
2567 2340 2656 2364 eoum
2669 2346 2755 2364 seeun-

2538 2366 2593 2390 dum
2607 2367 2679 2396 posit.

2537 2522 2548 2532 ·
2563 2521 2621 2550 Cap.
2630 2527 2696 2544 xvin.

1494 2913 1532 2944 X.
1550 2913 1601 2944 Ad
1619 2913 1675 2943 has
1695 2912 1889 2943 obiectiones
1908 2914 2142 2954 respondendo,
2157 2913 2327 2954 praemitto
2346 2914 2436 2955 quod
2451 2913 2510 2944 iste
2563 2920 2565 2923 ·

1438 2958 1529 2988 locus
1553 2958 1591 2988 ab
1615 2957 1852 2988 adversantibus
1875 2957 2033 2989 iudicatur
2060 2958 2174 2999 plenus
2198 2957 2455 2989 contradictionis
2479 2964 2510 2989 et

1439 3002 1564 3032 erroris:
1586 3012 1604 3032 a
1623 3001 1828 3042 sequentibus
1852 3009 1959 3032 autem
1983 3002 2160 3033 doctrinam
2178 3011 2202 3032 s.
2212 3001 2360 3033 Thomae
2383 3008 2508 3043 reputa-

1438 3053 1490 3077 tur
1513 3046 1593 3076 adeo
1613 3046 1777 3082 obscurus,
1795 3053 1830 3076 ut
1847 3046 2006 3077 neminem
2023 3046 2175 3078 hactenus
2190 3045 2333 3082 viderim,
2354 3045 2418 3077 sive
2436 3046 2509 3078 scri-

1438 3097 1494 3130 pto
1519 3090 1584 3120 sive
1606 3090 1723 3126 verbo,
1754 3090 1901 3121 assertive
1931 3091 2011 3122 tueri
2042 3090 2104 3122 hoc
2134 3089 2266 3121 dictum.
2298 3091 2339 3121 Et
2369 3100 2421 3121 me
2444 3090 2509 3122 iam

1438 3135 1528 3165 annis
1557 3134 1637 3165 forte
1661 3134 1845 3175 quindecim
1877 3135 1977 3166 fateor
1999 3134 2137 3166 latuisse.
2169 3134 2231 3165 Sed
2261 3134 2507 3172 nudiustertius,

1439 3179 1518 3210 dum
1541 3188 1637 3220 super
1660 3179 1929 3211 commentatione
1953 3179 2048 3211 huius
2071 3179 2193 3210 articuli
2209 3179 2386 3216 meditarer,
2406 3179 2508 3211 illuxit

1438 3221 1488 3265 (ut
1504 3223 1646 3259 arbitror,
1664 3223 1727 3253 divi
1744 3223 1890 3254 Thomae
1911 3222 1986 3266 ope)
2002 3222 2114 3254 veritas
2134 3223 2228 3263 plana
2244 3231 2275 3255 et
2289 3223 2323 3255 in
2339 3223 2508 3255 manifesto

1439 3267 1558 3307 posita,
1584 3274 1614 3298 et
1638 3267 1710 3298 ideo
1734 3268 1932 3308 paucissimis
1955 3267 2057 3299 verbis
2080 3268 2275 3308 pertransita.

1493 3311 1665 3343 Sciendum
1689 3318 1735 3343 est
1757 3312 1852 3353 igitur
1875 3312 1991 3353 primo,
2015 3311 2055 3342 ad
2071 3311 2261 3343 evidentiam
2284 3312 2506 3349 terminorum,

1437 3356 1527 3396 quod
1550 3366 1616 3387 esse
1648 3366 1811 3397 praesens,
1835 3366 1891 3388 seu
1915 3355 2098 3393 coexistere,
2123 3357 2314 3394 aeternitati,
2334 3355 2508 3388 formaliter

1437 3401 1611 3441 loquendo,
1634 3401 1783 3432 abstrahit
1805 3411 1824 3432 a
1847 3399 2022 3442 praesentia
2045 3400 2163 3440 cogniti
2186 3401 2226 3432 ad
2250 3407 2506 3442 cognoscentem.

1438 3445 1612 3482 Quoniam,
1637 3445 1662 3475 si
1686 3445 1850 3476 aeternitas
1874 3450 1954 3475 esset
1977 3454 2025 3475 res
2049 3455 2114 3475 non
2139 3445 2362 3486 cognoscitiva,
2381 3451 2413 3476 et
2426 3444 2507 3486 lapis

1438 3489 1633 3530 quandoque
1656 3496 1747 3525 esset,
1763 3495 1844 3520 esset
1862 3488 1905 3520 ibi
1919 3498 1991 3519 vera
2010 3490 2184 3530 praesentia
2209 3489 2275 3521 sive
2294 3488 2505 3524 coexistentia,

1438 3534 1556 3574 absque
1581 3533 1761 3574 cognitione
1785 3532 1899 3574 aliqua.
1920 3551 1939 3556 -
1955 3533 2044 3565 Patet
2063 3543 2195 3575 quoque
2213 3544 2251 3566 ex
2265 3534 2328 3566 hoc
2351 3540 2382 3565 et
2404 3543 2441 3564 ex
2456 3533 2506 3564 lit-

1437 3584 1511 3613 tera,
1528 3578 1617 3618 quod
1633 3587 1738 3608 sermo
1757 3584 1804 3608 est
1819 3578 1858 3608 de
1882 3587 1948 3608 esse
1967 3587 2074 3609 rerum
2097 3588 2180 3620 quae
2198 3577 2280 3610 fiunt
2302 3577 2335 3609 in
2350 3584 2505 3618 tempore,

1438 3631 1503 3652 non
1528 3621 1695 3658 obiectivo,
1714 3631 1771 3652 nec
1791 3622 1964 3662 potentiali,
1986 3629 2059 3659 etc.,
2085 3623 2140 3654 sed
2163 3622 2203 3654 de
2225 3631 2294 3654 esse
2317 3623 2349 3653 in
2372 3627 2447 3653 actu
2472 3623 2504 3653 in
