2768 4178
16 1705 163 1738 '‘D-⁸⁰5·

45 2978 57 2988 ·
72 2975 110 2998 ct.
123 2981 190 2998 num.
199 2981 232 2998 vr.

46 3025 59 3035 ·
72 3024 110 3048 Οἰ-
122 3031 188 3048 num·
198 3030 238 3047 vn.

943 292 1211 340 QUAESTIO
1241 292 1384 338 XXIII,
1414 291 1710 328 ARTICULUS
1739 291 1808 328 V11

280 372 468 412 minatum
484 384 691 411 numerum
707 372 954 410 mansionum
970 384 1065 420 quas
1079 372 1160 408 vult
1174 371 1297 408 facere
1312 370 1351 407 in

282 427 423 473 domo,
454 434 490 463 et
518 426 814 464 determinatum
842 437 1049 462 numerum
1083 436 1350 461 mensurarum

281 479 433 529 parietis
451 480 514 516 vel
542 479 648 516 tecti:
678 491 758 516 non
786 485 914 515 autem
941 477 1037 525 eligit
1056 477 1350 515 determinatum

282 544 487 570 numerum
525 531 717 581 lapidum,
751 530 820 568 sed
857 530 993 579 accipit
1020 537 1095 577 tot,
1125 537 1220 579 quot
1248 530 1351 567 suffi-

283 586 387 623 ciunt
401 585 414 612 ς
433 585 483 623 ad
508 585 735 634 eXplendam
763 591 908 621 tantam
936 595 1158 620 mensuram
1186 583 1350 632 parietis.

337 639 402 676 Sic
427 638 538 686 igitur
557 637 879 675 considerandum
901 644 956 673 est
984 636 1022 673 in
1050 637 1148 683 Deo,
1178 643 1352 685 respectu

283 691 397 728 totius
424 690 690 736 universitatis,
721 702 819 738 quae
845 696 902 726 est
930 689 1010 726 eius
1040 689 1208 726 effectus.
1238 690 1352 725 Prae-

284 744 475 782 ordinavit
489 743 592 780 enim
611 743 650 780 in
670 755 746 791 qua
760 754 942 779 mensura
956 743 1112 779 deberet
1131 754 1213 779 esse
1228 749 1350 779 totum

283 796 519 844 universum,
541 803 578 832 et
597 795 681 844 quis
709 807 893 832 numerus
923 803 1021 832 esset
1042 796 1275 832 conveniens
1296 807 1352 832 es-

283 849 501 887 sentialibus
528 848 698 898 partibus
726 848 906 896 universi,
928 861 1025 897 quae
1046 848 1184 885 scilicet
1211 849 1353 886 habent

283 902 412 950 aliquo
449 902 569 939 modo
609 902 784 939 ordinem
822 902 871 938 ad
907 902 1219 950 perpetuitatem;
1259 909 1353 950 quot

284 955 424 992 scilicet
447 960 462 978 ’¹
490 955 694 1004 sphaerae,
725 962 819 1004 quot
851 956 996 1002 stellae,
1027 962 1122 1003 quot
1150 956 1350 1002 elementa,

284 1015 378 1058 quot
406 1008 552 1057 species
581 1020 721 1045 rerum.
753 1007 955 1045 Individua
973 1020 1067 1045 vero
1097 1008 1352 1057 corruptibilia

283 1073 364 1099 non
389 1061 613 1098 ordinantur
631 1061 681 1098 ad
709 1061 856 1098 bonum
885 1061 1054 1098 universi
1082 1062 1191 1109 quasi
1213 1060 1226 1082 ⁰
1253 1061 1354 1110 prin-

284 1114 462 1163 cipaliter,
493 1114 562 1152 sed
589 1114 698 1163 quasi
726 1114 965 1162 secundario,
986 1114 1212 1162 inquantum
1232 1114 1271 1151 in
1300 1113 1352 1151 eis

283 1168 451 1205 salvatur
479 1168 625 1204 bonum
662 1167 813 1216 speciei.
852 1168 986 1215 Unde,
1015 1168 1101 1204 lieet
1127 1169 1234 1204 Deus
1262 1167 1354 1204 sciat

283 1232 490 1258 numerum
515 1221 690 1258 omnium
717 1220 1017 1267 individuorum,
1038 1232 1116 1257 non
1134 1227 1265 1256 tamen
1285 1232 1353 1256 nu-

285 1285 415 1324 merus
432 1274 497 1311 vel
525 1274 645 1311 bourn
672 1274 735 1310 vel
764 1273 940 1320 culicum,
959 1274 1023 1310 vel
1042 1273 1205 1309 aliorum
1223 1271 1356 1309 huius-

284 1322 403 1374 modi,
434 1334 490 1364 est
515 1339 586 1375 per
613 1334 681 1364 se¹
709 1326 998 1375 praeordinatus
1021 1338 1044 1362 a
1067 1327 1174 1362 Deo:
1204 1325 1271 1362 sed
1299 1332 1355 1362 tot

285 1391 331 1417 ex
358 1379 582 1418 huiusmodi
602 1386 615 1400 ²
644 1375 774 1417 divina
794 1378 1035 1428 providentia
1054 1378 1242 1427 produxit,
1260 1386 1354 1426 quot

285 1433 479 1470 sufficiunt
505 1432 554 1470 ad
583 1432 798 1481 specierum
827 1431 1173 1469 conservationem.

279 1495 282 1498 ’
338 1487 441 1523 Inter
467 1497 602 1522 omnes
631 1493 758 1522 autem
788 1493 992 1532 creaturas,
1020 1484 1265 1534 principalius
1294 1496 1353 1521 or·

287 1538 462 1576 dinantur
480 1539 528 1576 ad
557 1539 704 1575 bonurn
728 1537 895 1575 universi
916 1545 1109 1575 creaturae
1139 1538 1353 1585 rationales,

284 1592 396 1642 quae,
415 1590 643 1640 inquantum
671 1591 903 1638 huiusmodi,
925 1591 1228 1640 incorruptibiles
1248 1598 1354 1637 sunt3

285 1651 322 1682 et
346 1644 545 1694 potissime
573 1644 659 1682 illae
688 1656 786 1693 quae
815 1644 1088 1682 beatitudinem
1114 1657 1354 1693 consequun-

282 1705 345 1735 tur
362 1697 394 1746 *,
419 1709 519 1747 quae
539 1697 798 1734 immediatius
818 1697 1004 1745 attingunt
1020 1698 1200 1735 ultimum
1220 1698 1353 1735 finem.

283 1750 396 1788 Un'de
425 1758 548 1788 certus
579 1757 634 1787 est
662 1751 747 1787 Deo
768 1763 952 1788 numerus
971 1751 1354 1800 praedestinatorum,

283 1814 365 1841 non
384 1804 509 1841 solum
529 1815 600 1852 per
617 1804 779 1841 modum
805 1803 1042 1852 cognitionis,
1064 1805 1132 1841 sed
1153 1803 1267 1840 etiam
1285 1816 1356 1853 per

282 1856 448 1894 modurn
469 1856 668 1900 cuiusdam
686 1856 903 1906 principalis
921 1857 1204 1906 praefinitionis.
1222 1878 1246 1884 -
1263 1857 1355 1894 Non

285 1909 340 1948 sic
367 1917 496 1947 autem
525 1909 685 1947 omnino
715 1917 771 1946 est
799 1910 847 1947 de
876 1922 1039 1947 numero
1078 1911 1353 1959 reproborum

285 1962 352 2011 qui
378 1962 556 2000 videntur
584 1975 667 1999 esse
695 1963 950 2012 praeordinati
979 1976 1002 1999 a
1029 1964 1114 2000 Deo
1141 1963 1179 2000 in
1207 1963 1354 2000 bonum

285 2016 507 2063 electorum,
537 2016 676 2066 quibus
705 2016 833 2053 omnia
862 2023 1116 2065 cooperantur
1135 2017 1173 2053 in
1193 2017 1354 2054 bonum.

303 2085 306 2088 ·
338 2069 399 2105 De
427 2081 591 2106 numero
621 2076 750 2106 autem
779 2069 956 2107 omnium
984 2070 1355 2119 praedestinatorum

283 2121 502 2170 hominum,
527 2122 613 2170 quis
634 2120 646 2143 λ
673 2120 732 2170 sit,
752 2122 882 2160 dicunt
910 2123 1067 2172 quidam
1101 2123 1207 2171 quod
1236 2130 1290 2160 tot
1304 2135 1356 2159 'ex

283 2175 507 2213 hominibus
535 2176 796 2222 salvabuntur,
817 2184 912 2224 quot
937 2176 1059 2223 angeli
1078 2182 1097 2203 ι’*
1126 2176 1355 2213 ceciderunt.

2393 292 2467 328 283

1405 377 1681 407 remanserunt.
1717 370 1886 417 Quidam
1913 383 2027 418 vero,
2059 371 2164 419 quod
2192 379 2247 408 tot
2275 383 2320 408 ex
2347 371 2471 408 homi-

1405 423 1517 460 nibus
1546 424 1804 470 salvabuntur,
1830 431 1924 471 quot
1951 424 2072 472 angeli
2103 424 2330 471 ceciderunt,
2352 431 2388 460 et
2416 424 2471 460 in-

1405 489 1521 525 super
1547 484 1614 524 tot,
1640 484 1733 525 quot
1761 476 1913 513 suerunt
1941 477 2062 524 angeli
2091 477 2214 514 creati.
2238 477 2315 514 Sed
2334 477 2471 514 melius

1406 529 1540 566 dicitur
1567 529 1674 579 quod
1700 529 1774 566 soli
1783 530 1880 566 'Deo
1910 535 1963 566 est
1990 531 2160 579 cognitus
2193 542 2372 567 numerus
2399 530 2470 567 ele·
2506 535 2513 537 ”

1405 588 1551 619 ctorum
1580 583 1617 620 in
1646 594 1815 631 superna¹
1827 582 2012 631 felicitate
2040 583 2219 620 locandus
2245 583 2276 620 ²¹⁶.

1459 637 1517 672 AD
1546 647 1682 673 PmMUM
1710 647 1809 673 ERGO
1837 647 2020 673 DICENDUM
2058 637 2162 684 quod
2188 637 2352 673 verbum
2380 636 2470 674 illud

1405 689 1693 725 Deuteronomii
1719 696 1775 725 est
1802 688 2087 736 intelligendum
2116 689 2163 726 de
2192 689 2260 726 illis
2287 690 2351 738 qui
2385 697 2471 726 sunt

1405 742 1616 791 praenotati
1639 748 1651 761 ¹·
1679 754 1701 779 a
1728 743 1814 778 Deo
1849 749 2023 793 respectu
2058 742 2266 790 praesentis
2299 743 2468 779 iustitiae.

1407 796 1557 832 Horum
1596 795 1698 832 enim
1735 807 1919 832 numerus
1953 802 1989 831 et
2016 802 2175 843 augetur
2204 803 2239 832 et
2266 795 2469 833 minuitur:

1407 856 1443 885 et
1470 860 1549 885 non
1577 860 1760 885 numerus
1787 847 2169 896 praedestinatorum.

1458 903 1517 938 Ao
1546 913 1736 938 SECUNDUM
1770 913 1954 938 DICENDUM
1993 901 2099 949 quod
2127 901 2219 938 ratio
2257 901 2472 949 quantitatis

1406 954 1563 991 alicuius
1582 954 1711 1003 partis,
1732 954 1953 1003 accipienda
1973 962 2028 991 est
2049 966 2093 991 ex
2108 954 2356 1003 proportione
2375 954 2472 991 illius

1405 1007 1521 1056 partis
1550 1009 1598 1045 ad
1625 1014 1761 1044 totum.
1793 1007 1856 1044 Sic
1884 1007 1986 1044 enim
2017 1015 2072 1044 est
2095 1007 2196 1056 apud
2216 1009 2343 1045 Deum
2377 1008 2471 1044 ratio

1406 1073 1523 1109 quare
1553 1068 1607 1097 tot
1635 1061 1758 1097 stellas
1786 1060 1926 1108 fecerit,
1945 1061 2007 1097 vel
2036 1068 2091 1098 tot
2110 1073 2237 1098 rerum
2257 1060 2415 1110 species,
2437 1068 2473 1098 et

1407 1126 1525 1161 quare
1554 1121 1610 1150 tot
1636 1113 1941 1162 praedestinavit,
1963 1126 2008 1150 ex
2035 1114 2282 1163 proportione
2306 1114 2470 1163 partium

1406 1167 1671 1216 principalium
1700 1167 1749 1204 ad
1778 1167 1925 1203 bonum
1953 1166 2133 1204 universi.

1461 1222 1518 1256 AD
1538 1231 1698 1256 TERTHJM
1717 1232 1901 1257 DICENDUM
1917 1220 2024 1268 quod
2043 1221 2190 1257 bonurn
2207 1219 2472 1269 proportiona—

1406 1279 1489 1309 tum
1519 1272 1716 1308 communi
1745 1272 1854 1309 statui
1879 1281 2047 1321 naturae,
2073 1273 2207 1310 accidit
2224 1281 2266 1310 ut
2293 1273 2331 1310 in
2358 1273 2471 1322 pluri-

1408 1326 1498 1372 bus;
1527 1333 1564 1361 et
1583 1325 1751 1362 defectus
1767 1324 1780 1348 Ε
1799 1326 1847 1362 ab
1866 1326 1942 1362 hoc
1960 1327 2077 1373 bono,
2097 1334 2139 1363 ut
2157 1326 2196 1363 in
2214 1326 2469 1375 paucioribus.

1408 1379 1485 1416 Sed
1514 1378 1660 1415 bonum
1689 1378 1794 1426 quod
1819 1379 1963 1416 excedit
1982 1391 2228 1416 communem
2249 1387 2387 1416 statum
2407 1392 2472 1416 na-

1407 1439 1525 1478 turae,
1542 1431 1735 1468 invenitur
1751 1439 1792 1468 ut
1811 1431 1849 1468 in
1868 1432 2128 1480 paucioribus;
2155 1439 2192 1469 et
2210 1432 2377 1469 defectus
2391 1438 2404 1453 ⁰
2423 1433 2471 1469 ab

1407 1485 1483 1521 hoc
1511 1485 1627 1529 bono,
1647 1491 1690 1520 ut
1709 1484 1747 1522 in
1764 1484 1948 1533 pluribus.
1980 1484 2084 1522 Sicut
2101 1493 2204 1534 patet
2223 1487 2327 1534 quod
2346 1486 2472 1535 plures

1408 1537 1586 1574 homines
1605 1543 1623 1558 ⁷¹
1651 1545 1739 1574 sunt
1757 1537 1821 1587 qui
1846 1538 1989 1575 habent
2008 1538 2259 1575 sufficientem
2280 1539 2473 1575 scientiam

1409 1590 1458 1627 ad
1487 1590 1657 1639 regimen
1683 1590 1784 1628 vitae
1813 1603 1917 1639 suae,
1937 1591 2136 1640 pauciores
2165 1599 2292 1629 autem
2317 1592 2382 1641 qui
2401 1593 2473 1629 hac

1409 1644 1565 1681 scientia
1584 1651 1724 1691 carent,
1745 1644 1810 1693 qui
1829 1644 2023 1681 moriones
2042 1650 2057 1675 Ρ
2076 1645 2137 1681 vel
2158 1645 2257 1682 stulti
2278 1645 2471 1682 dicuntur:

1409 1698 1476 1734 sed
1503 1697 1723 1746 paucissimi
1752 1705 1849 1744 sunt,
1878 1706 2051 1747 respectu
2079 1697 2253 1746 aliorum,
2275 1699 2338 1747 qui
2366 1699 2473 1735 attin-

1409 1758 1502 1798 gunt
1529 1751 1578 1787 ad
1605 1751 1825 1788 habendam
1853 1751 2085 1799 profundam
2105 1757 2119 1771 ³
2145 1751 2340 1788 scientiam
2369 1751 2473 1788 intel-

1409 1803 1604 1852 ligibilium
1634 1816 1774 1841 rerum.
1810 1804 1910 1840 Cum
1943 1803 2053 1852 igitur
2079 1804 2272 1841 beatitudo
2301 1811 2473 1852 aeterna,

1409 1857 1448 1894 in
1475 1857 1624 1895 visione
1658 1857 1731 1894 Dei
1765 1857 1995 1904 consistens,
2034 1857 2190 1895 excedat
2227 1869 2473 1894 communem

1410 1918 1548 1947 statum
1575 1917 1743 1956 naturae,
1775 1917 1811 1947 et
1838 1910 2041 1959 praecipue
2061 1910 2274 1948 secundum
2294 1911 2399 1959 quod
2419 1918 2475 1948 est

1409 1962 1527 2011 gratia
1556 1962 1729 2000 destituta
1743 1969 1757 1983 τ
1776 1975 1846 2012 per
1865 1963 2148 2012 corruptionem
2177 1964 2367 2012 originalis
2385 1976 2474 2012 pec-

1411 2016 1502 2063 cati,
1535 2016 1735 2064 pauciores
1772 2023 1860 2053 sunt
1896 2016 1960 2065 qui
1997 2017 2199 2054 salvantur.
2239 2017 2288 2053 Et
2324 2017 2363 2053 in
2400 2018 2474 2054 hoc

1411 2069 1523 2106 etiam
1542 2074 1556 2089 ⁰
1584 2069 1750 2106 maxime
1779 2069 2038 2106 misericordia
2066 2070 2137 2106 Dei
2167 2077 2340 2119 apparet,
2369 2071 2475 2118 quod

1411 2123 1558 2170 aliquos
1586 2122 1625 2159 in
1654 2122 1756 2159 illam
1785 2124 1946 2160 salutem
1967 2122 2082 2171 erigit,
2104 2135 2126 2158 a
2146 2135 2221 2171 qua
2239 2123 2392 2172 plurimi
2412 2123 2476 2160 de-

1411 2175 1543 2212 ficiunt
1571 2175 1785 2212 secundum
1814 2187 2063 2212 communem
2091 2188 2244 2213 cursum
2269 2184 2306 2213 et
2324 2176 2476 2213 inclina-

285 2228 456 2276 Quidam
484 2241 592 2276 vero,
622 2228 728 2277 quod
755 2236 811 2265 tot
839 2229 1100 2276 salvabuntur,
1122 2236 1215 2277 quot
1234 2229 1356 2276 angeli
1383 2224 1386 2277 Ι
1411 2229 1557 2265 tionem
1587 2236 1754 2265 naturae.

337 2343 363 2376 ζ)
382 2342 526 2376 sufficiunt.
543 2356 564 2362 -
580 2341 716 2376 sufficiant
735 2341 857 2366 ABCDE.
877 2355 896 2361 -
915 2345 1019 2367 tantam
1039 2350 1093 2367 om.
1106 2342 1156 2367 Ga.

336 2377 364 2438 ἒ)
383 2381 448 2411 quot
465 2377 573 2437 sciliget.
591 2391 611 2396 -
628 2380 693 2437 qducn
711 2377 740 2407 B,
758 2377 859 2402 scilicet
877 2380 942 2409 quot
960 2378 1037 2402 ceteri
1056 2383 1082 2402 et
1100 2378 1141 2402 ed.
1155 2385 1181 2403 α.

399 2413 467 2441 nasi.
485 2427 504 2433 —
549 2421 584 2437 m.
603 2419 634 2437 co
653 2412 715 2437 ices.

339 2414 425 2482 1313&
442 2456 479 2474 se.
496 2462 516 2468 -
529 2451 645 2480 propter
661 2455 690 2473 se
707 2448 874 2480 ACDEGpB.

337 2484 363 2518 κ)
382 2491 420 2509 ex
437 2483 599 2509 huiusmodi.
617 2497 636 2502 -
654 2483 807 2509 huiusmodi
824 2483 852 2515 P,
872 2490 910 2508 ex
927 2483 983 2508 eius
1002 2484 1053 2509 BF.

337 2518 366 2553 λ)
385 2519 453 2552 quis.
470 2534 490 2539 —
507 2516 572 2551 quid
590 2519 662 2543 FGa.

339 2555 367 2623 μὶ)
387 2555 486 2587 angeli.
503 2562 578 2595 -qex
595 2554 699 2586 angelis
716 2554 834 2613 ρῖξξὸςὲς
855 2559 880 2578 et
898 2554 931 2578 ita
950 2554 1034 2586 primo
1054 2555 1111 2579 loco
1130 2554 1202 2579 infra.

338 2599 351 2615 ν
376 2593 543 2622 praenotati.
561 2603 579 2608 -
594 2593 719 2621 praeneti
834 2607 840 2614 .

1465 2341 1488 2375 ξ)
1509 2342 1661 2376 defectus.-
1670 2343 1780 2376 deficere
1791 2342 1863 2375 GpF,
1875 2343 1963 2376 deficit
1973 2343 2142 2368 PABCDEsF
2153 2348 2178 2368 et
2191 2344 2232 2369 ed.
2244 2344 2273 2375 b;
2284 2344 2315 2369 cf.
2321 2349 2408 2368 notam
2419 2351 2477 2377 seq.

1465 2379 1490 2410 ο)
1511 2378 1636 2412 desectus.
1654 2391 1673 2398 ·-
1692 2378 1781 2411 deficit
1800 2378 1841 2402 ΡΒ
1861 2383 1886 2403 et
1905 2379 1946 2403 ed.
1961 2378 1989 2408 b,
2009 2386 2064 2403 om.
2082 2378 2131 2411 pC.

1463 2414 1492 2446 π)
1512 2413 1640 2438 homines.
1658 2427 1677 2433 -
1694 2413 1828 2438 hominum
1848 2414 1994 2438 ACDEFG.

1463 2449 1488 2482 ρ)
1509 2449 1650 2474 moriones.
1669 2463 1688 2468 —
1706 2449 1822 2474 minores
1841 2450 1881 2474 ed.
1894 2457 1920 2474 a.

1463 2485 1489 2517 σ)
1504 2485 1681 2518 profundam.
1698 2498 1717 2503 ·-
1736 2485 1797 2509 Om.
1810 2485 1864 2509 BD.

1463 2519 1488 2551 τ)
1506 2520 1600 2552 gratia
1620 2520 1757 2544 destituta.
1774 2533 1794 2538 —
1811 2527 1828 2543 α
1846 2519 1939 2552 gratia
1953 2520 2081 2545 destituta
2093 2521 2122 2551 B,
2137 2528 2154 2544 a
2166 2520 2258 2553 gratia
2271 2520 2425 2545 destitutum
2442 2521 2475 2551 G,

1408 2555 1516 2587 gratiae
1535 2555 1679 2579 destitutae
1698 2555 1726 2579 F.

1463 2590 1487 2622 υ)
1507 2590 1597 2615 etiam.
1615 2605 1632 2608 -
1652 2590 1713 2614 Om.
1729 2590 1825 2614 BDGa.
1843 2604 1861 2608 -
1881 2591 1999 2615 maxime
2018 2599 2070 2615 om.
2084 2591 2113 2615 F.

970 2669 1302 2702 Commentaria
1325 2668 1575 2702 cardinalis
1597 2669 1795 2702 Caietani

346 2759 454 2780 rrimus
471 2748 572 2779 clarus
589 2755 643 2779 est.
660 2766 680 2771 -
697 2748 732 2779 In
749 2759 882 2789 corpore
905 2749 963 2780 tria
986 2749 1073 2780 facit:
1094 2750 1210 2790 primo,
1233 2750 1271 2779 de
1291 2759 1354 2780 cer-

288 2761 480 2824 Ttitudine
512 2792 636 2823 numeri
666 2793 970 2833 praedestinatorum
1000 2795 1162 2831 absolute;
1194 2794 1353 2830 secundo,

286 2839 325 2869 de
348 2847 484 2868 numero
503 2837 713 2877 reproborum
731 2837 763 2873 *;
787 2837 889 2873 tertio,
906 2838 944 2868 de
965 2838 1148 2869 certitudine
1168 2838 1276 2878 quoad
1295 2847 1353 2867 nos

286 2882 411 2913 numeri
434 2881 740 2922 praedestinatorum
755 2881 781 2918 *,
807 2888 927 2912 tractat.

344 2926 382 2957 11.
402 2926 520 2963 Quoad
533 2926 688 2966 primum,
710 2932 756 2955 est
772 2925 849 2955 haec
865 2926 1038 2962 conclusio,
1059 2925 1241 2967 responsiva
1258 2936 1353 2966 quae—

286 2970 348 3001 sito
364 2969 565 3000 affirmative:
586 2970 747 3000 Numerus
763 2969 1068 3010 praedestinatorum
1084 2978 1131 3001 est
1146 2971 1215 3001 Deo
1233 2977 1351 3006 certus;

286 3024 354 3045 non
377 3013 484 3045 solum
506 3013 689 3050 formaliter,
714 3014 770 3044 sed
793 3014 1007 3051 materialiter3
1032 3025 1098 3045 non
1122 3015 1229 3045 solum
1248 3020 1284 3045 ut
1299 3024 1352 3044 co-

286 3058 408 3099 gnitus,
433 3058 488 3088 sed
510 3065 547 3088 ut
570 3058 686 3089 electus
710 3065 740 3088 et
763 3057 996 3098 praedefinitus.

343 3101 517 3133 Conclusio
529 3101 605 3132 haec
616 3102 710 3133 habet
722 3109 783 3132 tres
795 3108 898 3142 partes
909 3102 1108 3143 principales.
1120 3103 1161 3133 Et
1173 3102 1275 3143 prima
1286 3103 1354 3143 qui-

288 3147 371 3182 dem,
391 3145 508 3177 scilicet
524 3146 612 3186 quod
628 3146 667 3177 sit
683 3147 751 3176 Deo
770 3153 881 3182 certus,
897 3157 956 3186 pro
976 3147 1132 3178 constanti
1153 3147 1353 3187 relinquitur.

346 3190 490 3220 Secunda
506 3196 622 3226 autem,
643 3190 768 3226 scilicet,
789 3200 852 3220 non
876 3191 979 3221 solum
995 3191 1198 3232 formaliter,
1214 3191 1271 3221 sed
1286 3202 1351 3222 ma-

286 3234 454 3272 terialiter,
479 3240 510 3264 et
532 3234 706 3265 declaratur
729 3234 837 3275 quoad
855 3234 1017 3272 terminos,
1035 3236 1114 3266 dum
1137 3235 1269 3276 quidam
1290 3236 1353 3266 hoc

288 3284 436 3318 negantes
460 3277 644 3309 afferuntur:
665 3286 696 3309 et
714 3279 875 3319 probatur,
892 3278 1039 3310 ducendo
1059 3280 1098 3309 ad
1116 3279 1351 3316 inconveniens,

287 3323 341 3353 sic.
366 3322 398 3353 Si
418 3331 570 3352 numerus
593 3323 899 3363 praedestinatorum
922 3330 1003 3353 esset
1025 3324 1095 3354 Deo
1115 3331 1216 3354 certus
1235 3323 1352 3354 forma-

286 3366 356 3397 liter
378 3372 522 3402 tantum,
553 3366 716 3397 tolleretur
743 3367 898 3398 certitudo
927 3367 1046 3397 ordinis
1074 3367 1352 3407 praedestinationi

288 3410 436 3441 attributa
464 3409 496 3439 in
529 3411 726 3450 praecedenti
757 3411 908 3442 articulo:
938 3411 1000 3442 hoc
1031 3418 1078 3441 est
1107 3411 1351 3442 inconveniens:

288 3465 373 3495 erg0.
389 3472 410 3476 -
424 3454 513 3484 Patet
536 3455 776 3495 consequentia:
801 3455 876 3496 quia
904 3462 996 3486 staret
1021 3456 1150 3486 Petrum
1174 3466 1240 3486 esse
1264 3466 1352 3496 prae-

288 3498 490 3534 destinatum,
508 3504 539 3528 et
558 3496 664 3528 tamen
688 3508 754 3529 non
770 3499 894 3535 salvari;
920 3506 950 3530 et
969 3499 1012 3530 sic
1028 3500 1270 3539 praedestinatio
1286 3511 1353 3530 non

288 3542 490 3573 infallibiliter
509 3552 604 3572 suurn
623 3542 785 3573 sortiretur
804 3543 959 3574 effectum.

346 3587 452 3617 Tertia
476 3593 601 3621 autem,
630 3585 756 3622 scilicet,
781 3597 844 3617 non
867 3589 972 3618 solum
998 3593 1033 3618 ut
1056 3589 1214 3629 cognitus,
1239 3589 1296 3619 sed
1319 3594 1354 3618 ut

281 3631 527 3672 praedefinitus,
554 3637 584 3660 et
607 3630 780 3660 declaratur
803 3632 911 3670 quoad
935 3632 1101 3669 terminos,
1127 3633 1273 3672 exemplo
1298 3643 1354 3663 nu-

1410 2749 1488 2779 meri
1506 2756 1668 2789 guttarum
1687 2750 1812 2789 pluviae
1832 2757 1863 2781 et
1880 2760 1991 2781 arenae
2008 2751 2111 2788 maris,
2129 2753 2235 2792 quoad
2254 2753 2286 2793 ly
2306 2755 2473 2794 cognitus‚·

1410 2800 1440 2824 et
1464 2793 1635 2824 differentia
1662 2794 1743 2824 inter
1766 2804 1936 2825 numerum
1963 2795 2167 2826 mansionum
2191 2797 2306 2827 domus
2331 2804 2361 2827 et
2384 2808 2470 2828 men-

1409 2848 1555 2868 surarum
1570 2838 1705 2878 parietis,
1723 2845 1790 2874 etc„
1816 2845 1846 2869 et
1864 2849 2035 2870 numerum
2053 2840 2206 2880 lapidum,
2228 2849 2369 2881 respectu
2390 2842 2472 2872 aedi-

1408 2881 1563 2918 ficatoris‚
1594 2883 1702 2922 quoad
1723 2882 1756 2923 ly
1781 2883 2031 2924 praedefinitum
2055 2891 2084 2914 et
2107 2885 2258 2924 probatur
2281 2885 2333 2916 sic.
2365 2885 2472 2916 Omne

1409 2936 1503 2966 agens
1519 2926 1652 2956 intendit
1668 2926 1768 2957 facere
1784 2926 1915 2967 aliquod
1930 2927 2070 2958 finitum:
2091 2938 2166 2968 ergo
2180 2929 2315 2959 intendit
2329 2929 2470 2970 aliquam

1409 2970 1649 3000 determinatam
1665 2980 1846 3001 mensuram
1869 2971 1902 3001 in
1926 2982 1986 3002 suo
2006 2972 2130 3002 effectu:
2155 2983 2229 3012 ergo
2247 2973 2400 3012 excogitat
2415 2973 2469 3003 ali-

1408 3025 1506 3054 quem
1529 3024 1704 3045 numerum
1723 3015 1755 3045 in
1780 3015 1919 3055 partibus
1942 3015 2167 3056 principalibus
2188 3027 2244 3057 per
2262 3027 2294 3047 se
2313 3017 2470 3057 requisitis

1408 3059 1449 3088 ad
1467 3066 1590 3089 toturn:
1615 3069 1689 3098 ergo
1709 3059 1795 3089 Deus
1819 3060 2051 3099 praeordinavit
2073 3060 2106 3090 in
2125 3071 2188 3101 qua
2210 3071 2357 3091 mensura
2378 3062 2470 3092 debet

1408 3113 1474 3133 esse
1498 3109 1603 3133 totum
1627 3103 1825 3133 universum:
1857 3114 1931 3144 ergo
1955 3103 2172 3144 praedefinivit
2194 3105 2265 3145 quis
2289 3112 2369 3135 esset
2392 3115 2469 3136 con-

1407 3147 1534 3177 veniens
1550 3157 1701 3177 numerus
1716 3147 1853 3178 universi
1870 3148 2086 3179 essentialibus
2105 3149 2254 3188 partibus,
2267 3149 2347 3179 idest
2362 3159 2472 3189 perpe-

1407 3191 1484 3222 tuis:
1506 3201 1580 3230 ergo
1597 3191 1814 3230 praedefinivit
1830 3199 1951 3222 certum
1966 3202 2137 3223 numerum
2156 3193 2467 3232 praedestinatorum.

1464 3236 1661 3266 Antecedens
1678 3245 1714 3265 ex
1729 3246 1784 3276 qu.
1798 3246 1842 3266 vn
1858 3236 2057 3276 supponitur.
2075 3254 2095 3259 —
2111 3236 2255 3267 Secunda
2270 3244 2376 3267 autem
2393 3247 2469 3268 con-

1408 3279 1569 3320 sequentia
1593 3279 1766 3310 declaratur
1789 3290 1825 3310 ex
1848 3280 2019 3311 differentia
2035 3280 2113 3311 inter
2128 3290 2298 3311 numerum
2314 3281 2469 3321 principa-

1407 3324 1476 3354 liter
1498 3323 1724 3364 requisitorutn
1747 3324 1787 3354 ad
1811 3334 1911 3364 opus,
1939 3331 1969 3355 et
1992 3334 2161 3355 numerum
2185 3334 2298 3355 eorum
2321 3335 2402 3366 quae
2422 3335 2470 3356 re-

1408 3368 1576 3408 quiruntur
1599 3367 1705 3397 solum
1728 3375 1858 3408 propter
1881 3368 1976 3398 aliud.
2002 3369 2132 3398 Illorum
2156 3378 2294 3409 namque
2317 3379 2470 3400 numerus

1407 3411 1644 3452 praedefinitur:
1676 3411 1811 3442 istorum
1839 3419 1945 3443 autem
1976 3419 2081 3442 tantus
2111 3412 2316 3452 praecipitur,
2348 3420 2469 3454 quanto

1408 3466 1491 3496 opus
1508 3456 1564 3486 erit
1584 3456 1623 3485 ad
1647 3456 1915 3486 constructionem
1938 3456 2091 3495 priorum.
2109 3474 2129 3478 —
2145 3457 2251 3487 Tertia
2267 3464 2373 3487 autem
2397 3468 2468 3497 pro-

1408 3501 1514 3530 batur:
1540 3499 1614 3540 quia
1637 3506 1742 3530 totum
1767 3500 1950 3530 universum
1974 3507 2019 3530 est
2043 3500 2189 3540 proprius
2213 3500 2339 3531 effectus
2363 3502 2431 3531 Dei.
2449 3520 2469 3524 -

1409 3545 1528 3581 Quarta
1539 3554 1624 3579 vero,
1638 3544 1745 3584 quoad
1761 3544 1852 3574 illum
1867 3544 2048 3581 terminum,
2062 3544 2179 3575 scilicet
2187 3550 2301 3584 partes
2317 3545 2467 3583 universi,

1409 3588 1582 3618 declaratur
1599 3598 1635 3618 ex
1651 3587 1821 3618 differentia
1840 3588 1920 3618 inter
1936 3588 2149 3628 corruptibilia
2166 3595 2196 3619 et
2211 3589 2468 3630 incorruptibilia,

1408 3639 1443 3663 ut
1467 3632 1526 3668 sic3
1552 3632 1583 3662 in
1607 3632 1669 3662 hoc
1692 3633 1779 3672 quod
1803 3632 1856 3662 illa
1880 3639 2008 3672 propter
2032 3642 2082 3668 se,
2112 3632 2187 3663 haec
2211 3640 2317 3664 autern
2341 3640 2470 3674 propter

2499 585 2507 593 '¹
2516 583 2551 604 Ex
2559 583 2658 604 collecta
2665 582 2714 604 Pro

2498 609 2565 657 eggis
2580 611 2603 630 et
2619 609 2712 636 Desun-
