<?xml version="1.0" encoding="UTF-8"?>
<!DOCTYPE html PUBLIC "-//W3C//DTD XHTML 1.0 Transitional//EN"
    "http://www.w3.org/TR/xhtml1/DTD/xhtml1-transitional.dtd">
<html xmlns="http://www.w3.org/1999/xhtml" xml:lang="en" lang="en">
 <head>
  <title>
</title>
<meta http-equiv="Content-Type" content="text/html;charset=utf-8" />
  <meta name='ocr-system' content='tesseract 3.04.00' />
  <meta name='ocr-capabilities' content='ocr_page ocr_carea ocr_par ocr_line ocrx_word'/>
</head>
<body>
  <div class='ocr_page' id='page_1' title='image "./operaomniaiussui04thom/operaomniaiussui04thom_0162.png"; bbox 0 0 2768 4178; ppageno 0'>
   <div class='ocr_carea' id='block_1_1' title="bbox 93 1085 276 1113">
    <p class='ocr_par' dir='ltr' id='par_1_1' title="bbox 93 1085 276 1113">
     <span class='ocr_line' id='line_1_1' title="bbox 93 1085 276 1113; baseline -0.011 -5"><span class='ocrx_word' id='word_1_1' title='bbox 93 1086 103 1095; x_wconf 68' lang='lat'>&#39;³</span> <span class='ocrx_word' id='word_1_2' title='bbox 119 1085 155 1108; x_wconf 89' lang='lat' dir='ltr'>Cf.</span> <span class='ocrx_word' id='word_1_3' title='bbox 171 1089 212 1107; x_wconf 83' lang='lat' dir='ltr'>art.</span> <span class='ocrx_word' id='word_1_4' title='bbox 228 1091 276 1113; x_wconf 78' lang='lat' dir='ltr'>seq.</span> 
     </span>
    </p>
   </div>
   <div class='ocr_carea' id='block_1_2' title="bbox 336 277 409 312">
    <p class='ocr_par' dir='ltr' id='par_1_2' title="bbox 336 277 409 312">
     <span class='ocr_line' id='line_1_2' title="bbox 336 277 409 312; baseline 0 0"><span class='ocrx_word' id='word_1_5' title='bbox 336 277 409 312; x_wconf 90' lang='lat'>144</span> 
     </span>
    </p>
   </div>
   <div class='ocr_carea' id='block_1_3' title="bbox 330 343 1405 1765">
    <p class='ocr_par' dir='ltr' id='par_1_3' title="bbox 332 343 1403 517">
     <span class='ocr_line' id='line_1_3' title="bbox 332 343 1402 385; baseline 0 -11"><span class='ocrx_word' id='word_1_6' title='bbox 332 343 426 381; x_wconf 84' lang='lat' dir='ltr'><strong>Quia,</strong></span> <span class='ocrx_word' id='word_1_7' title='bbox 450 344 484 374; x_wconf 89' lang='lat' dir='ltr'>in</span> <span class='ocrx_word' id='word_1_8' title='bbox 508 343 618 374; x_wconf 90' lang='lat' dir='ltr'>ordine</span> <span class='ocrx_word' id='word_1_9' title='bbox 642 343 864 384; x_wconf 87' lang='lat' dir='ltr'>compositivo,</span> <span class='ocrx_word' id='word_1_10' title='bbox 890 344 1113 374; x_wconf 86' lang='lat' dir='ltr'>communiora</span> <span class='ocrx_word' id='word_1_11' title='bbox 1135 344 1223 385; x_wconf 91' lang='lat' dir='ltr'>prius</span> <span class='ocrx_word' id='word_1_12' title='bbox 1242 343 1402 375; x_wconf 87' lang='lat' dir='ltr'>tractanda</span> 
     </span>
     <span class='ocr_line' id='line_1_4' title="bbox 332 383 1403 428; baseline -0.002 -9"><span class='ocrx_word' id='word_1_13' title='bbox 332 383 420 419; x_wconf 79' lang='lat' dir='ltr'>sunt:</span> <span class='ocrx_word' id='word_1_14' title='bbox 445 388 649 419; x_wconf 90' lang='lat' dir='ltr'>communius</span> <span class='ocrx_word' id='word_1_15' title='bbox 665 394 773 418; x_wconf 89' lang='lat' dir='ltr'>autem</span> <span class='ocrx_word' id='word_1_16' title='bbox 792 394 838 418; x_wconf 91' lang='lat' dir='ltr'>est</span> <span class='ocrx_word' id='word_1_17' title='bbox 861 397 981 418; x_wconf 90' lang='lat' dir='ltr'>nomen</span> <span class='ocrx_word' id='word_1_18' title='bbox 996 388 1124 428; x_wconf 86' lang='lat' dir='ltr'>proprie</span> <span class='ocrx_word' id='word_1_19' title='bbox 1147 388 1268 419; x_wconf 92' lang='lat' dir='ltr'>dictum</span> <span class='ocrx_word' id='word_1_20' title='bbox 1288 388 1327 418; x_wconf 94' lang='lat' dir='ltr'>de</span> <span class='ocrx_word' id='word_1_21' title='bbox 1347 387 1403 418; x_wconf 83' lang='lat' dir='ltr'>ali-</span> 
     </span>
     <span class='ocr_line' id='line_1_5' title="bbox 332 431 1403 474; baseline -0.001 -11"><span class='ocrx_word' id='word_1_22' title='bbox 332 443 416 474; x_wconf 90' lang='lat' dir='ltr'>quo,</span> <span class='ocrx_word' id='word_1_23' title='bbox 442 442 540 473; x_wconf 89' lang='lat' dir='ltr'>quam</span> <span class='ocrx_word' id='word_1_24' title='bbox 568 431 829 468; x_wconf 87' lang='lat' dir='ltr'>substantialiter;</span> <span class='ocrx_word' id='word_1_25' title='bbox 854 432 1010 473; x_wconf 87' lang='lat' dir='ltr'>quoniam</span> <span class='ocrx_word' id='word_1_26' title='bbox 1040 432 1242 469; x_wconf 84' lang='lat' dir='ltr'>accidentalia</span> <span class='ocrx_word' id='word_1_27' title='bbox 1269 432 1403 462; x_wconf 86' lang='lat' dir='ltr'>nomina</span> 
     </span>
     <span class='ocr_line' id='line_1_6' title="bbox 332 476 1400 517; baseline -0.002 -9"><span class='ocrx_word' id='word_1_28' title='bbox 332 477 427 508; x_wconf 90' lang='lat' dir='ltr'>etiam</span> <span class='ocrx_word' id='word_1_29' title='bbox 450 476 577 517; x_wconf 86' lang='lat' dir='ltr'>proprie</span> <span class='ocrx_word' id='word_1_30' title='bbox 591 476 749 512; x_wconf 87' lang='lat' dir='ltr'>dicuntur,</span> <span class='ocrx_word' id='word_1_31' title='bbox 767 483 803 507; x_wconf 94' lang='lat' dir='ltr'>ut</span> <span class='ocrx_word' id='word_1_32' title='bbox 818 483 904 517; x_wconf 89' lang='lat' dir='ltr'>patet</span> <span class='ocrx_word' id='word_1_33' title='bbox 920 476 1055 508; x_wconf 90' lang='lat' dir='ltr'>dicendo</span> <span class='ocrx_word' id='word_1_34' title='bbox 1071 477 1220 508; x_wconf 81' lang='lat' dir='ltr'><em>Socrates</em></span> <span class='ocrx_word' id='word_1_35' title='bbox 1235 482 1282 507; x_wconf 87' lang='lat' dir='ltr'>est</span> <span class='ocrx_word' id='word_1_36' title='bbox 1297 476 1400 507; x_wconf 86' lang='lat' dir='ltr'>albus.</span> 
     </span>
    </p>

    <p class='ocr_par' dir='ltr' id='par_1_4' title="bbox 331 520 1403 1183">
     <span class='ocr_line' id='line_1_7' title="bbox 389 520 1403 562; baseline 0 -11"><span class='ocrx_word' id='word_1_37' title='bbox 389 521 440 552; x_wconf 88' lang='lat'>111.</span> <span class='ocrx_word' id='word_1_38' title='bbox 460 522 512 551; x_wconf 91' lang='lat' dir='ltr'>Ad</span> <span class='ocrx_word' id='word_1_39' title='bbox 535 521 598 552; x_wconf 89' lang='lat' dir='ltr'>hoc</span> <span class='ocrx_word' id='word_1_40' title='bbox 621 521 754 552; x_wconf 90' lang='lat' dir='ltr'>breviter</span> <span class='ocrx_word' id='word_1_41' title='bbox 777 520 904 558; x_wconf 88' lang='lat' dir='ltr'>dicitur,</span> <span class='ocrx_word' id='word_1_42' title='bbox 933 522 1023 562; x_wconf 92' lang='lat' dir='ltr'>quod</span> <span class='ocrx_word' id='word_1_43' title='bbox 1046 521 1126 551; x_wconf 93' lang='lat' dir='ltr'>ordo</span> <span class='ocrx_word' id='word_1_44' title='bbox 1150 521 1268 551; x_wconf 91' lang='lat' dir='ltr'>horum</span> <span class='ocrx_word' id='word_1_45' title='bbox 1291 521 1403 552; x_wconf 84' lang='lat' dir='ltr'>articu-</span> 
     </span>
     <span class='ocr_line' id='line_1_8' title="bbox 332 565 1402 606; baseline 0 -11"><span class='ocrx_word' id='word_1_46' title='bbox 332 565 440 596; x_wconf 89' lang='lat' dir='ltr'>lorum</span> <span class='ocrx_word' id='word_1_47' title='bbox 463 572 509 596; x_wconf 90' lang='lat' dir='ltr'>est</span> <span class='ocrx_word' id='word_1_48' title='bbox 532 565 686 606; x_wconf 87' lang='lat' dir='ltr'>optimus.</span> <span class='ocrx_word' id='word_1_49' title='bbox 712 566 787 596; x_wconf 90' lang='lat' dir='ltr'>Non</span> <span class='ocrx_word' id='word_1_50' title='bbox 811 572 918 596; x_wconf 89' lang='lat' dir='ltr'>tamen</span> <span class='ocrx_word' id='word_1_51' title='bbox 942 565 1112 597; x_wconf 89' lang='lat' dir='ltr'>attenditur</span> <span class='ocrx_word' id='word_1_52' title='bbox 1134 575 1232 606; x_wconf 89' lang='lat' dir='ltr'>penes</span> <span class='ocrx_word' id='word_1_53' title='bbox 1256 575 1402 596; x_wconf 88' lang='lat' dir='ltr'>commu-</span> 
     </span>
     <span class='ocr_line' id='line_1_9' title="bbox 332 609 1400 651; baseline 0 -11"><span class='ocrx_word' id='word_1_54' title='bbox 332 610 463 640; x_wconf 83' lang='lat' dir='ltr'><strong>nitatem</strong></span> <span class='ocrx_word' id='word_1_55' title='bbox 487 609 642 640; x_wconf 81' lang='lat' dir='ltr'>maiorem</span> <span class='ocrx_word' id='word_1_56' title='bbox 665 616 696 641; x_wconf 92' lang='lat' dir='ltr'>et</span> <span class='ocrx_word' id='word_1_57' title='bbox 718 610 887 646; x_wconf 86' lang='lat' dir='ltr'>minorem,</span> <span class='ocrx_word' id='word_1_58' title='bbox 909 611 964 641; x_wconf 91' lang='lat' dir='ltr'>sed</span> <span class='ocrx_word' id='word_1_59' title='bbox 982 610 1178 641; x_wconf 90' lang='lat' dir='ltr'>intimiorem</span> <span class='ocrx_word' id='word_1_60' title='bbox 1203 620 1239 641; x_wconf 91' lang='lat' dir='ltr'>ac</span> <span class='ocrx_word' id='word_1_61' title='bbox 1262 610 1400 651; x_wconf 87' lang='lat' dir='ltr'>priorem</span> 
     </span>
     <span class='ocr_line' id='line_1_10' title="bbox 332 654 1402 696; baseline 0.001 -12"><span class='ocrx_word' id='word_1_62' title='bbox 332 654 488 684; x_wconf 90' lang='lat' dir='ltr'>rationem</span> <span class='ocrx_word' id='word_1_63' title='bbox 504 654 679 685; x_wconf 88' lang='lat' dir='ltr'>dubitandi.</span> <span class='ocrx_word' id='word_1_64' title='bbox 697 654 804 685; x_wconf 89' lang='lat' dir='ltr'>Prima</span> <span class='ocrx_word' id='word_1_65' title='bbox 818 664 957 696; x_wconf 86' lang='lat' dir='ltr'>namque</span> <span class='ocrx_word' id='word_1_66' title='bbox 977 654 1121 695; x_wconf 86' lang='lat' dir='ltr'>quaestio</span> <span class='ocrx_word' id='word_1_67' title='bbox 1145 664 1221 686; x_wconf 92' lang='lat' dir='ltr'>cum</span> <span class='ocrx_word' id='word_1_68' title='bbox 1243 654 1284 685; x_wconf 92' lang='lat' dir='ltr'>sit</span> <span class='ocrx_word' id='word_1_69' title='bbox 1305 664 1402 696; x_wconf 90' lang='lat' dir='ltr'>quae-</span> 
     </span>
     <span class='ocr_line' id='line_1_11' title="bbox 333 698 1402 740; baseline 0.002 -12"><span class='ocrx_word' id='word_1_70' title='bbox 333 698 393 729; x_wconf 92' lang='lat' dir='ltr'>stio</span> <span class='ocrx_word' id='word_1_71' title='bbox 418 708 460 728; x_wconf 89' lang='lat' dir='ltr'>an</span> <span class='ocrx_word' id='word_1_72' title='bbox 485 704 547 737; x_wconf 84' lang='lat' dir='ltr'>est,</span> <span class='ocrx_word' id='word_1_73' title='bbox 573 698 646 729; x_wconf 93' lang='lat' dir='ltr'>ideo</span> <span class='ocrx_word' id='word_1_74' title='bbox 670 699 773 740; x_wconf 87' lang='lat' dir='ltr'>prima</span> <span class='ocrx_word' id='word_1_75' title='bbox 796 699 969 740; x_wconf 92' lang='lat' dir='ltr'>quaerendi</span> <span class='ocrx_word' id='word_1_76' title='bbox 992 699 1071 729; x_wconf 88' lang='lat' dir='ltr'>ratio</span> <span class='ocrx_word' id='word_1_77' title='bbox 1096 705 1157 729; x_wconf 89' lang='lat' dir='ltr'>est:</span> <span class='ocrx_word' id='word_1_78' title='bbox 1182 709 1225 730; x_wconf 87' lang='lat' dir='ltr'>an</span> <span class='ocrx_word' id='word_1_79' title='bbox 1248 700 1340 730; x_wconf 84' lang='lat' dir='ltr'>Deus</span> <span class='ocrx_word' id='word_1_80' title='bbox 1361 700 1402 729; x_wconf 80' lang='lat' dir='ltr'>sit</span> 
     </span>
     <span class='ocr_line' id='line_1_12' title="bbox 333 743 1401 784; baseline 0.002 -12"><span class='ocrx_word' id='word_1_81' title='bbox 333 743 545 774; x_wconf 86' lang='lat' dir='ltr'>nominabilis.</span> <span class='ocrx_word' id='word_1_82' title='bbox 566 743 747 774; x_wconf 89' lang='lat' dir='ltr'>Secundam</span> <span class='ocrx_word' id='word_1_83' title='bbox 761 753 837 774; x_wconf 87' lang='lat' dir='ltr'>vero</span> <span class='ocrx_word' id='word_1_84' title='bbox 852 743 1073 784; x_wconf 89' lang='lat' dir='ltr'>quaestionem</span> <span class='ocrx_word' id='word_1_85' title='bbox 1088 749 1211 774; x_wconf 89' lang='lat' dir='ltr'>constat</span> <span class='ocrx_word' id='word_1_86' title='bbox 1224 753 1290 774; x_wconf 88' lang='lat' dir='ltr'>esse</span> <span class='ocrx_word' id='word_1_87' title='bbox 1306 753 1401 784; x_wconf 90' lang='lat' dir='ltr'>quae-</span> 
     </span>
     <span class='ocr_line' id='line_1_13' title="bbox 332 787 1403 829; baseline 0.001 -12"><span class='ocrx_word' id='word_1_88' title='bbox 332 787 470 817; x_wconf 89' lang='lat' dir='ltr'>stionem</span> <span class='ocrx_word' id='word_1_89' title='bbox 485 788 562 828; x_wconf 82' lang='lat' dir='ltr'>quid</span> <span class='ocrx_word' id='word_1_90' title='bbox 578 793 635 826; x_wconf 86' lang='lat' dir='ltr'>est,</span> <span class='ocrx_word' id='word_1_91' title='bbox 657 794 687 818; x_wconf 94' lang='lat' dir='ltr'>et</span> <span class='ocrx_word' id='word_1_92' title='bbox 709 788 782 818; x_wconf 89' lang='lat' dir='ltr'>ideo</span> <span class='ocrx_word' id='word_1_93' title='bbox 800 788 938 818; x_wconf 89' lang='lat' dir='ltr'>secunda</span> <span class='ocrx_word' id='word_1_94' title='bbox 953 787 1125 829; x_wconf 86' lang='lat' dir='ltr'>quaerendi</span> <span class='ocrx_word' id='word_1_95' title='bbox 1141 787 1220 818; x_wconf 90' lang='lat' dir='ltr'>ratio</span> <span class='ocrx_word' id='word_1_96' title='bbox 1237 795 1301 818; x_wconf 89' lang='lat' dir='ltr'>est:</span> <span class='ocrx_word' id='word_1_97' title='bbox 1326 787 1403 828; x_wconf 83' lang='lat' dir='ltr'>quid</span> 
     </span>
     <span class='ocr_line' id='line_1_14' title="bbox 332 832 1400 871; baseline 0 -10"><span class='ocrx_word' id='word_1_98' title='bbox 332 832 365 861; x_wconf 87' lang='lat' dir='ltr'>in</span> <span class='ocrx_word' id='word_1_99' title='bbox 388 832 459 862; x_wconf 91' lang='lat' dir='ltr'>Deo</span> <span class='ocrx_word' id='word_1_100' title='bbox 483 838 530 863; x_wconf 87' lang='lat' dir='ltr'>est</span> <span class='ocrx_word' id='word_1_101' title='bbox 553 832 757 871; x_wconf 82' lang='lat' dir='ltr'>nominabile,</span> <span class='ocrx_word' id='word_1_102' title='bbox 781 832 956 863; x_wconf 89' lang='lat' dir='ltr'>substantia</span> <span class='ocrx_word' id='word_1_103' title='bbox 979 832 1096 863; x_wconf 90' lang='lat' dir='ltr'>scilicet</span> <span class='ocrx_word' id='word_1_104' title='bbox 1119 842 1191 869; x_wconf 89' lang='lat' dir='ltr'>sua,</span> <span class='ocrx_word' id='word_1_105' title='bbox 1216 842 1256 862; x_wconf 89' lang='lat' dir='ltr'>an</span> <span class='ocrx_word' id='word_1_106' title='bbox 1280 832 1400 867; x_wconf 88' lang='lat' dir='ltr'>relatio,</span> 
     </span>
     <span class='ocr_line' id='line_1_15' title="bbox 332 873 1402 918; baseline 0.001 -13"><span class='ocrx_word' id='word_1_107' title='bbox 332 885 372 905; x_wconf 91' lang='lat' dir='ltr'>an</span> <span class='ocrx_word' id='word_1_108' title='bbox 389 873 525 916; x_wconf 83' lang='lat' dir='ltr'>negatio,</span> <span class='ocrx_word' id='word_1_109' title='bbox 546 883 603 908; x_wconf 90' lang='lat' dir='ltr'>etc.</span> <span class='ocrx_word' id='word_1_110' title='bbox 627 876 734 907; x_wconf 88' lang='lat' dir='ltr'>Tertia</span> <span class='ocrx_word' id='word_1_111' title='bbox 752 887 827 907; x_wconf 92' lang='lat' dir='ltr'>vero</span> <span class='ocrx_word' id='word_1_112' title='bbox 848 877 992 918; x_wconf 83' lang='lat' dir='ltr'>quaestio</span> <span class='ocrx_word' id='word_1_113' title='bbox 1016 876 1173 918; x_wconf 82' lang='lat' dir='ltr'>quoniam</span> <span class='ocrx_word' id='word_1_114' title='bbox 1189 883 1235 908; x_wconf 88' lang='lat' dir='ltr'>est</span> <span class='ocrx_word' id='word_1_115' title='bbox 1251 877 1327 918; x_wconf 84' lang='lat' dir='ltr'>quia</span> <span class='ocrx_word' id='word_1_116' title='bbox 1344 882 1402 913; x_wconf 83' lang='lat' dir='ltr'>est,</span> 
     </span>
     <span class='ocr_line' id='line_1_16' title="bbox 331 920 1403 962; baseline 0 -12"><span class='ocrx_word' id='word_1_117' title='bbox 331 920 404 951; x_wconf 91' lang='lat' dir='ltr'>ideo</span> <span class='ocrx_word' id='word_1_118' title='bbox 428 921 521 952; x_wconf 89' lang='lat' dir='ltr'>tertio</span> <span class='ocrx_word' id='word_1_119' title='bbox 553 921 626 952; x_wconf 92' lang='lat' dir='ltr'>loco</span> <span class='ocrx_word' id='word_1_120' title='bbox 658 922 877 962; x_wconf 88' lang='lat' dir='ltr'>quaerendum</span> <span class='ocrx_word' id='word_1_121' title='bbox 907 928 968 952; x_wconf 90' lang='lat' dir='ltr'>est:</span> <span class='ocrx_word' id='word_1_122' title='bbox 1000 921 1156 962; x_wconf 83' lang='lat' dir='ltr'>quomodo</span> <span class='ocrx_word' id='word_1_123' title='bbox 1185 921 1277 952; x_wconf 86' lang='lat' dir='ltr'>Deus</span> <span class='ocrx_word' id='word_1_124' title='bbox 1305 922 1403 951; x_wconf 89' lang='lat' dir='ltr'>nomi-</span> 
     </span>
     <span class='ocr_line' id='line_1_17' title="bbox 333 965 1402 1006; baseline 0 -11"><span class='ocrx_word' id='word_1_125' title='bbox 333 971 441 996; x_wconf 88' lang='lat' dir='ltr'>natur.</span> <span class='ocrx_word' id='word_1_126' title='bbox 474 966 515 996; x_wconf 87' lang='lat' dir='ltr'>Et</span> <span class='ocrx_word' id='word_1_127' title='bbox 544 965 625 996; x_wconf 89' lang='lat' dir='ltr'>inter</span> <span class='ocrx_word' id='word_1_128' title='bbox 647 965 707 996; x_wconf 86' lang='lat' dir='ltr'>hos</span> <span class='ocrx_word' id='word_1_129' title='bbox 731 966 847 996; x_wconf 90' lang='lat' dir='ltr'>modos</span> <span class='ocrx_word' id='word_1_130' title='bbox 882 966 974 996; x_wconf 92' lang='lat' dir='ltr'>datur</span> <span class='ocrx_word' id='word_1_131' title='bbox 996 966 1148 997; x_wconf 89' lang='lat' dir='ltr'>latitudo:</span> <span class='ocrx_word' id='word_1_132' title='bbox 1174 975 1249 996; x_wconf 88' lang='lat' dir='ltr'>narn</span> <span class='ocrx_word' id='word_1_133' title='bbox 1280 965 1402 1006; x_wconf 87' lang='lat' dir='ltr'>primus</span> 
     </span>
     <span class='ocr_line' id='line_1_18' title="bbox 333 1010 1403 1051; baseline 0 -11"><span class='ocrx_word' id='word_1_134' title='bbox 333 1015 452 1050; x_wconf 89' lang='lat' dir='ltr'>spectat</span> <span class='ocrx_word' id='word_1_135' title='bbox 475 1010 515 1040; x_wconf 86' lang='lat' dir='ltr'>ad</span> <span class='ocrx_word' id='word_1_136' title='bbox 537 1010 641 1050; x_wconf 84' lang='lat' dir='ltr'>ipsam</span> <span class='ocrx_word' id='word_1_137' title='bbox 664 1010 804 1040; x_wconf 91' lang='lat' dir='ltr'>nominis</span> <span class='ocrx_word' id='word_1_138' title='bbox 827 1010 1109 1050; x_wconf 79' lang='lat' dir='ltr'>praedicationem,</span> <span class='ocrx_word' id='word_1_139' title='bbox 1134 1010 1251 1041; x_wconf 87' lang='lat' dir='ltr'>scilicet</span> <span class='ocrx_word' id='word_1_140' title='bbox 1266 1011 1403 1051; x_wconf 79' lang='lat' dir='ltr'>proprie</span> 
     </span>
     <span class='ocr_line' id='line_1_19' title="bbox 331 1054 1401 1094; baseline 0 -10"><span class='ocrx_word' id='word_1_141' title='bbox 331 1054 381 1084; x_wconf 86' lang='lat' dir='ltr'>vel</span> <span class='ocrx_word' id='word_1_142' title='bbox 405 1054 619 1094; x_wconf 83' lang='lat' dir='ltr'>metaphorice</span> <span class='ocrx_word' id='word_1_143' title='bbox 626 1064 640 1092; x_wconf 89' lang='lat'><em>;</em></span> <span class='ocrx_word' id='word_1_144' title='bbox 665 1055 834 1090; x_wconf 89' lang='lat' dir='ltr'>secundus,</span> <span class='ocrx_word' id='word_1_145' title='bbox 857 1054 896 1085; x_wconf 90' lang='lat' dir='ltr'>ad</span> <span class='ocrx_word' id='word_1_146' title='bbox 920 1055 1075 1086; x_wconf 90' lang='lat' dir='ltr'>unitatem</span> <span class='ocrx_word' id='word_1_147' title='bbox 1099 1061 1130 1085; x_wconf 91' lang='lat' dir='ltr'>et</span> <span class='ocrx_word' id='word_1_148' title='bbox 1152 1054 1401 1090; x_wconf 88' lang='lat' dir='ltr'>multitudinem,</span> 
     </span>
     <span class='ocr_line' id='line_1_20' title="bbox 335 1098 1402 1141; baseline 0.002 -13"><span class='ocrx_word' id='word_1_149' title='bbox 335 1098 452 1128; x_wconf 91' lang='lat' dir='ltr'>scilicet</span> <span class='ocrx_word' id='word_1_150' title='bbox 465 1108 660 1139; x_wconf 72' lang='lat' dir='ltr'>synonyme,</span> <span class='ocrx_word' id='word_1_151' title='bbox 682 1105 740 1129; x_wconf 88' lang='lat' dir='ltr'>etc.</span> <span class='ocrx_word' id='word_1_152' title='bbox 755 1098 773 1118; x_wconf 94' lang='lat'><em>*</em></span> <span class='ocrx_word' id='word_1_153' title='bbox 793 1098 927 1130; x_wconf 88' lang='lat' dir='ltr'>Constat</span> <span class='ocrx_word' id='word_1_154' title='bbox 946 1106 1054 1130; x_wconf 90' lang='lat' dir='ltr'>autem</span> <span class='ocrx_word' id='word_1_155' title='bbox 1070 1099 1159 1141; x_wconf 91' lang='lat' dir='ltr'>quod</span> <span class='ocrx_word' id='word_1_156' title='bbox 1176 1099 1244 1130; x_wconf 88' lang='lat' dir='ltr'>talis</span> <span class='ocrx_word' id='word_1_157' title='bbox 1261 1106 1308 1131; x_wconf 92' lang='lat' dir='ltr'>est</span> <span class='ocrx_word' id='word_1_158' title='bbox 1322 1099 1402 1130; x_wconf 89' lang='lat' dir='ltr'>ordo</span> 
     </span>
     <span class='ocr_line' id='line_1_21' title="bbox 333 1142 1037 1183; baseline 0.004 -11"><span class='ocrx_word' id='word_1_159' title='bbox 333 1149 473 1173; x_wconf 84' lang='lat' dir='ltr'>servatus</span> <span class='ocrx_word' id='word_1_160' title='bbox 496 1142 529 1172; x_wconf 91' lang='lat' dir='ltr'>in</span> <span class='ocrx_word' id='word_1_161' title='bbox 552 1142 662 1173; x_wconf 84' lang='lat' dir='ltr'>littera.</span> <span class='ocrx_word' id='word_1_162' title='bbox 688 1143 840 1183; x_wconf 87' lang='lat' dir='ltr'>Optimus</span> <span class='ocrx_word' id='word_1_163' title='bbox 863 1143 958 1183; x_wconf 84' lang='lat' dir='ltr'>igitur</span> <span class='ocrx_word' id='word_1_164' title='bbox 982 1150 1037 1175; x_wconf 89' lang='lat' dir='ltr'>est.</span> 
     </span>
    </p>

    <p class='ocr_par' dir='ltr' id='par_1_5' title="bbox 331 1187 1404 1497">
     <span class='ocr_line' id='line_1_22' title="bbox 387 1187 1404 1230; baseline 0.002 -13"><span class='ocrx_word' id='word_1_165' title='bbox 387 1187 453 1218; x_wconf 91' lang='lat' dir='ltr'>Nec</span> <span class='ocrx_word' id='word_1_166' title='bbox 477 1193 524 1217; x_wconf 88' lang='lat' dir='ltr'>est</span> <span class='ocrx_word' id='word_1_167' title='bbox 541 1197 654 1218; x_wconf 87' lang='lat' dir='ltr'>verum</span> <span class='ocrx_word' id='word_1_168' title='bbox 678 1188 767 1228; x_wconf 93' lang='lat' dir='ltr'>quod</span> <span class='ocrx_word' id='word_1_169' title='bbox 790 1188 853 1218; x_wconf 87' lang='lat' dir='ltr'>dici</span> <span class='ocrx_word' id='word_1_170' title='bbox 865 1189 1001 1229; x_wconf 81' lang='lat' dir='ltr'>proprie</span> <span class='ocrx_word' id='word_1_171' title='bbox 1023 1188 1063 1219; x_wconf 90' lang='lat' dir='ltr'>sit</span> <span class='ocrx_word' id='word_1_172' title='bbox 1083 1188 1289 1219; x_wconf 88' lang='lat' dir='ltr'>communius</span> <span class='ocrx_word' id='word_1_173' title='bbox 1305 1197 1404 1230; x_wconf 87' lang='lat' dir='ltr'>quam</span> 
     </span>
     <span class='ocr_line' id='line_1_23' title="bbox 332 1231 1403 1264; baseline 0.002 -2"><span class='ocrx_word' id='word_1_174' title='bbox 332 1231 396 1262; x_wconf 83' lang='lat' dir='ltr'>clici</span> <span class='ocrx_word' id='word_1_175' title='bbox 417 1231 689 1263; x_wconf 83' lang='lat' dir='ltr'>substantialiter:</span> <span class='ocrx_word' id='word_1_176' title='bbox 714 1232 769 1262; x_wconf 91' lang='lat' dir='ltr'>sed</span> <span class='ocrx_word' id='word_1_177' title='bbox 792 1232 909 1264; x_wconf 88' lang='lat' dir='ltr'>habent</span> <span class='ocrx_word' id='word_1_178' title='bbox 932 1243 965 1263; x_wconf 92' lang='lat' dir='ltr'>se</span> <span class='ocrx_word' id='word_1_179' title='bbox 990 1233 1071 1264; x_wconf 90' lang='lat' dir='ltr'>sicut</span> <span class='ocrx_word' id='word_1_180' title='bbox 1094 1233 1275 1264; x_wconf 85' lang='lat' dir='ltr'>excedentia</span> <span class='ocrx_word' id='word_1_181' title='bbox 1298 1239 1330 1264; x_wconf 91' lang='lat' dir='ltr'>et</span> <span class='ocrx_word' id='word_1_182' title='bbox 1353 1242 1403 1263; x_wconf 89' lang='lat' dir='ltr'>ex-</span> 
     </span>
     <span class='ocr_line' id='line_1_24' title="bbox 332 1276 1404 1319; baseline 0.003 -13"><span class='ocrx_word' id='word_1_183' title='bbox 332 1285 427 1306; x_wconf 90' lang='lat' dir='ltr'>cessa.</span> <span class='ocrx_word' id='word_1_184' title='bbox 453 1276 619 1313; x_wconf 89' lang='lat' dir='ltr'>Quoniam</span> <span class='ocrx_word' id='word_1_185' title='bbox 642 1276 703 1307; x_wconf 92' lang='lat' dir='ltr'>dici</span> <span class='ocrx_word' id='word_1_186' title='bbox 727 1277 970 1308; x_wconf 75' lang='lat' dir='ltr'>substantialiter</span> <span class='ocrx_word' id='word_1_187' title='bbox 990 1277 1144 1318; x_wconf 85' lang='lat' dir='ltr'>contingit</span> <span class='ocrx_word' id='word_1_188' title='bbox 1167 1285 1198 1309; x_wconf 92' lang='lat' dir='ltr'>et</span> <span class='ocrx_word' id='word_1_189' title='bbox 1221 1277 1349 1319; x_wconf 86' lang='lat' dir='ltr'>proprie</span> <span class='ocrx_word' id='word_1_190' title='bbox 1373 1283 1404 1308; x_wconf 91' lang='lat' dir='ltr'>et</span> 
     </span>
     <span class='ocr_line' id='line_1_25' title="bbox 331 1320 1403 1364; baseline 0.003 -14"><span class='ocrx_word' id='word_1_191' title='bbox 331 1320 561 1361; x_wconf 88' lang='lat' dir='ltr'>metaphorice:</span> <span class='ocrx_word' id='word_1_192' title='bbox 586 1331 760 1361; x_wconf 88' lang='lat' dir='ltr'>possumus</span> <span class='ocrx_word' id='word_1_193' title='bbox 784 1321 870 1352; x_wconf 89' lang='lat' dir='ltr'>enim</span> <span class='ocrx_word' id='word_1_194' title='bbox 897 1322 983 1363; x_wconf 84' lang='lat' dir='ltr'>quod</span> <span class='ocrx_word' id='word_1_195' title='bbox 1005 1323 1082 1364; x_wconf 86' lang='lat' dir='ltr'>quid</span> <span class='ocrx_word' id='word_1_196' title='bbox 1105 1327 1152 1354; x_wconf 82' lang='lat' dir='ltr'>est</span> <span class='ocrx_word' id='word_1_197' title='bbox 1175 1332 1282 1353; x_wconf 88' lang='lat' dir='ltr'>rerum</span> <span class='ocrx_word' id='word_1_198' title='bbox 1305 1328 1403 1353; x_wconf 88' lang='lat' dir='ltr'>meta-</span> 
     </span>
     <span class='ocr_line' id='line_1_26' title="bbox 331 1364 1402 1408; baseline 0.003 -13"><span class='ocrx_word' id='word_1_199' title='bbox 331 1364 461 1405; x_wconf 76' lang='lat' dir='ltr'>phorice</span> <span class='ocrx_word' id='word_1_200' title='bbox 485 1364 668 1406; x_wconf 83' lang='lat' dir='ltr'>significare,</span> <span class='ocrx_word' id='word_1_201' title='bbox 694 1372 730 1397; x_wconf 88' lang='lat' dir='ltr'>ut</span> <span class='ocrx_word' id='word_1_202' title='bbox 752 1366 874 1408; x_wconf 86' lang='lat' dir='ltr'>antiqui</span> <span class='ocrx_word' id='word_1_203' title='bbox 898 1366 1049 1398; x_wconf 87' lang='lat' dir='ltr'>fecerunt.</span> <span class='ocrx_word' id='word_1_204' title='bbox 1075 1367 1177 1404; x_wconf 87' lang='lat' dir='ltr'>Unde,</span> <span class='ocrx_word' id='word_1_205' title='bbox 1200 1373 1275 1408; x_wconf 91' lang='lat' dir='ltr'>post</span> <span class='ocrx_word' id='word_1_206' title='bbox 1302 1367 1402 1398; x_wconf 87' lang='lat' dir='ltr'>deter-</span> 
     </span>
     <span class='ocr_line' id='line_1_27' title="bbox 331 1409 1402 1451; baseline 0.002 -12"><span class='ocrx_word' id='word_1_207' title='bbox 331 1409 541 1440; x_wconf 85' lang='lat' dir='ltr'>minationem</span> <span class='ocrx_word' id='word_1_208' title='bbox 560 1410 650 1451; x_wconf 93' lang='lat' dir='ltr'>quod</span> <span class='ocrx_word' id='word_1_209' title='bbox 673 1410 821 1442; x_wconf 90' lang='lat' dir='ltr'>dicuntur</span> <span class='ocrx_word' id='word_1_210' title='bbox 844 1411 975 1442; x_wconf 87' lang='lat' dir='ltr'>nomina</span> <span class='ocrx_word' id='word_1_211' title='bbox 999 1411 1038 1442; x_wconf 90' lang='lat' dir='ltr'>de</span> <span class='ocrx_word' id='word_1_212' title='bbox 1055 1412 1125 1442; x_wconf 92' lang='lat' dir='ltr'>Deo</span> <span class='ocrx_word' id='word_1_213' title='bbox 1148 1411 1402 1448; x_wconf 85' lang='lat' dir='ltr'>substantialiter,</span> 
     </span>
     <span class='ocr_line' id='line_1_28' title="bbox 332 1454 1272 1497; baseline 0.002 -12"><span class='ocrx_word' id='word_1_214' title='bbox 332 1454 446 1485; x_wconf 86' lang='lat' dir='ltr'>merito</span> <span class='ocrx_word' id='word_1_215' title='bbox 472 1454 651 1486; x_wconf 90' lang='lat' dir='ltr'>dubitatum</span> <span class='ocrx_word' id='word_1_216' title='bbox 676 1461 722 1486; x_wconf 90' lang='lat' dir='ltr'>est</span> <span class='ocrx_word' id='word_1_217' title='bbox 746 1465 785 1485; x_wconf 90' lang='lat' dir='ltr'>an</span> <span class='ocrx_word' id='word_1_218' title='bbox 810 1455 954 1487; x_wconf 86' lang='lat' dir='ltr'>dicantur</span> <span class='ocrx_word' id='word_1_219' title='bbox 977 1456 1016 1486; x_wconf 90' lang='lat' dir='ltr'>de</span> <span class='ocrx_word' id='word_1_220' title='bbox 1039 1456 1109 1487; x_wconf 92' lang='lat' dir='ltr'>Deo</span> <span class='ocrx_word' id='word_1_221' title='bbox 1133 1455 1272 1497; x_wconf 87' lang='lat' dir='ltr'>proprie.</span> 
     </span>
    </p>

    <p class='ocr_par' dir='ltr' id='par_1_6' title="bbox 330 1498 1405 1765">
     <span class='ocr_line' id='line_1_29' title="bbox 387 1498 1404 1541; baseline 0.002 -13"><span class='ocrx_word' id='word_1_222' title='bbox 387 1498 441 1530; x_wconf 88' lang='lat' dir='ltr'>IV.</span> <span class='ocrx_word' id='word_1_223' title='bbox 466 1499 501 1529; x_wconf 92' lang='lat' dir='ltr'>In</span> <span class='ocrx_word' id='word_1_224' title='bbox 529 1509 663 1540; x_wconf 88' lang='lat' dir='ltr'>corpore</span> <span class='ocrx_word' id='word_1_225' title='bbox 691 1499 773 1530; x_wconf 93' lang='lat' dir='ltr'>duo:</span> <span class='ocrx_word' id='word_1_226' title='bbox 803 1500 926 1540; x_wconf 90' lang='lat' dir='ltr'>primo,</span> <span class='ocrx_word' id='word_1_227' title='bbox 958 1500 1139 1541; x_wconf 84' lang='lat' dir='ltr'>distinguit;</span> <span class='ocrx_word' id='word_1_228' title='bbox 1172 1501 1330 1537; x_wconf 85' lang='lat' dir='ltr'>secundo,</span> <span class='ocrx_word' id='word_1_229' title='bbox 1357 1510 1404 1530; x_wconf 91' lang='lat' dir='ltr'>re-</span> 
     </span>
     <span class='ocr_line' id='line_1_30' title="bbox 331 1543 1404 1586; baseline 0.003 -13"><span class='ocrx_word' id='word_1_230' title='bbox 331 1543 468 1583; x_wconf 90' lang='lat' dir='ltr'>spondet</span> <span class='ocrx_word' id='word_1_231' title='bbox 491 1544 646 1584; x_wconf 88' lang='lat' dir='ltr'>quaesito.</span> <span class='ocrx_word' id='word_1_232' title='bbox 672 1544 789 1582; x_wconf 82' lang='lat' dir='ltr'>Quoad</span> <span class='ocrx_word' id='word_1_233' title='bbox 806 1545 964 1585; x_wconf 85' lang='lat' dir='ltr'>primum,</span> <span class='ocrx_word' id='word_1_234' title='bbox 989 1545 1154 1585; x_wconf 88' lang='lat' dir='ltr'>distinguit</span> <span class='ocrx_word' id='word_1_235' title='bbox 1173 1555 1210 1576; x_wconf 88' lang='lat' dir='ltr'>ea</span> <span class='ocrx_word' id='word_1_236' title='bbox 1224 1555 1306 1586; x_wconf 89' lang='lat' dir='ltr'>quae</span> <span class='ocrx_word' id='word_1_237' title='bbox 1330 1551 1404 1576; x_wconf 91' lang='lat' dir='ltr'>sunt</span> 
     </span>
     <span class='ocr_line' id='line_1_31' title="bbox 330 1587 1404 1625; baseline 0.002 -8"><span class='ocrx_word' id='word_1_238' title='bbox 330 1587 364 1618; x_wconf 89' lang='lat' dir='ltr'>in</span> <span class='ocrx_word' id='word_1_239' title='bbox 388 1587 518 1618; x_wconf 91' lang='lat' dir='ltr'>nomine</span> <span class='ocrx_word' id='word_1_240' title='bbox 543 1588 628 1619; x_wconf 90' lang='lat' dir='ltr'>dicto</span> <span class='ocrx_word' id='word_1_241' title='bbox 652 1589 691 1619; x_wconf 90' lang='lat' dir='ltr'>de</span> <span class='ocrx_word' id='word_1_242' title='bbox 710 1589 790 1625; x_wconf 84' lang='lat' dir='ltr'>Deo,</span> <span class='ocrx_word' id='word_1_243' title='bbox 809 1588 862 1620; x_wconf 89' lang='lat' dir='ltr'>sic.</span> <span class='ocrx_word' id='word_1_244' title='bbox 889 1589 923 1619; x_wconf 91' lang='lat' dir='ltr'>In</span> <span class='ocrx_word' id='word_1_245' title='bbox 944 1589 1130 1620; x_wconf 87' lang='lat' dir='ltr'>nominibus</span> <span class='ocrx_word' id='word_1_246' title='bbox 1153 1589 1223 1620; x_wconf 93' lang='lat' dir='ltr'>Deo</span> <span class='ocrx_word' id='word_1_247' title='bbox 1247 1589 1404 1621; x_wconf 88' lang='lat' dir='ltr'>attributis</span> 
     </span>
     <span class='ocr_line' id='line_1_32' title="bbox 331 1632 1403 1675; baseline 0.003 -13"><span class='ocrx_word' id='word_1_248' title='bbox 331 1638 406 1663; x_wconf 92' lang='lat' dir='ltr'>sunt</span> <span class='ocrx_word' id='word_1_249' title='bbox 422 1632 501 1663; x_wconf 89' lang='lat' dir='ltr'>duo:</span> <span class='ocrx_word' id='word_1_250' title='bbox 522 1632 640 1664; x_wconf 87' lang='lat' dir='ltr'>scilicet</span> <span class='ocrx_word' id='word_1_251' title='bbox 654 1633 806 1673; x_wconf 89' lang='lat' dir='ltr'>perfectio</span> <span class='ocrx_word' id='word_1_252' title='bbox 823 1633 1005 1674; x_wconf 83' lang='lat' dir='ltr'>significata,</span> <span class='ocrx_word' id='word_1_253' title='bbox 1019 1641 1050 1665; x_wconf 92' lang='lat' dir='ltr'>et</span> <span class='ocrx_word' id='word_1_254' title='bbox 1061 1634 1180 1665; x_wconf 88' lang='lat' dir='ltr'>modus</span> <span class='ocrx_word' id='word_1_255' title='bbox 1196 1633 1403 1675; x_wconf 88' lang='lat' dir='ltr'>significandi.</span> 
     </span>
     <span class='ocr_line' id='line_1_33' title="bbox 333 1676 1404 1720; baseline 0.002 -13"><span class='ocrx_word' id='word_1_256' title='bbox 333 1693 352 1698; x_wconf 89' lang='lat'>-</span> <span class='ocrx_word' id='word_1_257' title='bbox 368 1676 525 1708; x_wconf 84' lang='lat' dir='ltr'>Probatur</span> <span class='ocrx_word' id='word_1_258' title='bbox 547 1678 624 1708; x_wconf 89' lang='lat' dir='ltr'>haec</span> <span class='ocrx_word' id='word_1_259' title='bbox 648 1677 808 1709; x_wconf 82' lang='lat' dir='ltr'>distinctio</span> <span class='ocrx_word' id='word_1_260' title='bbox 832 1678 886 1709; x_wconf 90' lang='lat' dir='ltr'>sic.</span> <span class='ocrx_word' id='word_1_261' title='bbox 910 1678 1124 1710; x_wconf 84' lang='lat' dir='ltr'>Perfectiones</span> <span class='ocrx_word' id='word_1_262' title='bbox 1143 1679 1348 1720; x_wconf 88' lang='lat' dir='ltr'>procedentes</span> <span class='ocrx_word' id='word_1_263' title='bbox 1371 1678 1404 1709; x_wconf 92' lang='lat' dir='ltr'>in</span> 
     </span>
     <span class='ocr_line' id='line_1_34' title="bbox 334 1722 1405 1765; baseline 0.003 -14"><span class='ocrx_word' id='word_1_264' title='bbox 334 1728 489 1752; x_wconf 89' lang='lat' dir='ltr'>creaturas</span> <span class='ocrx_word' id='word_1_265' title='bbox 514 1732 531 1752; x_wconf 89' lang='lat' dir='ltr'>a</span> <span class='ocrx_word' id='word_1_266' title='bbox 555 1722 635 1758; x_wconf 87' lang='lat' dir='ltr'>Deo,</span> <span class='ocrx_word' id='word_1_267' title='bbox 653 1730 726 1754; x_wconf 91' lang='lat' dir='ltr'>sunt</span> <span class='ocrx_word' id='word_1_268' title='bbox 750 1723 950 1754; x_wconf 89' lang='lat' dir='ltr'>eminentiori</span> <span class='ocrx_word' id='word_1_269' title='bbox 974 1723 1075 1754; x_wconf 90' lang='lat' dir='ltr'>modo</span> <span class='ocrx_word' id='word_1_270' title='bbox 1099 1723 1131 1754; x_wconf 90' lang='lat' dir='ltr'>in</span> <span class='ocrx_word' id='word_1_271' title='bbox 1156 1724 1226 1754; x_wconf 93' lang='lat' dir='ltr'>Deo</span> <span class='ocrx_word' id='word_1_272' title='bbox 1249 1733 1348 1765; x_wconf 91' lang='lat' dir='ltr'>quam</span> <span class='ocrx_word' id='word_1_273' title='bbox 1372 1723 1405 1754; x_wconf 90' lang='lat' dir='ltr'>in</span> 
     </span>
    </p>
   </div>
   <div class='ocr_carea' id='block_1_4' title="bbox 1023 264 1428 313">
    <p class='ocr_par' dir='ltr' id='par_1_7' title="bbox 1023 264 1428 313">
     <span class='ocr_line' id='line_1_35' title="bbox 1023 264 1428 313; baseline -0.002 -11"><span class='ocrx_word' id='word_1_274' title='bbox 1023 264 1291 311; x_wconf 82' lang='lat' dir='ltr'>QUAESTIO</span> <span class='ocrx_word' id='word_1_275' title='bbox 1321 265 1428 313; x_wconf 90' lang='lat' dir='ltr'>X111,</span> 
     </span>
    </p>
   </div>
   <div class='ocr_carea' id='block_1_5' title="bbox 1459 264 1838 302">
    <p class='ocr_par' dir='ltr' id='par_1_8' title="bbox 1459 264 1838 302">
     <span class='ocr_line' id='line_1_36' title="bbox 1459 264 1838 302; baseline 0.003 -1"><span class='ocrx_word' id='word_1_276' title='bbox 1459 264 1756 302; x_wconf 90' lang='lat' dir='ltr'>ARTICULUS</span> <span class='ocrx_word' id='word_1_277' title='bbox 1787 264 1838 302; x_wconf 91' lang='lat' dir='ltr'>IV</span> 
     </span>
    </p>
   </div>
   <div class='ocr_carea' id='block_1_6' title="bbox 1455 343 2532 1759">
    <p class='ocr_par' dir='ltr' id='par_1_9' title="bbox 1456 343 2528 563">
     <span class='ocr_line' id='line_1_37' title="bbox 1458 343 2527 387; baseline 0.002 -13"><span class='ocrx_word' id='word_1_278' title='bbox 1458 343 1622 374; x_wconf 88' lang='lat' dir='ltr'>creaturis:</span> <span class='ocrx_word' id='word_1_279' title='bbox 1648 353 1723 384; x_wconf 89' lang='lat' dir='ltr'>ergo</span> <span class='ocrx_word' id='word_1_280' title='bbox 1746 344 1864 375; x_wconf 89' lang='lat' dir='ltr'>habent</span> <span class='ocrx_word' id='word_1_281' title='bbox 1885 344 1918 375; x_wconf 91' lang='lat' dir='ltr'>in</span> <span class='ocrx_word' id='word_1_282' title='bbox 1943 355 1975 375; x_wconf 89' lang='lat' dir='ltr'>se</span> <span class='ocrx_word' id='word_1_283' title='bbox 2000 345 2076 381; x_wconf 85' lang='lat' dir='ltr'>du0,</span> <span class='ocrx_word' id='word_1_284' title='bbox 2097 344 2214 375; x_wconf 85' lang='lat' dir='ltr'>scilicet</span> <span class='ocrx_word' id='word_1_285' title='bbox 2236 345 2339 386; x_wconf 86' lang='lat' dir='ltr'>ipsam</span> <span class='ocrx_word' id='word_1_286' title='bbox 2362 345 2527 387; x_wconf 88' lang='lat' dir='ltr'>perfectio-</span> 
     </span>
     <span class='ocr_line' id='line_1_38' title="bbox 1457 388 2526 429; baseline 0.002 -11"><span class='ocrx_word' id='word_1_287' title='bbox 1457 398 1548 424; x_wconf 88' lang='lat' dir='ltr'>nem,</span> <span class='ocrx_word' id='word_1_288' title='bbox 1573 394 1604 419; x_wconf 92' lang='lat' dir='ltr'>et</span> <span class='ocrx_word' id='word_1_289' title='bbox 1631 388 1768 419; x_wconf 91' lang='lat' dir='ltr'>modum</span> <span class='ocrx_word' id='word_1_290' title='bbox 1799 389 1938 420; x_wconf 87' lang='lat' dir='ltr'>essendi:</span> <span class='ocrx_word' id='word_1_291' title='bbox 1964 399 2039 429; x_wconf 86' lang='lat' dir='ltr'>ergo</span> <span class='ocrx_word' id='word_1_292' title='bbox 2064 396 2237 429; x_wconf 87' lang='lat' dir='ltr'>conceptus</span> <span class='ocrx_word' id='word_1_293' title='bbox 2261 389 2359 420; x_wconf 83' lang='lat' dir='ltr'>nostri</span> <span class='ocrx_word' id='word_1_294' title='bbox 2388 390 2426 420; x_wconf 91' lang='lat' dir='ltr'>de</span> <span class='ocrx_word' id='word_1_295' title='bbox 2456 390 2526 420; x_wconf 94' lang='lat' dir='ltr'>Deo</span> 
     </span>
     <span class='ocr_line' id='line_1_39' title="bbox 1456 432 2526 475; baseline 0.003 -13"><span class='ocrx_word' id='word_1_296' title='bbox 1456 432 1574 463; x_wconf 88' lang='lat' dir='ltr'>habent</span> <span class='ocrx_word' id='word_1_297' title='bbox 1595 432 1628 462; x_wconf 90' lang='lat' dir='ltr'>in</span> <span class='ocrx_word' id='word_1_298' title='bbox 1652 442 1686 463; x_wconf 90' lang='lat' dir='ltr'>se</span> <span class='ocrx_word' id='word_1_299' title='bbox 1709 433 1775 464; x_wconf 92' lang='lat' dir='ltr'>duo</span> <span class='ocrx_word' id='word_1_300' title='bbox 1792 433 2080 474; x_wconf 89' lang='lat' dir='ltr'>proportionaliter,</span> <span class='ocrx_word' id='word_1_301' title='bbox 2100 433 2217 465; x_wconf 83' lang='lat' dir='ltr'>scilicet</span> <span class='ocrx_word' id='word_1_302' title='bbox 2238 443 2307 464; x_wconf 89' lang='lat' dir='ltr'>rem</span> <span class='ocrx_word' id='word_1_303' title='bbox 2327 438 2526 475; x_wconf 84' lang='lat' dir='ltr'>conceptam,</span> 
     </span>
     <span class='ocr_line' id='line_1_40' title="bbox 1457 477 2528 519; baseline 0.002 -12"><span class='ocrx_word' id='word_1_304' title='bbox 1457 483 1487 508; x_wconf 91' lang='lat' dir='ltr'>et</span> <span class='ocrx_word' id='word_1_305' title='bbox 1510 477 1647 507; x_wconf 89' lang='lat' dir='ltr'>modum</span> <span class='ocrx_word' id='word_1_306' title='bbox 1671 477 1885 518; x_wconf 87' lang='lat' dir='ltr'>concipiendi:</span> <span class='ocrx_word' id='word_1_307' title='bbox 1906 488 1981 519; x_wconf 86' lang='lat' dir='ltr'>ergo</span> <span class='ocrx_word' id='word_1_308' title='bbox 1997 478 2130 509; x_wconf 89' lang='lat' dir='ltr'>nomina</span> <span class='ocrx_word' id='word_1_309' title='bbox 2145 478 2294 509; x_wconf 86' lang='lat' dir='ltr'>attributa</span> <span class='ocrx_word' id='word_1_310' title='bbox 2316 479 2386 509; x_wconf 90' lang='lat' dir='ltr'>Deo</span> <span class='ocrx_word' id='word_1_311' title='bbox 2411 478 2528 510; x_wconf 87' lang='lat' dir='ltr'>habent</span> 
     </span>
     <span class='ocr_line' id='line_1_41' title="bbox 1456 521 2525 563; baseline 0.001 -11"><span class='ocrx_word' id='word_1_312' title='bbox 1456 521 1490 552; x_wconf 88' lang='lat' dir='ltr'>in</span> <span class='ocrx_word' id='word_1_313' title='bbox 1513 531 1546 552; x_wconf 92' lang='lat' dir='ltr'>se</span> <span class='ocrx_word' id='word_1_314' title='bbox 1570 521 1647 558; x_wconf 86' lang='lat' dir='ltr'>duo,</span> <span class='ocrx_word' id='word_1_315' title='bbox 1664 521 1783 553; x_wconf 90' lang='lat' dir='ltr'>scilicet</span> <span class='ocrx_word' id='word_1_316' title='bbox 1797 532 1866 553; x_wconf 92' lang='lat' dir='ltr'>rem</span> <span class='ocrx_word' id='word_1_317' title='bbox 1881 522 2099 563; x_wconf 83' lang='lat' dir='ltr'>significatam,</span> <span class='ocrx_word' id='word_1_318' title='bbox 2117 530 2147 554; x_wconf 90' lang='lat' dir='ltr'>et</span> <span class='ocrx_word' id='word_1_319' title='bbox 2162 523 2300 553; x_wconf 81' lang='lat' dir='ltr'>modum</span> <span class='ocrx_word' id='word_1_320' title='bbox 2318 522 2525 563; x_wconf 81' lang='lat' dir='ltr'>significandi.</span> 
     </span>
    </p>

    <p class='ocr_par' dir='ltr' id='par_1_10' title="bbox 1455 566 2528 1051">
     <span class='ocr_line' id='line_1_42' title="bbox 1509 566 2527 608; baseline 0.001 -11"><span class='ocrx_word' id='word_1_321' title='bbox 1509 566 1709 597; x_wconf 89' lang='lat' dir='ltr'>Antecedens</span> <span class='ocrx_word' id='word_1_322' title='bbox 1739 573 1842 607; x_wconf 88' lang='lat' dir='ltr'>patet,</span> <span class='ocrx_word' id='word_1_323' title='bbox 1877 577 1952 598; x_wconf 89' lang='lat' dir='ltr'>cum</span> <span class='ocrx_word' id='word_1_324' title='bbox 1978 567 2082 608; x_wconf 89' lang='lat' dir='ltr'>prima</span> <span class='ocrx_word' id='word_1_325' title='bbox 2113 567 2349 608; x_wconf 87' lang='lat' dir='ltr'>consequentia.</span> <span class='ocrx_word' id='word_1_326' title='bbox 2381 566 2527 598; x_wconf 88' lang='lat' dir='ltr'>Secunda</span> 
     </span>
     <span class='ocr_line' id='line_1_43' title="bbox 1456 611 2527 652; baseline 0.001 -11"><span class='ocrx_word' id='word_1_327' title='bbox 1456 620 1531 641; x_wconf 92' lang='lat' dir='ltr'>vero</span> <span class='ocrx_word' id='word_1_328' title='bbox 1554 611 1722 652; x_wconf 90' lang='lat' dir='ltr'>probatur:</span> <span class='ocrx_word' id='word_1_329' title='bbox 1748 611 1824 652; x_wconf 88' lang='lat' dir='ltr'>quia</span> <span class='ocrx_word' id='word_1_330' title='bbox 1846 612 1954 643; x_wconf 90' lang='lat' dir='ltr'>Deum</span> <span class='ocrx_word' id='word_1_331' title='bbox 1977 621 2014 643; x_wconf 86' lang='lat' dir='ltr'>ex</span> <span class='ocrx_word' id='word_1_332' title='bbox 2036 612 2085 643; x_wconf 88' lang='lat' dir='ltr'>his</span> <span class='ocrx_word' id='word_1_333' title='bbox 2100 611 2347 652; x_wconf 85' lang='lat' dir='ltr'>perfectionibus</span> <span class='ocrx_word' id='word_1_334' title='bbox 2363 611 2527 652; x_wconf 86' lang='lat' dir='ltr'>cognosci-</span> 
     </span>
     <span class='ocr_line' id='line_1_44' title="bbox 1456 656 2528 697; baseline 0.002 -12"><span class='ocrx_word' id='word_1_335' title='bbox 1456 665 1539 692; x_wconf 85' lang='lat' dir='ltr'>mus,</span> <span class='ocrx_word' id='word_1_336' title='bbox 1559 665 1626 686; x_wconf 91' lang='lat' dir='ltr'>non</span> <span class='ocrx_word' id='word_1_337' title='bbox 1650 656 1904 697; x_wconf 88' lang='lat' dir='ltr'>quomodolibet,</span> <span class='ocrx_word' id='word_1_338' title='bbox 1920 657 1976 687; x_wconf 91' lang='lat' dir='ltr'>sed</span> <span class='ocrx_word' id='word_1_339' title='bbox 1999 657 2178 688; x_wconf 89' lang='lat' dir='ltr'>secundum</span> <span class='ocrx_word' id='word_1_340' title='bbox 2201 657 2338 687; x_wconf 91' lang='lat' dir='ltr'>modum</span> <span class='ocrx_word' id='word_1_341' title='bbox 2361 666 2428 697; x_wconf 90' lang='lat' dir='ltr'>quo</span> <span class='ocrx_word' id='word_1_342' title='bbox 2453 662 2528 687; x_wconf 88' lang='lat' dir='ltr'>sunt</span> 
     </span>
     <span class='ocr_line' id='line_1_45' title="bbox 1455 699 2526 742; baseline 0.001 -12"><span class='ocrx_word' id='word_1_343' title='bbox 1455 699 1489 730; x_wconf 94' lang='lat' dir='ltr'>in</span> <span class='ocrx_word' id='word_1_344' title='bbox 1513 699 1679 736; x_wconf 88' lang='lat' dir='ltr'>creaturis;</span> <span class='ocrx_word' id='word_1_345' title='bbox 1703 700 1799 738; x_wconf 88' lang='lat' dir='ltr'>idest,</span> <span class='ocrx_word' id='word_1_346' title='bbox 1824 701 1915 742; x_wconf 92' lang='lat' dir='ltr'>quod</span> <span class='ocrx_word' id='word_1_347' title='bbox 1941 701 2049 732; x_wconf 87' lang='lat' dir='ltr'>Deum</span> <span class='ocrx_word' id='word_1_348' title='bbox 2073 711 2109 732; x_wconf 92' lang='lat' dir='ltr'>ex</span> <span class='ocrx_word' id='word_1_349' title='bbox 2133 700 2293 732; x_wconf 87' lang='lat' dir='ltr'>effectibus</span> <span class='ocrx_word' id='word_1_350' title='bbox 2317 700 2382 732; x_wconf 88' lang='lat' dir='ltr'>suis</span> <span class='ocrx_word' id='word_1_351' title='bbox 2406 700 2451 731; x_wconf 87' lang='lat' dir='ltr'>sic</span> <span class='ocrx_word' id='word_1_352' title='bbox 2474 710 2526 731; x_wconf 89' lang='lat' dir='ltr'>co-</span> 
     </span>
     <span class='ocr_line' id='line_1_46' title="bbox 1456 744 2527 785; baseline 0 -10"><span class='ocrx_word' id='word_1_353' title='bbox 1456 744 1657 784; x_wconf 84' lang='lat' dir='ltr'>gnoscimus,</span> <span class='ocrx_word' id='word_1_354' title='bbox 1689 745 1779 785; x_wconf 93' lang='lat' dir='ltr'>quod</span> <span class='ocrx_word' id='word_1_355' title='bbox 1809 746 1927 776; x_wconf 87' lang='lat' dir='ltr'>modus</span> <span class='ocrx_word' id='word_1_356' title='bbox 1960 745 2083 776; x_wconf 90' lang='lat' dir='ltr'>essendi</span> <span class='ocrx_word' id='word_1_357' title='bbox 2115 745 2285 777; x_wconf 87' lang='lat' dir='ltr'>effectuum</span> <span class='ocrx_word' id='word_1_358' title='bbox 2315 745 2472 776; x_wconf 90' lang='lat' dir='ltr'>redundat</span> <span class='ocrx_word' id='word_1_359' title='bbox 2494 745 2527 775; x_wconf 89' lang='lat' dir='ltr'>in</span> 
     </span>
     <span class='ocr_line' id='line_1_47' title="bbox 1457 789 2527 830; baseline 0 -11"><span class='ocrx_word' id='word_1_360' title='bbox 1457 794 1603 819; x_wconf 88' lang='lat' dir='ltr'>nostrum</span> <span class='ocrx_word' id='word_1_361' title='bbox 1626 789 1762 819; x_wconf 89' lang='lat' dir='ltr'>modum</span> <span class='ocrx_word' id='word_1_362' title='bbox 1786 789 1985 830; x_wconf 87' lang='lat' dir='ltr'>concipiendi</span> <span class='ocrx_word' id='word_1_363' title='bbox 2009 789 2297 830; x_wconf 87' lang='lat' dir='ltr'>proportionaliter.</span> <span class='ocrx_word' id='word_1_364' title='bbox 2323 790 2363 821; x_wconf 91' lang='lat' dir='ltr'>Et</span> <span class='ocrx_word' id='word_1_365' title='bbox 2385 789 2428 820; x_wconf 92' lang='lat' dir='ltr'>sic</span> <span class='ocrx_word' id='word_1_366' title='bbox 2452 799 2527 820; x_wconf 91' lang='lat' dir='ltr'>con-</span> 
     </span>
     <span class='ocr_line' id='line_1_48' title="bbox 1457 833 2527 875; baseline 0.001 -12"><span class='ocrx_word' id='word_1_367' title='bbox 1457 839 1567 873; x_wconf 91' lang='lat' dir='ltr'>ceptus</span> <span class='ocrx_word' id='word_1_368' title='bbox 1591 833 1630 863; x_wconf 91' lang='lat' dir='ltr'>de</span> <span class='ocrx_word' id='word_1_369' title='bbox 1653 833 1723 863; x_wconf 90' lang='lat' dir='ltr'>Deo</span> <span class='ocrx_word' id='word_1_370' title='bbox 1747 833 1780 863; x_wconf 92' lang='lat' dir='ltr'>in</span> <span class='ocrx_word' id='word_1_371' title='bbox 1804 834 1870 863; x_wconf 93' lang='lat' dir='ltr'>duo</span> <span class='ocrx_word' id='word_1_372' title='bbox 1895 833 2046 874; x_wconf 89' lang='lat' dir='ltr'>distingui</span> <span class='ocrx_word' id='word_1_373' title='bbox 2071 841 2206 874; x_wconf 91' lang='lat' dir='ltr'>oportet,</span> <span class='ocrx_word' id='word_1_374' title='bbox 2226 844 2294 865; x_wconf 91' lang='lat' dir='ltr'>non</span> <span class='ocrx_word' id='word_1_375' title='bbox 2317 841 2471 875; x_wconf 89' lang='lat' dir='ltr'>tanquam</span> <span class='ocrx_word' id='word_1_376' title='bbox 2494 833 2527 864; x_wconf 90' lang='lat' dir='ltr'>in</span> 
     </span>
     <span class='ocr_line' id='line_1_49' title="bbox 1457 877 2526 919; baseline 0.003 -12"><span class='ocrx_word' id='word_1_377' title='bbox 1457 877 1579 908; x_wconf 87' lang='lat' dir='ltr'>diversa</span> <span class='ocrx_word' id='word_1_378' title='bbox 1595 883 1763 917; x_wconf 88' lang='lat' dir='ltr'>concepta;</span> <span class='ocrx_word' id='word_1_379' title='bbox 1788 878 1843 908; x_wconf 89' lang='lat' dir='ltr'>sed</span> <span class='ocrx_word' id='word_1_380' title='bbox 1865 877 1897 908; x_wconf 91' lang='lat' dir='ltr'>in</span> <span class='ocrx_word' id='word_1_381' title='bbox 1923 887 2027 908; x_wconf 90' lang='lat' dir='ltr'>unum</span> <span class='ocrx_word' id='word_1_382' title='bbox 2045 885 2082 909; x_wconf 90' lang='lat' dir='ltr'>ut</span> <span class='ocrx_word' id='word_1_383' title='bbox 2096 888 2164 908; x_wconf 92' lang='lat' dir='ltr'>rem</span> <span class='ocrx_word' id='word_1_384' title='bbox 2183 886 2380 919; x_wconf 89' lang='lat' dir='ltr'>conceptam,</span> <span class='ocrx_word' id='word_1_385' title='bbox 2399 885 2430 910; x_wconf 90' lang='lat' dir='ltr'>et</span> <span class='ocrx_word' id='word_1_386' title='bbox 2452 878 2526 909; x_wconf 75' lang='lat' dir='ltr'>alte—</span> 
     </span>
     <span class='ocr_line' id='line_1_50' title="bbox 1456 921 2525 964; baseline 0.002 -12"><span class='ocrx_word' id='word_1_387' title='bbox 1456 932 1529 952; x_wconf 89' lang='lat' dir='ltr'>rum</span> <span class='ocrx_word' id='word_1_388' title='bbox 1553 927 1589 952; x_wconf 90' lang='lat' dir='ltr'>ut</span> <span class='ocrx_word' id='word_1_389' title='bbox 1611 921 1758 959; x_wconf 89' lang='lat' dir='ltr'>modum,</span> <span class='ocrx_word' id='word_1_390' title='bbox 1775 931 1841 952; x_wconf 91' lang='lat' dir='ltr'>non</span> <span class='ocrx_word' id='word_1_391' title='bbox 1862 922 1906 953; x_wconf 90' lang='lat' dir='ltr'>rei</span> <span class='ocrx_word' id='word_1_392' title='bbox 1931 928 2112 962; x_wconf 83' lang='lat' dir='ltr'>conceptae,</span> <span class='ocrx_word' id='word_1_393' title='bbox 2135 922 2190 953; x_wconf 89' lang='lat' dir='ltr'>sed</span> <span class='ocrx_word' id='word_1_394' title='bbox 2213 923 2313 963; x_wconf 90' lang='lat' dir='ltr'>ipsius</span> <span class='ocrx_word' id='word_1_395' title='bbox 2336 930 2525 964; x_wconf 86' lang='lat' dir='ltr'>conceptus;</span> 
     </span>
     <span class='ocr_line' id='line_1_51' title="bbox 1457 965 2527 1008; baseline 0.002 -12"><span class='ocrx_word' id='word_1_396' title='bbox 1457 966 1512 1007; x_wconf 91' lang='lat' dir='ltr'>qui</span> <span class='ocrx_word' id='word_1_397' title='bbox 1536 973 1643 997; x_wconf 87' lang='lat' dir='ltr'>tamen</span> <span class='ocrx_word' id='word_1_398' title='bbox 1667 966 1784 997; x_wconf 90' lang='lat' dir='ltr'>modus</span> <span class='ocrx_word' id='word_1_399' title='bbox 1808 965 1908 1006; x_wconf 88' lang='lat' dir='ltr'>ipsius</span> <span class='ocrx_word' id='word_1_400' title='bbox 1928 973 2101 1007; x_wconf 89' lang='lat' dir='ltr'>conceptus</span> <span class='ocrx_word' id='word_1_401' title='bbox 2125 976 2142 996; x_wconf 93' lang='lat' dir='ltr'>a</span> <span class='ocrx_word' id='word_1_402' title='bbox 2165 967 2266 997; x_wconf 90' lang='lat' dir='ltr'>modo</span> <span class='ocrx_word' id='word_1_403' title='bbox 2289 967 2332 997; x_wconf 89' lang='lat' dir='ltr'>rei</span> <span class='ocrx_word' id='word_1_404' title='bbox 2356 973 2527 1008; x_wconf 87' lang='lat' dir='ltr'>conceptae</span> 
     </span>
     <span class='ocr_line' id='line_1_52' title="bbox 1457 1010 2271 1051; baseline 0 -10"><span class='ocrx_word' id='word_1_405' title='bbox 1457 1011 1624 1041; x_wconf 89' lang='lat' dir='ltr'>derivatur.</span> <span class='ocrx_word' id='word_1_406' title='bbox 1648 1010 1756 1041; x_wconf 85' lang='lat' dir='ltr'>Tertia</span> <span class='ocrx_word' id='word_1_407' title='bbox 1779 1017 1888 1041; x_wconf 89' lang='lat' dir='ltr'>autem</span> <span class='ocrx_word' id='word_1_408' title='bbox 1911 1011 2040 1051; x_wconf 82' lang='lat' dir='ltr'>sequela</span> <span class='ocrx_word' id='word_1_409' title='bbox 2063 1010 2191 1041; x_wconf 88' lang='lat' dir='ltr'>evidens</span> <span class='ocrx_word' id='word_1_410' title='bbox 2215 1017 2271 1041; x_wconf 92' lang='lat' dir='ltr'>est.</span> 
     </span>
    </p>

    <p class='ocr_par' dir='ltr' id='par_1_11' title="bbox 1457 1055 2529 1408">
     <span class='ocr_line' id='line_1_53' title="bbox 1512 1055 2527 1093; baseline 0 -7"><span class='ocrx_word' id='word_1_411' title='bbox 1512 1055 1551 1086; x_wconf 91' lang='lat' dir='ltr'>V.</span> <span class='ocrx_word' id='word_1_412' title='bbox 1577 1055 1694 1093; x_wconf 85' lang='lat' dir='ltr'>Quoad</span> <span class='ocrx_word' id='word_1_413' title='bbox 1721 1055 1917 1092; x_wconf 84' lang='lat' dir='ltr'>secundum,</span> <span class='ocrx_word' id='word_1_414' title='bbox 1943 1055 2029 1086; x_wconf 86' lang='lat' dir='ltr'>iuxta</span> <span class='ocrx_word' id='word_1_415' title='bbox 2052 1055 2196 1086; x_wconf 87' lang='lat' dir='ltr'>membra</span> <span class='ocrx_word' id='word_1_416' title='bbox 2219 1055 2285 1086; x_wconf 91' lang='lat' dir='ltr'>duo</span> <span class='ocrx_word' id='word_1_417' title='bbox 2318 1055 2527 1086; x_wconf 87' lang='lat' dir='ltr'>distinctionis</span> 
     </span>
     <span class='ocr_line' id='line_1_54' title="bbox 1457 1099 2528 1141; baseline 0 -11"><span class='ocrx_word' id='word_1_418' title='bbox 1457 1099 1565 1136; x_wconf 87' lang='lat' dir='ltr'>factae,</span> <span class='ocrx_word' id='word_1_419' title='bbox 1583 1099 1755 1140; x_wconf 91' lang='lat' dir='ltr'>respondet</span> <span class='ocrx_word' id='word_1_420' title='bbox 1769 1099 1914 1141; x_wconf 92' lang='lat' dir='ltr'>quaesito</span> <span class='ocrx_word' id='word_1_421' title='bbox 1931 1099 2025 1131; x_wconf 89' lang='lat' dir='ltr'>unica</span> <span class='ocrx_word' id='word_1_422' title='bbox 2044 1099 2250 1131; x_wconf 90' lang='lat' dir='ltr'>conclusione</span> <span class='ocrx_word' id='word_1_423' title='bbox 2268 1099 2447 1131; x_wconf 88' lang='lat' dir='ltr'>bimembri.</span> <span class='ocrx_word' id='word_1_424' title='bbox 2472 1099 2528 1130; x_wconf 87' lang='lat' dir='ltr'>Est</span> 
     </span>
     <span class='ocr_line' id='line_1_55' title="bbox 1457 1143 2528 1187; baseline -0.001 -12"><span class='ocrx_word' id='word_1_425' title='bbox 1457 1151 1564 1175; x_wconf 89' lang='lat' dir='ltr'>autem</span> <span class='ocrx_word' id='word_1_426' title='bbox 1581 1143 1745 1175; x_wconf 86' lang='lat' dir='ltr'>conclusio</span> <span class='ocrx_word' id='word_1_427' title='bbox 1760 1144 1851 1175; x_wconf 89' lang='lat' dir='ltr'>haec:</span> <span class='ocrx_word' id='word_1_428' title='bbox 1872 1143 1991 1187; x_wconf 85' lang='lat' dir='ltr'>Aliqua</span> <span class='ocrx_word' id='word_1_429' title='bbox 2006 1143 2139 1175; x_wconf 90' lang='lat' dir='ltr'>nomina</span> <span class='ocrx_word' id='word_1_430' title='bbox 2155 1143 2238 1175; x_wconf 89' lang='lat' dir='ltr'>dicta</span> <span class='ocrx_word' id='word_1_431' title='bbox 2251 1144 2290 1175; x_wconf 89' lang='lat' dir='ltr'>de</span> <span class='ocrx_word' id='word_1_432' title='bbox 2302 1144 2383 1182; x_wconf 88' lang='lat' dir='ltr'>Deo,</span> <span class='ocrx_word' id='word_1_433' title='bbox 2397 1143 2528 1186; x_wconf 88' lang='lat' dir='ltr'>proprie</span> 
     </span>
     <span class='ocr_line' id='line_1_56' title="bbox 1457 1188 2527 1231; baseline 0 -12"><span class='ocrx_word' id='word_1_434' title='bbox 1457 1196 1488 1220; x_wconf 90' lang='lat' dir='ltr'>et</span> <span class='ocrx_word' id='word_1_435' title='bbox 1510 1188 1611 1230; x_wconf 85' lang='lat' dir='ltr'>magis</span> <span class='ocrx_word' id='word_1_436' title='bbox 1626 1196 1657 1220; x_wconf 93' lang='lat' dir='ltr'>et</span> <span class='ocrx_word' id='word_1_437' title='bbox 1672 1188 1761 1229; x_wconf 91' lang='lat' dir='ltr'>prius</span> <span class='ocrx_word' id='word_1_438' title='bbox 1777 1188 1926 1219; x_wconf 90' lang='lat' dir='ltr'>dicuntur</span> <span class='ocrx_word' id='word_1_439' title='bbox 1944 1188 1983 1219; x_wconf 90' lang='lat' dir='ltr'>de</span> <span class='ocrx_word' id='word_1_440' title='bbox 1997 1189 2068 1219; x_wconf 92' lang='lat' dir='ltr'>Deo</span> <span class='ocrx_word' id='word_1_441' title='bbox 2083 1189 2191 1229; x_wconf 79' lang='lat' dir='ltr'>quoad</span> <span class='ocrx_word' id='word_1_442' title='bbox 2205 1198 2272 1219; x_wconf 82' lang='lat' dir='ltr'>rem</span> <span class='ocrx_word' id='word_1_443' title='bbox 2286 1188 2505 1231; x_wconf 65' lang='lat' dir='ltr'>significatam</span> <span class='ocrx_word' id='word_1_444' title='bbox 2512 1198 2527 1227; x_wconf 89' lang='lat'><em>;</em></span> 
     </span>
     <span class='ocr_line' id='line_1_57' title="bbox 1457 1232 2528 1275; baseline 0 -11"><span class='ocrx_word' id='word_1_445' title='bbox 1457 1233 1545 1264; x_wconf 86' lang='lat' dir='ltr'>nulla</span> <span class='ocrx_word' id='word_1_446' title='bbox 1568 1241 1675 1265; x_wconf 89' lang='lat' dir='ltr'>autem</span> <span class='ocrx_word' id='word_1_447' title='bbox 1690 1234 1798 1274; x_wconf 82' lang='lat' dir='ltr'>quoad</span> <span class='ocrx_word' id='word_1_448' title='bbox 1813 1233 1942 1264; x_wconf 86' lang='lat' dir='ltr'>modum</span> <span class='ocrx_word' id='word_1_449' title='bbox 1958 1233 2175 1275; x_wconf 69' lang='lat' dir='ltr'>significandi.</span> <span class='ocrx_word' id='word_1_450' title='bbox 2190 1250 2211 1255; x_wconf 91' lang='lat'>—</span> <span class='ocrx_word' id='word_1_451' title='bbox 2225 1233 2314 1264; x_wconf 84' lang='lat' dir='ltr'>Haec</span> <span class='ocrx_word' id='word_1_452' title='bbox 2328 1232 2441 1265; x_wconf 80' lang='lat' dir='ltr'>ultima</span> <span class='ocrx_word' id='word_1_453' title='bbox 2456 1242 2528 1274; x_wconf 85' lang='lat' dir='ltr'>pars</span> 
     </span>
     <span class='ocr_line' id='line_1_58' title="bbox 1457 1276 2529 1319; baseline 0 -10"><span class='ocrx_word' id='word_1_454' title='bbox 1457 1278 1622 1319; x_wconf 90' lang='lat' dir='ltr'>probatur:</span> <span class='ocrx_word' id='word_1_455' title='bbox 1648 1277 1724 1319; x_wconf 90' lang='lat' dir='ltr'>quia</span> <span class='ocrx_word' id='word_1_456' title='bbox 1747 1277 1863 1308; x_wconf 89' lang='lat' dir='ltr'>habent</span> <span class='ocrx_word' id='word_1_457' title='bbox 1881 1277 2019 1308; x_wconf 88' lang='lat' dir='ltr'>modum</span> <span class='ocrx_word' id='word_1_458' title='bbox 2035 1276 2230 1318; x_wconf 87' lang='lat' dir='ltr'>significandi</span> <span class='ocrx_word' id='word_1_459' title='bbox 2253 1276 2425 1318; x_wconf 83' lang='lat' dir='ltr'>proprium</span> <span class='ocrx_word' id='word_1_460' title='bbox 2444 1285 2529 1309; x_wconf 76' lang='lat' dir='ltr'>crea-</span> 
     </span>
     <span class='ocr_line' id='line_1_59' title="bbox 1457 1320 2529 1363; baseline -0.002 -9"><span class='ocrx_word' id='word_1_461' title='bbox 1457 1329 1611 1354; x_wconf 87' lang='lat' dir='ltr'>turarum.</span> <span class='ocrx_word' id='word_1_462' title='bbox 1635 1322 1742 1353; x_wconf 88' lang='lat' dir='ltr'>Prima</span> <span class='ocrx_word' id='word_1_463' title='bbox 1765 1329 1872 1353; x_wconf 91' lang='lat' dir='ltr'>autem</span> <span class='ocrx_word' id='word_1_464' title='bbox 1897 1332 1968 1363; x_wconf 89' lang='lat' dir='ltr'>pars</span> <span class='ocrx_word' id='word_1_465' title='bbox 1991 1321 2180 1363; x_wconf 90' lang='lat' dir='ltr'>relinquitur</span> <span class='ocrx_word' id='word_1_466' title='bbox 2196 1331 2252 1362; x_wconf 92' lang='lat' dir='ltr'>per</span> <span class='ocrx_word' id='word_1_467' title='bbox 2267 1331 2300 1353; x_wconf 91' lang='lat' dir='ltr'>se</span> <span class='ocrx_word' id='word_1_468' title='bbox 2323 1327 2400 1353; x_wconf 84' lang='lat' dir='ltr'>nota</span> <span class='ocrx_word' id='word_1_469' title='bbox 2423 1331 2461 1352; x_wconf 84' lang='lat' dir='ltr'>ex</span> <span class='ocrx_word' id='word_1_470' title='bbox 2483 1320 2529 1352; x_wconf 82' lang='lat' dir='ltr'>di-</span> 
     </span>
     <span class='ocr_line' id='line_1_60' title="bbox 1458 1366 2238 1408; baseline 0 -10"><span class='ocrx_word' id='word_1_471' title='bbox 1458 1367 1514 1398; x_wconf 90' lang='lat' dir='ltr'>ctis</span> <span class='ocrx_word' id='word_1_472' title='bbox 1537 1367 1570 1397; x_wconf 90' lang='lat' dir='ltr'>in</span> <span class='ocrx_word' id='word_1_473' title='bbox 1593 1377 1648 1408; x_wconf 89' lang='lat' dir='ltr'>qu.</span> <span class='ocrx_word' id='word_1_474' title='bbox 1665 1375 1698 1397; x_wconf 84' lang='lat' dir='ltr'>tv</span> <span class='ocrx_word' id='word_1_475' title='bbox 1713 1366 1740 1398; x_wconf 80' lang='lat'>¹⁸¹.</span> <span class='ocrx_word' id='word_1_476' title='bbox 2233 1379 2238 1382; x_wconf 87' lang='lat'>·</span> 
     </span>
    </p>

    <p class='ocr_par' dir='ltr' id='par_1_12' title="bbox 1458 1410 2532 1759">
     <span class='ocr_line' id='line_1_61' title="bbox 1512 1410 2530 1452; baseline 0 -10"><span class='ocrx_word' id='word_1_477' title='bbox 1512 1411 1566 1443; x_wconf 90' lang='lat' dir='ltr'>VI.</span> <span class='ocrx_word' id='word_1_478' title='bbox 1585 1411 1619 1442; x_wconf 89' lang='lat' dir='ltr'>In</span> <span class='ocrx_word' id='word_1_479' title='bbox 1643 1411 1850 1452; x_wconf 85' lang='lat' dir='ltr'>responsione</span> <span class='ocrx_word' id='word_1_480' title='bbox 1873 1411 1913 1442; x_wconf 83' lang='lat' dir='ltr'>ad</span> <span class='ocrx_word' id='word_1_481' title='bbox 1928 1411 2080 1452; x_wconf 79' lang='lat' dir='ltr'>primum,</span> <span class='ocrx_word' id='word_1_482' title='bbox 2100 1411 2224 1442; x_wconf 86' lang='lat' dir='ltr'>adverte</span> <span class='ocrx_word' id='word_1_483' title='bbox 2243 1410 2276 1452; x_wconf 91' lang='lat' dir='ltr'>ly</span> <span class='ocrx_word' id='word_1_484' title='bbox 2292 1412 2325 1442; x_wconf 90' lang='lat' dir='ltr'>in</span> <span class='ocrx_word' id='word_1_485' title='bbox 2345 1411 2412 1452; x_wconf 83' lang='lat' dir='ltr'>ipso</span> <span class='ocrx_word' id='word_1_486' title='bbox 2429 1411 2530 1442; x_wconf 78' lang='lat' dir='ltr'>nomi·</span> 
     </span>
     <span class='ocr_line' id='line_1_62' title="bbox 1458 1454 2530 1498; baseline -0.001 -11"><span class='ocrx_word' id='word_1_487' title='bbox 1458 1457 1507 1487; x_wconf 86' lang='lat' dir='ltr'>nis</span> <span class='ocrx_word' id='word_1_488' title='bbox 1530 1455 1725 1498; x_wconf 69' lang='lat' dir='ltr'>significato,</span> <span class='ocrx_word' id='word_1_489' title='bbox 1745 1456 1835 1497; x_wconf 92' lang='lat' dir='ltr'>quod</span> <span class='ocrx_word' id='word_1_490' title='bbox 1850 1455 2035 1496; x_wconf 87' lang='lat' dir='ltr'>intelligitur</span> <span class='ocrx_word' id='word_1_491' title='bbox 2051 1455 2089 1486; x_wconf 89' lang='lat' dir='ltr'>de</span> <span class='ocrx_word' id='word_1_492' title='bbox 2109 1454 2285 1496; x_wconf 86' lang='lat' dir='ltr'>significato</span> <span class='ocrx_word' id='word_1_493' title='bbox 2309 1455 2436 1487; x_wconf 83' lang='lat' dir='ltr'>formali</span> <span class='ocrx_word' id='word_1_494' title='bbox 2454 1464 2530 1497; x_wconf 87' lang='lat' dir='ltr'>pro·</span> 
     </span>
     <span class='ocr_line' id='line_1_63' title="bbox 1458 1499 2531 1541; baseline 0.001 -10"><span class='ocrx_word' id='word_1_495' title='bbox 1458 1500 1538 1541; x_wconf 88' lang='lat' dir='ltr'>prio,</span> <span class='ocrx_word' id='word_1_496' title='bbox 1562 1510 1630 1531; x_wconf 89' lang='lat' dir='ltr'>non</span> <span class='ocrx_word' id='word_1_497' title='bbox 1653 1506 1761 1532; x_wconf 88' lang='lat' dir='ltr'>autem</span> <span class='ocrx_word' id='word_1_498' title='bbox 1783 1501 1824 1531; x_wconf 91' lang='lat' dir='ltr'>de</span> <span class='ocrx_word' id='word_1_499' title='bbox 1847 1499 2000 1532; x_wconf 84' lang='lat' dir='ltr'>materiali</span> <span class='ocrx_word' id='word_1_500' title='bbox 2017 1506 2047 1531; x_wconf 91' lang='lat' dir='ltr'>et</span> <span class='ocrx_word' id='word_1_501' title='bbox 2063 1500 2239 1532; x_wconf 89' lang='lat' dir='ltr'>communi.</span> <span class='ocrx_word' id='word_1_502' title='bbox 2263 1499 2428 1541; x_wconf 81' lang='lat' dir='ltr'>Sapientia</span> <span class='ocrx_word' id='word_1_503' title='bbox 2443 1499 2531 1532; x_wconf 82' lang='lat' dir='ltr'>enim</span> 
     </span>
     <span class='ocr_line' id='line_1_64' title="bbox 1458 1543 2531 1587; baseline -0.001 -11"><span class='ocrx_word' id='word_1_504' title='bbox 1458 1554 1524 1576; x_wconf 89' lang='lat' dir='ltr'>non</span> <span class='ocrx_word' id='word_1_505' title='bbox 1547 1543 1701 1586; x_wconf 83' lang='lat' dir='ltr'>significat</span> <span class='ocrx_word' id='word_1_506' title='bbox 1723 1544 1908 1586; x_wconf 86' lang='lat' dir='ltr'>qualitatem</span> <span class='ocrx_word' id='word_1_507' title='bbox 1930 1544 1991 1575; x_wconf 89' lang='lat' dir='ltr'>nisi</span> <span class='ocrx_word' id='word_1_508' title='bbox 2013 1544 2112 1586; x_wconf 84' lang='lat' dir='ltr'>gratia</span> <span class='ocrx_word' id='word_1_509' title='bbox 2135 1544 2298 1581; x_wconf 82' lang='lat' dir='ltr'>materiae,</span> <span class='ocrx_word' id='word_1_510' title='bbox 2323 1551 2354 1576; x_wconf 89' lang='lat' dir='ltr'>et</span> <span class='ocrx_word' id='word_1_511' title='bbox 2376 1551 2531 1587; x_wconf 87' lang='lat' dir='ltr'>tanquam</span> 
     </span>
     <span class='ocr_line' id='line_1_65' title="bbox 1458 1587 2528 1631; baseline 0 -11"><span class='ocrx_word' id='word_1_512' title='bbox 1458 1589 1535 1631; x_wconf 90' lang='lat' dir='ltr'>quid</span> <span class='ocrx_word' id='word_1_513' title='bbox 1560 1598 1748 1620; x_wconf 86' lang='lat' dir='ltr'>commune:</span> <span class='ocrx_word' id='word_1_514' title='bbox 1773 1599 1810 1620; x_wconf 88' lang='lat' dir='ltr'>ex</span> <span class='ocrx_word' id='word_1_515' title='bbox 1826 1588 1953 1620; x_wconf 83' lang='lat' dir='ltr'>formali</span> <span class='ocrx_word' id='word_1_516' title='bbox 1969 1588 2055 1620; x_wconf 89' lang='lat' dir='ltr'>enim</span> <span class='ocrx_word' id='word_1_517' title='bbox 2071 1596 2102 1620; x_wconf 90' lang='lat' dir='ltr'>et</span> <span class='ocrx_word' id='word_1_518' title='bbox 2117 1589 2176 1620; x_wconf 92' lang='lat' dir='ltr'>sibi</span> <span class='ocrx_word' id='word_1_519' title='bbox 2193 1588 2325 1630; x_wconf 89' lang='lat' dir='ltr'>proprio</span> <span class='ocrx_word' id='word_1_520' title='bbox 2342 1587 2528 1630; x_wconf 78' lang='lat' dir='ltr'>significato,</span> 
     </span>
     <span class='ocr_line' id='line_1_66' title="bbox 1458 1632 2530 1675; baseline 0 -11"><span class='ocrx_word' id='word_1_521' title='bbox 1458 1644 1516 1665; x_wconf 89' lang='lat' dir='ltr'>nec</span> <span class='ocrx_word' id='word_1_522' title='bbox 1532 1633 1677 1675; x_wconf 80' lang='lat' dir='ltr'>qualitas,</span> <span class='ocrx_word' id='word_1_523' title='bbox 1699 1643 1757 1665; x_wconf 91' lang='lat' dir='ltr'>nec</span> <span class='ocrx_word' id='word_1_524' title='bbox 1774 1633 1910 1670; x_wconf 89' lang='lat' dir='ltr'>habitus,</span> <span class='ocrx_word' id='word_1_525' title='bbox 1927 1643 1985 1664; x_wconf 90' lang='lat' dir='ltr'>nec</span> <span class='ocrx_word' id='word_1_526' title='bbox 2009 1633 2130 1675; x_wconf 89' lang='lat' dir='ltr'>aliquid</span> <span class='ocrx_word' id='word_1_527' title='bbox 2148 1633 2234 1664; x_wconf 90' lang='lat' dir='ltr'>aliud</span> <span class='ocrx_word' id='word_1_528' title='bbox 2257 1633 2446 1670; x_wconf 85' lang='lat' dir='ltr'>insinuatur,</span> <span class='ocrx_word' id='word_1_529' title='bbox 2470 1632 2530 1664; x_wconf 84' lang='lat' dir='ltr'>nisi</span> 
     </span>
     <span class='ocr_line' id='line_1_67' title="bbox 1458 1676 2532 1719; baseline 0 -10"><span class='ocrx_word' id='word_1_530' title='bbox 1458 1678 1538 1710; x_wconf 88' lang='lat' dir='ltr'>ratio</span> <span class='ocrx_word' id='word_1_531' title='bbox 1562 1677 1740 1715; x_wconf 87' lang='lat' dir='ltr'>ordinandi,</span> <span class='ocrx_word' id='word_1_532' title='bbox 1756 1677 1926 1713; x_wconf 84' lang='lat' dir='ltr'>iudicandi,</span> <span class='ocrx_word' id='word_1_533' title='bbox 1944 1677 2147 1719; x_wconf 81' lang='lat' dir='ltr'>regendique,</span> <span class='ocrx_word' id='word_1_534' title='bbox 2164 1685 2237 1715; x_wconf 88' lang='lat' dir='ltr'>etc.;</span> <span class='ocrx_word' id='word_1_535' title='bbox 2257 1687 2357 1719; x_wconf 87' lang='lat' dir='ltr'>quam</span> <span class='ocrx_word' id='word_1_536' title='bbox 2376 1676 2532 1718; x_wconf 83' lang='lat' dir='ltr'>contingit</span> 
     </span>
     <span class='ocr_line' id='line_1_68' title="bbox 1459 1722 2429 1759; baseline -0.001 -5"><span class='ocrx_word' id='word_1_537' title='bbox 1459 1733 1526 1754; x_wconf 89' lang='lat' dir='ltr'>esse</span> <span class='ocrx_word' id='word_1_538' title='bbox 1549 1722 1758 1754; x_wconf 83' lang='lat' dir='ltr'>substantiam</span> <span class='ocrx_word' id='word_1_539' title='bbox 1781 1729 1812 1754; x_wconf 89' lang='lat' dir='ltr'>et</span> <span class='ocrx_word' id='word_1_540' title='bbox 1834 1722 1988 1758; x_wconf 82' lang='lat' dir='ltr'>accidens,</span> <span class='ocrx_word' id='word_1_541' title='bbox 2013 1722 2158 1753; x_wconf 89' lang='lat' dir='ltr'>habitum</span> <span class='ocrx_word' id='word_1_542' title='bbox 2182 1729 2213 1753; x_wconf 86' lang='lat' dir='ltr'>et</span> <span class='ocrx_word' id='word_1_543' title='bbox 2235 1729 2352 1759; x_wconf 82' lang='lat' dir='ltr'>actum,</span> <span class='ocrx_word' id='word_1_544' title='bbox 2370 1728 2429 1753; x_wconf 86' lang='lat' dir='ltr'>etc.</span> 
     </span>
    </p>
   </div>
   <div class='ocr_carea' id='block_1_7' title="bbox 788 1876 2079 2003">
    <p class='ocr_par' dir='ltr' id='par_1_13' title="bbox 788 1876 2079 2003">
     <span class='ocr_line' id='line_1_69' title="bbox 1120 1876 1744 1930; baseline -0.002 -11"><span class='ocrx_word' id='word_1_545' title='bbox 1120 1877 1439 1920; x_wconf 88' lang='lat' dir='ltr'>ARTICULUS</span> <span class='ocrx_word' id='word_1_546' title='bbox 1470 1876 1744 1930; x_wconf 83' lang='lat' dir='ltr'>QUARTUS</span> 
     </span>
     <span class='ocr_line' id='line_1_70' title="bbox 788 1968 2079 2003; baseline -0.002 -1"><span class='ocrx_word' id='word_1_547' title='bbox 788 1971 945 2003; x_wconf 88' lang='lat' dir='ltr'><strong>UTRUM</strong></span> <span class='ocrx_word' id='word_1_548' title='bbox 969 1970 1141 2003; x_wconf 86' lang='lat' dir='ltr'>NOMINA</span> <span class='ocrx_word' id='word_1_549' title='bbox 1165 1970 1301 2002; x_wconf 79' lang='lat' dir='ltr'>chA</span> <span class='ocrx_word' id='word_1_550' title='bbox 1325 1971 1381 2002; x_wconf 88' lang='lat' dir='ltr'>DE</span> <span class='ocrx_word' id='word_1_551' title='bbox 1406 1970 1496 2002; x_wconf 82' lang='lat' dir='ltr'>DEo</span> <span class='ocrx_word' id='word_1_552' title='bbox 1520 1970 1618 2002; x_wconf 75' lang='lat' dir='ltr'>smT</span> <span class='ocrx_word' id='word_1_553' title='bbox 1642 1969 1814 2001; x_wconf 79' lang='lat' dir='ltr'>NOMlNA</span> <span class='ocrx_word' id='word_1_554' title='bbox 1838 1968 2079 2001; x_wconf 83' lang='lat' dir='ltr'><strong>SYNONYMA</strong></span> 
     </span>
    </p>
   </div>
   <div class='ocr_carea' id='block_1_8' title="bbox 519 2055 2348 2092">
    <p class='ocr_par' dir='ltr' id='par_1_14' title="bbox 519 2055 2348 2092">
     <span class='ocr_line' id='line_1_71' title="bbox 519 2055 2348 2092; baseline -0.001 -8"><span class='ocrx_word' id='word_1_555' title='bbox 519 2060 527 2084; x_wconf 90' lang='lat'>1</span> <span class='ocrx_word' id='word_1_556' title='bbox 549 2059 630 2090; x_wconf 72' lang='lat' dir='ltr'>Sent„</span> <span class='ocrx_word' id='word_1_557' title='bbox 652 2060 711 2085; x_wconf 81' lang='lat' dir='ltr'>dist.</span> <span class='ocrx_word' id='word_1_558' title='bbox 728 2067 756 2090; x_wconf 84' lang='lat' dir='ltr'>n,</span> <span class='ocrx_word' id='word_1_559' title='bbox 776 2065 822 2085; x_wconf 84' lang='lat' dir='ltr'>art.</span> <span class='ocrx_word' id='word_1_560' title='bbox 844 2058 873 2090; x_wconf 86' lang='lat'>3;</span> <span class='ocrx_word' id='word_1_561' title='bbox 894 2060 952 2084; x_wconf 87' lang='lat' dir='ltr'>dist.</span> <span class='ocrx_word' id='word_1_562' title='bbox 971 2059 1031 2091; x_wconf 83' lang='lat' dir='ltr'>xxn,</span> <span class='ocrx_word' id='word_1_563' title='bbox 1051 2066 1096 2085; x_wconf 83' lang='lat' dir='ltr'>art.</span> <span class='ocrx_word' id='word_1_564' title='bbox 1118 2058 1132 2084; x_wconf 84' lang='lat'><strong>3</strong></span> <span class='ocrx_word' id='word_1_565' title='bbox 1139 2067 1146 2090; x_wconf 85' lang='lat'>;</span> <span class='ocrx_word' id='word_1_566' title='bbox 1166 2059 1175 2084; x_wconf 87' lang='lat'>1</span> <span class='ocrx_word' id='word_1_567' title='bbox 1198 2060 1274 2084; x_wconf 85' lang='lat' dir='ltr'>Cont.</span> <span class='ocrx_word' id='word_1_568' title='bbox 1292 2060 1379 2091; x_wconf 66' lang='lat' dir='ltr'>Germ,</span> <span class='ocrx_word' id='word_1_569' title='bbox 1398 2066 1454 2092; x_wconf 87' lang='lat' dir='ltr'>cap.</span> <span class='ocrx_word' id='word_1_570' title='bbox 1468 2066 1547 2090; x_wconf 60' lang='grc' dir='ltr'>ιιι-ιη</span> <span class='ocrx_word' id='word_1_571' title='bbox 1567 2058 1600 2084; x_wconf 83' lang='lat' dir='ltr'>de</span> <span class='ocrx_word' id='word_1_572' title='bbox 1618 2057 1686 2088; x_wconf 58' lang='grc' dir='ltr'>ΡΜ,</span> <span class='ocrx_word' id='word_1_573' title='bbox 1706 2065 1752 2091; x_wconf 91' lang='lat' dir='ltr'>qu.</span> <span class='ocrx_word' id='word_1_574' title='bbox 1764 2065 1809 2088; x_wconf 86' lang='lat' dir='ltr'>vn,</span> <span class='ocrx_word' id='word_1_575' title='bbox 1829 2062 1867 2082; x_wconf 87' lang='lat' dir='ltr'>art</span> <span class='ocrx_word' id='word_1_576' title='bbox 1886 2055 1903 2082; x_wconf 88' lang='lat'>6</span> <span class='ocrx_word' id='word_1_577' title='bbox 1910 2065 1917 2089; x_wconf 88' lang='lat'>;</span> <span class='ocrx_word' id='word_1_578' title='bbox 1940 2057 2084 2090; x_wconf 77' lang='lat' dir='ltr'>compend.</span> <span class='ocrx_word' id='word_1_579' title='bbox 2104 2056 2200 2087; x_wconf 68' lang='lat' dir='ltr'>vuol„</span> <span class='ocrx_word' id='word_1_580' title='bbox 2221 2064 2278 2091; x_wconf 76' lang='lat' dir='ltr'>cap.</span> <span class='ocrx_word' id='word_1_581' title='bbox 2292 2065 2348 2083; x_wconf 84' lang='lat' dir='ltr'>xxv.</span> 
     </span>
    </p>
   </div>
   <div class='ocr_carea' id='block_1_9' title="bbox 335 2149 1407 3318">
    <p class='ocr_par' dir='ltr' id='par_1_15' title="bbox 335 2149 1406 2573">
     <span class='ocr_line' id='line_1_72' title="bbox 373 2149 1403 2218; baseline -0.001 -31"><span class='ocrx_word' id='word_1_582' title='bbox 373 2165 429 2197; x_wconf 30' lang='grc' dir='ltr'>χρ»</span> <span class='ocrx_word' id='word_1_583' title='bbox 456 2167 528 2218; x_wconf 48' lang='lat'>13&lt;</span> <span class='ocrx_word' id='word_1_584' title='bbox 547 2162 570 2187; x_wconf 88' lang='lat' dir='ltr'>D</span> <span class='ocrx_word' id='word_1_585' title='bbox 590 2161 764 2192; x_wconf 82' lang='lat' dir='ltr'><strong>QUARTUM</strong></span> <span class='ocrx_word' id='word_1_586' title='bbox 784 2161 837 2200; x_wconf 72' lang='grc' dir='ltr'>εις</span> <span class='ocrx_word' id='word_1_587' title='bbox 858 2161 1100 2187; x_wconf 79' lang='lat' dir='ltr'>PROCEmTUR.</span> <span class='ocrx_word' id='word_1_588' title='bbox 1117 2149 1278 2187; x_wconf 90' lang='lat' dir='ltr'>Videtur</span> <span class='ocrx_word' id='word_1_589' title='bbox 1297 2149 1403 2199; x_wconf 92' lang='lat' dir='ltr'>quod</span> 
     </span>
     <span class='ocr_line' id='line_1_73' title="bbox 404 2196 1404 2261; baseline -0.001 -21"><span class='ocrx_word' id='word_1_590' title='bbox 404 2196 412 2205; x_wconf 66' lang='lat'>¹</span> <span class='ocrx_word' id='word_1_591' title='bbox 476 2203 618 2261; x_wconf 52' lang='lat' dir='ltr'>q&#39;ista</span> <span class='ocrx_word' id='word_1_592' title='bbox 645 2203 804 2240; x_wconf 89' lang='lat' dir='ltr'>nomina</span> <span class='ocrx_word' id='word_1_593' title='bbox 833 2202 930 2240; x_wconf 88' lang='lat' dir='ltr'>dicta</span> <span class='ocrx_word' id='word_1_594' title='bbox 950 2203 999 2240; x_wconf 92' lang='lat' dir='ltr'>de</span> <span class='ocrx_word' id='word_1_595' title='bbox 1018 2204 1117 2250; x_wconf 89' lang='lat' dir='ltr'>Deo,</span> <span class='ocrx_word' id='word_1_596' title='bbox 1147 2203 1221 2240; x_wconf 92' lang='lat' dir='ltr'>sint</span> <span class='ocrx_word' id='word_1_597' title='bbox 1245 2202 1404 2240; x_wconf 87' lang='lat' dir='ltr'>nomina</span> 
     </span>
     <span class='ocr_line' id='line_1_74' title="bbox 435 2255 1404 2309; baseline -0.002 -15"><span class='ocrx_word' id='word_1_598' title='bbox 435 2292 464 2309; x_wconf 29' lang='grc' dir='ltr'>,Ὺ</span> <span class='ocrx_word' id='word_1_599' title='bbox 497 2258 519 2301; x_wconf 62' lang='grc' dir='ltr'><em>ἦ</em></span> <span class='ocrx_word' id='word_1_600' title='bbox 548 2268 778 2305; x_wconf 87' lang='lat' dir='ltr'>synonyma.</span> <span class='ocrx_word' id='word_1_601' title='bbox 801 2257 1027 2305; x_wconf 84' lang='lat' dir='ltr'>Synonyma</span> <span class='ocrx_word' id='word_1_602' title='bbox 1048 2256 1151 2293; x_wconf 89' lang='lat' dir='ltr'>enim</span> <span class='ocrx_word' id='word_1_603' title='bbox 1170 2255 1330 2293; x_wconf 88' lang='lat' dir='ltr'>nomina</span> <span class='ocrx_word' id='word_1_604' title='bbox 1350 2255 1404 2293; x_wconf 91' lang='lat' dir='ltr'>di-</span> 
     </span>
     <span class='ocr_line' id='line_1_75' title="bbox 507 2298 1402 2358; baseline -0.001 -11.081"><span class='ocrx_word' id='word_1_605' title='bbox 507 2298 697 2358; x_wconf 90' lang='lat' dir='ltr'>cuntur,</span> <span class='ocrx_word' id='word_1_606' title='bbox 729 2322 828 2358; x_wconf 87' lang='lat' dir='ltr'>quae</span> <span class='ocrx_word' id='word_1_607' title='bbox 858 2309 1018 2346; x_wconf 90' lang='lat' dir='ltr'>omnino</span> <span class='ocrx_word' id='word_1_608' title='bbox 1048 2308 1151 2346; x_wconf 89' lang='lat' dir='ltr'>idem</span> <span class='ocrx_word' id='word_1_609' title='bbox 1177 2308 1402 2357; x_wconf 82' lang='lat' dir='ltr'>significant.</span> 
     </span>
     <span class='ocr_line' id='line_1_76' title="bbox 337 2362 1405 2410; baseline -0.001 -10"><span class='ocrx_word' id='word_1_610' title='bbox 337 2363 414 2400; x_wconf 88' lang='lat' dir='ltr'>Sed</span> <span class='ocrx_word' id='word_1_611' title='bbox 443 2363 512 2400; x_wconf 87' lang='lat' dir='ltr'>ista</span> <span class='ocrx_word' id='word_1_612' title='bbox 540 2363 697 2400; x_wconf 89' lang='lat' dir='ltr'>nomina</span> <span class='ocrx_word' id='word_1_613' title='bbox 727 2363 826 2400; x_wconf 88' lang='lat' dir='ltr'>dicta</span> <span class='ocrx_word' id='word_1_614' title='bbox 854 2363 901 2400; x_wconf 89' lang='lat' dir='ltr'>de</span> <span class='ocrx_word' id='word_1_615' title='bbox 926 2364 1024 2410; x_wconf 91' lang='lat' dir='ltr'>Deo,</span> <span class='ocrx_word' id='word_1_616' title='bbox 1046 2362 1206 2400; x_wconf 89' lang='lat' dir='ltr'>omnino</span> <span class='ocrx_word' id='word_1_617' title='bbox 1225 2362 1329 2400; x_wconf 91' lang='lat' dir='ltr'>idern</span> <span class='ocrx_word' id='word_1_618' title='bbox 1358 2362 1405 2399; x_wconf 90' lang='lat' dir='ltr'>si-</span> 
     </span>
     <span class='ocr_line' id='line_1_77' title="bbox 335 2415 1405 2465; baseline -0.002 -11"><span class='ocrx_word' id='word_1_619' title='bbox 335 2416 516 2465; x_wconf 90' lang='lat' dir='ltr'>gnificant</span> <span class='ocrx_word' id='word_1_620' title='bbox 535 2417 573 2454; x_wconf 91' lang='lat' dir='ltr'>in</span> <span class='ocrx_word' id='word_1_621' title='bbox 594 2418 695 2454; x_wconf 92' lang='lat' dir='ltr'>Deo:</span> <span class='ocrx_word' id='word_1_622' title='bbox 718 2416 808 2464; x_wconf 90' lang='lat' dir='ltr'>quia</span> <span class='ocrx_word' id='word_1_623' title='bbox 827 2415 978 2453; x_wconf 89' lang='lat' dir='ltr'>bonitas</span> <span class='ocrx_word' id='word_1_624' title='bbox 997 2415 1070 2453; x_wconf 91' lang='lat' dir='ltr'>Dei</span> <span class='ocrx_word' id='word_1_625' title='bbox 1096 2423 1151 2453; x_wconf 90' lang='lat' dir='ltr'>est</span> <span class='ocrx_word' id='word_1_626' title='bbox 1170 2416 1252 2453; x_wconf 89' lang='lat' dir='ltr'>eius</span> <span class='ocrx_word' id='word_1_627' title='bbox 1277 2427 1405 2453; x_wconf 91' lang='lat' dir='ltr'>essen-</span> 
     </span>
     <span class='ocr_line' id='line_1_78' title="bbox 335 2469 1406 2521; baseline -0.001 -14"><span class='ocrx_word' id='word_1_628' title='bbox 335 2470 396 2518; x_wconf 88' lang='lat' dir='ltr'>tia,</span> <span class='ocrx_word' id='word_1_629' title='bbox 428 2477 464 2507; x_wconf 90' lang='lat' dir='ltr'>et</span> <span class='ocrx_word' id='word_1_630' title='bbox 491 2469 662 2507; x_wconf 89' lang='lat' dir='ltr'>similiter</span> <span class='ocrx_word' id='word_1_631' title='bbox 690 2469 884 2519; x_wconf 86' lang='lat' dir='ltr'>sapientia.</span> <span class='ocrx_word' id='word_1_632' title='bbox 916 2470 1018 2518; x_wconf 89' lang='lat' dir='ltr'>Ergo</span> <span class='ocrx_word' id='word_1_633' title='bbox 1047 2469 1116 2506; x_wconf 90' lang='lat' dir='ltr'>ista</span> <span class='ocrx_word' id='word_1_634' title='bbox 1140 2469 1300 2521; x_wconf 84' lang='lat' dir='ltr'>nomina</span> <span class='ocrx_word' id='word_1_635' title='bbox 1319 2476 1406 2506; x_wconf 91' lang='lat' dir='ltr'>sunt</span> 
     </span>
     <span class='ocr_line' id='line_1_79' title="bbox 336 2523 750 2573; baseline -0.002 -12"><span class='ocrx_word' id='word_1_636' title='bbox 336 2523 494 2561; x_wconf 88' lang='lat' dir='ltr'>omnino</span> <span class='ocrx_word' id='word_1_637' title='bbox 524 2535 750 2573; x_wconf 88' lang='lat' dir='ltr'>synonyma.</span> 
     </span>
    </p>

    <p class='ocr_par' dir='ltr' id='par_1_16' title="bbox 335 2575 1407 2840">
     <span class='ocr_line' id='line_1_80' title="bbox 391 2575 1405 2627; baseline -0.001 -13"><span class='ocrx_word' id='word_1_638' title='bbox 391 2589 426 2614; x_wconf 88' lang='lat'>2.</span> <span class='ocrx_word' id='word_1_639' title='bbox 449 2577 489 2614; x_wconf 91' lang='lat' dir='ltr'>Si</span> <span class='ocrx_word' id='word_1_640' title='bbox 509 2577 655 2615; x_wconf 89' lang='lat' dir='ltr'>dicatur</span> <span class='ocrx_word' id='word_1_641' title='bbox 674 2576 779 2627; x_wconf 89' lang='lat' dir='ltr'>quod</span> <span class='ocrx_word' id='word_1_642' title='bbox 799 2576 870 2614; x_wconf 91' lang='lat' dir='ltr'>ista</span> <span class='ocrx_word' id='word_1_643' title='bbox 888 2576 1048 2614; x_wconf 89' lang='lat' dir='ltr'>nomina</span> <span class='ocrx_word' id='word_1_644' title='bbox 1069 2576 1282 2624; x_wconf 88' lang='lat' dir='ltr'>significant</span> <span class='ocrx_word' id='word_1_645' title='bbox 1301 2575 1405 2613; x_wconf 88' lang='lat' dir='ltr'>idem</span> 
     </span>
     <span class='ocr_line' id='line_1_81' title="bbox 336 2629 1404 2678; baseline -0.002 -10"><span class='ocrx_word' id='word_1_646' title='bbox 336 2630 551 2668; x_wconf 91' lang='lat' dir='ltr'>secundum</span> <span class='ocrx_word' id='word_1_647' title='bbox 570 2643 652 2668; x_wconf 90' lang='lat' dir='ltr'>rem</span> <span class='ocrx_word' id='word_1_648' title='bbox 666 2636 695 2678; x_wconf 70' lang='lat'>⁸,</span> <span class='ocrx_word' id='word_1_649' title='bbox 716 2630 784 2668; x_wconf 92' lang='lat' dir='ltr'>sed</span> <span class='ocrx_word' id='word_1_650' title='bbox 805 2629 1019 2667; x_wconf 90' lang='lat' dir='ltr'>secundum</span> <span class='ocrx_word' id='word_1_651' title='bbox 1039 2629 1206 2667; x_wconf 89' lang='lat' dir='ltr'>rationes</span> <span class='ocrx_word' id='word_1_652' title='bbox 1222 2629 1404 2677; x_wconf 85' lang='lat' dir='ltr'>diversas,</span> 
     </span>
     <span class='ocr_line' id='line_1_82' title="bbox 337 2683 1406 2732; baseline -0.001 -11"><span class='ocrx_word' id='word_1_653' title='bbox 337 2691 487 2721; x_wconf 86' lang='lat' dir='ltr'>contra:</span> <span class='ocrx_word' id='word_1_654' title='bbox 518 2684 630 2722; x_wconf 89' lang='lat' dir='ltr'>Ratio</span> <span class='ocrx_word' id='word_1_655' title='bbox 652 2684 711 2721; x_wconf 91' lang='lat' dir='ltr'>cui</span> <span class='ocrx_word' id='word_1_656' title='bbox 730 2696 809 2721; x_wconf 91' lang='lat' dir='ltr'>non</span> <span class='ocrx_word' id='word_1_657' title='bbox 829 2683 1036 2732; x_wconf 90' lang='lat' dir='ltr'>respondet</span> <span class='ocrx_word' id='word_1_658' title='bbox 1055 2683 1198 2732; x_wconf 90' lang='lat' dir='ltr'>aliquid</span> <span class='ocrx_word' id='word_1_659' title='bbox 1217 2683 1256 2720; x_wconf 93' lang='lat' dir='ltr'>in</span> <span class='ocrx_word' id='word_1_660' title='bbox 1276 2695 1328 2731; x_wconf 90' lang='lat' dir='ltr'>re,</span> <span class='ocrx_word' id='word_1_661' title='bbox 1350 2691 1406 2720; x_wconf 92' lang='lat' dir='ltr'>est</span> 
     </span>
     <span class='ocr_line' id='line_1_83' title="bbox 335 2737 1407 2786; baseline 0 -12"><span class='ocrx_word' id='word_1_662' title='bbox 335 2750 454 2783; x_wconf 85' lang='lat' dir='ltr'>vana;</span> <span class='ocrx_word' id='word_1_663' title='bbox 476 2738 506 2774; x_wconf 91' lang='lat' dir='ltr'>si</span> <span class='ocrx_word' id='word_1_664' title='bbox 526 2750 615 2786; x_wconf 91' lang='lat' dir='ltr'>ergo</span> <span class='ocrx_word' id='word_1_665' title='bbox 636 2737 727 2775; x_wconf 90' lang='lat' dir='ltr'>istae</span> <span class='ocrx_word' id='word_1_666' title='bbox 748 2737 913 2774; x_wconf 87' lang='lat' dir='ltr'>rationes</span> <span class='ocrx_word' id='word_1_667' title='bbox 933 2744 1020 2774; x_wconf 89' lang='lat' dir='ltr'>sunt</span> <span class='ocrx_word' id='word_1_668' title='bbox 1039 2737 1193 2782; x_wconf 85' lang='lat' dir='ltr'>multae,</span> <span class='ocrx_word' id='word_1_669' title='bbox 1216 2744 1252 2774; x_wconf 87' lang='lat' dir='ltr'>et</span> <span class='ocrx_word' id='word_1_670' title='bbox 1271 2749 1331 2774; x_wconf 92' lang='lat' dir='ltr'>res</span> <span class='ocrx_word' id='word_1_671' title='bbox 1351 2743 1407 2774; x_wconf 91' lang='lat' dir='ltr'>est</span> 
     </span>
     <span class='ocr_line' id='line_1_84' title="bbox 336 2789 1358 2840; baseline -0.001 -12"><span class='ocrx_word' id='word_1_672' title='bbox 336 2803 424 2837; x_wconf 85' lang='lat' dir='ltr'>una,</span> <span class='ocrx_word' id='word_1_673' title='bbox 453 2791 606 2829; x_wconf 85' lang='lat' dir='ltr'>videtur</span> <span class='ocrx_word' id='word_1_674' title='bbox 635 2791 740 2840; x_wconf 91' lang='lat' dir='ltr'>quod</span> <span class='ocrx_word' id='word_1_675' title='bbox 769 2790 935 2827; x_wconf 90' lang='lat' dir='ltr'>rationes</span> <span class='ocrx_word' id='word_1_676' title='bbox 964 2790 1055 2827; x_wconf 89' lang='lat' dir='ltr'>istae</span> <span class='ocrx_word' id='word_1_677' title='bbox 1085 2789 1158 2827; x_wconf 91' lang='lat' dir='ltr'>sint</span> <span class='ocrx_word' id='word_1_678' title='bbox 1177 2789 1195 2819; x_wconf 64' lang='lat' dir='ltr'><strong><em>fl</em></strong></span> <span class='ocrx_word' id='word_1_679' title='bbox 1221 2802 1358 2827; x_wconf 89' lang='lat' dir='ltr'>vanae.</span> 
     </span>
    </p>

    <p class='ocr_par' dir='ltr' id='par_1_17' title="bbox 337 2843 1407 3159">
     <span class='ocr_line' id='line_1_85' title="bbox 393 2843 1406 2892; baseline -0.001 -11"><span class='ocrx_word' id='word_1_680' title='bbox 393 2845 427 2881; x_wconf 90' lang='lat'>3.</span> <span class='ocrx_word' id='word_1_681' title='bbox 457 2845 692 2891; x_wconf 73' lang='lat' dir='ltr'>PRAETEREA,</span> <span class='ocrx_word' id='word_1_682' title='bbox 721 2843 842 2892; x_wconf 88' lang='lat' dir='ltr'>magis</span> <span class='ocrx_word' id='word_1_683' title='bbox 868 2850 923 2880; x_wconf 91' lang='lat' dir='ltr'>est</span> <span class='ocrx_word' id='word_1_684' title='bbox 942 2855 1063 2880; x_wconf 90' lang='lat' dir='ltr'>unum</span> <span class='ocrx_word' id='word_1_685' title='bbox 1084 2843 1191 2891; x_wconf 92' lang='lat' dir='ltr'>quod</span> <span class='ocrx_word' id='word_1_686' title='bbox 1211 2851 1268 2881; x_wconf 92' lang='lat' dir='ltr'>est</span> <span class='ocrx_word' id='word_1_687' title='bbox 1285 2855 1406 2881; x_wconf 89' lang='lat' dir='ltr'>unum</span> 
     </span>
     <span class='ocr_line' id='line_1_86' title="bbox 337 2897 1405 2946; baseline 0 -12"><span class='ocrx_word' id='word_1_688' title='bbox 337 2910 376 2934; x_wconf 93' lang='lat' dir='ltr'>re</span> <span class='ocrx_word' id='word_1_689' title='bbox 407 2905 443 2934; x_wconf 91' lang='lat' dir='ltr'>et</span> <span class='ocrx_word' id='word_1_690' title='bbox 458 2897 614 2945; x_wconf 90' lang='lat' dir='ltr'>ratione,</span> <span class='ocrx_word' id='word_1_691' title='bbox 631 2909 749 2946; x_wconf 89' lang='lat' dir='ltr'>quam</span> <span class='ocrx_word' id='word_1_692' title='bbox 765 2897 870 2946; x_wconf 92' lang='lat' dir='ltr'>quod</span> <span class='ocrx_word' id='word_1_693' title='bbox 889 2904 946 2934; x_wconf 91' lang='lat' dir='ltr'>est</span> <span class='ocrx_word' id='word_1_694' title='bbox 963 2909 1085 2934; x_wconf 90' lang='lat' dir='ltr'>unum</span> <span class='ocrx_word' id='word_1_695' title='bbox 1102 2909 1141 2934; x_wconf 91' lang='lat' dir='ltr'>re</span> <span class='ocrx_word' id='word_1_696' title='bbox 1158 2905 1195 2934; x_wconf 91' lang='lat' dir='ltr'>et</span> <span class='ocrx_word' id='word_1_697' title='bbox 1209 2897 1405 2946; x_wconf 87' lang='lat' dir='ltr'>multiplex</span> 
     </span>
     <span class='ocr_line' id='line_1_87' title="bbox 337 2950 1407 2999; baseline -0.001 -11"><span class='ocrx_word' id='word_1_698' title='bbox 337 2951 494 2988; x_wconf 87' lang='lat' dir='ltr'>ratione.</span> <span class='ocrx_word' id='word_1_699' title='bbox 517 2951 595 2988; x_wconf 90' lang='lat' dir='ltr'>Sed</span> <span class='ocrx_word' id='word_1_700' title='bbox 614 2952 720 2988; x_wconf 87' lang='lat' dir='ltr'>Deus</span> <span class='ocrx_word' id='word_1_701' title='bbox 740 2958 796 2987; x_wconf 91' lang='lat' dir='ltr'>est</span> <span class='ocrx_word' id='word_1_702' title='bbox 814 2950 980 2987; x_wconf 85' lang='lat' dir='ltr'>maxime</span> <span class='ocrx_word' id='word_1_703' title='bbox 999 2963 1112 2987; x_wconf 92' lang='lat' dir='ltr'>unus.</span> <span class='ocrx_word' id='word_1_704' title='bbox 1134 2951 1236 2999; x_wconf 87' lang='lat' dir='ltr'>Ergo</span> <span class='ocrx_word' id='word_1_705' title='bbox 1256 2950 1407 2988; x_wconf 85' lang='lat' dir='ltr'>videtur</span> 
     </span>
     <span class='ocr_line' id='line_1_88' title="bbox 337 3003 1406 3054; baseline -0.002 -12"><span class='ocrx_word' id='word_1_706' title='bbox 337 3004 443 3054; x_wconf 91' lang='lat' dir='ltr'>quod</span> <span class='ocrx_word' id='word_1_707' title='bbox 472 3017 550 3042; x_wconf 93' lang='lat' dir='ltr'>non</span> <span class='ocrx_word' id='word_1_708' title='bbox 570 3004 616 3042; x_wconf 91' lang='lat' dir='ltr'>sit</span> <span class='ocrx_word' id='word_1_709' title='bbox 634 3017 733 3042; x_wconf 91' lang='lat' dir='ltr'>unus</span> <span class='ocrx_word' id='word_1_710' title='bbox 753 3016 793 3041; x_wconf 92' lang='lat' dir='ltr'>re</span> <span class='ocrx_word' id='word_1_711' title='bbox 814 3011 850 3040; x_wconf 90' lang='lat' dir='ltr'>et</span> <span class='ocrx_word' id='word_1_712' title='bbox 867 3004 1063 3053; x_wconf 88' lang='lat' dir='ltr'>multiplex</span> <span class='ocrx_word' id='word_1_713' title='bbox 1090 3003 1245 3041; x_wconf 86' lang='lat' dir='ltr'>ratione.</span> <span class='ocrx_word' id='word_1_714' title='bbox 1276 3004 1325 3041; x_wconf 87' lang='lat' dir='ltr'>Et</span> <span class='ocrx_word' id='word_1_715' title='bbox 1353 3003 1406 3040; x_wconf 92' lang='lat' dir='ltr'>sic</span> 
     </span>
     <span class='ocr_line' id='line_1_89' title="bbox 338 3056 1406 3106; baseline 0 -12"><span class='ocrx_word' id='word_1_716' title='bbox 338 3057 494 3095; x_wconf 88' lang='lat' dir='ltr'>nomina</span> <span class='ocrx_word' id='word_1_717' title='bbox 529 3057 627 3096; x_wconf 89' lang='lat' dir='ltr'>dicta</span> <span class='ocrx_word' id='word_1_718' title='bbox 666 3057 713 3095; x_wconf 93' lang='lat' dir='ltr'>de</span> <span class='ocrx_word' id='word_1_719' title='bbox 752 3058 837 3094; x_wconf 91' lang='lat' dir='ltr'>Deo</span> <span class='ocrx_word' id='word_1_720' title='bbox 877 3069 955 3094; x_wconf 92' lang='lat' dir='ltr'>non</span> <span class='ocrx_word' id='word_1_721' title='bbox 990 3056 1204 3106; x_wconf 85' lang='lat' dir='ltr'>significant</span> <span class='ocrx_word' id='word_1_722' title='bbox 1242 3056 1406 3094; x_wconf 86' lang='lat' dir='ltr'>rationes</span> 
     </span>
     <span class='ocr_line' id='line_1_90' title="bbox 339 3110 1040 3159; baseline -0.001 -11"><span class='ocrx_word' id='word_1_723' title='bbox 339 3110 523 3149; x_wconf 89' lang='lat' dir='ltr'>diversas:</span> <span class='ocrx_word' id='word_1_724' title='bbox 555 3119 591 3148; x_wconf 88' lang='lat' dir='ltr'>et</span> <span class='ocrx_word' id='word_1_725' title='bbox 619 3111 669 3148; x_wconf 92' lang='lat' dir='ltr'>ita</span> <span class='ocrx_word' id='word_1_726' title='bbox 697 3118 784 3148; x_wconf 92' lang='lat' dir='ltr'>sunt</span> <span class='ocrx_word' id='word_1_727' title='bbox 812 3122 1040 3159; x_wconf 90' lang='lat' dir='ltr'>synonyma.</span> 
     </span>
    </p>

    <p class='ocr_par' dir='ltr' id='par_1_18' title="bbox 337 3162 1406 3318">
     <span class='ocr_line' id='line_1_91' title="bbox 393 3162 1402 3212; baseline -0.002 -10"><span class='ocrx_word' id='word_1_728' title='bbox 393 3165 467 3201; x_wconf 78' lang='lat' dir='ltr'>SED</span> <span class='ocrx_word' id='word_1_729' title='bbox 497 3177 656 3212; x_wconf 78' lang='lat' dir='ltr'>CONTRA,</span> <span class='ocrx_word' id='word_1_730' title='bbox 686 3163 817 3201; x_wconf 85' lang='lat' dir='ltr'>omnia</span> <span class='ocrx_word' id='word_1_731' title='bbox 838 3169 852 3189; x_wconf 80' lang='lat'><strong><em>⁷</em></strong></span> <span class='ocrx_word' id='word_1_732' title='bbox 881 3176 1109 3212; x_wconf 88' lang='lat' dir='ltr'>synonyma,</span> <span class='ocrx_word' id='word_1_733' title='bbox 1139 3163 1208 3201; x_wconf 91' lang='lat' dir='ltr'>sibi</span> <span class='ocrx_word' id='word_1_734' title='bbox 1235 3162 1402 3200; x_wconf 88' lang='lat' dir='ltr'>invicem</span> 
     </span>
     <span class='ocr_line' id='line_1_92' title="bbox 338 3216 1406 3266; baseline -0.001 -12"><span class='ocrx_word' id='word_1_735' title='bbox 338 3217 530 3265; x_wconf 88' lang='lat' dir='ltr'>adiuncta,</span> <span class='ocrx_word' id='word_1_736' title='bbox 560 3217 806 3266; x_wconf 89' lang='lat' dir='ltr'>nugationem</span> <span class='ocrx_word' id='word_1_737' title='bbox 836 3217 1046 3265; x_wconf 89' lang='lat' dir='ltr'>adducunt,</span> <span class='ocrx_word' id='word_1_738' title='bbox 1077 3216 1172 3254; x_wconf 91' lang='lat' dir='ltr'>sicut</span> <span class='ocrx_word' id='word_1_739' title='bbox 1200 3216 1230 3254; x_wconf 90' lang='lat' dir='ltr'>si</span> <span class='ocrx_word' id='word_1_740' title='bbox 1261 3216 1406 3254; x_wconf 88' lang='lat' dir='ltr'>dicatur</span> 
     </span>
     <span class='ocr_line' id='line_1_93' title="bbox 337 3268 1405 3318; baseline -0.001 -11"><span class='ocrx_word' id='word_1_741' title='bbox 337 3271 446 3307; x_wconf 75' lang='lat' dir='ltr'>vestis</span> <span class='ocrx_word' id='word_1_742' title='bbox 475 3271 745 3309; x_wconf 86' lang='lat' dir='ltr'>indumentum.</span> <span class='ocrx_word' id='word_1_743' title='bbox 782 3270 821 3307; x_wconf 91' lang='lat' dir='ltr'>Si</span> <span class='ocrx_word' id='word_1_744' title='bbox 851 3269 961 3318; x_wconf 88' lang='lat' dir='ltr'>igitur</span> <span class='ocrx_word' id='word_1_745' title='bbox 980 3270 1110 3307; x_wconf 90' lang='lat' dir='ltr'>omnia</span> <span class='ocrx_word' id='word_1_746' title='bbox 1129 3269 1287 3308; x_wconf 90' lang='lat' dir='ltr'>nomina</span> <span class='ocrx_word' id='word_1_747' title='bbox 1307 3268 1405 3306; x_wconf 89' lang='lat' dir='ltr'>dicta</span> 
     </span>
    </p>
   </div>
   <div class='ocr_carea' id='block_1_10' title="bbox 339 3322 1405 3374">
    <p class='ocr_par' dir='ltr' id='par_1_19' title="bbox 339 3322 1405 3374">
     <span class='ocr_line' id='line_1_94' title="bbox 339 3322 1405 3374; baseline 0 -14"><span class='ocrx_word' id='word_1_748' title='bbox 339 3323 386 3361; x_wconf 94' lang='lat' dir='ltr'>de</span> <span class='ocrx_word' id='word_1_749' title='bbox 415 3325 500 3361; x_wconf 90' lang='lat' dir='ltr'>Deo</span> <span class='ocrx_word' id='word_1_750' title='bbox 522 3333 607 3362; x_wconf 87' lang='lat' dir='ltr'>sunt</span> <span class='ocrx_word' id='word_1_751' title='bbox 628 3336 856 3374; x_wconf 89' lang='lat' dir='ltr'>synonyma,</span> <span class='ocrx_word' id='word_1_752' title='bbox 886 3336 965 3360; x_wconf 90' lang='lat' dir='ltr'>non</span> <span class='ocrx_word' id='word_1_753' title='bbox 984 3331 1114 3372; x_wconf 89' lang='lat' dir='ltr'>posset</span> <span class='ocrx_word' id='word_1_754' title='bbox 1133 3322 1405 3361; x_wconf 89' lang='lat' dir='ltr'>convenienter</span> 
     </span>
    </p>
   </div>
   <div class='ocr_carea' id='block_1_11' title="bbox 348 2160 539 2349">
    <p class='ocr_par' dir='ltr' id='par_1_20' title="bbox 348 2160 539 2349">
     <span class='ocr_line' id='line_1_95' title="bbox 348 2160 539 2349; baseline 0 -119"><span class='ocrx_word' id='word_1_755' title='bbox 348 2160 539 2349; x_wconf 95' lang='lat' dir='ltr'>   </span> 
     </span>
    </p>
   </div>
   <div class='ocr_carea' id='block_1_12' title="bbox 338 3462 1406 3666">
    <p class='ocr_par' dir='ltr' id='par_1_21' title="bbox 338 3462 1406 3560">
     <span class='ocr_line' id='line_1_96' title="bbox 392 3462 1405 3496; baseline 0 -8"><span class='ocrx_word' id='word_1_756' title='bbox 392 3464 419 3495; x_wconf 81' lang='lat' dir='ltr'>a)</span> <span class='ocrx_word' id='word_1_757' title='bbox 439 3463 509 3488; x_wconf 82' lang='lat' dir='ltr'>idem</span> <span class='ocrx_word' id='word_1_758' title='bbox 533 3464 676 3489; x_wconf 84' lang='lat' dir='ltr'>secundum</span> <span class='ocrx_word' id='word_1_759' title='bbox 700 3471 764 3489; x_wconf 86' lang='lat' dir='ltr'>rem.</span> <span class='ocrx_word' id='word_1_760' title='bbox 783 3477 802 3483; x_wconf 89' lang='lat'>—</span> <span class='ocrx_word' id='word_1_761' title='bbox 821 3471 902 3488; x_wconf 85' lang='lat' dir='ltr'>unum</span> <span class='ocrx_word' id='word_1_762' title='bbox 923 3463 1043 3494; x_wconf 76' lang='lat' dir='ltr'>ABCDE,</span> <span class='ocrx_word' id='word_1_763' title='bbox 1069 3471 1150 3488; x_wconf 85' lang='lat' dir='ltr'>unum</span> <span class='ocrx_word' id='word_1_764' title='bbox 1170 3463 1256 3496; x_wconf 83' lang='lat' dir='ltr'>(idem</span> <span class='ocrx_word' id='word_1_765' title='bbox 1276 3470 1356 3488; x_wconf 81' lang='lat' dir='ltr'>unum</span> <span class='ocrx_word' id='word_1_766' title='bbox 1376 3462 1405 3494; x_wconf 84' lang='lat' dir='ltr'>F,</span> 
     </span>
     <span class='ocr_line' id='line_1_97' title="bbox 338 3498 1406 3533; baseline 0 -9"><span class='ocrx_word' id='word_1_767' title='bbox 338 3499 385 3524; x_wconf 84' lang='lat' dir='ltr'>sed</span> <span class='ocrx_word' id='word_1_768' title='bbox 405 3499 474 3524; x_wconf 87' lang='lat' dir='ltr'>idem</span> <span class='ocrx_word' id='word_1_769' title='bbox 489 3499 620 3533; x_wconf 82' lang='lat' dir='ltr'>expungit)</span> <span class='ocrx_word' id='word_1_770' title='bbox 634 3499 779 3525; x_wconf 84' lang='lat' dir='ltr'>secundum</span> <span class='ocrx_word' id='word_1_771' title='bbox 794 3506 849 3524; x_wconf 85' lang='lat' dir='ltr'>rem</span> <span class='ocrx_word' id='word_1_772' title='bbox 865 3498 936 3528; x_wconf 78' lang='lat' dir='ltr'>FGa,</span> <span class='ocrx_word' id='word_1_773' title='bbox 951 3499 991 3524; x_wconf 86' lang='lat' dir='ltr'>vel</span> <span class='ocrx_word' id='word_1_774' title='bbox 1005 3498 1074 3524; x_wconf 79' lang='lat' dir='ltr'>idem</span> <span class='ocrx_word' id='word_1_775' title='bbox 1088 3499 1231 3525; x_wconf 85' lang='lat' dir='ltr'>secundum</span> <span class='ocrx_word' id='word_1_776' title='bbox 1245 3505 1301 3524; x_wconf 87' lang='lat' dir='ltr'>rem</span> <span class='ocrx_word' id='word_1_777' title='bbox 1316 3505 1406 3531; x_wconf 73' lang='lat' dir='ltr'>mrgo</span> 
     </span>
     <span class='ocr_line' id='line_1_98' title="bbox 338 3534 789 3560; baseline 0.002 -1"><span class='ocrx_word' id='word_1_778' title='bbox 338 3535 369 3559; x_wconf 84' lang='grc' dir='ltr'>Α.</span> <span class='ocrx_word' id='word_1_779' title='bbox 383 3547 403 3552; x_wconf 91' lang='grc'><strong>-</strong></span> <span class='ocrx_word' id='word_1_780' title='bbox 422 3534 483 3559; x_wconf 78' lang='lat' dir='ltr'>Post</span> <span class='ocrx_word' id='word_1_781' title='bbox 501 3535 548 3559; x_wconf 80' lang='lat' dir='ltr'>sed</span> <span class='ocrx_word' id='word_1_782' title='bbox 567 3535 589 3559; x_wconf 94' lang='lat' dir='ltr'>D</span> <span class='ocrx_word' id='word_1_783' title='bbox 609 3535 678 3559; x_wconf 78' lang='lat' dir='ltr'>addit</span> <span class='ocrx_word' id='word_1_784' title='bbox 697 3535 789 3560; x_wconf 81' lang='lat' dir='ltr'>multa.</span> 
     </span>
    </p>

    <p class='ocr_par' dir='ltr' id='par_1_22' title="bbox 394 3568 817 3602">
     <span class='ocr_line' id='line_1_99' title="bbox 394 3568 817 3602; baseline 0.002 -8"><span class='ocrx_word' id='word_1_785' title='bbox 394 3568 419 3602; x_wconf 88' lang='grc' dir='ltr'>β)</span> <span class='ocrx_word' id='word_1_786' title='bbox 438 3570 501 3595; x_wconf 77' lang='lat' dir='ltr'>sint.</span> <span class='ocrx_word' id='word_1_787' title='bbox 518 3583 537 3589; x_wconf 89' lang='lat'>-</span> <span class='ocrx_word' id='word_1_788' title='bbox 555 3574 618 3595; x_wconf 84' lang='lat' dir='ltr'>sunt</span> <span class='ocrx_word' id='word_1_789' title='bbox 636 3570 817 3595; x_wconf 80' lang='lat' dir='ltr'>ABCDEGab.</span> 
     </span>
    </p>

    <p class='ocr_par' dir='ltr' id='par_1_23' title="bbox 338 3605 1404 3666">
     <span class='ocr_line' id='line_1_100' title="bbox 392 3605 1404 3639; baseline -0.001 -9"><span class='ocrx_word' id='word_1_790' title='bbox 392 3606 418 3639; x_wconf 87' lang='grc' dir='ltr'>γ)</span> <span class='ocrx_word' id='word_1_791' title='bbox 438 3605 537 3630; x_wconf 86' lang='lat' dir='ltr'>omnia.</span> <span class='ocrx_word' id='word_1_792' title='bbox 550 3619 569 3624; x_wconf 99' lang='lat'>-</span> <span class='ocrx_word' id='word_1_793' title='bbox 587 3606 677 3631; x_wconf 85' lang='lat' dir='ltr'>omnia</span> <span class='ocrx_word' id='word_1_794' title='bbox 696 3606 804 3631; x_wconf 83' lang='lat' dir='ltr'>nomina</span> <span class='ocrx_word' id='word_1_795' title='bbox 822 3606 922 3637; x_wconf 79' lang='lat' dir='ltr'>ABDF,</span> <span class='ocrx_word' id='word_1_796' title='bbox 942 3606 1051 3631; x_wconf 82' lang='lat' dir='ltr'>nomina</span> <span class='ocrx_word' id='word_1_797' title='bbox 1071 3605 1180 3631; x_wconf 81' lang='lat' dir='ltr'>CEGab.</span> <span class='ocrx_word' id='word_1_798' title='bbox 1192 3619 1212 3626; x_wconf 98' lang='lat'>-</span> <span class='ocrx_word' id='word_1_799' title='bbox 1225 3606 1276 3631; x_wconf 87' lang='lat' dir='ltr'>Pro</span> <span class='ocrx_word' id='word_1_800' title='bbox 1290 3605 1404 3634; x_wconf 76' lang='lat' dir='ltr'>dicatur,</span> 
     </span>
     <span class='ocr_line' id='line_1_101' title="bbox 338 3640 566 3666; baseline -0.004 0"><span class='ocrx_word' id='word_1_801' title='bbox 338 3640 426 3666; x_wconf 84' lang='lat' dir='ltr'>dicam</span> <span class='ocrx_word' id='word_1_802' title='bbox 445 3641 566 3666; x_wconf 82' lang='lat' dir='ltr'>ABCDE.</span> 
     </span>
    </p>
   </div>
   <div class='ocr_carea' id='block_1_13' title="bbox 1457 2146 2534 2730">
    <p class='ocr_par' dir='ltr' id='par_1_24' title="bbox 1457 2146 2534 2730">
     <span class='ocr_line' id='line_1_102' title="bbox 1459 2146 2533 2196; baseline 0.001 -10"><span class='ocrx_word' id='word_1_803' title='bbox 1459 2148 1532 2187; x_wconf 88' lang='lat' dir='ltr'>dici</span> <span class='ocrx_word' id='word_1_804' title='bbox 1560 2149 1665 2185; x_wconf 86' lang='lat' dir='ltr'>Deus</span> <span class='ocrx_word' id='word_1_805' title='bbox 1693 2148 1824 2194; x_wconf 82' lang='lat' dir='ltr'>honus,</span> <span class='ocrx_word' id='word_1_806' title='bbox 1845 2147 1907 2184; x_wconf 88' lang='lat' dir='ltr'>vel</span> <span class='ocrx_word' id='word_1_807' title='bbox 1928 2146 2072 2196; x_wconf 82' lang='lat' dir='ltr'>aliquid</span> <span class='ocrx_word' id='word_1_808' title='bbox 2100 2147 2338 2195; x_wconf 88' lang='lat' dir='ltr'>huiusmodi;</span> <span class='ocrx_word' id='word_1_809' title='bbox 2370 2159 2459 2185; x_wconf 89' lang='lat' dir='ltr'>cum</span> <span class='ocrx_word' id='word_1_810' title='bbox 2477 2155 2533 2187; x_wconf 78' lang='lat' dir='ltr'>ta-</span> 
     </span>
     <span class='ocr_line' id='line_1_103' title="bbox 1459 2200 2533 2250; baseline 0 -11"><span class='ocrx_word' id='word_1_811' title='bbox 1459 2213 1550 2239; x_wconf 89' lang='lat' dir='ltr'>men</span> <span class='ocrx_word' id='word_1_812' title='bbox 1579 2201 1762 2250; x_wconf 89' lang='lat' dir='ltr'>scriptum</span> <span class='ocrx_word' id='word_1_813' title='bbox 1783 2200 1829 2237; x_wconf 87' lang='lat' dir='ltr'>sit</span> <span class='ocrx_word' id='word_1_814' title='bbox 1858 2201 1992 2237; x_wconf 89' lang='lat' dir='ltr'>Ierem.</span> <span class='ocrx_word' id='word_1_815' title='bbox 2009 2201 2159 2238; x_wconf 82' lang='lat' dir='ltr'>xxx11*:</span> <span class='ocrx_word' id='word_1_816' title='bbox 2187 2201 2420 2248; x_wconf 82' lang='lat' dir='ltr'>Fortissime,</span> <span class='ocrx_word' id='word_1_817' title='bbox 2449 2210 2533 2240; x_wconf 71' lang='lat' dir='ltr'>ma-</span> 
     </span>
     <span class='ocr_line' id='line_1_104' title="bbox 1457 2253 2471 2305; baseline 0.001 -13"><span class='ocrx_word' id='word_1_818' title='bbox 1457 2266 1546 2305; x_wconf 84' lang='lat' dir='ltr'>gne,</span> <span class='ocrx_word' id='word_1_819' title='bbox 1569 2259 1716 2302; x_wconf 84' lang='lat' dir='ltr'>potens,</span> <span class='ocrx_word' id='word_1_820' title='bbox 1745 2253 1934 2290; x_wconf 86' lang='lat' dir='ltr'>Dominus</span> <span class='ocrx_word' id='word_1_821' title='bbox 1962 2253 2197 2290; x_wconf 85' lang='lat' dir='ltr'>exercituum</span> <span class='ocrx_word' id='word_1_822' title='bbox 2227 2265 2364 2292; x_wconf 90' lang='lat' dir='ltr'>nomen</span> <span class='ocrx_word' id='word_1_823' title='bbox 2393 2255 2471 2293; x_wconf 76' lang='lat' dir='ltr'>tibi.</span> 
     </span>
     <span class='ocr_line' id='line_1_105' title="bbox 1513 2306 2533 2355; baseline 0.003 -11"><span class='ocrx_word' id='word_1_824' title='bbox 1513 2308 1739 2344; x_wconf 65' lang='lat' dir='ltr'>Responnso</span> <span class='ocrx_word' id='word_1_825' title='bbox 1769 2318 1954 2343; x_wconf 79' lang='lat' dir='ltr'>DICENDUM</span> <span class='ocrx_word' id='word_1_826' title='bbox 1983 2306 2089 2355; x_wconf 93' lang='lat' dir='ltr'>quod</span> <span class='ocrx_word' id='word_1_827' title='bbox 2122 2307 2344 2344; x_wconf 87' lang='lat' dir='ltr'>huiusmodi</span> <span class='ocrx_word' id='word_1_828' title='bbox 2373 2307 2533 2347; x_wconf 81' lang='lat' dir='ltr'>nomina</span> 
     </span>
     <span class='ocr_line' id='line_1_106' title="bbox 1460 2360 2530 2410; baseline 0.001 -12"><span class='ocrx_word' id='word_1_829' title='bbox 1460 2360 1560 2398; x_wconf 90' lang='lat' dir='ltr'>dicta</span> <span class='ocrx_word' id='word_1_830' title='bbox 1583 2361 1631 2398; x_wconf 91' lang='lat' dir='ltr'>de</span> <span class='ocrx_word' id='word_1_831' title='bbox 1651 2361 1749 2407; x_wconf 89' lang='lat' dir='ltr'>Deo,</span> <span class='ocrx_word' id='word_1_832' title='bbox 1771 2371 1850 2397; x_wconf 91' lang='lat' dir='ltr'>non</span> <span class='ocrx_word' id='word_1_833' title='bbox 1869 2367 1958 2397; x_wconf 91' lang='lat' dir='ltr'>sunt</span> <span class='ocrx_word' id='word_1_834' title='bbox 1976 2371 2204 2408; x_wconf 87' lang='lat' dir='ltr'>synonyma.</span> <span class='ocrx_word' id='word_1_835' title='bbox 2235 2360 2354 2408; x_wconf 90' lang='lat' dir='ltr'>Quod</span> <span class='ocrx_word' id='word_1_836' title='bbox 2372 2360 2530 2410; x_wconf 88' lang='lat' dir='ltr'>quidem</span> 
     </span>
     <span class='ocr_line' id='line_1_107' title="bbox 1459 2412 2529 2463; baseline 0.001 -12"><span class='ocrx_word' id='word_1_837' title='bbox 1459 2413 1567 2451; x_wconf 88' lang='lat' dir='ltr'>facile</span> <span class='ocrx_word' id='word_1_838' title='bbox 1597 2421 1695 2451; x_wconf 90' lang='lat' dir='ltr'>esset</span> <span class='ocrx_word' id='word_1_839' title='bbox 1712 2412 1858 2460; x_wconf 85' lang='lat' dir='ltr'>videre,</span> <span class='ocrx_word' id='word_1_840' title='bbox 1885 2412 1915 2450; x_wconf 88' lang='lat' dir='ltr'>si</span> <span class='ocrx_word' id='word_1_841' title='bbox 1935 2413 2151 2451; x_wconf 89' lang='lat' dir='ltr'>diceremus</span> <span class='ocrx_word' id='word_1_842' title='bbox 2179 2413 2286 2463; x_wconf 90' lang='lat' dir='ltr'>quod</span> <span class='ocrx_word' id='word_1_843' title='bbox 2306 2413 2529 2452; x_wconf 88' lang='lat' dir='ltr'>huiusmodi</span> 
     </span>
     <span class='ocr_line' id='line_1_108' title="bbox 1460 2466 2529 2515; baseline 0.001 -10"><span class='ocrx_word' id='word_1_844' title='bbox 1460 2466 1619 2505; x_wconf 89' lang='lat' dir='ltr'>nomina</span> <span class='ocrx_word' id='word_1_845' title='bbox 1637 2474 1724 2504; x_wconf 89' lang='lat' dir='ltr'>sunt</span> <span class='ocrx_word' id='word_1_846' title='bbox 1751 2466 1906 2504; x_wconf 88' lang='lat' dir='ltr'>inducta</span> <span class='ocrx_word' id='word_1_847' title='bbox 1924 2466 1974 2504; x_wconf 89' lang='lat' dir='ltr'>ad</span> <span class='ocrx_word' id='word_1_848' title='bbox 1993 2466 2291 2515; x_wconf 88' lang='lat' dir='ltr'>removendum,</span> <span class='ocrx_word' id='word_1_849' title='bbox 2310 2467 2373 2505; x_wconf 89' lang='lat' dir='ltr'>vel</span> <span class='ocrx_word' id='word_1_850' title='bbox 2393 2467 2444 2505; x_wconf 85' lang='lat' dir='ltr'>ad</span> <span class='ocrx_word' id='word_1_851' title='bbox 2464 2468 2529 2506; x_wconf 83' lang='lat' dir='ltr'>de-</span> 
     </span>
     <span class='ocr_line' id='line_1_109' title="bbox 1460 2518 2534 2570; baseline 0 -12"><span class='ocrx_word' id='word_1_852' title='bbox 1460 2520 1688 2570; x_wconf 88' lang='lat' dir='ltr'>signandum</span> <span class='ocrx_word' id='word_1_853' title='bbox 1709 2518 1723 2542; x_wconf 75' lang='lat'><em>⁸</em></span> <span class='ocrx_word' id='word_1_854' title='bbox 1746 2519 2013 2557; x_wconf 88' lang='lat' dir='ltr'>habitudinem</span> <span class='ocrx_word' id='word_1_855' title='bbox 2033 2531 2171 2558; x_wconf 87' lang='lat' dir='ltr'>causae</span> <span class='ocrx_word' id='word_1_856' title='bbox 2191 2527 2366 2569; x_wconf 88' lang='lat' dir='ltr'>respectu</span> <span class='ocrx_word' id='word_1_857' title='bbox 2386 2527 2534 2558; x_wconf 86' lang='lat' dir='ltr'>creatu-</span> 
     </span>
     <span class='ocr_line' id='line_1_110' title="bbox 1461 2572 2531 2616; baseline 0 -4"><span class='ocrx_word' id='word_1_858' title='bbox 1461 2586 1604 2612; x_wconf 89' lang='lat' dir='ltr'>rarum:</span> <span class='ocrx_word' id='word_1_859' title='bbox 1639 2573 1692 2611; x_wconf 91' lang='lat' dir='ltr'>sic</span> <span class='ocrx_word' id='word_1_860' title='bbox 1713 2573 1813 2611; x_wconf 89' lang='lat' dir='ltr'>enirn</span> <span class='ocrx_word' id='word_1_861' title='bbox 1835 2580 1962 2611; x_wconf 90' lang='lat' dir='ltr'>essent</span> <span class='ocrx_word' id='word_1_862' title='bbox 1995 2572 2168 2616; x_wconf 87' lang='lat' dir='ltr'>diversae</span> <span class='ocrx_word' id='word_1_863' title='bbox 2197 2573 2364 2611; x_wconf 87' lang='lat' dir='ltr'>rationes</span> <span class='ocrx_word' id='word_1_864' title='bbox 2389 2574 2531 2612; x_wconf 87' lang='lat' dir='ltr'>horum</span> 
     </span>
     <span class='ocr_line' id='line_1_111' title="bbox 1460 2626 2530 2675; baseline 0 -9"><span class='ocrx_word' id='word_1_865' title='bbox 1460 2627 1662 2666; x_wconf 88' lang='lat' dir='ltr'>nominum</span> <span class='ocrx_word' id='word_1_866' title='bbox 1677 2626 1892 2664; x_wconf 91' lang='lat' dir='ltr'>secundum</span> <span class='ocrx_word' id='word_1_867' title='bbox 1908 2626 2060 2664; x_wconf 87' lang='lat' dir='ltr'>diversa</span> <span class='ocrx_word' id='word_1_868' title='bbox 2073 2634 2221 2675; x_wconf 85' lang='lat' dir='ltr'>negata,</span> <span class='ocrx_word' id='word_1_869' title='bbox 2237 2627 2300 2664; x_wconf 89' lang='lat' dir='ltr'>vel</span> <span class='ocrx_word' id='word_1_870' title='bbox 2315 2627 2530 2666; x_wconf 82' lang='lat' dir='ltr'>seeundum</span> 
     </span>
     <span class='ocr_line' id='line_1_112' title="bbox 1460 2679 2531 2730; baseline 0 -11"><span class='ocrx_word' id='word_1_871' title='bbox 1460 2681 1632 2720; x_wconf 86' lang='lat' dir='ltr'>diversos</span> <span class='ocrx_word' id='word_1_872' title='bbox 1652 2679 1810 2718; x_wconf 87' lang='lat' dir='ltr'>effectus</span> <span class='ocrx_word' id='word_1_873' title='bbox 1830 2687 2068 2718; x_wconf 90' lang='lat' dir='ltr'>connotatos.</span> <span class='ocrx_word' id='word_1_874' title='bbox 2091 2679 2170 2717; x_wconf 91' lang='lat' dir='ltr'>Sed</span> <span class='ocrx_word' id='word_1_875' title='bbox 2189 2680 2404 2718; x_wconf 90' lang='lat' dir='ltr'>secundum</span> <span class='ocrx_word' id='word_1_876' title='bbox 2424 2679 2531 2730; x_wconf 85' lang='lat' dir='ltr'>quod</span> 
     </span>
    </p>
   </div>
   <div class='ocr_carea' id='block_1_14' title="bbox 1461 2732 2569 2773">
    <p class='ocr_par' dir='ltr' id='par_1_25' title="bbox 1461 2732 2569 2773">
     <span class='ocr_line' id='line_1_113' title="bbox 1461 2732 2569 2773; baseline -0.001 0"><span class='ocrx_word' id='word_1_877' title='bbox 1461 2735 1603 2773; x_wconf 89' lang='lat' dir='ltr'>dictum</span> <span class='ocrx_word' id='word_1_878' title='bbox 1633 2741 1689 2771; x_wconf 90' lang='lat' dir='ltr'>est</span> <span class='ocrx_word' id='word_1_879' title='bbox 1706 2733 1726 2756; x_wconf 73' lang='lat'>²¹²</span> <span class='ocrx_word' id='word_1_880' title='bbox 1754 2732 1973 2771; x_wconf 88' lang='lat' dir='ltr'>huiusmodi</span> <span class='ocrx_word' id='word_1_881' title='bbox 2007 2733 2167 2771; x_wconf 85' lang='lat' dir='ltr'>nomina</span> <span class='ocrx_word' id='word_1_882' title='bbox 2193 2733 2444 2772; x_wconf 87' lang='lat' dir='ltr'>substantiam</span> <span class='ocrx_word' id='word_1_883' title='bbox 2477 2733 2532 2772; x_wconf 87' lang='lat' dir='ltr'>di·</span> <span class='ocrx_word' id='word_1_884' title='bbox 2557 2741 2569 2753; x_wconf 88' lang='lat'><strong>·</strong></span> 
     </span>
    </p>
   </div>
   <div class='ocr_carea' id='block_1_15' title="bbox 1460 2786 2529 2837">
    <p class='ocr_par' dir='ltr' id='par_1_26' title="bbox 1460 2786 2529 2837">
     <span class='ocr_line' id='line_1_114' title="bbox 1460 2786 2529 2837; baseline 0 -11"><span class='ocrx_word' id='word_1_885' title='bbox 1460 2788 1593 2826; x_wconf 87' lang='lat' dir='ltr'>vinam</span> <span class='ocrx_word' id='word_1_886' title='bbox 1621 2786 1834 2836; x_wconf 86' lang='lat' dir='ltr'>significare</span> <span class='ocrx_word' id='word_1_887' title='bbox 1854 2793 1876 2834; x_wconf 80' lang='lat'>‘,</span> <span class='ocrx_word' id='word_1_888' title='bbox 1906 2786 1992 2824; x_wconf 91' lang='lat' dir='ltr'>licet</span> <span class='ocrx_word' id='word_1_889' title='bbox 2019 2786 2253 2836; x_wconf 87' lang='lat' dir='ltr'>imperfecte,</span> <span class='ocrx_word' id='word_1_890' title='bbox 2275 2786 2389 2824; x_wconf 91' lang='lat' dir='ltr'>etiam</span> <span class='ocrx_word' id='word_1_891' title='bbox 2416 2787 2529 2837; x_wconf 87' lang='lat' dir='ltr'>plane</span> 
     </span>
    </p>
   </div>
   <div class='ocr_carea' id='block_1_16' title="bbox 1460 2839 2570 2891">
    <p class='ocr_par' dir='ltr' id='par_1_27' title="bbox 1460 2839 2570 2891">
     <span class='ocr_line' id='line_1_115' title="bbox 1460 2839 2570 2891; baseline 0 -12"><span class='ocrx_word' id='word_1_892' title='bbox 1460 2848 1630 2891; x_wconf 86' lang='lat' dir='ltr'>apparet,</span> <span class='ocrx_word' id='word_1_893' title='bbox 1650 2840 1864 2878; x_wconf 90' lang='lat' dir='ltr'>secundum</span> <span class='ocrx_word' id='word_1_894' title='bbox 1889 2839 2118 2890; x_wconf 89' lang='lat' dir='ltr'>praemissa,</span> <span class='ocrx_word' id='word_1_895' title='bbox 2138 2839 2159 2863; x_wconf 71' lang='lat'>¹⁸⁸</span> <span class='ocrx_word' id='word_1_896' title='bbox 2177 2840 2283 2890; x_wconf 91' lang='lat' dir='ltr'>quod</span> <span class='ocrx_word' id='word_1_897' title='bbox 2310 2841 2454 2878; x_wconf 87' lang='lat' dir='ltr'>habent</span> <span class='ocrx_word' id='word_1_898' title='bbox 2472 2850 2530 2879; x_wconf 78' lang='lat' dir='ltr'>ra-</span> <span class='ocrx_word' id='word_1_899' title='bbox 2560 2852 2570 2862; x_wconf 89' lang='lat'><strong>·</strong></span> 
     </span>
    </p>
   </div>
   <div class='ocr_carea' id='block_1_17' title="bbox 1459 2893 2531 3371">
    <p class='ocr_par' dir='ltr' id='par_1_28' title="bbox 1459 2893 2531 3371">
     <span class='ocr_line' id='line_1_116' title="bbox 1460 2893 2529 2944; baseline -0.002 -12"><span class='ocrx_word' id='word_1_900' title='bbox 1460 2895 1584 2933; x_wconf 90' lang='lat' dir='ltr'>tiones</span> <span class='ocrx_word' id='word_1_901' title='bbox 1599 2894 1779 2932; x_wconf 84' lang='lat' dir='ltr'>diversas.</span> <span class='ocrx_word' id='word_1_902' title='bbox 1793 2893 1904 2931; x_wconf 88' lang='lat' dir='ltr'>Ratio</span> <span class='ocrx_word' id='word_1_903' title='bbox 1921 2893 2023 2931; x_wconf 90' lang='lat' dir='ltr'>enim</span> <span class='ocrx_word' id='word_1_904' title='bbox 2039 2905 2157 2944; x_wconf 89' lang='lat' dir='ltr'>quam</span> <span class='ocrx_word' id='word_1_905' title='bbox 2172 2893 2358 2942; x_wconf 84' lang='lat' dir='ltr'>significat</span> <span class='ocrx_word' id='word_1_906' title='bbox 2372 2905 2529 2942; x_wconf 86' lang='lat' dir='ltr'>nomen,</span> 
     </span>
     <span class='ocr_line' id='line_1_117' title="bbox 1461 2945 2530 2997; baseline -0.001 -11"><span class='ocrx_word' id='word_1_907' title='bbox 1461 2955 1518 2986; x_wconf 92' lang='lat' dir='ltr'>est</span> <span class='ocrx_word' id='word_1_908' title='bbox 1545 2947 1744 2997; x_wconf 86' lang='lat' dir='ltr'>conceptio</span> <span class='ocrx_word' id='word_1_909' title='bbox 1773 2946 1983 2984; x_wconf 90' lang='lat' dir='ltr'>intellectus</span> <span class='ocrx_word' id='word_1_910' title='bbox 2009 2947 2057 2985; x_wconf 91' lang='lat' dir='ltr'>de</span> <span class='ocrx_word' id='word_1_911' title='bbox 2076 2958 2116 2984; x_wconf 91' lang='lat' dir='ltr'>re</span> <span class='ocrx_word' id='word_1_912' title='bbox 2135 2945 2345 2995; x_wconf 83' lang='lat' dir='ltr'>significata</span> <span class='ocrx_word' id='word_1_913' title='bbox 2371 2957 2445 2996; x_wconf 91' lang='lat' dir='ltr'>per·</span> <span class='ocrx_word' id='word_1_914' title='bbox 2460 2958 2530 2985; x_wconf 90' lang='lat' dir='ltr'>no-</span> 
     </span>
     <span class='ocr_line' id='line_1_118' title="bbox 1461 3001 2531 3048; baseline -0.001 -9"><span class='ocrx_word' id='word_1_915' title='bbox 1461 3014 1563 3039; x_wconf 89' lang='lat' dir='ltr'>men.</span> <span class='ocrx_word' id='word_1_916' title='bbox 1603 3001 1815 3038; x_wconf 87' lang='lat' dir='ltr'>Intellectus</span> <span class='ocrx_word' id='word_1_917' title='bbox 1853 3008 1982 3038; x_wconf 89' lang='lat' dir='ltr'>autern</span> <span class='ocrx_word' id='word_1_918' title='bbox 2017 3007 2163 3048; x_wconf 90' lang='lat' dir='ltr'>noster,</span> <span class='ocrx_word' id='word_1_919' title='bbox 2199 3011 2299 3044; x_wconf 56' lang='lat' dir='ltr'>curn⁴</span> <span class='ocrx_word' id='word_1_920' title='bbox 2324 3007 2531 3048; x_wconf 83' lang='lat' dir='ltr'>cognoscat</span> 
     </span>
     <span class='ocr_line' id='line_1_119' title="bbox 1461 3052 2529 3102; baseline -0.001 -9"><span class='ocrx_word' id='word_1_921' title='bbox 1461 3056 1590 3093; x_wconf 91' lang='lat' dir='ltr'>Deum</span> <span class='ocrx_word' id='word_1_922' title='bbox 1627 3067 1674 3092; x_wconf 89' lang='lat' dir='ltr'>ex</span> <span class='ocrx_word' id='word_1_923' title='bbox 1707 3054 1887 3092; x_wconf 88' lang='lat' dir='ltr'>creaturis</span> <span class='ocrx_word' id='word_1_924' title='bbox 1916 3054 1950 3102; x_wconf 58' lang='grc' dir='ltr'>ἕ,</span> <span class='ocrx_word' id='word_1_925' title='bbox 1980 3054 2120 3091; x_wconf 88' lang='lat' dir='ltr'>format</span> <span class='ocrx_word' id='word_1_926' title='bbox 2156 3052 2206 3090; x_wconf 90' lang='lat' dir='ltr'>ad</span> <span class='ocrx_word' id='word_1_927' title='bbox 2243 3052 2529 3101; x_wconf 87' lang='lat' dir='ltr'>intelligendum</span> 
     </span>
     <span class='ocr_line' id='line_1_120' title="bbox 1460 3106 2529 3157; baseline -0.001 -11"><span class='ocrx_word' id='word_1_928' title='bbox 1460 3109 1589 3146; x_wconf 90' lang='lat' dir='ltr'>Deum</span> <span class='ocrx_word' id='word_1_929' title='bbox 1618 3107 1886 3157; x_wconf 89' lang='lat' dir='ltr'>conceptiones</span> <span class='ocrx_word' id='word_1_930' title='bbox 1906 3106 2212 3157; x_wconf 88' lang='lat' dir='ltr'>proportionatas</span> <span class='ocrx_word' id='word_1_931' title='bbox 2231 3106 2529 3155; x_wconf 88' lang='lat' dir='ltr'>perfectionibus</span> 
     </span>
     <span class='ocr_line' id='line_1_121' title="bbox 1459 3159 2528 3211; baseline 0 -13"><span class='ocrx_word' id='word_1_932' title='bbox 1459 3161 1756 3211; x_wconf 89' lang='lat' dir='ltr'>procedentibus</span> <span class='ocrx_word' id='word_1_933' title='bbox 1784 3173 1807 3198; x_wconf 91' lang='lat' dir='ltr'>a</span> <span class='ocrx_word' id='word_1_934' title='bbox 1834 3161 1919 3198; x_wconf 93' lang='lat' dir='ltr'>Deo</span> <span class='ocrx_word' id='word_1_935' title='bbox 1948 3160 1988 3198; x_wconf 90' lang='lat' dir='ltr'>in</span> <span class='ocrx_word' id='word_1_936' title='bbox 2007 3165 2209 3198; x_wconf 83' lang='lat' dir='ltr'>creaturas.</span> <span class='ocrx_word' id='word_1_937' title='bbox 2241 3159 2352 3206; x_wconf 89' lang='lat' dir='ltr'>Quae</span> <span class='ocrx_word' id='word_1_938' title='bbox 2371 3159 2528 3209; x_wconf 89' lang='lat' dir='ltr'>quidem</span> 
     </span>
     <span class='ocr_line' id='line_1_122' title="bbox 1459 3212 2529 3264; baseline -0.001 -12"><span class='ocrx_word' id='word_1_939' title='bbox 1459 3214 1710 3264; x_wconf 88' lang='lat' dir='ltr'>perfectiones</span> <span class='ocrx_word' id='word_1_940' title='bbox 1738 3214 1777 3251; x_wconf 90' lang='lat' dir='ltr'>in</span> <span class='ocrx_word' id='word_1_941' title='bbox 1805 3215 1890 3251; x_wconf 90' lang='lat' dir='ltr'>Deo</span> <span class='ocrx_word' id='word_1_942' title='bbox 1919 3212 2177 3264; x_wconf 89' lang='lat' dir='ltr'>praeexistunt</span> <span class='ocrx_word' id='word_1_943' title='bbox 2204 3213 2306 3250; x_wconf 89' lang='lat' dir='ltr'>unite</span> <span class='ocrx_word' id='word_1_944' title='bbox 2328 3220 2364 3250; x_wconf 92' lang='lat' dir='ltr'>et</span> <span class='ocrx_word' id='word_1_945' title='bbox 2384 3213 2529 3264; x_wconf 87' lang='lat' dir='ltr'>simpli-</span> 
     </span>
     <span class='ocr_line' id='line_1_123' title="bbox 1460 3265 2529 3316; baseline -0.001 -11"><span class='ocrx_word' id='word_1_946' title='bbox 1460 3268 1567 3305; x_wconf 85' lang='lat' dir='ltr'>citer:</span> <span class='ocrx_word' id='word_1_947' title='bbox 1597 3267 1634 3305; x_wconf 91' lang='lat' dir='ltr'>in</span> <span class='ocrx_word' id='word_1_948' title='bbox 1663 3267 1844 3305; x_wconf 88' lang='lat' dir='ltr'>creaturis</span> <span class='ocrx_word' id='word_1_949' title='bbox 1862 3279 1957 3305; x_wconf 88' lang='lat' dir='ltr'>vero</span> <span class='ocrx_word' id='word_1_950' title='bbox 1982 3265 2214 3316; x_wconf 89' lang='lat' dir='ltr'>recipiuntur</span> <span class='ocrx_word' id='word_1_951' title='bbox 2234 3266 2354 3304; x_wconf 85' lang='lat' dir='ltr'>divise</span> <span class='ocrx_word' id='word_1_952' title='bbox 2374 3274 2412 3304; x_wconf 93' lang='lat' dir='ltr'>et</span> <span class='ocrx_word' id='word_1_953' title='bbox 2430 3267 2529 3305; x_wconf 90' lang='lat' dir='ltr'>mul-</span> 
     </span>
     <span class='ocr_line' id='line_1_124' title="bbox 1459 3319 2530 3371; baseline 0 -13"><span class='ocrx_word' id='word_1_954' title='bbox 1459 3321 1642 3371; x_wconf 90' lang='lat' dir='ltr'>tipliciter.</span> <span class='ocrx_word' id='word_1_955' title='bbox 1674 3320 1779 3359; x_wconf 90' lang='lat' dir='ltr'>Sicut</span> <span class='ocrx_word' id='word_1_956' title='bbox 1799 3320 1908 3369; x_wconf 87' lang='lat' dir='ltr'>igitur</span> <span class='ocrx_word' id='word_1_957' title='bbox 1927 3319 2086 3358; x_wconf 87' lang='lat' dir='ltr'>diversis</span> <span class='ocrx_word' id='word_1_958' title='bbox 2106 3319 2403 3369; x_wconf 89' lang='lat' dir='ltr'>perfectionibus</span> <span class='ocrx_word' id='word_1_959' title='bbox 2424 3332 2530 3358; x_wconf 90' lang='lat' dir='ltr'>crea-</span> 
     </span>
    </p>
   </div>
   <div class='ocr_carea' id='block_1_18' title="bbox 1459 3458 2528 3636">
    <p class='ocr_par' dir='ltr' id='par_1_29' title="bbox 1459 3458 2527 3567">
     <span class='ocr_line' id='line_1_125' title="bbox 1513 3458 2527 3495; baseline -0.002 -8"><span class='ocrx_word' id='word_1_960' title='bbox 1513 3461 1538 3495; x_wconf 80' lang='grc' dir='ltr'>δ)</span> <span class='ocrx_word' id='word_1_961' title='bbox 1558 3462 1756 3491; x_wconf 73' lang='lat' dir='ltr'>removendum,</span> <span class='ocrx_word' id='word_1_962' title='bbox 1776 3462 1818 3487; x_wconf 77' lang='lat' dir='ltr'>vel</span> <span class='ocrx_word' id='word_1_963' title='bbox 1835 3461 1873 3486; x_wconf 82' lang='lat' dir='ltr'>ad</span> <span class='ocrx_word' id='word_1_964' title='bbox 1891 3460 2095 3494; x_wconf 74' lang='lat' dir='ltr'>designandum.</span> <span class='ocrx_word' id='word_1_965' title='bbox 2114 3474 2133 3481; x_wconf 84' lang='lat'><em>-</em></span> <span class='ocrx_word' id='word_1_966' title='bbox 2151 3460 2339 3487; x_wconf 74' lang='lat' dir='ltr'>removendam</span> <span class='ocrx_word' id='word_1_967' title='bbox 2355 3460 2396 3486; x_wconf 75' lang='lat' dir='ltr'>vel</span> <span class='ocrx_word' id='word_1_968' title='bbox 2408 3459 2446 3485; x_wconf 77' lang='lat' dir='ltr'>ad</span> <span class='ocrx_word' id='word_1_969' title='bbox 2459 3458 2527 3485; x_wconf 77' lang='lat' dir='ltr'>desi—</span> 
     </span>
     <span class='ocr_line' id='line_1_126' title="bbox 1459 3498 2302 3567; baseline -0.001 -9"><span class='ocrx_word' id='word_1_970' title='bbox 1459 3498 1714 3567; x_wconf 45' lang='lat' dir='ltr'>gnasdffgnijicare.</span> <span class='ocrx_word' id='word_1_971' title='bbox 1731 3546 1750 3552; x_wconf 96' lang='lat'>-</span> <span class='ocrx_word' id='word_1_972' title='bbox 1763 3531 1921 3566; x_wconf 69' lang='lat' dir='ltr'>,significant</span> <span class='ocrx_word' id='word_1_973' title='bbox 1939 3531 1993 3557; x_wconf 91' lang='lat' dir='ltr'>BG.</span> <span class='ocrx_word' id='word_1_974' title='bbox 2011 3544 2031 3551; x_wconf 94' lang='lat'><em>-</em></span> <span class='ocrx_word' id='word_1_975' title='bbox 2049 3531 2099 3556; x_wconf 86' lang='lat' dir='ltr'>Pro</span> <span class='ocrx_word' id='word_1_976' title='bbox 2118 3532 2207 3562; x_wconf 78' lang='lat' dir='ltr'>etiam,</span> <span class='ocrx_word' id='word_1_977' title='bbox 2227 3535 2253 3557; x_wconf 86' lang='lat' dir='ltr'>et</span> <span class='ocrx_word' id='word_1_978' title='bbox 2271 3532 2302 3557; x_wconf 86' lang='lat' dir='ltr'>B.</span> 
     </span>
    </p>

    <p class='ocr_par' dir='ltr' id='par_1_30' title="bbox 1460 3564 2528 3636">
     <span class='ocr_line' id='line_1_127' title="bbox 1512 3564 2527 3601; baseline -0.004 -7"><span class='ocrx_word' id='word_1_979' title='bbox 1512 3568 1537 3601; x_wconf 81' lang='grc' dir='ltr'>ζ)</span> <span class='ocrx_word' id='word_1_980' title='bbox 1557 3575 1617 3594; x_wconf 88' lang='lat' dir='ltr'>cum</span> <span class='ocrx_word' id='word_1_981' title='bbox 1629 3570 1774 3601; x_wconf 77' lang='lat' dir='ltr'>cognoscat</span> <span class='ocrx_word' id='word_1_982' title='bbox 1793 3567 1880 3593; x_wconf 81' lang='lat' dir='ltr'>Deum</span> <span class='ocrx_word' id='word_1_983' title='bbox 1899 3573 1937 3592; x_wconf 83' lang='lat' dir='ltr'>ex</span> <span class='ocrx_word' id='word_1_984' title='bbox 1955 3567 2096 3593; x_wconf 78' lang='lat' dir='ltr'>creaturis.</span> <span class='ocrx_word' id='word_1_985' title='bbox 2110 3581 2128 3586; x_wconf 99' lang='lat'>-</span> <span class='ocrx_word' id='word_1_986' title='bbox 2141 3574 2201 3593; x_wconf 76' lang='lat' dir='ltr'>cum</span> <span class='ocrx_word' id='word_1_987' title='bbox 2216 3574 2269 3593; x_wconf 89' lang='lat' dir='ltr'>non</span> <span class='ocrx_word' id='word_1_988' title='bbox 2282 3568 2427 3600; x_wconf 76' lang='lat' dir='ltr'>cognoscat</span> <span class='ocrx_word' id='word_1_989' title='bbox 2440 3564 2527 3590; x_wconf 85' lang='lat' dir='ltr'>Deum</span> 
     </span>
     <span class='ocr_line' id='line_1_128' title="bbox 1460 3599 2528 3636; baseline -0.004 -7"><span class='ocrx_word' id='word_1_990' title='bbox 1460 3603 1512 3629; x_wconf 73' lang='lat' dir='ltr'>nisi</span> <span class='ocrx_word' id='word_1_991' title='bbox 1530 3610 1568 3629; x_wconf 86' lang='lat' dir='ltr'>ex</span> <span class='ocrx_word' id='word_1_992' title='bbox 1585 3603 1718 3629; x_wconf 78' lang='lat' dir='ltr'>creaturis</span> <span class='ocrx_word' id='word_1_993' title='bbox 1736 3603 1766 3629; x_wconf 88' lang='grc' dir='ltr'>Β.</span> <span class='ocrx_word' id='word_1_994' title='bbox 1784 3615 1803 3623; x_wconf 81' lang='lat'><em>-</em></span> <span class='ocrx_word' id='word_1_995' title='bbox 1821 3602 1871 3628; x_wconf 81' lang='lat' dir='ltr'>Pro</span> <span class='ocrx_word' id='word_1_996' title='bbox 1890 3603 2072 3636; x_wconf 79' lang='lat' dir='ltr'>conceptiones</span> <span class='ocrx_word' id='word_1_997' title='bbox 2087 3603 2324 3636; x_wconf 65' lang='lat' dir='ltr'>proportionata,</span> <span class='ocrx_word' id='word_1_998' title='bbox 2344 3599 2528 3634; x_wconf 75' lang='lat' dir='ltr'>conceptiones</span> 
     </span>
    </p>
   </div>
   <div class='ocr_carea' id='block_1_19' title="bbox 1456 3638 1803 3672">
    <p class='ocr_par' dir='ltr' id='par_1_31' title="bbox 1456 3638 1803 3672">
     <span class='ocr_line' id='line_1_129' title="bbox 1456 3638 1803 3672; baseline -0.003 -8"><span class='ocrx_word' id='word_1_999' title='bbox 1456 3639 1674 3672; x_wconf 76' lang='lat' dir='ltr'>proportionales</span> <span class='ocrx_word' id='word_1_1000' title='bbox 1693 3638 1803 3664; x_wconf 83' lang='lat' dir='ltr'>codices.</span> 
     </span>
    </p>
   </div>
   <div class='ocr_carea' id='block_1_20' title="bbox 2559 2208 2695 2232">
    <p class='ocr_par' dir='ltr' id='par_1_32' title="bbox 2559 2208 2695 2232">
     <span class='ocr_line' id='line_1_130' title="bbox 2559 2208 2695 2232; baseline 0.007 -1"><span class='ocrx_word' id='word_1_1001' title='bbox 2559 2210 2569 2220; x_wconf 82' lang='grc'>·</span> <span class='ocrx_word' id='word_1_1002' title='bbox 2584 2208 2652 2232; x_wconf 72' lang='lat' dir='ltr'>Ver-s.</span> <span class='ocrx_word' id='word_1_1003' title='bbox 2660 2209 2695 2232; x_wconf 80' lang='lat'>18.</span> 
     </span>
    </p>
   </div>
  </div>
 </body>
</html>
