2768 4178
25 1192 157 1222 *αμα

27 2264 42 2278 ⁶
54 2265 82 2289 h
96 2265 174 2294 primo
188 2270 237 2292 ug.

55 2373 109 2398 ub.
117 2374 135 2403 1,
150 2380 203 2403 cap.
212 2380 244 2396 rx.

27 2644 32 2648 -
58 2634 116 2664 Cup.
131 2641 166 2659 ιιι.

57 3143 109 3167 Art.
123 3151 139 3172 ι,
154 3144 221 3174 “133-

331 251 349 260 ν
755 260 774 290 '.
1008 242 1275 288 QUAESTIO
1305 242 1351 289 V,
1382 242 1678 280 ARTICULUS
1708 243 1743 279 V

2425 240 2474 277 63

1070 412 1388 454 ARTICULUS
1419 413 1677 465 QUINTUS

678 514 835 546 UTRUM
860 513 995 545 RATlo
1019 513 1122 545 BONI
1148 513 1391 545 CONSISTAT
1416 514 1459 545 IN
1483 514 1622 551 MODO,
1648 514 1794 546 SPECIE
1819 515 1876 546 ET
1901 515 2063 547 ORDINE

970 611 990 634 1·
1010 610 1061 639 11··.
1081 618 1126 643 qu.
1145 618 1233 639 Linum,
1253 615 1299 635 art.
1319 618 1350 642 4;
1372 611 1413 636 De
1438 611 1526 641 Verit„
1546 619 1591 644 qu.
1610 619 1658 642 xxi,
1679 617 1725 636 art.
1745 610 1770 636 6.

301 744 320 768 ,s
339 730 367 753 κε
392 733 460 773 4<
484 723 506 747 D
527 721 691 753 QUINTUM
711 720 764 746 Sic
785 719 1026 745 PROCEmTUR.
1057 707 1218 744 Videtur
1239 707 1343 757 quod

323 806 330 819 a
411 771 460 824 xj!
485 763 579 800 ratio
601 762 692 800 boni
711 774 791 799 non
812 761 992 798 consistat
1008 761 1046 798 in
1065 761 1200 809 modo,
1217 761 1344 810 specie

289 818 323 864 ,j
350 833 409 861 v,
431 822 521 854 et
549 816 694 854 ordine.
724 817 880 852 Bonum
911 815 1014 852 enim
1044 822 1080 851 et
1110 827 1177 851 ens
1198 814 1344 851 ratione

292 863 302 871 ’
328 845 685 917 Wdifferunt,
719 877 762 906 ut
796 881 912 918 supra
939 868 959 890 '¹‘
988 868 1132 905 dictum
1163 876 1229 905 est.
1267 868 1344 905 Sed

271 923 432 970 modus,
463 923 611 973 species
647 930 683 960 et
712 922 808 960 ordo
846 922 1034 971 pertinere
1068 922 1117 959 ad
1155 922 1343 959 rationem

272 976 367 1014 entis
386 975 586 1014 videntur:
617 976 717 1026 quia,
735 976 831 1013 sicut
851 976 986 1013 dicitur
1006 977 1093 1025 Sap.
1114 975 1191 1023 X1*,
1214 975 1343 1012 omnia

271 1031 308 1067 in
338 1042 510 1078 numero,
534 1031 706 1079 pondere
734 1036 771 1067 et
795 1042 974 1067 mensura
998 1029 1212 1077 disposuisti
1227 1034 1263 1077 α,
1293 1028 1342 1065 ad

271 1096 370 1133 quae
399 1084 468 1121 tria
506 1084 741 1122 reducuntur
778 1083 940 1132 species,
971 1083 1112 1120 modus
1149 1089 1186 1118 et
1223 1081 1341 1118 ordo:

271 1137 372 1187 quia,
401 1145 444 1174 ut
472 1138 561 1175 dicit
588 1137 834 1186 Augustinus,
856 1137 907 1174 IV
924 1148 1038 1185 super
1061 1136 1153 1172 Gen.
1175 1135 1227 1172 ad
1253 1135 1343 1171 litte-

270 1203 356 1228 ram
382 1190 422 1227 *ε
453 1203 631 1229 mensura
665 1191 771 1228 omni
806 1190 864 1227 rei
893 1190 1048 1227 modum
1076 1188 1279 1238 praefigit,
1310 1193 1347 1224 et

242 1289 254 1291 ⁴
271 1256 452 1295 numerus
485 1245 592 1282 omni
626 1245 685 1281 rei
718 1244 878 1292 speciem
910 1243 1089 1291 praebet,
1128 1247 1165 1278 et
1193 1241 1343 1290 pondus

271 1309 422 1335 omnem
438 1310 518 1336 rem
534 1299 586 1336 ad
603 1298 763 1346 quietem
783 1302 819 1333 et
834 1296 1071 1333 stabilitatem
1093 1295 1217 1332 trahit.
1239 1295 1342 1342 Ergo

271 1351 366 1389 ratio
386 1351 478 1388 boni
497 1364 577 1388 non
597 1350 767 1387 consistit
785 1350 824 1386 in
843 1349 976 1397 modo,
992 1348 1119 1398 specie
1140 1355 1176 1384 et
1196 1347 1342 1385 ordine.

325 1417 361 1442 2.
391 1405 635 1451 Pmernnm,
668 1403 751 1452 ipse
789 1402 952 1450 modus,
987 1402 1134 1451 species
1173 1409 1209 1438 et
1246 1401 1342 1439 ordo

270 1458 374 1496 bona
401 1457 596 1506 quaedam
625 1464 722 1495 sunt.
755 1456 795 1494 Si
825 1468 914 1504 ergo
943 1456 1037 1493 ratio
1063 1455 1155 1492 boni
1175 1453 1345 1492 consistit

270 1511 309 1548 in
336 1511 474 1558 modo,
504 1510 631 1560 specie
661 1518 698 1547 et
729 1509 880 1558 ordine,
911 1516 1062 1558 oportet
1095 1508 1208 1546 etiam
1237 1508 1343 1557 quod

270 1563 412 1602 modus
440 1565 581 1601 habeat
608 1564 784 1611 modum,
815 1563 984 1612 speciem
1015 1570 1051 1599 et
1079 1561 1277 1600 ordinem:
1309 1568 1345 1598 et

270 1616 441 1655 similiter
477 1617 623 1667 species
653 1625 690 1654 et
717 1617 826 1654 ordo.
857 1617 959 1665 Ergo
998 1616 1270 1665 procederetur
1306 1615 1343 1652 in

270 1671 472 1709 infinitum.

327 1726 362 1762 3.
382 1725 617 1772 Pataram,
639 1724 785 1760 malum
807 1730 861 1760 est
880 1722 1043 1772 privatio
1066 1722 1173 1760 modi
1203 1729 1239 1759 et
1258 1734 1342 1771 spe-

271 1778 341 1815 ciei
379 1785 431 1815 et.
452 1776 608 1815 ordinis.
644 1777 722 1815 Sed
756 1777 903 1814 malum
941 1788 1020 1813 non
1054 1775 1150 1813 tollit
1181 1775 1344 1812 totaliter

270 1832 431 1869 bonum.
461 1832 564 1880 Ergo
593 1830 688 1868 ratio
717 1830 810 1867 boni
837 1842 917 1867 non
945 1829 1113 1872 consistit
1141 1829 1180 1866 in
1209 1829 1342 1876 modo,

271 1885 398 1935 specie
429 1891 465 1921 et
492 1884 638 1922 ordine.

324 1950 362 1986 4.
392 1939 629 1985 PRAETEREA,
650 1935 743 1973 illud
771 1936 809 1973 in
829 1947 907 1984 quo
928 1936 1096 1973 consistit
1124 1936 1218 1973 ratio
1239 1935 1341 1983 boni,

271 2005 351 2030 non
369 1999 496 2041 potest
521 1990 594 2028 dici
614 1990 772 2027 malum.
795 1989 874 2026 Sed
893 1988 1027 2026 dicitur
1045 1990 1169 2026 malus
1189 1990 1342 2036 modus,

272 2046 374 2083 mala
402 2044 561 2094 species,
589 2043 714 2081 malus
743 2043 852 2080 ordo.
887 2043 991 2090 Ergo
1021 2043 1114 2080 ratio
1144 2043 1236 2080 boni
1265 2055 1343 2080 non

273 2098 442 2136 consistit
469 2098 508 2135 in
536 2097 670 2144 modo,
700 2095 828 2145 specie
857 2103 895 2132 et
923 2095 1067 2133 ordine.

330 2153 362 2190 5.
393 2153 627 2198 Prummu,
644 2149 797 2197 modus,
818 2148 965 2198 species
995 2156 1030 2185 et
1054 2149 1151 2186 ordo
1177 2161 1222 2186 ex
1247 2161 1344 2198 pon-

272 2205 384 2252 dere,
414 2216 578 2242 numero
609 2210 646 2240 et
674 2214 856 2240 mensura
885 2209 1106 2249 causantur,
1135 2210 1177 2239 ut
1205 2215 1250 2239 ex
1279 2215 1344 2239 au-

272 2258 444 2297 ctoritate
471 2256 672 2306 Augustini
706 2255 863 2294 inducta
889 2255 910 2277 '¹‘
936 2263 1051 2305 patet.
1091 2256 1184 2293 Non
1217 2263 1345 2293 autern

272 2312 404 2350 omnia
432 2313 536 2349 bona
563 2311 707 2348 habent
734 2309 910 2358 pondus,
939 2320 1145 2346 numerum
1174 2317 1210 2346 et
1239 2322 1346 2346 men-

272 2378 417 2404 suram:
448 2365 537 2403 dicit
565 2364 668 2401 enim
687 2362 929 2410 Ambrosius,
958 2362 998 2399 in
1016 2363 1290 2400 Hexaemeron
1312 2363 1344 2410 ²⁸⁸,

273 2419 380 2470 quod
398 2419 491 2456 lucis
519 2423 657 2455 natura
686 2422 750 2463 est,
772 2422 812 2453 ut
838 2428 912 2453 non
943 2416 980 2453 in
1010 2428 1181 2462 numero,
1203 2428 1277 2453 non
1308 2417 1345 2453 in

267 2473 456 2523 pondere,
488 2483 562 2509 non
592 2471 629 2508 in
659 2482 838 2508 mensura
871 2475 999 2507 creata
1027 2470 1083 2506 sit.
1123 2470 1216 2507 Non
1255 2482 1344 2518 ergo

274 2527 369 2564 ratio
398 2525 491 2563 boni
520 2524 691 2562 consistit
718 2523 757 2560 in
786 2524 919 2571 modo,
949 2522 1076 2572 specie
1106 2531 1142 2560 et
1171 2523 1316 2561 ordine.

328 2581 404 2617 SED
433 2590 579 2616 CONTRA
599 2589 664 2615 EST
689 2576 794 2626 quod
815 2576 904 2614 dicit
923 2577 1170 2624 Augustinus,
1190 2577 1228 2614 in
1247 2576 1344 2613 libro

274 2634 320 2670 de
347 2633 502 2670 Natura
530 2632 632 2668 Boni
648 2630 686 2667 *ε
715 2631 828 2667 Haec
855 2630 940 2676 tria,
970 2631 1115 2677 modus,
1144 2630 1283 2678 species
1312 2635 1348 2666 et

275 2686 391 2731 ordo,
420 2691 601 2733 tanquam
634 2683 831 2734 generalia
869 2684 968 2720 hona
1001 2690 1089 2721 sunt
1115 2684 1151 2720 in
1182 2684 1293 2720 rebus
1320 2695 1344 2719 a

275 2741 358 2776 Deo
374 2739 518 2788 sactis.-
545 2743 582 2774 et
608 2738 670 2782 ita,
691 2738 785 2773 haec
807 2736 879 2773 tria
900 2736 965 2773 ubi
983 2749 1127 2787 magna
1146 2743 1243 2783 sunt,
1263 2748 1344 2773 ma-

273 2804 354 2843 gna
383 2793 482 2829 bona
500 2796 608 2835 sunt,·
638 2790 702 2826 ubi
713 2800 852 2838 parva,
865 2801 990 2838 parva
1019 2791 1118 2827 bona
1146 2796 1253 2835 sunt‚·
1283 2790 1348 2826 uhi

275 2846 397 2891 nulla,
428 2844 572 2882 nullum
602 2844 742 2880 bonum
771 2848 834 2879 est.
874 2843 993 2890 Quod
1021 2856 1101 2880 non
1130 2851 1243 2890 esset,
1274 2842 1345 2879 nisi

274 2900 367 2936 ratio
397 2898 489 2935 boni
508 2898 547 2934 in
567 2897 620 2934 eis
641 2896 872 2933 consisteret.
904 2897 1007 2945 Ergo
1028 2897 1122 2934 ratio
1143 2897 1234 2933 boni
1255 2908 1344 2932 con-

274 2952 368 2990 sistit
395 2952 433 2988 in
462 2951 594 2998 modo,
625 2950 751 3000 specie
781 2956 818 2986 et
845 2949 991 2987 ordine.

329 3007 556 3043 RESPONDEO
595 3015 780 3041 mCENDUM
812 3003 917 3051 quod
953 3003 1261 3052 unumquodque
1291 3001 1345 3038 di-

276 3059 371 3095 citur
398 3059 559 3105 bonum,
580 3057 807 3106 inquantum
826 3064 883 3094 est
900 3057 1131 3106 perfectum:
1161 3056 1214 3093 sic
1243 3056 1345 3093 enirn

276 3119 331 3149 est
344 3110 362 3140 Ρ
381 3110 601 3160 appetibile,
621 3118 664 3147 ut
683 3122 800 3159 supra
818 3110 838 3132 ³¹⁶
857 3109 1001 3147 dictum
1031 3117 1097 3147 est.
1128 3109 1345 3146 Perfectum

276 3172 405 3202 autem
433 3164 577 3212 dicitur,
599 3164 659 3201 cui
682 3164 774 3200 nihil
804 3164 911 3201 deest
938 3163 1152 3200 secundum
1181 3162 1345 3200 modum

276 3230 368 3255 suae
395 3217 649 3266 perfectionis.
682 3217 783 3262 Cum
813 3224 942 3253 autern
962 3216 1271 3265 unumquodque
1301 3216 1346 3252 sit

331 3375 359 3408 α)
379 3374 543 3407 disposuisti.
557 3388 575 3393 -
593 3375 755 3400 constituisti
774 3375 876 3399 codices
897 3379 922 3399 et
941 3375 1000 3399 edd.
1020 3375 1067 3399 ab.

331 3410 357 3444 β)
377 3411 416 3436 sic
434 3410 504 3435 em'm
523 3413 570 3435 est.
586 3423 606 3428 -
623 3413 663 3435 est
680 3410 750 3435 enim
770 3410 828 3442 GE,
848 3413 887 3435 est
906 3410 975 3434 enim
995 3410 1146 3444 perfectum
1165 3410 1199 3440 B;
1220 3410 1264 3442 qui
1287 3414 1348 3442 post

278 3447 379 3472 dictum
399 3449 439 3471 est
458 3445 528 3470 addit
545 3445 609 3478 quia
627 3445 718 3470 omnia
735 3452 812 3471 suam
828 3446 1022 3479 perfectionem
1040 3448 1180 3479 appetunt.

332 3482 359 3515 γ)
379 3488 447 3514 quae
462 3480 684 3513 praeeat-{guntur
697 3481 734 3505 ad
746 3487 814 3511 eam,
828 3484 854 3506 et
868 3488 908 3506 ea.
922 3495 941 3500 —
954 3488 1022 3514 quae
1034 3481 1130 3515 forma
1144 3480 1303 3514 praeexigit
1322 3483 1348 3505 et

277 3525 309 3542 ea
328 3518 360 3547 D.
381 3525 426 3541 om
446 3515 625 3541 PACEFGab.
637 3529 655 3534 -
674 3515 725 3540 Pro
744 3515 838 3548 ipsam,
858 3523 916 3541 eam
936 3517 965 3546 Β,
977 3517 1100 3550 formam
1121 3516 1150 3541 C.

331 3552 356 3585 δ)
377 3553 475 3584 ipsam.
489 3565 508 3570 -
526 3551 563 3576 ad
582 3551 666 3583 ipsam
686 3551 829 3576 ABCDEF.

333 3588 355 3620 ε)
371 3587 494 3620 praebet.
507 3600 526 3605 —
544 3586 675 3618 imprimit
694 3586 734 3611 vel
747 3586 861 3618 praebet
879 3587 908 3611 Β.

331 3622 357 3656 ζ)
378 3623 475 3648 unitas.
487 3636 506 3641 -
525 3622 551 3647 in
572 3621 689 3647 numeris
709 3621 799 3646 unitas
818 3622 930 3647 codices.

1399 708 1438 746 id
1467 708 1572 757 quod
1611 716 1681 757 est,
1711 721 1781 758 per
1814 721 1922 746 suam
1961 710 2146 757 formam;
2186 711 2310 749 forma
2339 720 2467 750 autern

1399 762 1676 811 praesupponit
1704 762 1911 810 quaedam,
1943 771 1979 800 et
1998 764 2190 812 quaedam
2211 765 2260 802 ad
2279 765 2403 814 ipsam
2424 778 2468 802 ex

1399 816 1623 853 necessitate
1661 824 1965 864 consequuntur;
1996 817 2045 854 ad
2082 818 2157 854 hoc
2185 820 2289 867 quod
2327 819 2469 868 aliquid

1399 869 1446 906 sit
1481 869 1694 918 perfectum
1725 877 1760 906 et
1788 871 1957 917 bonum,
1988 883 2144 908 necesse
2174 879 2229 908 est
2261 872 2366 921 quod
2395 872 2469 908 for-

1399 935 1505 959 mam
1531 923 1682 970 habeat,
1714 930 1750 959 et
1779 935 1824 959 ea
1854 935 1952 972 quae
1970 924 2265 972 praeexiguntur
2292 925 2341 962 ad
2370 937 2466 972 eam,

1401 983 1436 1013 et
1457 989 1500 1013 ea
1517 981 1531 1002 ⁷
1554 988 1652 1024 quae
1674 984 1962 1025 consequuntur
1986 977 2035 1014 ad
2054 977 2189 1027 ipsam.
2211 978 2468 1027 Praeexigitur

1399 1037 1527 1066 autem
1558 1030 1607 1066 ad
1636 1030 1801 1067 formam
1833 1030 2096 1068 determinatio
2123 1031 2203 1068 sive
2225 1044 2467 1069 commensu-

1399 1083 1493 1119 ratio
1517 1083 1806 1132 principiorum,
1838 1096 1906 1120 seu
1926 1084 2191 1133 materialium,
2213 1098 2280 1122 seu
2301 1085 2466 1122 efficien-

1399 1136 1494 1173 tium
1511 1136 1633 1185 ipsam
1650 1134 1678 1173 δε
1697 1144 1733 1173 et
1747 1137 1821 1174 hoc
1841 1137 2071 1185 significatur
2085 1151 2154 1187 per
2171 1139 2345 1176 modum:
2364 1139 2466 1176 unde

1401 1189 1534 1226 dicitur
1567 1190 1672 1238 quod
1707 1202 1885 1227 mensura
1919 1192 2073 1228 modum
2102 1192 2285 1241 praefigit
2310 1191 2340 1228 ³⁸.
2381 1193 2467 1241 Ipsa

1400 1250 1529 1279 autem
1559 1243 1683 1279 forma
1717 1243 1948 1291 significatur
1975 1256 2044 1292 per
2070 1245 2249 1292 speciem:
2283 1245 2372 1292 quia
2398 1257 2468 1294 per

1399 1296 1566 1333 formam
1594 1296 1899 1345 unumquodque
1924 1297 1962 1333 in
1982 1297 2107 1345 specie
2138 1298 2382 1335 constituitur.
2418 1299 2467 1334 Et

1399 1357 1556 1399 propter
1583 1350 1658 1386 hoc
1687 1349 1822 1386 dicitur
1850 1351 1954 1399 quod
1974 1363 2154 1387 numerus
2171 1352 2330 1400 speciem
2354 1363 2467 1399 prae-

1399 1404 1460 1440 bet
1476 1409 1504 1440 ἐ
1532 1403 1620 1452 quia
1650 1402 1891 1440 definitiones
1920 1403 2174 1451 significantes
2194 1404 2360 1453 speciem
2382 1412 2468 1441 sunt

1400 1457 1495 1494 sicut
1515 1456 1677 1504 numeri,
1699 1456 1911 1494 secundum
1932 1457 2211 1506 Philosophum
2227 1457 2264 1494 in
2279 1452 2466 1495 V11'1Me-

1399 1511 1546 1559 taphys.
1567 1509 1604 1555 *3
1635 1510 1730 1547 sicut
1755 1510 1857 1547 enim
1876 1510 2000 1547 unitas
2020 1511 2034 1536 ς
2054 1510 2180 1548 addita
2196 1511 2259 1548 vel
2278 1512 2467 1548 subtracta

1399 1563 1522 1601 variat
1541 1563 1710 1612 speciem
1731 1563 1895 1611 numeri,
1925 1563 1975 1600 ita
1994 1563 2032 1600 in
2053 1564 2345 1601 definitionibus*
2360 1563 2466 1601 diffe-

1401 1617 1519 1654 rentia
1549 1617 1723 1666 apposita
1741 1617 1804 1653 vel
1824 1617 2026 1654 subtracta.
2057 1618 2117 1654 Ad
2146 1617 2310 1654 formam
2337 1625 2465 1654 autem

1401 1671 1647 1720 consequitur
1668 1670 1859 1707 inclinatio
1880 1671 1928 1707 ad
1948 1670 2080 1718 finem,
2101 1678 2166 1708 aut
2193 1671 2242 1708 ad
2262 1670 2465 1718 actionem,

1400 1732 1465 1761 aut
1492 1724 1543 1761 ad
1571 1723 1712 1773 aliquid
1744 1723 1986 1761 huiusmodi:
2021 1724 2109 1773 quia
2142 1724 2466 1773 unumquodque,

1399 1777 1625 1827 inquantum
1655 1785 1710 1814 est
1738 1784 1836 1826 actu,
1857 1777 1942 1825 agit,
1965 1785 2002 1814 et
2020 1777 2138 1815 tendit
2157 1777 2195 1814 in
2214 1777 2253 1814 id
2272 1778 2376 1826 quod
2396 1777 2466 1814 sibi

1400 1831 1580 1868 convenit
1599 1831 1812 1868 secundum
1828 1843 1938 1867 suam
1959 1831 2134 1867 formam.
2157 1831 2206 1867 Et
2220 1831 2294 1867 hoc
2307 1830 2469 1880 pertinet

1399 1884 1448 1921 ad
1462 1885 1613 1933 pondus
1629 1892 1665 1921 et
1684 1884 1866 1921 ordinem.
1883 1883 1996 1922 Unde
2016 1883 2109 1921 ratio
2131 1884 2233 1931 boni,
2255 1884 2467 1921 secundum

1399 1938 1507 1986 quod
1536 1937 1704 1975 consistit
1727 1937 1766 1974 in
1783 1937 2027 1986 perfectione,
2059 1937 2226 1974 consistit
2254 1937 2367 1974 etiam
2388 1943 2401 1960 η
2430 1938 2467 1974 in

1400 1991 1533 2038 modo,
1564 1990 1690 2040 specie
1719 1998 1756 2027 et
1785 1990 1930 2028 ordine.

1454 2047 1512 2081 Ao
1542 2056 1679 2081 PRIMUM
1708 2056 1806 2081 ERGO
1836 2055 2019 2081 DICENDUM
2053 2044 2159 2093 quod
2195 2043 2264 2080 ista
2292 2043 2361 2080 tria
2389 2055 2468 2080 non

1401 2105 1687 2146 consequuntur
1707 2109 1785 2145 ens,
1807 2097 1877 2134 nisi
1907 2097 2131 2145 inquantum
2162 2104 2217 2133 est
2235 2097 2467 2145 perfectum:

1401 2159 1438 2188 et
1466 2152 1680 2188 secundum
1709 2151 1784 2187 hoc
1814 2158 1869 2187 est
1897 2151 2057 2187 bonum.

1454 2206 1514 2241 AD
1544 2215 1735 2241 SECUNDUM
1763 2215 1947 2240 DICENDUM
1968 2203 2074 2252 quod
2093 2203 2246 2250 modus,
2267 2203 2413 2252 species
2433 2211 2470 2240 et

1402 2257 1498 2295 ordo
1535 2270 1581 2294 eo
1614 2256 1733 2294 modo
1772 2257 1949 2294 dicuntur
1985 2257 2108 2303 bona,
2145 2257 2239 2293 sicut
2273 2264 2309 2292 et
2346 2257 2467 2294 entia:

1401 2323 1480 2348 non
1509 2311 1599 2360 quia
1635 2310 1717 2360 ipsa
1746 2309 1819 2347 sint
1853 2310 1962 2359 quasi
1995 2310 2255 2357 subsistentia,
2285 2310 2353 2347 sed
2381 2310 2469 2359 quia

1402 2365 1455 2401 eis
1484 2364 1556 2401 alia
1574 2362 1588 2384 ⁰
1607 2371 1695 2400 sunt
1715 2370 1750 2400 et
1770 2363 1869 2400 entia
1890 2371 1927 2400 et
1946 2364 2059 2401 bona.
2090 2363 2201 2401 Unde
2221 2375 2299 2400 non
2320 2371 2470 2412 oportet

1402 2418 1508 2466 quod
1536 2417 1618 2466 ipsa
1647 2417 1813 2453 habeant
1832 2416 1957 2466 aliqua
1978 2417 2060 2463 alia,
2087 2417 2224 2466 quibus
2253 2416 2325 2453 sint
2353 2417 2466 2454 bona.

1402 2472 1494 2508 Non
1510 2470 1612 2507 enim
1629 2470 1682 2507 sic
1698 2469 1873 2507 dicuntur
1887 2470 2001 2517 bona,
2018 2470 2126 2518 quasi
2141 2469 2348 2507 formaliter
2367 2470 2446 2506 aliis
2460 2477 2468 2490 ‘

1401 2524 1474 2561 sint
1502 2525 1626 2570 bona3
1656 2523 1724 2560 sed
1752 2523 1840 2571 quia
1874 2523 1962 2572 ipsis
1991 2523 2200 2560 formaliter
2228 2523 2354 2571 aliqua
2382 2530 2470 2560 sunt

1402 2579 1519 2623 bona;
1541 2577 1637 2614 sicut
1657 2576 1794 2613 albedo
1810 2588 1888 2612 non
1904 2576 2038 2613 dicitur
2053 2589 2119 2613 ens
2134 2576 2225 2625 quia
2239 2576 2320 2625 ipsa
2340 2576 2466 2625 aliquo

1401 2631 1465 2677 sit,
1497 2630 1564 2667 sed
1594 2629 1683 2678 quia
1711 2629 1793 2678 ipsa
1811 2635 1825 2649 ’‘
1854 2629 1996 2677 aliquid
2026 2637 2081 2667 est
2110 2629 2323 2667 secundum
2353 2630 2464 2678 quid,

1400 2683 1538 2721 scilicet
1566 2684 1708 2720 album.

1453 2739 1512 2774 Αι)
1527 2747 1686 2773 TERTlUM
1702 2747 1885 2772 DICENDUM
1901 2735 2007 2784 quod
2022 2735 2220 2784 quodlibet
2240 2748 2322 2772 esse
2338 2742 2393 2772 est
2408 2749 2464 2773 se-

1401 2790 1569 2827 cundum
1590 2789 1756 2825 formam
1777 2788 1960 2837 aliquam:
1985 2789 2090 2826 unde
2110 2789 2322 2826 secundum
2342 2790 2464 2837 quod-

1399 2844 1489 2880 libet
1508 2855 1591 2879 esse
1607 2841 1673 2889 rei,
1695 2840 2000 2890 consequuntur2
2015 2842 2138 2891 ipsam
2152 2842 2303 2890 modus,
2320 2843 2465 2891 species

1401 2904 1436 2933 et
1465 2896 1582 2933 ordo:
1613 2895 1708 2932 sicut
1734 2895 1855 2932 homo
1884 2895 2000 2932 habet
2027 2895 2208 2944 speciem,
2238 2896 2399 2932 modurn
2430 2903 2466 2932 et

1400 2949 1588 2996 ordinem,
1618 2948 1845 2997 inquantum
1880 2956 1936 2985 est
1966 2950 2107 2994 homo;
2147 2956 2183 2985 et
2216 2948 2384 2986 similiter
2411 2949 2465 2985 in-

1400 3010 1585 3052 quantum
1607 3009 1662 3038 est
1682 3001 1790 3038 albus
1804 3008 1835 3048 ¹¹²,
1855 3002 1971 3038 habet
1990 3001 2158 3038 similiter
2177 3001 2351 3049 modum,
2382 3014 2465 3050 spe-

1401 3057 1497 3093 ciem
1527 3063 1563 3092 et
1591 3054 1787 3101 ordinem;
1819 3062 1855 3091 et
1881 3055 2107 3104 inquantum
2133 3062 2188 3092 est
2206 3054 2407 3101 virtuosus,
2430 3063 2467 3091 et

1400 3109 1626 3158 inquantum
1660 3116 1716 3150 est
1739 3107 1874 3155 sciens,
1904 3116 1940 3145 et
1968 3109 2180 3146 secundum
2209 3109 2339 3145 omnia
2367 3120 2464 3156 quae

1402 3163 1449 3200 de
1478 3163 1562 3211 ipso
1593 3161 1780 3198 dicuntur.
1811 3162 1958 3198 Malum
1988 3169 2116 3198 autem
2143 3161 2268 3209 privat
2295 3162 2465 3210 quodam

1401 3228 1503 3263 esse,
1533 3215 1627 3252 sicut
1656 3214 1815 3257 caecitas
1843 3214 1968 3263 privat
1996 3227 2077 3251 esse
2105 3214 2226 3251 visus:
2256 3215 2358 3252 unde
2387 3226 2466 3251 non

1457 3373 1485 3405 η)
1505 3373 1594 3398 etiam.
1613 3386 1631 3391 -
1650 3372 1711 3397 Om.
1730 3372 1796 3397 BsF.

1457 3408 1481 3441 θ)
1501 3408 1566 3433 alia.
1579 3421 1598 3426 —
1616 3408 1707 3439 aliqua
1725 3407 1836 3433 codices.
1855 3422 1873 3427 -
1892 3408 1942 3432 Pro
1966 3406 2047 3437 Unde,
2071 3406 2167 3432 Tamen
2188 3407 2310 3432 ABCDE.

1459 3444 1477 3476 ι)
1498 3444 1568 3469 aliis.
1581 3457 1600 3462 —
1618 3443 1679 3468 aliis
1698 3443 1756 3475 ipsa
1774 3443 1918 3468 ABCDEF.

1458 3480 1483 3511 κ)
1505 3479 1571 3511 ipsa.
1590 3493 1607 3497 —
1622 3485 1674 3510 per
1693 3478 1777 3510 ipsam
1796 3479 1855 3503 D.-
1873 3478 1923 3502 Pro
1947 3477 2090 3502 secundum
2109 3477 2174 3509 quid
2192 3477 2291 3503 scilicet
2309 3478 2407 3507 album,
2428 3485 2468 3502 se-

1403 3515 1520 3541 cundum
1539 3514 1639 3539 scilicet
1657 3514 1728 3546 quod
1746 3514 1835 3538 album
1855 3514 1895 3538 ed.
1908 3521 1937 3543 a,
1956 3513 2098 3538 secundum
2118 3513 2183 3544 quid
2202 3517 2231 3537 ut
2249 3513 2337 3538 album
2357 3513 2402 3538 Pb.

1458 3549 1486 3582 λ)
1505 3552 1710 3581 consequuntur.
1723 3563 1741 3568 —
1759 3549 1928 3581 consequitur
1947 3548 2047 3572 codices
2067 3553 2092 3572 et
2111 3548 2152 3573 ed.
2170 3556 2196 3573 a.

1459 3586 1487 3619 μ.)
1506 3585 1589 3609 albus.
1604 3598 1622 3603 -
1635 3584 1724 3609 album
1744 3585 1852 3609 codices.
1867 3598 1885 3603 -
1903 3584 1953 3608 Pro
1972 3583 2103 3611 similiter.
2123 3584 2236 3609 alterum
2252 3585 2281 3613 B,
2296 3583 2375 3609 aliter
2391 3583 2467 3608 ceteri

1406 3627 1430 3646 et
1450 3621 1508 3645 edd.
1527 3620 1575 3645 ab.

2494 1538 2502 1546 ⁶
2518 1537 2542 1558 S.
2552 1536 2597 1558 Th.
2608 1537 2659 1558 lect.
2670 1542 2704 1557 ιιι.

2493 1574 2503 1579 -
2518 1563 2571 1584 Did.
2592 1563 2632 1584 lib.
2647 1562 2703 1590 vu,

2493 1596 2543 1617 cap.
2555 1595 2588 1616 ιιι,
2603 1595 2626 1610 n.
2637 1590 2659 1610 8.
