2768 4178
21 2436 32 2446 ·
45 2435 175 2464 mmm,
189 2441 207 2458 r.

24 2481 33 2492 ¹
46 2479 208 2508 IVReg.1,6.

22 2527 32 2537 ²
45 2527 192 2556 Dent-VIA..

25 2829 36 2840 ·
49 2827 88 2850 Ρι.
97 2833 162 2856 και,
174 2833 197 2857 3.

951 239 1221 286 QUAESTIO
1250 239 1352 286 XIII,
1382 239 1679 277 ARTICULUS
1707 242 1743 276 X

253 323 365 354 natur
392 316 432 353 in
461 316 683 354 definitione
713 316 885 354 eiusdem
914 317 1081 354 nominis
1110 316 1324 353 secundum

254 370 345 407 alias
365 369 661 418 significationes
685 370 842 419 accepti.
874 370 979 407 Sicut
997 382 1062 407 ens
1083 370 1129 407 de
1150 370 1324 406 substan-

253 423 304 460 tia
334 423 490 471 dictum,
519 423 675 473 ponitur
693 423 733 460 in
753 423 974 460 definitione
995 423 1090 459 entis
1109 423 1324 460 secundum

255 476 361 526 quod
390 477 437 514 de
466 477 663 514 accidente
693 476 848 523 dicitur;
878 483 915 512 et
940 488 1078 513 sanum
1103 476 1248 513 dictum
1277 475 1324 512 de

254 530 420 578 animali,
436 530 591 580 ponitur
604 530 644 567 in
659 529 880 567 definitione
896 529 976 566 sani
992 530 1203 566 secundum
1220 529 1325 578 quod

254 582 389 620 dicitur
408 583 455 620 de
474 583 584 620 urina
604 590 641 620 et
666 582 713 620 de
736 582 946 628 medicina3
976 582 1089 619 huius
1116 582 1219 620 enim
1245 583 1327 620 sani

254 635 360 684 quod
380 643 437 673 est
454 636 493 673 in
517 635 683 684 animali,
702 635 814 672 urina
833 642 889 672 est
907 635 1169 685 significativa,
1190 643 1227 673 et
1245 648 1326 674 me-

255 689 379 726 dicina
407 688 558 726 factiva.

309 741 372 779 Sic
400 739 414 762 ⁰
447 741 584 779 accidit
615 741 655 778 in
687 741 900 790 proposito.
935 742 1040 779 Nam
1073 742 1149 779 hoc
1181 754 1327 780 nomen

254 795 381 841 Deus,
411 794 627 832 secundum
658 794 766 844 quod
797 807 868 844 pro
902 795 988 832 Deo
1016 807 1111 832 vero
1146 795 1325 843 sumitur,

253 847 294 884 in
321 846 467 885 ratione
505 847 578 884 Dei
613 847 775 884 sumitur
802 848 1015 885 secundum
1051 848 1156 897 quod
1193 848 1326 886 dicitur

253 901 360 938 Deus
389 901 604 939 secundum
639 901 863 950 opinionem
891 902 954 938 vel
980 901 1323 951 participationem.

255 953 357 991 Cum
391 953 495 991 enim
528 953 695 1003 aliquem
715 961 723 975 ¹
750 954 998 992 nominamus
1026 956 1156 992 Deum
1190 967 1325 992 secun-

255 1006 349 1044 dum
384 1006 738 1057 participationem,
776 1007 1019 1056 intelligimus
1055 1008 1213 1045 nomine
1252 1008 1325 1045 Dei

254 1059 395 1110 aliquid
427 1061 575 1098 habens
603 1060 890 1098 similitudinem
918 1061 1001 1098 veri
1029 1061 1114 1098 Dei.
1146 1061 1326 1098 Similiter

255 1125 344 1150 cum
359 1113 507 1151 idolum
526 1114 777 1152 nominamus
791 1115 934 1163 Deum,
954 1114 1030 1151 hoc
1048 1114 1206 1151 nomine
1221 1115 1326 1151 Deus

253 1166 496 1215 intelligimus
529 1167 732 1216 significari
765 1167 928 1217 aliquid,
963 1167 1011 1204 de
1040 1179 1118 1216 quo
1146 1167 1326 1204 homines

255 1219 597 1270 opinanturrquod
624 1220 670 1258 sit
688 1222 807 1258 Deus.
837 1221 887 1257 Et
913 1219 968 1257 sic
996 1219 1242 1257 manifestum
1271 1227 1328 1257 est

254 1272 362 1322 quod
389 1273 462 1311 alia
481 1281 517 1311 et
536 1273 609 1311 alia
629 1281 686 1311 est
705 1273 929 1321 significatio
950 1272 1130 1321 nominis,
1160 1273 1230 1310 sed
1248 1285 1326 1310 una

254 1325 403 1363 illarum
431 1326 753 1375 significationum
781 1325 967 1364 clauditur
985 1325 1025 1363 in
1044 1325 1327 1374 significationi-

255 1379 329 1417 bus
362 1379 454 1418 aliis.
489 1379 602 1417 Unde
635 1379 880 1416 manifestum
909 1386 965 1416 est
992 1379 1098 1428 quod
1131 1379 1327 1427 analogice

258 1431 404 1470 dicitur.

310 1486 371 1523 An
399 1497 538 1522 PRIMUM
559 1496 864 1522 ERoo‘mcENDUM
883 1484 991 1533 quod
1010 1484 1211 1522 nominum
1230 1486 1328 1522 mul-

256 1537 430 1587 tiplicitas
457 1550 538 1575 non
557 1537 762 1576 attenditur
788 1538 1003 1576 secundum
1023 1538 1190 1575 nominis
1217 1550 1328 1587 prae-

258 1590 510 1639 dicationem,
539 1591 620 1629 sed'
636 1590 853 1629 secundum
882 1591 1219 1640 significationem:
1253 1592 1329 1628 hoc

259 1643 363 1682 enim
390 1656 535 1682 nornen
562 1645 693 1691 homo,
723 1645 771 1682 de
800 1657 1047 1694 quocumque
1075 1644 1328 1693 praedicetur,

258 1697 341 1735 sive
365 1709 458 1735 vere
484 1697 565 1735 sive
594 1698 698 1746 false,
720 1696 856 1735 dicitur
879 1710 958 1735 uno
979 1697 1112 1735 modo.
1143 1698 1222 1736 Sed
1240 1706 1331 1736 tunc

258 1750 513 1800 multipliciter
540 1750 750 1799 diceretur,
780 1751 811 1788 si
837 1763 907 1800 per
933 1751 1010 1788 hoc
1037 1763 1183 1788 nomen
1216 1753 1329 1789 homo

257 1803 545 1842 intenderemus
573 1804 786 1852 significare
815 1804 985 1842 diversa:
1015 1811 1119 1854 puta,
1145 1804 1175 1842 si
1203 1817 1303 1842 unus
1317 1811 1331 1825 ¹

257 1857 472 1896 intenderet
506 1857 720 1906 significare
753 1869 824 1907 per
850 1858 927 1895 hoc
963 1869 1110 1894 nomen
1141 1858 1254 1895 homo
1292 1857 1332 1895 id

259 1911 367 1960 quod
393 1923 486 1949 vere
516 1918 572 1948 est
597 1911 731 1958 homo,
762 1918 798 1947 et
826 1910 918 1948 alius
946 1909 1159 1948 intenderet
1188 1910 1331 1959 signifi-

261 1976 347 2003 care
376 1964 517 2002 eodem
555 1963 715 2002 nomine
743 1963 925 2013 lapidem,
954 1964 1018 2001 vel
1046 1963 1189 2012 aliquid
1217 1963 1330 2001 aliud.

314 2095 339 2129 0)
359 2096 413 2122 Sic.
432 2109 450 2116 -
470 2096 506 2121 Et
523 2096 562 2121 sic
580 2097 610 2121 B.

315 2133 333 2165 ι)
353 2131 477 2164 aliquem.
494 2145 514 2151 -
531 2131 635 2164 aliquid
653 2132 707 2157 BD.
1203 2159 1207 2162 ,

313 2166 340 2200 κ)
360 2174 436 2193 unus.
454 2181 474 2186 -
491 2167 570 2192 homo
588 2167 686 2192 addunt
705 2167 818 2192 codices.
835 2181 855 2186 -
873 2170 900 2192 et
919 2172 978 2192 ante
995 2167 1066 2209 alius
1085 2175 1139 2192 om.
1158 2167 1281 2193 ABCDE.

2373 245 2439 281 161

1379 317 1491 354 Unde
1519 325 1624 366 patet
1651 319 1757 366 quod
1796 320 2004 357 catholicus
2034 321 2160 358 dicens
2192 321 2339 359 idolum
2367 334 2446 359 non

1380 382 1462 407 esse
1500 371 1650 419 Deum,
1689 372 1910 408 contradicit
1945 386 2094 421 pagano
2133 375 2208 411 hoc
2245 375 2445 411 asserenti:

1381 422 1469 472 quia
1496 431 1656 473 uterque
1684 424 1799 461 utitur
1818 425 1893 461 hoc
1925 426 2079 463 nomine
2107 428 2211 464 Deus
2230 427 2279 464 ad
2308 427 2447 475 signifi-

1381 476 1547 513 candum
1567 489 1704 514 verum
1724 478 1863 514 Deum.
1896 478 1995 515 Cum
2021 479 2122 516 enim
2135 478 2146 500 ³
2169 492 2339 528 paganus
2360 480 2448 517 dicit

1380 529 1527 566 idolum
1555 542 1638 567 esse
1671 531 1822 577 Deum,
1852 542 1932 567 non
1959 531 2074 568 utitur
2101 533 2176 569 hoc
2204 533 2361 570 nomine
2390 545 2447 570 se-

1381 583 1550 620 cundum
1580 583 1686 632 quod
1723 582 1910 631 significat
1945 585 2073 621 Deum
2103 585 2355 633 opinabilem:
2394 586 2447 623 sic

1381 635 1481 673 enim
1511 648 1649 673 verum
1685 635 1846 683 diceret,
1877 649 1965 673 cum
1995 637 2106 674 etiam
2136 638 2308 675 catholici
2336 638 2448 675 inter-

1381 688 1475 726 dum
1504 689 1543 726 in
1571 689 1633 726 tali
1661 689 1939 737 significatione
1975 690 2051 726 hoc
2087 690 2244 728 nomine
2272 699 2445 739 utantur,

1380 749 1422 778 ut
1441 754 1530 779 cum
1560 742 1695 779 dicitur
1712 742 1744 790 *‚
1774 754 1904 779 omnes
1931 742 1985 779 dii
2009 739 2179 792 gentium
2208 744 2419 781 daemonia.

1434 796 1484 832 Et
1511 795 1681 833 similiter
1700 795 1906 833 dicendum
1926 796 1975 832 ad
1995 796 2207 833 secundum
2227 803 2264 833 et
2281 797 2445 834 tertium.

1380 849 1484 885 Nam
1512 847 1598 885 illae
1626 848 1791 885 rationes
1809 849 2024 897 procedunt
2051 849 2264 886 secundum
2294 850 2448 887 diversi—

1379 908 1494 938 tatem
1524 901 1815 950 praedicationis
1848 901 2034 946 nominis,
2065 909 2101 939 et
2129 915 2208 939 non
2235 903 2448 940 secundum

1380 955 1574 992 diversam
1602 954 1931 1003 significationem.

1433 1010 1492 1044 An
1521 1006 1699 1051 QUARTUM'
1714 1020 1899 1045 mCENDUM
1928 1008 2035 1055 quod
2062 1008 2208 1045 animal
2235 1008 2379 1046 dictum
2400 1009 2448 1046 de

1380 1061 1534 1098 animali
1560 1073 1656 1099 vero
1686 1068 1722 1098 et
1750 1062 1797 1098 de
1815 1061 1916 1110 picto
1931 1068 1962 1108 μ,
1992 1073 2071 1098 non
2101 1061 2235 1098 dicitur
2261 1074 2357 1110 pure
2386 1074 2448 1099 ae—

1380 1113 1544 1162 quivoce
1558 1113 1594 1161 ’¹⁶3
1616 1114 1685 1151 sed
1703 1114 1958 1163 Philosophus
1976 1113 2017 1136 *³¹⁶
2036 1115 2140 1162 largo
2165 1114 2285 1152 modo
2314 1115 2450 1164 accipit

1380 1167 1609 1215 aequivoca,
1639 1167 1852 1204 secundum
1881 1167 1987 1216 quod
2014 1167 2214 1204 includunt
2232 1167 2270 1204 in
2290 1180 2330 1205 se
2359 1181 2448 1205 ana-

1380 1220 1479 1268 loga.
1509 1219 1610 1267 Quia
1639 1227 1675 1256 et
1701 1232 1778 1266 ens,
1808 1221 1915 1269 quod
1943 1220 2137 1268 analogice
2167 1220 2301 1257 dicitur
2319 1221 2357 1268 ³¹⁶,
2387 1221 2449 1258 ali-

1381 1273 1536 1322 quando
1565 1272 1700 1310 dicitur
1732 1273 1944 1322 aequivoce
1977 1273 2187 1322 praedicari
2216 1273 2263 1310 de
2293 1273 2450 1311 diversis

1380 1325 1710 1375 praedicamentis.

1434 1380 1494 1416 An
1515 1390 1678 1421 QUINTUM
1697 1390 1882 1416 monimum
1906 1379 2013 1426 quod
2040 1379 2164 1427 ipsam
2183 1386 2358 1416 naturam
2378 1379 2452 1416 Dei

1381 1439 1497 1481 prout
1514 1432 1554 1468 in
1573 1444 1613 1468 se
1639 1438 1706 1479 est,
1735 1443 1861 1480 neque
1892 1431 2098 1468 catholicus
2126 1444 2252 1480 neque
2280 1444 2452 1481 paganus

1384 1484 1599 1533 cognoscit:
1630 1484 1699 1522 sed
1725 1492 1887 1533 uterque
1914 1484 2107 1532 cognoscit
2127 1497 2212 1522 eam
2239 1486 2452 1523 secundum

1383 1538 1551 1587 aliquam
1576 1537 1764 1575 rationem
1794 1538 2017 1575 causalitatis
2041 1538 2104 1575 vel
2124 1538 2365 1575 excellentiae
2389 1539 2452 1576 vel

1384 1591 1619 1638 remotionis,
1647 1598 1690 1628 ut
1717 1603 1833 1640 supra
1851 1591 1871 1613 '¹‘
1900 1591 2044 1628 dictum
2066 1599 2132 1628 est.
2162 1592 2212 1628 Et
2239 1592 2452 1630 secundum

1383 1645 1475 1693 hoc,
1496 1644 1535 1681 in
1555 1645 1693 1682 eadem
1721 1644 1996 1693 significatione
2025 1644 2197 1693 accipere
2220 1652 2346 1694 potest
2364 1658 2453 1693 gen-

1383 1693 1551 1735 tilis'hoc
1569 1710 1715 1735 nornen
1733 1699 1849 1744 Deus,
1880 1709 1969 1734 cum
1989 1698 2077 1735 dicit
2105 1697 2245 1735 idolum
2266 1704 2321 1736 est
2336 1700 2451 1745 Deus,

1383 1751 1423 1788 in
1456 1763 1534 1799 qua
1570 1750 1705 1800 accipit
1741 1750 1869 1800 ipsum
1905 1751 2112 1788 catholicus
2141 1751 2271 1788 dicens
2312 1751 2452 1788 idolum

1386 1817 1461 1842 non
1490 1810 1546 1842 est
1569 1805 1685 1842 Deus.
1708 1804 1748 1841 Si
1766 1816 1861 1841 vero
1882 1804 2016 1853 aliquis
2036 1811 2135 1842 esset
2155 1804 2219 1853 qui
2239 1805 2451 1842 secundum

1387 1858 1531 1894 nullam
1559 1857 1748 1895 rationem
1777 1859 1906 1895 Deum
1936 1865 2194 1906 cognosceret,
2225 1870 2296 1895 nec
2324 1858 2450 1907 ipsum

1387 1910 1614 1958 nominaret,
1630 1910 1703 1947 nisi
1717 1911 1811 1948 forte
1827 1911 1923 1948 sicut
1935 1911 2165 1959 proferimus
2180 1911 2338 1949 nomina
2357 1924 2452 1961 quo-

1390 1976 1475 2001 rum
1504 1963 1821 2012 significationem
1840 1970 1852 1984 ¹¹
1879 1964 2112 2012 ignoramus.
2156 1974 2159 1977 ·

1441 2096 1470 2129 λ)
1489 2097 1569 2122 enim.
1586 2111 1606 2116 -
1624 2097 1709 2130 igitur
1728 2098 1839 2122 codices.
1857 2110 1876 2116 -
1894 2097 1975 2122 Iidem
1994 2105 2042 2130 pro
2061 2104 2116 2122 esse
2135 2097 2230 2127 Deum,
2248 2101 2289 2123 est
2308 2098 2390 2123 Deus.

1413 2154 1417 2159 .
1442 2132 1471 2166 μ)
1491 2133 1524 2158 de
1536 2133 1621 2164 picto.
1639 2146 1659 2151 -
1672 2133 1747 2164 picto
1765 2132 1946 2157 ABCDFGab.

1441 2168 1465 2200 ν)
1484 2167 1716 2201 significationem.
1734 2181 1752 2187 —
1770 2168 1978 2202 significationes
1997 2168 2026 2193 P.

941 2254 1276 2288 commentaria
1298 2255 1550 2288 Cardinalis
1572 2255 1774 2288 Caietam·

263 2371 266 2374 Δ
291 2354 314 2375 κ
335 2344 441 2381 titulo,
464 2344 591 2374 adverte
612 2344 702 2384 quod
719 2344 753 2385 ly
775 2344 867 2375 Deus
885 2344 1081 2385 quandoque
1099 2343 1278 2375 verificatur
1296 2345 1335 2375 de

264 2356 341 2420 Ibis
364 2388 464 2420 tribus
488 2388 671 2429 suppositis,
688 2388 807 2419 scilicet
827 2389 898 2419 Deo
912 2398 999 2425 vero,
1025 2395 1055 2419 et
1075 2389 1145 2420 Deo
1169 2388 1335 2429 participa-

261 2431 341 2470 tive,
367 2439 397 2463 et
419 2433 490 2463 Deo
514 2432 691 2473 opinative:
716 2439 752 2463 ut
774 2439 861 2473 patet
885 2443 960 2463 curn
976 2434 1104 2474 Moyses
1128 2432 1230 2464 dictus
1254 2440 1301 2464 est
1317 2433 1335 2452 '⁸‘

261 2477 354 2508 Deus
375 2477 572 2515 Pharaonis,
598 2483 628 2508 et
649 2477 828 2507 Beelzebub
851 2477 943 2508 Deus
960 2477 1108 2508 Accaron
1124 2476 1154 2508 θ’.
1179 2478 1332 2515 Quando-

263 2531 327 2562 que
343 2527 451 2552 autem
475 2521 514 2551 de
538 2521 609 2551 solo
632 2530 708 2551 vero
732 2521 802 2551 Deo
827 2520 1014 2558 affirmatur,
1038 2528 1074 2552 ut
1098 2531 1173 2552 cum
1190 2521 1334 2552 dicitur*

264 2565 354 2607 quod
375 2575 460 2596 unus
483 2571 609 2596 tantum
632 2572 679 2596 est
700 2565 799 2596 Deus.
816 2566 891 2596 Non
909 2565 1041 2596 vertitur
1063 2565 1114 2596 hic
1132 2566 1166 2596 in
1188 2566 1333 2602 dubium,

263 2619 304 2640 an
327 2609 361 2650 ly
382 2609 492 2647 Deus,
523 2615 560 2640 ut
582 2608 738 2649 significat
765 2609 936 2641 habentem
963 2619 1071 2640 veram
1100 2610 1266 2647 deitatem,
1295 2610 1335 2641 sit

263 2653 457 2685 univocum:
481 2652 544 2684 hoc
573 2653 659 2684 enim
687 2659 734 2684 est
758 2663 816 2694 per
842 2663 875 2685 se
903 2660 1019 2685 notum
1047 2664 1114 2685 esse
1137 2664 1204 2685 non
1228 2654 1335 2685 solum

264 2697 451 2734 univocum,
473 2697 529 2728 sed
550 2697 867 2734 incommunicabile,
891 2704 928 2729 ut
951 2698 1072 2729 dictum
1092 2705 1139 2730 est
1153 2698 1187 2729 *x
1212 2706 1243 2730 et
1261 2708 1334 2739 pro—

264 2748 371 2783 pterea
401 2741 440 2772 de
469 2741 619 2772 omnibus
642 2741 710 2772 aliis
740 2742 938 2782 praedicatur
968 2743 1128 2783 negative,
1157 2743 1335 2773 secundum
1368 2763 1370 2765 -

263 2786 351 2817 illam
374 2784 648 2826 significationem.
672 2786 734 2817 Sed
757 2786 846 2827 quod
871 2786 1032 2818 dubitatur
1050 2787 1112 2823 hic,
1130 2794 1176 2818 est
1191 2797 1241 2823 an,
1260 2797 1335 2817 cum

263 2840 337 2861 vere
358 2829 531 2861 affirmatur
550 2830 584 2871 ly
603 2831 694 2861 Deus
708 2830 747 2861 de
765 2830 814 2861 his
829 2831 929 2862 tribus
945 2829 1036 2874 (cum
1059 2831 1177 2862 scilicet
1192 2831 1306 2862 dicitur
1319 2829 1335 2846 *

265 2874 355 2915 quod
376 2875 537 2905 Dominus
559 2876 626 2915 ipse
649 2880 696 2905 est
717 2875 827 2914 Deus,
851 2882 883 2906 et
905 2875 995 2917 quod
1022 2876 1151 2917 Moyses
1175 2882 1222 2906 est
1244 2876 1335 2906 Deus

264 2919 457 2957 Pharaonis,
482 2924 513 2949 et
534 2919 713 2949 Beelzebub
737 2925 785 2950 est
805 2919 897 2950 Deus
918 2918 1097 2962 Accaron),
1123 2919 1259 2950 univoce
1283 2929 1334 2949 su-

265 2969 380 2999 matur,
404 2973 445 2993 an
464 2963 653 3004 aequivoce,
677 2963 728 2994 vel
752 2963 930 3004 analogice:
954 2963 1044 3001 idest,
1070 2974 1169 2995 unam
1191 2963 1241 2994 vel
1264 2963 1335 3004 plu-

266 3017 330 3044 res,
355 3013 386 3038 et
408 3007 434 3037 si
457 3007 577 3048 plures,
602 3007 737 3038 omnino
761 3014 817 3039 aut
839 3008 1017 3039 secundum
1040 3008 1134 3049 quid,
1160 3008 1273 3038 habeat
1295 3007 1335 3038 si-

414 3650 524 3674 Summt:
543 3648 644 3673 Tar-201..
662 3649 693 3672 D.
708 3648 822 3672 Tamtu:
841 3648 873 3673 Τ.
893 3649 910 3673 1.

1388 2344 1617 2385 gnificationes.
1654 2345 1696 2376 Et
1725 2345 1769 2376 sic
1797 2351 1882 2386 patet
1912 2345 2037 2381 titulus,
2071 2354 2145 2375 cum
2177 2344 2383 2384 responsione
2415 2345 2456 2375 ad

1389 2389 1541 2429 primum.

1443 2433 1480 2464 11.
1499 2433 1533 2463 In
1559 2443 1691 2474 corpore
1715 2443 1779 2464 una
1802 2432 1965 2463 conclusio
1989 2432 2173 2473 responsiva
2195 2432 2357 2473 quaesito:
2382 2432 2455 2463 Hoc

1389 2487 1509 2508 nornen
1532 2478 1622 2508 Deus
1638 2477 1751 2508 dicitur
1767 2477 1805 2507 de
1824 2477 1873 2507 his
1896 2477 1995 2507 tribus
2019 2486 2085 2506 non
2106 2476 2251 2512 univoce,
2268 2486 2325 2506 nec
2348 2476 2455 2516 aequi-

1389 2532 1477 2558 voce,
1495 2522 1550 2552 sed
1573 2521 1745 2562 analogice.
1761 2539 1781 2544 -
1797 2521 1952 2552 Probatur
1975 2531 2012 2551 ex
2035 2520 2211 2551 rationibus
2234 2520 2453 2556 terminorum,

1389 2566 1498 2606 quoad
1517 2565 1656 2606 singulas
1679 2572 1792 2606 partes.
1810 2565 1954 2596 Univoca
1969 2565 2103 2595 eandem
2119 2564 2266 2603 omnino,
2283 2564 2456 2605 aequivoca

2475 757 2484 766 '¹
2499 756 2538 778 Ps.
2553 761 2606 783 xcv,
2620 762 2641 784 5.

2574 1068 2593 1093 μ

2476 1119 2485 1128 ·
2500 1118 2530 1140 D.
2544 1124 2588 1141 212.

2475 1145 2498 1156 *⁸
2511 1145 2636 1174 Categor„
2646 1151 2690 1173 c.1,

2476 1178 2500 1193 n.
2515 1178 2532 1193 1.

2476 1225 2486 1234 ·
2500 1224 2529 1246 D·
2545 1230 2595 1253 549-

2480 1599 2489 1608 ·
2502 1598 2549 1626 Qu.
2556 1603 2597 1626 ιιι,
2609 1601 2651 1620 art.
2662 1603 2692 1619 12.

1390 2610 1545 2641 diversam
1569 2609 1712 2646 omnino,
1730 2609 1863 2649 analoga
1886 2609 2024 2649 primam
2046 2609 2080 2644 in
2103 2609 2170 2639 aliis
2199 2609 2339 2639 clausam
2362 2608 2456 2638 ratio·
2495 2628 2496 2631 =

1389 2665 1464 2685 nem
1487 2654 1620 2684 habent:
1645 2654 1700 2684 sed
1723 2653 1756 2695 ly
1773 2654 1864 2684 Deus
1888 2653 2007 2684 dictum
2032 2653 2071 2683 de
2094 2653 2152 2689 his,
2173 2663 2240 2683 non
2263 2652 2378 2693 primo,
2398 2662 2456 2683 nec

1389 2698 1540 2734 secundo,
1565 2698 1619 2728 sed
1644 2697 1734 2729 tertio
1757 2697 1858 2728 modo
1882 2707 1914 2727 se
1937 2697 2047 2728 habet:
2073 2707 2147 2737 ergo
2172 2703 2219 2727 est
2241 2697 2424 2736 analogum.

1442 2742 1546 2773 Maior
1566 2748 1613 2773 est
1631 2752 1668 2772 ex
1684 2752 1716 2772 se
1735 2748 1826 2772 nota:
1852 2751 1950 2782 quam
1969 2741 2091 2782 optime
2110 2741 2245 2777 notabis,
2266 2741 2306 2771 ad
2322 2740 2457 2780 effugan-

1389 2787 1464 2817 dam
1479 2797 1497 2816 a
1511 2793 1542 2817 te
1558 2792 1589 2817 et
1603 2786 1670 2816 aliis
1686 2785 1898 2826 ignorantiam
1917 2795 2030 2826 pravae
2047 2785 2264 2825 dispositionis
2278 2785 2312 2815 in
2327 2784 2457 2815 materia

1390 2831 1428 2861 de
1452 2830 1606 2871 analogia,
1623 2837 1681 2861 etc.
1705 2829 1813 2860 Minor
1828 2837 1936 2861 autem
1959 2830 2110 2870 probatur
2133 2829 2313 2860 inducendo
2336 2829 2369 2858 in
2392 2827 2457 2858 sin-

1389 2875 1480 2915 gulis.
1511 2874 1645 2905 Constat
1668 2874 1753 2904 enim
1777 2874 1866 2914 quod
1889 2874 2103 2914 participative
2126 2874 2231 2909 Deus,
2261 2879 2292 2903 et
2314 2872 2457 2903 similiter

1390 2919 1538 2959 opinatus
1561 2919 1658 2954 Deus,
1684 2919 1803 2958 absque
1825 2918 1890 2948 veri
1906 2918 1965 2948 Dei
1983 2918 2104 2949 ratione
2118 2917 2249 2957 intelligi
2265 2916 2384 2958 nequit,
2402 2916 2456 2947 sed

1389 2964 1469 2994 bene
1494 2973 1510 2993 e
1534 2971 1706 2993 converso:
1736 2962 1818 2993 sicut
1840 2962 1983 3002 depictus
2013 2969 2068 2993 aut
2091 2961 2240 3002 opinatus
2262 2961 2314 2991 leo
2338 2961 2456 3001 absque

1390 3007 1455 3038 veri
1478 3007 1580 3037 leonis
1605 3006 1856 3037 cointellectione
1879 3006 2011 3046 intelligi
2035 3016 2101 3036 non
2124 3012 2237 3046 potest.

2282 3651 2310 3668 21
