2768 4178
37 809 50 822 ⁸
63 811 115 832 Art.
131 816 148 837 1,
163 809 192 831 ad
206 815 227 831 2.

37 1324 48 1335 ·
61 1323 116 1347 An.
129 1323 238 1352 praeced.

37 1378 49 1390 ·
62 1377 112 1406 Qu.
125 1383 161 1406 xx,
177 1380 219 1400 nrt.
230 1382 252 1405 3.

34 1474 50 1487 ⁴
61 1473 92 1497 D·
104 1473 158 1503 465-

35 1664 50 1677 ⁸
63 1637 169 1687 me&

37 1695 62 1744 ᾗ,
63 1694 233 1744 iguminus-1·
243 1710 250 1723 ,

35 2435 52 2448 ⁴
65 2435 102 2459 Cf.
116 2440 183 2459 nm.
195 2441 230 2458 ιιι.

35 2484 53 2497 ⁴
66 2484 104 2507 Cf.
116 2490 182 2507 num.
193 2490 245 2507 vm.

39 2529 53 2540 ⁶
67 2527 104 2551 cf.
118 2533 183 2550 num.
198 2533 230 2550 tx.

974 221 1240 268 QUAEsTlo
1271 222 1371 270 xm,

331 301 497 337 Formae
516 312 610 337 vero
641 313 739 350 quae
768 313 847 338 non
876 300 1161 337 individuantur
1187 313 1257 349 per
1285 300 1348 337 ali-

278 353 407 402 quod‘
428 354 681 402 suppositum,
710 354 777 391 sed
804 365 875 403 per
903 353 1046 402 seipsas
1076 354 1181 402 (quia
1210 353 1350 391 scilicet

279 415 367 443 sunt
385 407 532 444 formae
552 407 831 454 subsistentes),
852 406 883 443 si
902 406 1196 455 intelligerentur
1215 419 1348 444 secun-

281 459 374 497 dum
404 460 509 509 quod
537 467 625 497 sunt
643 459 683 497 in
707 459 851 509 seipsis,
872 472 952 497 non
970 468 1127 508 possent
1140 467 1154 481 ¹
1175 472 1349 497 commu—

279 512 397 550 nicari
415 525 486 550 nec
505 526 546 550 re
565 525 690 562 neque
710 513 873 559 ratione;
904 513 972 550 sed
999 514 1095 550 forte
1128 525 1197 562 per
1223 513 1350 550 simili-

279 566 465 614 tudinem,
487 566 583 604 sicut
610 566 754 604 dictum
775 573 831 603 est
855 565 902 603 de
922 566 1141 604 individuis.
1164 566 1242 603 Sed
1261 567 1350 616 quia

280 620 424 657 formas
443 619 633 669 simplices
647 631 718 668 per
732 631 772 656 se
787 619 1033 656 subsistentes
1048 632 1127 657 non
1141 632 1349 668 possumus

279 673 485 721 intelligere
514 672 727 709 secundum
756 672 861 722 quod
890 680 988 720 sunt,
1013 674 1081 710 sed
1109 673 1349 722 intelligimus

281 739 345 764 eas
373 726 422 763 ad
451 725 613 762 modum
640 738 767 763 rerum
799 727 1097 775 compositarum
1126 726 1347 764 habentium

279 780 423 821 formas
451 779 491 816 in
518 778 677 816 materia
695 777 725 826 ³3
755 779 855 827 ideo,
875 787 917 816 ut
943 780 1085 817 dictum
1106 787 1161 817 est
1174 780 1205 827 ²¹²,
1226 780 1348 830 impo-

278 832 407 870 nimus
435 831 490 869 eis
508 832 667 869 nomina
692 840 870 870 concreta
899 833 1145 881 significantia
1173 841 1347 871 naturam

278 886 318 924 in
347 885 474 935 aliquo
503 886 714 935 supposito.
745 886 869 935 Unde,
895 895 1081 936 quantum
1110 887 1272 936 pertinet
1299 889 1347 926 ad

279 938 467 977 rationem
491 939 704 987 nominum,
736 939 873 977 eadem
901 940 995 978 ratio
1025 948 1080 977 est
1109 940 1155 977 de
1184 940 1347 978 nomini-

279 993 352 1031 bus
381 1005 479 1042 quae
509 1005 531 1029 a
559 992 671 1030 nobis
698 993 948 1042 imponuntur
977 994 1025 1031 ad
1054 994 1347 1042 significandum

278 1053 433 1084 naturas
466 1058 596 1083 rerum
630 1046 948 1095 compositarum,
986 1055 1023 1085 et
1051 1047 1099 1084 de
1128 1047 1348 1085 nominibus

280 1111 377 1150 quae
398 1112 421 1137 a
440 1099 552 1137 nobis
580 1099 831 1149 imponuntur
850 1101 900 1138 ad
920 1100 1212 1149 significandum
1241 1108 1349 1138 natu-

279 1165 341 1191 ras
370 1153 562 1203 simplices
590 1153 849 1191 subsistentes.

332 1207 463 1254 Unde,
500 1219 588 1245 cum
625 1207 701 1244 hoc
733 1212 876 1244 nomen
909 1208 1013 1243 Deus
1046 1206 1268 1256 impositum
1304 1206 1350 1244 sit

256 1260 330 1298 ‘ad
366 1259 660 1309 significandum
694 1268 868 1297 naturam
909 1259 1096 1306 divinam,
1133 1267 1174 1296 ut
1206 1259 1348 1297 dictum

281 1322 337 1352 est
354 1314 391 1361 *3
421 1321 554 1351 natura
574 1321 702 1351 autem
723 1313 853 1351 divina
871 1312 1162 1362 multiplicabilis
1182 1325 1261 1350 non
1282 1321 1348 1361 est,

279 1375 322 1406 ut
348 1379 464 1417 supra
482 1367 502 1389 ²¹⁸
530 1375 727 1404 ostensum
748 1373 819 1403 est:
849 1366 1019 1415 sequitur
1047 1367 1150 1416 quod
1178 1367 1254 1404 hoc
1282 1379 1350 1404 no-

280 1433 372 1459 men
404 1422 509 1458 Deus
543 1420 902 1458 incommunicabile
940 1419 1097 1469 quidem
1135 1420 1180 1456 sit
1217 1432 1350 1457 secun-

281 1475 375 1512 dum
404 1486 486 1511 rem
514 1473 546 1521 ²¹³,
571 1474 639 1511 sed
669 1473 987 1511 communicabile
1014 1479 1034 1501 ‘⁴
1063 1473 1109 1510 sit
1136 1474 1348 1511 secundum

279 1527 514 1577 opinionem,
541 1527 875 1576 quemadmodum
904 1527 979 1564 hoc
998 1539 1143 1564 nomen
1169 1527 1226 1564 sol
1253 1535 1352 1564 esset

279 1581 600 1619 communicabile
630 1581 842 1618 secundum
871 1580 1095 1630 opinionem
1123 1581 1350 1630 ponentium

279 1635 421 1673 multos
441 1635 552 1672 soles.
579 1635 630 1672 Et
648 1635 862 1672 secundum
883 1635 958 1671 hoc
977 1640 989 1654 ’
1009 1634 1144 1671 dicitur
1163 1634 1246 1671 Gal.
1264 1647 1300 1671 ιν
1313 1634 1348 1671 *ε

279 1689 336 1726 his
364 1688 430 1738 qui
457 1694 595 1726 natura
620 1701 694 1726 non
722 1694 809 1726 sunt
827 1688 889 1733 dii,
909 1687 1143 1734 serviebati53
1173 1687 1349 1736 glossa*:

279 1754 355 1780 non
382 1748 471 1779 sunt
493 1742 546 1779 dii
564 1748 714 1789 natura,
739 1742 805 1779 sed
822 1742 997 1790 opinione
1015 1741 1222 1778 hominum.
1242 1763 1262 1769 —
1283 1743 1351 1779 Est

279 1796 524 1834 nihilominus
544 1795 863 1833 communicabile
883 1796 958 1832 hoc
977 1807 1122 1832 nomen
1141 1795 1255 1842 Deus,
1273 1808 1351 1832 non

279 1850 494 1888 secundum
521 1862 631 1887 suam
651 1847 665 1873 ξ
692 1856 813 1886 totam
842 1848 1177 1897 significationem,
1207 1848 1274 1885 sed
1295 1861 1351 1885 se-

1400 223 1697 261 ARTICULUS
1727 226 1778 261 IX

1402 308 1444 337 ut
1462 301 1516 337 dii
1530 301 1713 350 dicantur,
1731 302 1794 351 qui
1808 304 2032 353 participant
2047 306 2188 354 aliquid
2209 306 2382 344 divinum
2399 320 2469 357 per

1403 353 1700 402 similitudinem,
1714 356 1926 393 secundum
1942 358 2048 395 illud:
2068 360 2155 409 Ego
2171 361 2262 407 dixi,
2274 361 2327 397 dii
2341 362 2424 398 estis
2434 361 2465 398 ²3.

1458 407 1497 444 Si
1524 420 1619 445 vero
1649 416 1748 445 esset
1785 409 1941 458 aliquod
1978 423 2121 449 nomen
2145 413 2380 462 ,impositum
2419 415 2468 451 ad

1403 460 1692 508 significandum
1720 463 1850 499 Deum
1878 475 1957 500 non
1986 476 2031 500 ex
2057 473 2162 513 parte
2192 474 2369 513 naturae,
2400 467 2468 504 sed

1404 526 1448 550 ex
1475 521 1581 562 parte
1610 515 1807 564 suppositi,
1837 516 2049 553 secundum
2076 519 2179 566 quod
2209 519 2468 557 consideratur

1403 574 1444 603 ut
1461 568 1533 604 hoc
1557 567 1710 616 aliquid,
1739 568 1831 605 illud
1850 581 1995 606 nomen
2015 579 2113 607 esset
2135 572 2313 609 omnibus
2342 572 2467 610 modis

1403 619 1783 659 incommunicabile:
1819 621 1915 659 sicut
1947 623 2041 659 forte
2074 631 2130 660 est
2163 637 2306 662 nomen
2334 627 2467 663 Tetra—

1402 682 1645 721 grammaton
1673 675 1775 723 apud
1804 676 2015 712 Hebraeos.
2046 677 2094 713 Et
2119 685 2173 714 est
2194 678 2313 715 simile
2333 679 2363 715 si
2383 679 2467 728 quis

1402 727 1618 776 imponeret
1636 740 1780 765 nomen
1801 728 1880 765 Soli
1899 728 2099 777 designans
2118 730 2193 767 hoc
2212 731 2465 769 individuum.

1456 782 1514 817 AD
1544 793 1680 818 PmMUM
1708 793 1806 818 ERGO
1835 793 2018 819 DICENDUM
2048 783 2152 831 quod
2180 791 2311 820 natura
2341 785 2467 822 divina

1402 846 1482 870 non
1510 842 1566 871 est
1594 834 1934 883 communicabilis,
1964 835 2035 872 nisi
2064 837 2276 874 secundum
2297 837 2466 875 similitu-

1403 886 1499 933 dinis
1527 887 1866 936 participationem.

1455 941 1513 977 AD
1542 952 1731 978 SECUNDUM
1759 953 1942 978 DICENDUM
1968 941 2072 990 quod
2095 942 2170 978 hoc
2193 955 2337 980 nomen
2365 944 2468 982 Deus

1404 1001 1458 1030 est
1486 1006 1628 1031 nomen
1657 994 1941 1043 appellativum,
1963 1003 1999 1032 et
2022 1007 2101 1032 non
2127 996 2349 1045 proprium,
2380 997 2468 1045 quia

1403 1046 1588 1095 significat
1602 1055 1777 1084 naturam
1798 1048 1967 1085 divinam
1982 1056 2023 1085 ut
2037 1048 2075 1085 in
2090 1049 2269 1096 habente;
2286 1050 2372 1086 licet
2386 1050 2467 1099 ipse

1402 1101 1521 1147 Deus,
1543 1100 1755 1138 secundum
1777 1113 1871 1149 rem,
1892 1113 1970 1138 non
1992 1102 2038 1138 sit
2056 1114 2127 1138 nec
2149 1102 2372 1140 universalis
2396 1116 2467 1140 nec

1402 1153 1648 1202 particularis.
1667 1154 1837 1191 Nomina
1851 1154 1954 1191 enim
1973 1167 2052 1192 non
2072 1163 2283 1203 sequuntur
2303 1156 2465 1194 modum

1404 1206 1554 1243 essendi
1583 1206 1647 1254 qui
1672 1212 1684 1227 ⁰
1713 1215 1768 1244 cst
1795 1208 1834 1244 in
1861 1209 1996 1255 rebus,
2031 1208 2097 1245 sed
2125 1209 2289 1246 modum
2317 1209 2467 1247 essendi
2519 1234 2522 1236 -

1403 1260 1615 1296 secundum
1631 1261 1737 1308 quod
1752 1261 1790 1297 in
1806 1260 2020 1308 cognitione
2036 1269 2164 1298 nostra
2180 1269 2245 1298 est.
2262 1263 2311 1299 Et
2325 1270 2466 1311 tamen,

1404 1312 1617 1350 secundum
1638 1313 1690 1349 rei
1708 1313 1920 1361 veritatem,
1943 1321 1998 1350 est
2015 1314 2388 1364 incommunicabile,
2410 1328 2468 1353 se—

1407 1366 1575 1403 cundum
1605 1366 1710 1414 quod
1740 1366 1882 1403 dictum
1912 1374 1968 1403 est
1990 1366 2010 1388 '¹‘
2038 1367 2085 1404 de
2114 1368 2188 1404 hoc
2216 1368 2372 1405 nomine
2400 1369 2466 1406 sol.

1458 1421 1516 1456 AD
1536 1431 1695 1457 TERTmM
1714 1432 1897 1457 DICENDUM
1917 1420 2022 1470 quod
2041 1420 2137 1457 haec
2155 1420 2312 1458 nomina
2338 1423 2467 1468 bonus,

1404 1473 1564 1522 sapiens,
1590 1480 1626 1510 et
1646 1472 1781 1510 similia
1801 1479 1830 1520 ²¹,
1853 1473 2030 1522 imposita
2056 1473 2211 1522 quidem
2230 1483 2316 1512 sunt
2335 1487 2357 1512 a
2384 1487 2468 1524 per-

1405 1526 1629 1563 fectionibus
1648 1523 1944 1576 procedentibus
1959 1539 1981 1564 a
2000 1528 2085 1564 Deo
2105 1527 2143 1564 in
2164 1535 2370 1565 creaturas:
2391 1541 2470 1565 non

1405 1588 1533 1617 tamen
1570 1587 1657 1617 sunt
1692 1580 1871 1629 imposita
1899 1581 1947 1618 ad
1976 1580 2266 1628 significandum
2301 1581 2470 1618 divinam

1406 1641 1600 1681 naturam,
1622 1634 1690 1671 sed
1709 1634 1758 1671 ad
1782 1634 2073 1682 significandum
2101 1633 2201 1683 ipsas
2220 1635 2470 1684 perfectiones

1406 1687 1591 1724 absolute.
1623 1687 1672 1723 Et
1698 1686 1786 1724 ideo
1807 1687 1920 1724 etiam
1950 1687 2162 1724 secundum
2191 1688 2245 1724 rei
2272 1688 2470 1726 veritatem

1406 1748 1493 1778 sunt
1513 1740 1847 1778 communicabilia
1866 1741 2004 1778 multis.
2023 1741 2100 1778 Sed
2114 1741 2189 1777 hoc
2208 1754 2352 1779 nomen
2367 1743 2470 1778 Deus

1406 1794 1631 1843 impositum
1653 1802 1708 1831 est
1727 1794 1775 1831 ab
1796 1794 2016 1843 operatione
2036 1794 2190 1844 propria
2210 1795 2307 1842 Deo,
2324 1807 2439 1843 quam
2455 1801 2470 1826 Ρ

1408 1847 1627 1897 experimur
1660 1847 1858 1896 continue,
1894 1848 1943 1885 ad
1971 1847 2263 1896 significandum
2302 1848 2470 1886 divinam

2398 227 2469 275 159

280 1903 452 1941 cundum
472 1903 616 1953 aliquid
636 1903 728 1950 eius,
749 1915 818 1952 per
837 1903 1030 1951 quandam
1051 1902 1350 1939 similitudinem:
1377 1893 1381 1947 Ι
1407 1909 1596 1938 naturam.

335 2035 353 2068 ι)
372 2034 491 2067 aliquod.
509 2048 528 2052 -
545 2033 621 2058 aliud
640 2033 702 2058 Pab.

1458 2034 1481 2065 ν)
1502 2034 1538 2058 Et
1555 2033 1699 2058 secundum
1718 2034 1775 2058 hoc.
1793 2047 1812 2052 -
1830 2033 1974 2058 secundum
1994 2033 2066 2065 quod
2083 2033 2205 2058 ABCDE.
2222 2047 2239 2052 -
2259 2033 2337 2058 Iidem
2356 2034 2381 2058 in
2400 2040 2469 2059 textu

333 2071 359 2103 κ)
375 2073 495 2102 possent.
508 2083 527 2088 -
540 2072 656 2102 possunt
675 2069 784 2094 BDFab.
797 2083 816 2088 -
829 2070 891 2094 Post
909 2067 1111 2095 similitudinem
1132 2069 1234 2094 codices
1254 2070 1351 2094 addunt
1404 2069 1525 2102 Apostoli
1544 2077 1597 2093 om.
1617 2072 1725 2093 natura.

280 2109 395 2131 tantum.

333 2140 361 2174 λ)
381 2141 507 2166 materia.
520 2155 538 2159 -
556 2140 677 2165 materiis
695 2140 817 2164 ABCDE.

335 2177 363 2211 μ)
381 2176 608 2202 communicabile.
621 2189 640 2194 -
660 2175 879 2200 communicabile
902 2175 1008 2208 quidem
1028 2176 1056 2200 Ρ.
1070 2189 1089 2194 --
1101 2176 1152 2200 Pro
1175 2176 1223 2204 sit,
1241 2175 1276 2208 fit
1295 2175 1349 2204 AE,

281 2220 335 2237 om.
355 2212 384 2236 B.
402 2225 422 2231 ·-
436 2212 487 2236 Pro
506 2211 738 2244 quemadmodum,
759 2211 828 2236 sicut
846 2211 948 2236 codices
969 2216 994 2236 et
1013 2211 1053 2235 ed.
1073 2218 1098 2239 a,
1118 2211 1187 2236 sicut
1205 2211 1229 2235 si
1247 2211 1288 2235 ed.
1308 2211 1332 2235 b.

1459 2102 1483 2136 ξ)
1503 2111 1588 2129 suam.
1606 2118 1625 2123 -
1643 2104 1704 2129 Om.
1724 2104 1801 2129 ACE.

1459 2140 1485 2171 o)
1504 2139 1550 2172 qui
1567 2153 1586 2158 -
1603 2139 1747 2164 secundum
1766 2139 1838 2172 quod
1856 2139 1966 2164 codices.

1460 2175 1489 2207 π)
1508 2178 1535 2199 et
1552 2175 1659 2199 similia.
1677 2189 1696 2193 -
1714 2178 1740 2199 et
1758 2175 1909 2199 huiusmodi
1926 2174 2025 2199 similia
2044 2174 2106 2199 Pab.

1460 2210 1484 2243 ρ)
1504 2217 1593 2242 quam.
1606 2224 1624 2230 -
1642 2214 1668 2235 et
1686 2217 1765 2243 quam
1785 2210 1962 2243 ACDEFGpB
1983 2215 2007 2234 et
2026 2210 2077 2234 ab.

966 2298 1299 2332 Commentaria
1322 2297 1572 2331 Cardjnalis
1595 2297 1795 2330 Caietam*

341 2399 449 2420 nunus
472 2388 583 2419 clarus.
607 2405 625 2410 -
646 2387 681 2418 In
704 2397 838 2428 corpore
863 2395 1017 2429 quatuor:
1043 2388 1165 2429 primo,
1191 2387 1355 2427 distinguit

283 2401 374 2475 le
397 2432 661 2465 communicabile
666 2442 680 2470 ;
703 2432 861 2469 secundo,
885 2433 977 2464 tradit
1004 2433 1128 2472 regulas
1152 2431 1350 2474 quasdam&

281 2478 384 2515 tertio,
409 2477 585 2518 respondet.
602 2476 746 2517 quaesito
763 2475 796 2513 ἦ
820 2484 945 2517 quarto,
969 2477 1090 2518 perficit
1114 2477 1290 2508 doctrinam
1315 2477 1353 2506 de

282 2521 606 2555 communicabilitate
629 2520 813 2551 divinorum
836 2521 1007 2552 nominum
1021 2522 1048 2553 *.

338 2568 376 2598 11.
402 2566 521 2604 Quoad
537 2566 700 2606 primum,
726 2566 1033 2597 communicabilius
1057 2566 1173 2607 duplex
1204 2564 1350 2606 ponitur:

283 2611 400 2644 scilicet
422 2609 565 2651 proprie,
591 2616 622 2640 et
649 2610 874 2650 metaphorice.
894 2611 936 2642 Et
958 2611 1032 2641 satis
1055 2611 1137 2642 clara
1165 2617 1211 2641 est
1233 2610 1350 2645 littera,

283 2657 317 2687 in
340 2665 404 2697 qua
428 2661 459 2685 et
486 2653 634 2684 definitur
665 2661 839 2695 utrumque
867 2656 1065 2692 membrum,
1087 2662 1118 2686 et
1150 2654 1295 2698 exemplo
1318 2654 1351 2684 in

285 2701 386 2731 leonis
409 2698 541 2730 nomine
564 2698 757 2739 aperiuntur.

338 2744 390 2775 III.
410 2743 528 2781 Quoad
544 2742 732 2781 secundum,
752 2750 918 2784 ponuntur
940 2750 1078 2785 quatuor
1094 2743 1220 2784 regulae
1244 2743 1283 2773 ad
1307 2742 1352 2772 di-

285 2788 496 2820 scernendum
517 2787 652 2817 'nomina
669 2788 946 2819 communicabilia
964 2789 1002 2819 ab
1022 2788 1100 2824 aliis,
1118 2795 1149 2819 et
1172 2796 1270 2829 quarn
1293 2787 1351 2817 dif-

285 2833 434 2864 ferenter·
448 2832 511 2863 sint
542 2832 831 2863 communicabilia.
854 2833 944 2867 Duae
977 2833 1103 2873 regulae
1132 2833 1172 2863 ad
1195 2831 1352 2862 sensibilia

285 2883 436 2919 spectant,
454 2877 535 2908 duae
558 2883 667 2907 autem
683 2877 722 2907 ad
740 2877 858 2908 formas
881 2884 1052 2918 separatas:
1071 2884 1101 2908 et
1124 2877 1168 2907 sic
1187 2876 1266 2906 nihil
1281 2876 1351 2906 uni-

285 2921 366 2953 versi
389 2921 648 2962 praetermissum
671 2928 727 2953 est.

341 2967 452 2997 Prima
469 2966 585 3007 regula
599 2972 658 2996 est:
677 2966 783 2997 Omne
799 2976 919 2997 nomen
935 2965 1114 3006 significans
1130 2971 1277 2996 naturam
1291 2964 1352 2995 dis-

286 3010 418 3041 tinctam
432 3010 471 3040 ab
487 3010 663 3047 individuo,
682 3017 728 3042 est
743 3010 1007 3042 communicabile
1025 3010 1162 3051 proprie,
1176 3010 1352 3040 secundum

287 3064 369 3090 rem,
392 3053 442 3084 vel
466 3055 644 3085 secundum
667 3055 824 3086 rationem
847 3055 968 3086 saltem.
984 3073 1003 3078 -
1025 3055 1180 3085 Probatur
1203 3064 1221 3084 a
1243 3053 1351 3094 priori.

289 3098 404 3130 Omnis
427 3097 531 3129 forma
558 3099 592 3129 in
616 3100 785 3140 supposito
815 3099 1032 3130 individuante
1062 3099 1210 3135 existens,
1236 3105 1282 3129 est
1305 3108 1351 3128 se-

289 3142 432 3174 cundum
447 3152 480 3173 se
494 3143 655 3182 praedicto
676 3144 776 3175 modo
796 3143 992 3175 communis:
1014 3154 1099 3184 ergo.
1111 3161 1132 3166 —
1144 3142 1352 3178 Antecedens‚

288 3186 397 3228 quoad
409 3187 673 3218 communitatem
684 3188 738 3225 rei,
750 3189 902 3229 probatur
910 3188 944 3218 in
956 3195 1067 3219 natura
1078 3187 1228 3218 hominis.
1236 3186 1354 3224 Quoad

290 3230 556 3262 communitatem
578 3242 653 3263 vero
683 3232 813 3264 rationis
841 3239 982 3269 tantum,
1008 3233 1160 3273 probatur
1183 3241 1220 3262 ex
1243 3238 1355 3261 natura

289 3275 366 3307 solis
388 3274 441 3305 sic.
457 3275 578 3306 Natura
600 3276 744 3316 specifica
767 3277 951 3317 intelligitur
974 3287 992 3307 a
1014 3276 1121 3312 nobis,
1145 3275 1354 3306 abstrahendo

290 3330 308 3350 a
323 3318 486 3359 singulari:
512 3329 586 3359 ergo
606 3330 672 3351 esse
694 3321 728 3352 in
744 3332 811 3352 uno
834 3321 885 3352 vel
908 3321 1052 3361 pluribus
1076 3319 1286 3360 singularibus
1310 3325 1356 3349 est

289 3370 412 3405 praeter
434 3362 629 3394 intellectum
652 3371 781 3396 naturae
804 3365 983 3406 specificae:
1010 3374 1094 3404 ergo,
1119 3370 1241 3394 servato
1265 3363 1355 3394 intel-

289 3409 373 3439 lectu
397 3413 527 3438 naturae
560 3407 739 3447 specificae,
759 3416 865 3450 potest
897 3409 992 3440 etiam
1023 3409 1072 3439 sol
1101 3408 1232 3448 intelligi
1265 3415 1301 3438 ut
1323 3407 1355 3438 in

290 3452 434 3494 pluribus
458 3451 602 3482 existens.

346 3496 483 3527 Adverte
507 3495 557 3525 hic
584 3496 674 3536 quod
702 3497 1007 3528 communicabilitas
1026 3496 1173 3537 proprie,
1198 3495 1357 3526 subdivisa

286 3540 468 3571 insinuatur
499 3539 532 3569 in
560 3539 618 3570 hac
642 3541 766 3580 regula:
793 3541 910 3572 scilicet
939 3541 973 3571 in
1001 3540 1357 3572 communicabilitatem

284 3585 468 3616 secundum
491 3593 558 3614 rem
582 3590 612 3615 et
634 3584 791 3615 rationem
813 3585 923 3622 simul,
948 3592 979 3616 et
1001 3586 1178 3616 secundum
1201 3584 1357 3615 rationem

1408 2393 1542 2418 tantum.
1562 2388 1603 2418 Et
1618 2387 1813 2418 insinuatum
1834 2393 1879 2418 est
1898 2386 1994 2417 simul
2015 2386 2105 2427 quod
2126 2385 2369 2417 fundamentum
2386 2397 2471 2418 com-

1408 2431 1663 2462 municabilitatis
1687 2431 1776 2461 realis
1801 2438 1847 2462 est
1868 2431 2009 2461 inventio
2032 2430 2116 2461 illius
2140 2437 2268 2461 naturae
2290 2431 2323 2460 in
2351 2432 2470 2463 multis.

1407 2476 1507 2512 Quae,
1526 2482 1561 2506 ut
1576 2476 1737 2506 Avicenna
1753 2475 1861 2511 dixit*,
1878 2474 2028 2506 trifariam
2042 2474 2213 2505 invenitur:
2227 2474 2351 2511 scilicet,
2368 2483 2424 2507 aut
2437 2477 2470 2507 in

1407 2527 1478 2550 actu
1503 2520 1708 2556 simukaneo,
1737 2526 1772 2550 ut
1794 2526 1880 2560 patet
1902 2519 1934 2549 in
1967 2524 2078 2549 natura
2100 2518 2257 2554 humana,
2283 2519 2373 2550 cuius
2397 2527 2471 2551 sunt

1407 2564 1502 2594 simul
1526 2571 1596 2595 actu
1621 2565 1712 2604 plura
1727 2563 1914 2604 singularia;
1939 2569 1994 2594 aut
2015 2563 2048 2593 in
2069 2569 2140 2593 actu
2164 2563 2351 2600 successivo,
2369 2571 2405 2595 ut
2425 2565 2470 2595 di-

1408 2608 1488 2639 citur
1510 2609 1549 2639 de
1569 2608 1726 2639 Phoenice
1752 2608 1841 2649 quod
1862 2608 1926 2638 vita
1948 2607 2108 2648 sequentis
2127 2613 2265 2638 mortem
2280 2607 2373 2648 exigit
2386 2608 2470 2649 prio-

1407 2653 1462 2689 ris;
1488 2660 1543 2683 aut
1565 2653 1598 2683 in
1621 2653 1763 2693 potentia
1785 2659 1926 2688 tantum,
1947 2658 1983 2682 ut
2011 2651 2127 2682 domus
2151 2651 2237 2682 mille
2261 2652 2469 2692 angulorum,

1407 2696 1432 2727 si
1456 2707 1623 2738 nunquam
1645 2696 1707 2727 fiet.
1725 2697 1984 2727 Fundamentum
2007 2702 2114 2726 autern
2143 2696 2470 2728 communicabilitatis

1407 2742 1584 2772 secundum
1606 2741 1762 2772 rationem
1785 2747 1919 2777 tantum,
1941 2750 1977 2770 ex
1999 2746 2086 2780 parte
2110 2739 2208 2771 nostri
2231 2740 2407 2772 intellectus
2423 2751 2470 2771 as-

1407 2785 1566 2825 signatum
1590 2792 1636 2816 est
1644 2795 1651 2822 ;
1675 2792 1706 2816 et
1729 2785 1849 2816 dictum
1863 2785 1952 2826 quod
1975 2791 2022 2815 est
2038 2784 2177 2824 cognitio
2201 2791 2329 2815 naturae
2353 2786 2471 2826 absque

1408 2830 1588 2870 cognitione
1603 2829 1880 2860 individuantium.
1897 2829 1939 2860 Et
1960 2829 2037 2859 haec
2053 2828 2199 2869 pluribus
2218 2829 2323 2859 modis
2347 2830 2469 2860 contin·

1407 2874 1462 2914 git,
1484 2881 1520 2905 ut
1541 2874 1622 2904 infra
1643 2874 1661 2893 *
1683 2873 1812 2914 patebit.

1464 2918 1515 2949 IV.
1532 2918 1679 2949 Secunda
1695 2919 1813 2959 regula
1829 2924 1888 2948 est:
1906 2917 2012 2948 Omne
2027 2926 2147 2947 nomen
2168 2915 2345 2956 significans
2368 2917 2472 2957 singu-

1406 2963 1478 2999 lare,
1493 2969 1539 2993 est
1550 2962 1849 2993 incommunicabile
1861 2962 1997 3002 proprie,
2014 2968 2080 2992 tam
2096 2961 2271 2991 secundum
2282 2971 2359 2997 rem,
2373 2971 2471 3001 quam

1407 3006 1578 3043 rationem;
1594 3007 1667 3037 licet
1682 3006 1722 3037 sit
1736 3005 1999 3037 communicabile
2015 3005 2239 3045 metaphorice.
2255 3022 2275 3026 —
2285 3005 2439 3036 Probatur
2454 3015 2471 3035 a

1407 3051 1520 3091 priori,
1545 3051 1653 3092 quoad
1675 3051 1811 3091 primam
1835 3056 1974 3090 partem:
1999 3050 2074 3090 quia
2097 3048 2253 3088 singulare
2278 3055 2314 3079 ut
2342 3048 2400 3085 sic,
2426 3056 2472 3080 est

1409 3096 1544 3126 divisum
1561 3096 1599 3126 ab
1616 3095 1766 3125 omnibus
1782 3094 1858 3125 aliis.
1877 3094 1993 3131 Quoad
2010 3094 2181 3124 secundam
2195 3101 2291 3123 vero:
2311 3093 2386 3133 quia
2405 3103 2471 3123 non

1408 3146 1513 3180 potest
1536 3140 1569 3170 in
1592 3139 1842 3179 apprehensione
1864 3138 2040 3169 intellectus
2064 3137 2173 3168 cadere
2190 3136 2353 3176 pluralitas
2377 3137 2471 3168 huius

1408 3184 1573 3214 individui.
1596 3183 1710 3221 Quoad
1735 3183 1859 3214 tertiam
1881 3189 1997 3218 autem,
2015 3182 2160 3221 exemplo
2184 3180 2325 3211 Achillis.

1464 3229 1503 3259 V.
1526 3229 1633 3258 Tertia
1649 3229 1765 3269 regula
1782 3234 1842 3258 est:
1863 3226 1969 3258 Omne
1992 3236 2111 3256 nomen
2134 3224 2311 3265 significans
2335 3222 2473 3255 formam

1410 3283 1475 3303 non
1499 3272 1695 3303 individuam
1717 3282 1774 3312 per
1801 3271 1888 3302 aliud
1911 3269 2128 3311 suppositum,
2154 3269 2208 3299 sed
2236 3279 2291 3309 per
2315 3268 2470 3309 seipsam,

1411 3317 1587 3347 secundum
1609 3316 1698 3357 quod
1716 3316 1749 3346 in
1773 3326 1805 3346 se
1824 3322 1879 3351 est,
1904 3321 1950 3345 est
1968 3313 2267 3344 incommunicabile
2291 3313 2417 3353 proprie
2441 3320 2472 3344 et

1410 3371 1442 3391 re
1459 3368 1489 3392 et
1504 3361 1634 3396 ratione,
1655 3360 1800 3401 quamvis
1816 3369 1882 3390 non
1900 3358 2123 3398 metaphorice.
2134 3357 2316 3387 -Probatur
2330 3367 2348 3387 a
2363 3357 2469 3397 priori,

1411 3405 1518 3446 quoad
1542 3405 1678 3444 primam
1696 3410 1834 3444 partem:
1856 3403 1930 3444 quia
1953 3409 2027 3432 sunt
2049 3411 2105 3441 per
2125 3401 2242 3441 seipsas
2258 3401 2470 3432 subsistentes.

1412 3449 1528 3487 Quoad
1553 3449 1725 3479 secundam
1748 3457 1838 3478 vero:
1863 3446 1937 3488 quia
1962 3446 2005 3476 sic
2028 3445 2275 3486 intelligerentur
2297 3445 2472 3476 secundum

1411 3494 1500 3534 quod
1516 3500 1597 3524 sunt.
1611 3511 1631 3515 -
1641 3493 1703 3523 Sed
1718 3492 1796 3523 scito
1812 3491 1902 3532 quod
1917 3489 2102 3521 huiusmodi
2115 3489 2298 3520 nominibus
2312 3498 2470 3520 caremus:

1411 3538 1486 3578 quia
1502 3547 1568 3567 non
1584 3547 1756 3577 possumus
1771 3535 1942 3575 intelligere
1957 3534 2033 3565 tales
2053 3533 2170 3564 formas
2192 3533 2369 3564 secundum
2385 3533 2474 3575 quod

1410 3583 1443 3612 in
1467 3592 1499 3612 se
1524 3588 1606 3612 sunt.

2496 369 2505 379 ‘
2523 368 2583 390 Psal.
2593 375 2672 397 Lxxxx,
2688 369 2712 391 6.

2495 1380 2506 1391 ³
2520 1380 2546 1402 In
2560 1386 2667 1408 corpore.

2498 2485 2507 2494 ·
2516 2483 2626 2511 ΜειαρΙι.,
2638 2487 2705 2506 tract.

2497 2510 2526 2537 V,
2542 2516 2593 2538 cap.
2607 2516 2624 2531 1.

2498 2876 2509 2886 ⁸
2522 2875 2593 2897 Num.
2607 2880 2646 2896 vn.
