2768 4178
80 1498 91 1507 ¹*
103 1497 149 1525 Qu.
162 1503 207 1524 xiv,
219 1500 260 1518 art.
269 1503 292 1526 9.

81 1551 90 1558 ·
106 1549 130 1570 S.
141 1548 185 1570 Th.
198 1549 292 1570 lect.111.

181 1604 197 1620 α

79 2185 90 2196 ⁴¹
101 2184 152 2206 Lib.
166 2184 293 2211 Octoginta

80 2211 149 2232 trium
179 2211 292 2238 Quaest„

80 2244 119 2266 qu.
135 2243 194 2259 xxvi.

79 2345 90 2355 ⁴*
105 2343 163 2365 ibid.

80 2612 91 2623 ⁴*
99 2611 231 2633 Phaedonis
242 2617 293 2638 cap.

81 2645 152 2660 xcvm
163 2655 168 2665 ,
183 2644 237 2659 xcix
248 2645 253 2650 ·

81 2665 104 2686 in
122 2665 218 2686 Timaeo
233 2666 237 2691 l

240 2641 294 2685 1515}

81 2692 173 2719 tom.11,
185 2697 294 2719 pag.204‚

81 2718 134 2743 218).

180 2744 195 2779 β

184 2790 200 2815 γ

326 278 403 313 204

323 346 378 376 sed
401 345 490 386 quod
512 344 580 384 ipsa
603 343 772 374 intellectio
788 343 939 374 essentiae
962 350 998 374 ut
1017 343 1188 380 imitabilis,
1205 350 1251 374 est
1275 343 1390 374 consti-

323 389 404 421 tutio
428 395 587 429 respectus
610 387 729 418 idealis.
745 405 766 409 -
780 387 827 417 Ex
850 387 912 418 hoc
929 394 1036 418 autem
1055 387 1161 423 habes,
1182 387 1270 427 quod
1285 397 1390 427 respe-

324 441 392 465 ctus
415 432 522 463 idealis
545 442 611 462 non
635 439 800 471 ponuntur
827 431 991 462 necessarii
1019 432 1058 468 ad
1082 431 1144 461 hoc
1169 438 1205 461 ut
1227 431 1315 461 Deus
1343 430 1390 461 di-

323 478 434 508 stincte
456 476 608 515 intelligat
629 482 793 511 creaturas,
809 482 845 506 ut
868 475 999 516 quidam
1014 474 1209 514 interpretari
1224 474 1388 505 videntur:

323 528 446 552 constat
460 520 545 551 enim
561 520 650 560 quod
665 519 816 560 perfectio
834 519 1055 550 intellectionis
1080 518 1203 549 divinae
1219 528 1286 549 non
1302 529 1390 549 men-

323 565 405 596 dicat
428 575 446 595 a
469 564 660 604 respectibus
689 563 828 595 rationis.
861 563 923 594 Sed
946 570 1112 603 ponuntur
1141 562 1322 599 necessarii,
1355 569 1391 594 ut

323 608 496 639 necessario
526 607 688 639 constituti
718 618 755 638 ex
784 607 976 647 perfectione
1004 606 1225 637 intellectionis
1256 606 1389 637 divinae.

323 653 414 684 Unde
434 652 466 682 in
491 662 623 693 corpore
642 651 763 683 articuli
779 654 902 682 Auctor
921 650 996 681 dixit
1012 651 1111 692 quod,
1127 650 1203 691 quia
1218 650 1305 681 Deus
1322 660 1391 691 per·

1021 264 1288 311 QUAESTIO
1319 264 1405 312 XV,
1435 265 1733 302 ARTICULUS
1764 265 1813 301 111

1445 343 1612 374 fectissime
1635 343 1781 384 intelligit
1804 344 1973 375 essentiam
1996 353 2097 379 suam,
2120 342 2193 373 ideo
2216 343 2363 384 intelligit
2385 354 2456 375 eam
2480 352 2517 376 ut

1444 393 1492 418 tot
1515 388 1621 418 modis
1636 387 1837 419 imitabilem:
1859 388 1921 419 hoc
1938 387 2023 418 enim
2047 393 2093 418 est
2112 387 2262 418 constitui
2285 388 2392 428 plures
2411 399 2516 429 respe-

1445 438 1514 462 ctus
1537 431 1670 467 ideales,
1694 432 1889 472 intelligique
1913 432 2019 472 plures
2042 431 2128 462 ideas
2152 438 2188 462 ut
2217 431 2356 463 aliorum
2377 433 2516 464 rationes

1445 482 1528 512 sunt,
1547 482 1578 506 et
1600 475 1773 516 intelligere
1789 483 1945 507 creaturas
1969 475 2114 507 distincte
2130 475 2163 506 in
2187 475 2321 507 essentia
2336 476 2442 507 divina
2456 477 2516 507 sibi

1446 519 1579 550 obiecta.

1498 563 1539 594 Et
1561 563 1638 594 haec
1653 563 1678 594 si
1695 563 1775 594 bene
1791 564 2024 604 contemplatus
2039 563 2145 600 fueris,
2163 562 2358 594 obiectiones
2379 563 2517 595 aliorum

1446 607 1616 638 deridebis:
1641 618 1720 648 quas
1737 618 1804 638 non
1827 608 1953 645 adduxi,
1971 608 2046 649 quia
2062 618 2128 638 non
2144 614 2254 639 contra
2273 617 2404 639 sensum
2419 618 2517 648 expo-

1446 651 1544 682 situm
1567 652 1727 682 doctrinae
1751 662 1775 683 ⁵.
1793 652 1940 683 Thomae
1964 652 2108 683 militant.

1130 818 1449 860 ARTICULUS
1478 818 1709 861 TERTIUS

811 913 967 944 UTRUM
991 911 1169 943 OMNIUM
1197 910 1317 947 QUAE
1342 909 1593 948 COGNosmT
1617 911 1744 948 naus,
1770 911 1867 943 SINT
1892 912 2021 944 IDEAE

478 992 487 1016 l
507 992 589 1021 Sent„
609 991 667 1016 dist.
686 997 768 1021 xxxvi,
788 998 833 1023 qu.
851 997 878 1019 ιι,
899 995 945 1015 art.
967 989 994 1021 33
1015 990 1056 1014 De
1075 989 1142 1018 Pot..
1162 996 1207 1048 ςῖ).
1225 992 1310 1047 1‚Dart.
1317 986 1354 1047 13,
1375 987 1407 1012 ad
1425 994 1468 1047 ἐξ,
1493 995 1518 1011 11
1529 995 1602 1048 ςιεέιΐπ.
1620 996 1658 1019 111,
1678 993 1724 1013 art.
1742 997 1762 1020 1,
1782 990 1814 1014 ad
1832 989 1862 1015 13
1869 998 1876 1022 ;
1897 990 1938 1016 De
1957 991 2047 1021 Verit„
2067 999 2111 1025 qu.
2130 1000 2168 1024 m,
2187 998 2234 1019 art.
2254 993 2267 1018 3
2288 1000 2357 1027 sqq-3

1207 1030 1221 1048 e
1269 1031 1303 1048 W.
1345 1030 1405 1052 om„
1455 1030 1480 1055 p.
1494 1030 1519 1054 V,
1549 1031 1563 1048 e
1590 1041 1597 1049 .
1616 1031 1654 1049 111.

362 1149 372 1160 s
409 1134 421 1159 ἃ
444 1144 483 1162 ,μ
526 1127 558 1152 D
577 1126 737 1152 TERTIUM
756 1127 809 1152 sm
829 1125 1068 1151 PROCEDITUR.
1098 1113 1258 1150 Videtur
1281 1113 1388 1162 quod

463 1160 509 1216 ²⁷³..
535 1181 614 1206 non
634 1167 809 1205 omnium
835 1179 933 1216 quae
959 1166 1154 1215 cognoscit
1177 1168 1295 1214 Deus,
1316 1166 1390 1204 sint

356 1218 454 1269 [βψ
517 1219 642 1258 ideae
671 1221 711 1258 in
738 1221 834 1270 ipso.
865 1220 958 1257 Mali
987 1220 1090 1257 enim
1119 1219 1207 1257 idea
1234 1233 1313 1257 non
1335 1227 1390 1256 est

379 1249 476 1309 (⁶³31)
536 1274 573 1311 in
592 1276 698 1311 Deo:
729 1274 819 1322 quia
838 1281 1061 1322 sequeretur
1080 1274 1226 1310 malum
1247 1286 1329 1310 esse
1349 1272 1388 1310 in

322 1328 420 1364 Deo.
451 1327 529 1364 Sed
557 1328 659 1364 rnala
687 1334 970 1375 cognoscuntur
998 1339 1020 1363 a
1048 1327 1147 1363 Deo.
1178 1327 1280 1375 Ergo
1310 1338 1389 1363 non

322 1380 498 1418 omnium
527 1393 625 1430 quae
655 1387 936 1428 cognoscuntur
965 1392 987 1416 a
1015 1381 1123 1428 Deo,
1154 1387 1241 1416 sunt
1267 1379 1388 1417 ideae.

376 1445 411 1470 2.
446 1434 689 1481 PRAETEREA,
725 1435 831 1470 Deus
869 1432 1064 1480 cognoscit
1102 1445 1147 1470 ea
1181 1445 1281 1480 quae
1319 1445 1390 1469 nec

321 1494 407 1524 sunt
434 1499 505 1523 nec
538 1494 647 1523 erunt
683 1498 755 1523 nee
787 1486 954 1533 fuerunt,
984 1494 1026 1522 ut
1053 1498 1168 1534 supra
1195 1485 1215 1507 '¹‘
1249 1485 1390 1522 dictum

322 1547 387 1577 est.
419 1540 496 1577 Sed
525 1540 665 1576 horum
694 1551 773 1576 non
802 1546 889 1576 sunt
917 1539 1046 1576 ideae:
1078 1539 1167 1588 quia
1191 1538 1279 1576 dicit
1298 1539 1391 1575 Dio-

321 1593 507 1642 nysius,.v
532 1605 614 1642 cap.
635 1593 680 1629 de
707 1592 794 1629 Div.
824 1592 941 1629 Nom.
962 1592 994 1639 ²¹²,
1020 1592 1126 1641 quod
1155 1592 1389 1640 exemplaria

319 1652 408 1683 sunt
427 1646 577 1683 divinae
602 1645 811 1683 voluntates
825 1651 853 1692 α,
874 1645 1182 1682 determinativae
1200 1651 1236 1681 et
1253 1644 1390 1695 effectif

320 1711 392 1737 vae
419 1711 560 1736 rerum.
591 1699 693 1746 Ergo
722 1711 801 1736 non
830 1698 1006 1735 omnium
1034 1711 1133 1747 quae
1163 1711 1185 1735 a
1212 1699 1297 1735 Deo
1327 1710 1389 1734 co-

322 1759 566 1800 gnoscuntur,
597 1759 684 1788 sunt
711 1752 820 1788 ideae
849 1751 889 1787 in
917 1751 1013 1800 ipso.

378 1806 411 1842 3.
442 1806 680 1852 PRAETEREA,
711 1806 817 1841 Deus
855 1804 1050 1852 cognoscit
1085 1803 1284 1841 materiam
1316 1803 1390 1852 pri-

322 1870 449 1895 mam:
480 1870 578 1907 quae
607 1870 686 1895 non
713 1865 840 1906 potest
867 1858 1009 1895 habere
1038 1857 1178 1904 ideam,
1200 1869 1289 1894 cum
1309 1857 1390 1893 nul-

321 1912 399 1948 lam
427 1912 567 1948 habeat
593 1911 769 1948 formam.
800 1911 903 1959 Ergo
932 1911 1036 1948 idem
1066 1911 1172 1960 quod
1199 1910 1316 1960 prius.

374 1976 411 2011 4.
442 1965 675 2011 PRAETEREA,
706 1971 853 2000 constat
880 1963 988 2012 quod
1014 1965 1121 2001 Deus
1142 1963 1211 2000 scit
1229 1975 1309 2000 non
1328 1975 1389 2000 so-

321 2017 401 2054 lum
431 2017 597 2066 species,
627 2017 695 2054 sed
733 2017 847 2054 etiam
885 2028 1025 2065 genera
1059 2025 1095 2054 et
1123 2016 1325 2064 singularia
1353 2023 1390 2053 et

321 2070 538 2107 accidentia.
563 2070 640 2107 Sed
667 2071 807 2107 horum
828 2082 908 2107 non
927 2078 1015 2107 sunt
1033 2070 1153 2118 ideae,
1174 2069 1387 2107 secundum

320 2123 551 2172 positionem
579 2123 758 2170 Platonis,
779 2123 845 2173 qui
867 2122 1014 2172 primus
1034 2123 1138 2161 ideas
1166 2123 1387 2171 introduxit,

320 2184 362 2213 ut
390 2176 479 2214 dicit
506 2176 739 2224 Augustinus
758 2175 789 2213 *.
819 2177 911 2213 Non
940 2188 1030 2224 ergo
1060 2176 1236 2214 omnium
1261 2175 1388 2224 cogni-

320 2237 448 2266 torum
477 2242 499 2266 a
527 2230 612 2266 Deo
642 2237 729 2266 sunt
755 2229 865 2266 ideae
894 2229 933 2266 in
960 2229 1056 2277 ipso.
1184 2275 1186 2278 v

376 2283 450 2319 SED
479 2293 636 2329 CONTRA,
666 2282 774 2319 ideae
803 2289 890 2319 sunt
918 2282 1082 2319 rationes
1110 2281 1149 2318 in
1177 2289 1306 2319 mente
1335 2281 1389 2319 di-

320 2335 411 2372 vina
439 2334 654 2382 existentes,
684 2342 726 2371 ut
753 2346 822 2383 per
848 2335 1104 2383 Augustinum
1127 2334 1148 2356 '¹‘
1174 2342 1289 2384 patet.
1312 2335 1389 2372 Sed

321 2388 497 2425 omnium
530 2400 628 2436 quae
669 2387 882 2436 cognoscit,
921 2389 1027 2424 Deus
1064 2388 1179 2424 habet
1214 2387 1389 2437 proprias

321 2441 498 2478 rationes.
528 2441 629 2489 Ergo
668 2440 844 2478 omniurn
882 2453 982 2489 quae
1020 2440 1238 2489 cognoscit,
1273 2441 1389 2478 habet

321 2494 460 2531 ideam.

375 2548 600 2584 RESPONDEO
629 2546 814 2584 DiCENDUM
843 2547 966 2595 quod,
998 2559 1087 2584 cum
1116 2546 1224 2584 ideae
1253 2559 1276 2584 a
1303 2547 1388 2584 Pla-

321 2608 412 2637 tone
431 2607 666 2649 ponerentur
679 2599 699 2621 ’¹‘
717 2599 903 2649 principia
917 2598 934 2628 β
954 2600 1180 2648 cognitionis
1205 2612 1333 2637 rerum
1354 2608 1390 2637 et

322 2653 574 2702 generationis
598 2653 778 2702 ipsarum,
800 2653 849 2690 ad
868 2660 1075 2702 utrumque
1095 2665 1135 2690 se
1155 2653 1270 2690 habet
1289 2653 1388 2701 idea,

323 2714 436 2756 prout
472 2706 511 2743 in
547 2714 674 2743 mente
719 2706 846 2743 divina
883 2706 1048 2755 ponitur.
1092 2707 1142 2743 Et
1178 2707 1389 2744 secundum

323 2760 457 2808 quod⁷
485 2766 541 2796 est
568 2759 796 2808 principium
826 2759 994 2797 factionis
1023 2772 1163 2806 rerum,
1193 2760 1391 2808 exemplar

324 2813 396 2850 dici
414 2819 556 2861 potest;
582 2820 619 2849 et
638 2813 686 2849 ad
705 2812 911 2862 practicam
939 2813 1196 2861 cognitionem
1215 2813 1387 2862 pertinet.

325 2865 546 2902 Secundum
567 2873 695 2902 autem
715 2865 821 2914 quod
839 2865 1068 2914 principium
1089 2866 1389 2914 cognoscitivum

325 2926 391 2966 est,
407 2918 560 2968 proprie
581 2918 717 2955 dicitur
736 2919 851 2963 ratio;
871 2926 907 2955 et
925 2926 1052 2968 potest
1071 2919 1185 2956 etiam
1205 2918 1253 2956 ad
1269 2919 1390 2956 scien-

322 2972 412 3008 tiam
429 2971 703 3020 speculativam
718 2971 917 3020 pertinere.
941 2972 1163 3009 Secundum
1180 2984 1269 3020 ergo
1285 2972 1391 3021 quod

324 3026 516 3074 exemplar
543 3032 609 3071 est,
640 3024 852 3061 secundum
881 3025 956 3061 hoc
981 3038 1020 3062 se
1041 3026 1157 3062 habet
1181 3026 1231 3062 ad
1258 3026 1390 3063 omnia

324 3090 421 3127 quae
442 3090 465 3114 a
483 3079 568 3114 Deo
597 3078 696 3115 fiunt
723 3077 934 3115 secundum
955 3078 1109 3127 aliquod
1129 3086 1292 3128 tempus.
1324 3079 1390 3115 Se—

324 3130 493 3168 cundum
512 3143 605 3168 vero
626 3131 732 3179 quod
751 3130 978 3180 principium
1000 3131 1301 3179 cognoscitivum
1323 3139 1389 3179 est,

324 3196 364 3220 se
401 3184 515 3220 habet
543 3184 592 3221 ad
627 3184 755 3221 omnia
790 3196 888 3233 quae
927 3192 1208 3232 cognoscuntur
1237 3197 1259 3221 a
1286 3185 1388 3232 Deo,

325 3236 438 3273 etiam
467 3236 497 3273 si
525 3237 628 3274 nullo
657 3243 831 3285 tempore
860 3237 973 3282 fiant.;
1005 3245 1040 3274 et
1060 3239 1108 3275 ad
1133 3237 1264 3275 omnia
1292 3249 1390 3287 quae

325 3301 347 3326 a
375 3290 459 3326 Deo
494 3297 775 3338 cognoscuntur
808 3290 1019 3327 seeundum
1053 3291 1250 3340 propriam
1279 3290 1389 3328 ratio-

379 3421 406 3452 α)
426 3422 582 3446 voluntates.
600 3435 619 3440 —
637 3422 781 3447 voluntatis
800 3421 932 3454 ACDGpB
952 3427 977 3447 et
994 3423 1046 3447 ab.

327 3490 349 3514 d·
380 3454 404 3488 β)
425 3456 533 3516 ἰάεαὲ...
548 3457 693 3489 principia.
711 3471 730 3477 -
749 3458 809 3482 idea
827 3464 844 3482 a
863 3457 973 3482 Platone
993 3461 1141 3489 poneretur
1159 3458 1324 3491 principium
1345 3465 1388 3483 co-

344 3498 395 3515 ices
415 3496 439 3515 et
458 3499 474 3515 a
501 3509 507 3516 .

1444 1125 1555 1161 nem,
1586 1121 1622 1150 et
1650 1115 1865 1152 secundum
1898 1117 2004 1164 quod
2041 1125 2323 1165 cognoscuntur
2350 1119 2399 1156 ab
2427 1119 2510 1169 ipso

1442 1178 1511 1215 per
1539 1167 1702 1204 modum
1731 1169 2013 1217 speculationis.

1497 1222 1556 1257 An
1586 1232 1723 1258 prunum
1746 1233 1845 1259 ERGO
1865 1234 2050 1260 mcENDUM
2070 1223 2175 1272 quod
2195 1225 2342 1261 malum
2371 1237 2513 1274 cogno-

1444 1273 1559 1310 scitur
1587 1286 1609 1310 a
1636 1275 1722 1311 Deo
1760 1287 1839 1312 non
1867 1288 1937 1324 per
1972 1276 2169 1325 propriam
2207 1277 2415 1325 rationem,
2445 1278 2514 1316 sed

1443 1338 1514 1375 per
1541 1326 1729 1364 rationem
1763 1328 1866 1365 boni.
1906 1329 1955 1365 Et
1983 1329 2070 1366 ideo
2104 1330 2251 1366 malum
2285 1342 2366 1367 non
2398 1331 2514 1369 habet

1444 1379 1483 1416 in
1511 1380 1596 1416 Deo
1626 1380 1754 1418 ideam
1773 1381 1804 1428 ³¹³,
1835 1393 1960 1430 neque
1990 1384 2204 1420 secundum
2225 1383 2330 1432 quod
2350 1383 2437 1421 idea
2455 1391 2513 1422 est
2540 1389 2551 1399 ·

1445 1433 1650 1481 exemplar,
1680 1446 1805 1483 neque
1835 1435 2049 1472 secundum
2077 1435 2183 1484 quod
2213 1443 2269 1473 est
2297 1436 2404 1474 ratio.

1497 1487 1556 1522 AD
1576 1488 1767 1524 SECUNDUM
1786 1499 1971 1525 meENDuM
1987 1489 2093 1537 quod
2114 1501 2248 1526 eorum
2270 1501 2369 1537 quae
2386 1502 2513 1539 neque

1444 1547 1531 1576 sunt
1559 1551 1685 1589 neque
1715 1548 1825 1577 erunt
1848 1553 1973 1590 neque
1993 1542 2155 1589 fuerunt,
2176 1542 2282 1579 Deus
2301 1555 2381 1580 non
2398 1543 2516 1581 habet

1443 1592 1651 1642 practicam
1673 1593 1942 1642 cognitionem,
1963 1594 2034 1632 nisi
2053 1595 2191 1632 virtute
2210 1602 2371 1632 tantum.
2401 1596 2513 1634 Unde

1445 1654 1619 1695 respectu
1648 1659 1783 1684 eorum
1813 1659 1892 1684 non
1921 1655 1976 1685 est
2003 1647 2091 1685 idea
2117 1648 2155 1685 in
2179 1649 2278 1696 Deo,
2299 1648 2513 1687 secundum

1443 1699 1551 1748 quod
1578 1699 1664 1737 idea
1692 1699 1878 1748 significat
1907 1701 2112 1750 exemplar,
2133 1700 2202 1738 sed
2225 1702 2351 1739 solum
2380 1714 2513 1740 secun-

1445 1752 1538 1789 dum
1566 1753 1672 1801 quod
1700 1753 1886 1801 significat
1912 1753 2112 1791 rationem.

1497 1807 1556 1842 An
1589 1817 1750 1843 TERTmM
1782 1818 1967 1844 DICENDUM
2005 1807 2110 1856 quod
2138 1807 2267 1854 Plato,
2298 1807 2512 1844 secundum

1445 1858 1649 1906 quosdam,
1669 1858 1799 1907 posuit
1816 1859 2017 1896 materiam
2045 1871 2125 1896 non
2153 1867 2337 1897 creatam:
2367 1867 2404 1897 et
2423 1859 2511 1898 ideo

1443 1923 1522 1947 non
1549 1911 1679 1960 posuit
1714 1911 1843 1949 ideam
1881 1924 1964 1949 esse
1993 1912 2196 1960 materiae,
2227 1913 2294 1950 sed
2331 1912 2511 1950 materiae

1445 1975 1677 2001 concausam
1702 1964 1733 2001 *.
1766 1965 1842 2002 Sed
1871 1965 1960 2014 quia
1987 1977 2059 2002 nos
2095 1965 2278 2014 ponimus
2312 1965 2512 2003 materiam

1444 2025 1611 2054 creatam
1639 2030 1662 2054 a
1690 2018 1797 2064 Deo,
1827 2030 1907 2054 non
1944 2025 2073 2069 tamen
2110 2018 2192 2055 sine
2226 2019 2368 2066 forma,
2398 2019 2514 2055 habet

1443 2069 1601 2118 quidem
1630 2070 1788 2107 materia
1816 2070 1943 2108 ideam
1972 2071 2010 2108 in
2034 2072 2132 2119 Deo,
2153 2084 2232 2109 non
2251 2079 2382 2109 tamen
2400 2071 2513 2108 aliam

1443 2123 1491 2159 ab
1526 2123 1613 2160 idea
1641 2123 1853 2173 compositi.
1894 2125 1998 2161 Nam
2037 2124 2195 2162 materia
2229 2124 2443 2162 secundum
2472 2135 2513 2162 se

1442 2188 1568 2225 neque
1597 2189 1679 2214 esse
1707 2177 1835 2224 habet,
1865 2189 1990 2226 neque
2019 2177 2284 2225 cognoscibilis
2314 2185 2380 2215 est.

1495 2231 1555 2266 An
1576 2241 1750 2272 QUARTUM
1768 2241 1953 2266 Dicannum
1968 2230 2075 2277 quod
2094 2242 2235 2278 genera
2253 2243 2333 2267 non
2352 2237 2514 2279 possunt

1442 2282 1586 2319 habere
1614 2282 1743 2319 ideam
1778 2282 1891 2319 aliam
1920 2282 1968 2319 ab
1997 2282 2083 2320 idea
2111 2283 2269 2332 speciei,
2299 2282 2513 2320 secundum

1442 2334 1548 2383 quod
1585 2333 1672 2372 idea
1709 2334 1894 2383 significat
1932 2336 2145 2385 exemplar:
2185 2336 2275 2385 quia
2312 2347 2512 2385 nunquam

1441 2400 1561 2436 genus
1599 2388 1643 2424 fit
1673 2387 1743 2424 nisi
1774 2387 1813 2425 in
1841 2388 1967 2437 aliqua
2004 2388 2141 2438 specie.
2182 2388 2362 2426 Similiter
2398 2388 2511 2425 etiam

1444 2448 1500 2478 est
1528 2441 1574 2478 de
1607 2440 1866 2478 accidentibus
1908 2453 2006 2490 quae
2043 2441 2340 2491 inseparabiliter
2372 2453 2511 2479 conco-

1442 2494 1620 2531 mitantur
1648 2494 1883 2531 subiectum:
1914 2494 2004 2543 quia
2034 2496 2130 2532 haee
2157 2495 2270 2533 simul
2297 2495 2393 2532 fiunt
2421 2506 2510 2532 cum

1443 2547 1627 2585 subiecto.
1665 2547 1887 2584 Accidentia
1928 2555 2058 2598 autem
2096 2560 2194 2597 quae
2237 2547 2512 2597 superveniunt

1442 2600 1631 2648 subiecto,
1660 2600 1866 2649 specialem
1893 2600 2020 2638 ideam
2048 2602 2201 2639 habent.
2236 2601 2380 2638 Artifex
2408 2601 2511 2638 enim

1442 2666 1512 2703 per
1539 2654 1706 2691 formam
1736 2653 1875 2691 domus
1902 2653 1990 2691 facit
2018 2654 2149 2692 omnia
2168 2654 2379 2692 accidentia
2411 2665 2511 2704 quae

1442 2719 1466 2744 a
1492 2706 1679 2756 principio
1709 2707 2014 2745 concomitantur
2033 2707 2218 2745 domum:
2247 2708 2316 2746 sed
2348 2720 2393 2745 ea
2413 2719 2511 2757 quae

1443 2759 1719 2809 superveniunt
1747 2760 1879 2797 domui
1907 2761 1985 2798 iam
2012 2761 2150 2808 factae,
2180 2768 2222 2798 ut
2248 2760 2416 2810 picturae
2449 2760 2511 2798 vel

1443 2813 1583 2862 aliquid
1611 2813 1714 2850 aliud
1733 2810 1757 2859 δ,
1788 2813 1874 2850 facit
1900 2826 1970 2862 per
1997 2814 2165 2863 aliquam
2190 2814 2303 2851 aliam
2332 2814 2508 2851 formam.

1444 2866 1645 2904 Individua
1671 2878 1779 2913 ver0,
1809 2867 2021 2904 secundum
2052 2868 2251 2904 Platonem
2276 2866 2308 2914 ²⁸²,
2338 2878 2417 2904 non
2445 2867 2511 2904 ha-

1445 2920 1587 2957 bebant
1623 2918 1738 2956 aliam
1765 2918 1892 2956 ideam
1921 2932 2039 2969 quam
2074 2920 2200 2958 ideam
2235 2919 2396 2969 speciei:
2427 2926 2509 2956 tum

1444 2972 1534 3022 quia
1553 2972 1755 3027 singularia
1773 2971 2060 3011 individuantur
2076 2985 2146 3022 per
2165 2972 2374 3020 materiam,
2392 2984 2510 3021 quam

1443 3026 1613 3075 ponebat
1650 3037 1732 3063 esse
1770 3025 1996 3074 increatam,
2032 3033 2073 3063 ut
2109 3025 2265 3075 quidam
2294 3025 2444 3073 dicunt,
2475 3031 2511 3062 et

1445 3090 1676 3116 concausam
1697 3077 1824 3125 ideae3
1853 3087 1935 3116 turn
1955 3079 2044 3128 quia
2063 3078 2218 3116 intentio
2241 3085 2397 3116 naturae
2418 3091 2510 3116 con-

1444 3131 1538 3168 sistit
1551 3137 1563 3152 ‘
1582 3131 1620 3168 in
1639 3131 1851 3180 speciebus,
1877 3144 1950 3169 nec
1972 3131 2211 3181 particularia
2229 3131 2418 3180 producit,
2439 3131 2510 3169 nisi

1443 3191 1484 3221 ut
1511 3184 1551 3221 in
1579 3183 1632 3221 eis
1661 3183 1806 3234 species
1839 3186 2043 3222 salventur.
2083 3184 2160 3222 Sed
2187 3185 2427 3234 providentia
2456 3184 2511 3223 di-

1443 3237 1533 3274 vina
1562 3249 1641 3274 non
1669 3238 1794 3274 solum
1828 3250 1868 3274 se
1898 3237 2064 3275 extendit
2091 3237 2140 3275 ad
2168 3238 2335 3287 species,
2364 3237 2433 3276 sed
2460 3237 2510 3275 ad

1444 3289 1657 3338 singularia,
1686 3298 1728 3327 ut
1755 3290 1850 3328 infra
1869 3290 1889 3313 '⁸‘
1918 3291 2072 3328 dicetur.

2442 3370 2458 3387 ,

1496 3423 1522 3456 γ)
1542 3423 1622 3455 quod.
1639 3438 1660 3442 -
1678 3424 1783 3456 quidem
1803 3423 1874 3456 quod
1893 3423 2003 3448 codices.
2021 3436 2039 3442 -
2058 3423 2108 3448 Pro
2119 3423 2258 3457 factionis,
2269 3423 2443 3458 persectionss
2454 3422 2509 3450 ΡΟ.

1497 3457 1521 3490 ὃ)
1541 3458 1644 3491 aliquid
1661 3459 1744 3484 aliud.
1762 3473 1782 3478 ·-
1799 3458 1909 3491 aliquod
1927 3458 2080 3484 huiusmodi
2099 3459 2209 3484 codices.

1498 3492 1520 3525 ε)
1539 3493 1669 3519 consistit.
1687 3508 1706 3513 -
1723 3493 1795 3519 sistit
1812 3494 1887 3518 ACE.

2538 1969 2550 1982 ⁸
2560 1969 2622 1992 vide
2630 1970 2751 1993 Timaeum

2540 1996 2648 2025 (pag-218
2662 1998 2732 2026 ης.»

2637 2820 2651 2846 ὃ

2537 2876 2687 2900 'Phaedoni-r
2697 2882 2723 2899 en
2742 2890 2749 2897 .

2537 2910 2608 2930 xux:
2628 2907 2650 2926 et
2668 2903 2693 2925 in
2729 2903 2752 2925 ἰ-

2536 2936 2612 2958 ηιαεο,
2628 2931 2681 2952 loco
2695 2936 2750 2958 pro-

2537 2957 2600 2979 xime
2615 2957 2654 2980 cit.

2538 3298 2547 3307 ·
2556 3296 2667 3325 Qu.xxu,
2677 3299 2719 3319 nrt.
2727 3302 2748 3318 ι.
