2768 4178
82 966 94 976 ⁸
103 964 177 986 S.Th.
187 964 292 984 lect.x1v.

314 285 391 331 430

1014 284 1280 332 QUAESTIO
1310 284 1414 332 XLI,
1444 283 1740 320 ARTICULUS
1768 282 1804 318 V

1112 419 1428 461 ARTICULUS
1459 418 1714 471 QUINTUS

555 514 710 545 UTRUM
733 513 954 544 POTENTIA
978 511 1226 542 GENERANDI
1250 510 1491 541 SIGNIFICET
1514 510 1808 547 RELATIONEM‚
1833 511 1890 541 ET
1914 510 2005 542 NON
2028 511 2269 542 ESSENTIAM

988 599 998 623 1
1018 599 1100 627 Sent„
1120 598 1178 623 dist.
1197 605 1241 629 vn,
1261 605 1304 630 qu.
1322 605 1340 626 1,
1361 602 1406 622 art.
1428 604 1457 627 23
1478 597 1520 622 De
1538 598 1605 628 Por„
1626 605 1671 630 qu.
1689 605 1720 629 11,
1740 603 1787 623 art.
1808 606 1832 624 2.

322 692 326 695 ’
367 704 410 724 «ὲ
432 708 488 737 §aa
510 688 553 727 'D
574 701 735 732 QUINTUM
755 701 807 726 src
827 699 1065 725 PROCEDITUR.
1094 686 1254 723 Videtur
1277 686 1381 734 quod

355 734 392 762 “⁷“
443 731 509 803 {5⁴1¹
530 743 699 791 potentia
731 740 936 790 generandi
968 741 1030 776 vel
1066 739 1231 788 spirandi
1269 738 1380 786 signi-

365 795 369 802 *
394 812 447 835 ,V
470 784 619 832 s'ficet
639 795 873 841 relationem,
897 801 932 829 et
956 805 1035 830 non
1064 792 1277 828 essentiam.
1308 792 1382 827 Po-

374 824 464 876 ᾖὲᾦ
486 839 646 885 Ktentia
675 847 776 884 enim
805 846 990 895 significat
1013 845 1253 894 principium,
1273 851 1316 881 ut
1335 856 1380 880 ex

322 902 401 938 eius
420 901 639 938 definitione
654 907 774 950 patet:
799 899 933 937 dicitur
952 898 1053 935 enim
1071 898 1238 946 potentia
1259 896 1382 934 activa

321 966 403 991 esse
422 953 651 1002 principium
676 952 822 1000 agendi,
842 960 884 988 ut
901 959 1004 1000 patet
1022 951 1060 988 in
1074 951 1109 987 V
1127 951 1345 998 Metaphys.
1362 949 1382 971 ²³⁸

317 2860 502 2900 quantum
523 2860 578 2889 est
597 2852 700 2890 idern
725 2853 906 2899 relationi,
927 2859 969 2890 ut
988 2853 1173 2901 significet
1193 2866 1237 2891 ex
1255 2867 1380 2904 aequo

317 2912 531 2954 utrumque.
562 2905 668 2942 Licet
688 2905 789 2942 enim
809 2906 1012 2954 paternitas
1040 2914 1082 2943 ut
1110 2907 1232 2944 forma
1260 2909 1381 2946 Patris

370 3018 397 3049 α)
416 3018 463 3043 sed
482 3019 597 3051 propria
617 3019 702 3044 Patri·
719 3033 738 3038 —
755 3019 803 3044 sed
816 3020 929 3052 proprie
952 3020 1042 3046 Patris
1056 3022 1092 3050 B,
1110 3022 1158 3047 sed
1170 3023 1284 3054 proprie
1302 3024 1382 3049 Patri

317 3054 401 3084 ceteri,
420 3061 472 3078 om.
492 3054 532 3078 ed.
551 3061 577 3078 a.
595 3067 613 3072 —
632 3054 695 3079 Post
715 3055 789 3087 Ergo
809 3055 910 3080 codices
930 3056 1027 3080 addunt
1041 3057 1163 3088 potentia
1181 3059 1338 3091 generandi.

369 3087 394 3120 β)
413 3089 515 3114 similis.
532 3103 551 3108 —
569 3089 670 3114 homini
687 3089 783 3114 addunt
802 3090 912 3115 codices.

368 3124 394 3156 γ)
413 3124 541 3156 genitum.
558 3138 578 3143 -
594 3127 750 3156 generatum
766 3125 818 3150 BD.
835 3139 855 3144 —
874 3126 924 3150 Pro
942 3126 1085 3157 similatur,
1101 3127 1186 3160 primo
1201 3129 1261 3154 loco
1275 3129 1379 3154 assimi-

316 3159 389 3183 latur
408 3159 451 3189 sB,
470 3160 552 3184 altero
570 3160 638 3184 Asss.

1436 686 1676 734 significetur,
1707 695 1762 723 est
1789 695 1919 724 tamen
1945 688 2157 737 proprietas
2186 689 2408 737 personalis,
2437 691 2504 727 ha-

1436 739 1530 775 bens
1563 751 1603 776 se
1636 739 1686 776 ad
1718 752 1922 788 personam
1957 741 2097 787 Patris,
2136 749 2177 778 ut
2209 743 2333 779 forma
2369 742 2504 780 indivi-

1437 791 1557 828 dualis
1595 791 1643 828 ad
1676 792 1832 841 aliquod
1860 793 2102 831 individuum
2141 803 2322 832 creatum.
2362 796 2504 832 Forma

1436 851 1564 880 autem
1584 844 1835 891 individualis,
1855 846 1893 883 in
1914 847 2026 883 rebus
2046 847 2191 894 creatis,
2213 848 2404 885 constituit
2421 861 2505 898 per-

1437 909 1573 934 sonam
1593 904 1851 946 generantem,
1872 910 1952 935 non
1972 902 2100 936 autem
2129 907 2186 936 est
2213 913 2290 949 quo
2319 913 2504 949 generans

1437 958 1611 998 generat:
1642 950 1809 999 alioquin
1848 951 2023 988 Socrates
2057 961 2254 999 generaret
2292 954 2502 991 Socratem.

1434 2855 1627 2906 personis:
1661 2855 1729 2892 sed
1758 2863 1943 2904 quantum
1961 2862 1969 2876 ⁸
1997 2856 2046 2893 ad
2074 2856 2272 2894 notionem
2291 2869 2390 2906 quae
2410 2869 2501 2894 con-

1435 2910 1597 2955 notatur,
1625 2908 1780 2958 propria
1808 2916 1864 2945 est
1889 2921 2078 2958 personae
2102 2908 2252 2946 Patris?

1489 3025 1511 3056 ε)
1529 3027 1650 3057 generat.
1668 3038 1688 3043 —
1705 3027 1815 3057 generet
1833 3024 1934 3048 codices
1953 3029 1979 3049 et
1995 3024 2048 3050 ab.

1488 3059 1513 3092 ζ)
1533 3059 1706 3084 assimilatur.
1724 3073 1743 3078 —
1760 3058 1895 3084 simi1atur
1913 3059 2099 3092 ACDEFGpB.

1487 3095 1513 3126 η)
1533 3098 1559 3119 et
1578 3094 1646 3119 idem
1672 3101 1791 3119 numero.
1809 3108 1828 3114 -
1847 3094 1915 3119 idem
1940 3101 2051 3120 numero
2075 3093 2190 3124 codices,
2211 3093 2255 3120 ide*
2278 3102 2388 3121 numero
2413 3096 2454 3121 ed.
2472 3103 2500 3127 a,

1435 3129 1503 3155 idest
1521 3137 1631 3155 numero
1650 3130 1691 3155 ed.
1710 3129 1733 3154 b.

1487 3163 1512 3199 θ)
1527 3165 1573 3190 εἰσ.
1586 3179 1605 3184 -
1617 3165 1686 3190 sicut
1702 3164 1832 3197 PBEGpF
1851 3171 1877 3190 et
1895 3172 1912 3190 a
1922 3165 1944 3194 b,
1957 3164 1989 3190 -si
2002 3163 2051 3196 ⁸1²3
2069 3172 2118 3198 pro
2130 3165 2208 3195 sieut,
2223 3166 2262 3191 ita
2275 3165 2338 3196 Pab,
2350 3166 2390 3191 eie
2403 3165 2485 3191 0⁸13?
2490 3173 2499 3197 ς

368 3192 392 3226 δ)
416 3194 489 3219 Unde
508 3198 541 3219 et.
559 3208 578 3213 -
600 3195 674 3220 Unde
693 3194 737 3220 Pb.
756 3209 774 3213 —
793 3195 820 3220 In
834 3200 903 3220 textu
918 3196 958 3220 cit.
974 3204 1020 3229 pro
1032 3197 1163 3231 prosecta,
1174 3199 1297 3233 perfecta
1312 3199 1378 3225 PFG
1432 3200 1536 3226 sicut...
1547 3200 1722 3234 generatione
1739 3207 1795 3226 om.
1814 3200 1847 3225 D.

315 3229 415 3261 pAsBD
435 3234 460 3254 et
477 3230 533 3258 ab5
551 3235 576 3254 et
595 3237 643 3262 pro
662 3237 720 3260 nec,
741 3229 808 3255 nihil
826 3231 902 3256 ABD.

1486 3235 1504 3267 ι)
1523 3235 1570 3260 sed
1587 3238 1725 3268 quantum.
1742 3248 1761 3254 -
1779 3238 1909 3267 quantum
1926 3238 2015 3260 autem
2035 3235 2098 3261 Pab.

82 989 290 1045 {aiiiiffthfiri-'LIV'
322 1007 400 1044 Sed
427 1007 655 1055 principium
683 1006 721 1042 in
751 1005 888 1042 divinis
917 1012 1090 1052 respectu
1117 1015 1306 1052 personae
1328 1002 1382 1039 di·
1437 1002 1549 1040 Unde
1570 1015 1696 1051 neque
1719 1003 1925 1052 paternitas
1953 1011 2078 1052 potest
2106 1005 2257 1053 intelligi
2275 1014 2317 1043 ut
2336 1019 2413 1055 quo
2433 1008 2504 1044 Pa-

321 1060 414 1096 citur
441 1059 690 1096 notionaliter.
730 1058 832 1105 Ergo
869 1057 1038 1106 potentia
1070 1057 1109 1093 in
1139 1056 1276 1093 divinis
1304 1068 1383 1092 non
1437 1064 1493 1093 ter
1521 1064 1675 1103 generat
1693 1062 1715 1102 ‘,
1746 1056 1813 1093 sed
1842 1064 1883 1093 ut
1911 1057 2143 1094 constituens
2166 1070 2372 1106 personam
2391 1072 2504 1107 gene·
2634 1070 2646 1088 ⁸

319 1112 503 1160 significat
531 1111 744 1157 essentiam,
775 1111 841 1147 sed
869 1110 1104 1146 relationem.
1438 1109 1573 1146 rantis:
1603 1109 1771 1157 alioquin
1800 1110 1913 1146 Pater
1940 1118 2137 1157 generaret
2164 1111 2329 1148 Patrem.
2361 1112 2437 1149 Sed
2466 1112 2505 1149 id

374 1177 408 1201 2.
443 1165 684 1210 PRAETEREA,
714 1164 752 1200 in
781 1163 916 1200 divinis
944 1175 1023 1199 non
1052 1162 1177 1199 differt
1204 1174 1318 1211 posse
1349 1170 1383 1199 et
1438 1175 1515 1211 quo
1536 1163 1649 1199 Pater
1673 1170 1838 1210 generat,
1861 1169 1915 1199 est
1934 1170 2067 1199 natura
2097 1163 2235 1211 divina,
2265 1164 2303 1201 in
2332 1176 2409 1213 qua
2437 1165 2506 1202 sibi

319 1230 441 1266 agere.
472 1217 550 1254 Sed
577 1217 768 1265 generatio
796 1216 835 1253 in
865 1215 1001 1253 divinis
1030 1215 1214 1264 significat
1238 1215 1384 1252 relatio·
1438 1215 1553 1252 Filius
1572 1215 1797 1252 assimilatur
1812 1215 1836 1252 ζ.
1859 1216 1909 1252 Et
1927 1215 2138 1253 secundum
2152 1217 2228 1253 hoc
2242 1217 2506 1255 Damascenus
2632 1219 2648 1250 ζ

319 1282 421 1307 nem.
452 1271 553 1318 Ergo
584 1278 620 1306 et
646 1269 816 1318 potentia
843 1269 1062 1317 generandi.
1439 1268 1528 1306 dicit
1545 1268 1566 1290 ’¹‘
1592 1269 1697 1318 quod
1717 1268 1910 1316 generatio
1932 1276 1988 1305 est
2007 1280 2100 1317 opus
2119 1275 2291 1317 naturae,
2312 1282 2391 1308 non
2410 1270 2506 1308 sicut
2531 1279 2747 1335 ἷὶξειῗωοοντξψ

374 1324 408 1360 3.
439 1323 671 1369 PRAETEREA,
694 1335 739 1359 ea
767 1334 864 1371 quae
884 1322 1094 1370 significant
1123 1321 1325 1358 essentiam
1346 1321 1383 1358 in
1438 1322 1663 1370 generantis,
1689 1321 1758 1358 sed
1786 1321 1882 1358 sicut
1909 1321 1990 1358 eius
2018 1333 2096 1370 quo
2125 1334 2312 1370 generans
2339 1331 2504 1371 generat.
2567 1322 2574 1329 ’
2620 1312 2732 1336 “⁹³⁸⁸

320 1375 469 1423 divinis,
499 1375 720 1413 communia
748 1382 836 1412 sunt
853 1375 971 1412 tribus
990 1375 1175 1423 personis.
1206 1375 1284 1411 Sed
1315 1387 1384 1423 po·
1439 1376 1488 1411 Et
1515 1374 1603 1411 ideo
1631 1374 1801 1424 potentia
1828 1375 2035 1422 generandi
2056 1375 2241 1423 significat
2259 1375 2297 1413 in
2317 1384 2420 1414 recto
2439 1388 2506 1414 na·-

319 1429 434 1465 tentia
466 1428 672 1476 generandi
704 1440 782 1465 non
817 1435 871 1465 est
905 1427 1121 1464 communis
1154 1427 1272 1464 tribus
1300 1440 1384 1476 per·
1438 1435 1564 1464 turam
1594 1427 1775 1474 divinam,
1805 1428 1871 1465 sed
1900 1427 1939 1464 in
1968 1427 2123 1477 obliquo
2152 1427 2388 1466 relationem.

178 1492 194 1508 α
320 1481 443 1527 sonis,
474 1481 541 1518 sed
572 1481 728 1530 propria
761 1481 863 1517 Patri
887 1487 915 1517 α.
947 1481 1049 1529 Ergo
1087 1493 1167 1518 non
1201 1480 1385 1529 significat
1493 1484 1551 1518 AD
1580 1492 1717 1518 ramum
1745 1492 1844 1517 ERGO
1875 1492 2060 1518 melerinum
2097 1482 2201 1530 quod
2227 1482 2398 1529 potentia
2425 1494 2504 1520 non

320 1534 531 1571 essentiam.
1438 1533 1623 1581 significat
1655 1533 1778 1582 ipsam
1812 1533 2035 1571 relationem
2071 1533 2244 1583 principii
2269 1534 2306 1582 ³¹⁸,
2337 1535 2514 1585 alioquin>
2533 1543 2654 1566 ·1>·²⁰⁰·

374 1588 447 1623 SED
477 1598 622 1624 CONTRA
641 1598 707 1623 EST
735 1586 853 1636 quod,
874 1586 969 1623 sicut
987 1587 1093 1623 Deus
1121 1593 1245 1635 potest
1272 1598 1385 1634 gene-
1439 1595 1538 1624 esset
1565 1587 1603 1623 in
1631 1598 1770 1634 genere
1799 1586 2007 1623 relationis:
2037 1587 2105 1624 sed
2134 1586 2320 1634 significat
2339 1588 2379 1625 id
2398 1588 2504 1638 quod

320 1652 402 1676 rare
432 1639 580 1686 Filium,
611 1639 661 1676 ita
689 1647 726 1676 et
752 1640 844 1676 vult.
876 1639 954 1676 Sed
972 1640 1149 1676 voluntas
1178 1639 1383 1686 generandi
1439 1647 1495 1676 est
1521 1639 1768 1688 principium3
1798 1651 1877 1676 non
1915 1639 2072 1687 quidem
2106 1639 2199 1677 sicut
2227 1652 2343 1688 agens
2372 1641 2506 1678 dicitur

320 1692 504 1740 significat
533 1692 747 1729 essentiam.
777 1693 880 1740 Ergo
911 1699 946 1728 et
973 1692 1144 1741 potentia
1163 1692 1382 1739 generandi.
1437 1693 1683 1742 principium,
1713 1691 1782 1729 sed
1809 1692 1906 1729 sicut
1932 1692 1970 1730 id
1999 1705 2076 1740 quo
2106 1704 2222 1740 agens
2255 1693 2341 1742 agit,
2372 1693 2506 1733 dicitur

373 1746 597 1782 Responnsso
639 1757 823 1783 DICENDUM
866 1745 970 1793 quod
1013 1744 1169 1793 quidam
1212 1745 1384 1782 dixerunt
1437 1745 1678 1794 principium.
1708 1746 1836 1792 Agens
1865 1751 1994 1782 autem
2023 1745 2260 1793 distinguitur
2286 1758 2310 1783 a
2336 1747 2449 1794 facto,
2469 1753 2506 1784 et

320 1797 425 1845 quod
452 1798 621 1847 potentia
649 1797 855 1846 generandi
883 1797 1069 1845 significat
1095 1797 1316 1834 relationem
1345 1798 1383 1835 in
1437 1810 1620 1846 generans
1640 1810 1663 1834 a
1682 1804 1878 1846 generato:
1899 1798 1967 1834 sed
1987 1797 2024 1835 id
2044 1810 2122 1846 quo
2138 1809 2324 1845 generans
2338 1806 2504 1847 generat,

319 1850 466 1888 divinis.
498 1852 573 1888 Sed
593 1851 668 1887 hoc
697 1863 777 1887 esse
798 1862 876 1887 non
896 1857 1032 1899 potest.
1063 1851 1167 1887 Nam
1187 1851 1278 1888 illud
1297 1863 1383 1899 pro·
1438 1858 1494 1888 est
1522 1862 1730 1888 commune
1758 1850 1884 1898 genito
1915 1858 1952 1887 et
1978 1851 2192 1898 generanti;
2222 1858 2260 1888 et
2285 1859 2391 1889 tanto
2419 1864 2505 1903 per-

317 1903 398 1952 prie
427 1903 562 1940 dicitur
588 1904 758 1952 potentia
785 1903 823 1940 in
852 1915 1099 1952 quocumque
1127 1911 1274 1951 agente,
1304 1915 1381 1951 quo
1437 1903 1580 1951 sectius,
1612 1910 1754 1952 quanto
1782 1902 1985 1952 perfectior
2012 1903 2124 1941 fuerit
2145 1903 2350 1952 generatio.
2379 1905 2505 1953 Unde,

318 1968 433 2004 agens
462 1956 546 2004 agit.
584 1957 714 1993 Omne
742 1963 871 1993 autem
899 1956 1117 2005 producens
1146 1956 1287 2005 aliquid
1315 1969 1384 2005 per
1438 1969 1525 1994 cum
1563 1956 1691 1994 divina
1728 1956 1920 2004 generatio
1957 1955 2004 1993 sit
2035 1956 2329 2005 perfectissima,
2358 1957 2398 1996 id
2426 1970 2504 2008 quo

318 2021 427 2046 suam
456 2009 658 2055 actionem,
687 2009 863 2058 producit
890 2008 961 2045 sibi
987 2008 1107 2045 simile
1128 2017 1313 2057 quantum
1334 2011 1383 2047 ad
1437 2022 1622 2058 generans
1650 2016 1821 2058 generat,
1853 2016 1908 2046 est
1935 2021 2144 2047 commune
2172 2010 2300 2059 genito
2330 2018 2367 2048 et
2393 2023 2506 2060 gene-

176 2067 190 2100 β
316 2062 482 2098 formam
503 2074 579 2110 qua
598 2062 691 2109 agit:
722 2062 817 2098 sicut
834 2062 955 2099 homo
975 2061 1123 2109 genitus
1143 2070 1198 2099 est
1217 2062 1346 2099 similis
1364 2061 1382 2091 β
1437 2063 1542 2109 ranti,
1574 2071 1609 2100 et
1636 2062 1740 2099 idem
1769 2074 1932 2099 numero
1951 2067 1976 2109 η,
2007 2075 2086 2100 non
2105 2063 2231 2100 solum
2250 2063 2389 2112 specie,
2409 2063 2505 2103 sicut
2629 2074 2648 2098 ἰ

316 2115 509 2162 generanti
534 2115 573 2151 in
602 2122 736 2151 natura
762 2115 943 2161 humana,
974 2114 1080 2151 cuius
1107 2115 1244 2152 virtute
1277 2123 1384 2164 pater
1435 2116 1474 2153 in
1495 2116 1607 2153 rebus
1628 2115 1772 2152 creatis.
1798 2116 1872 2151 Per
1889 2116 1964 2152 hoc
1985 2127 2074 2163 ergo
2094 2116 2200 2165 quod
2219 2115 2380 2154 dicimus
2400 2117 2506 2167 quod

315 2174 440 2216 potest
467 2180 647 2215 generare
666 2168 877 2205 hominem.
908 2167 1004 2204 Illud
1029 2179 1119 2215 ergo
1140 2176 1196 2204 est
1213 2168 1382 2217 potentia
1437 2169 1598 2206 essentia
1627 2168 1757 2206 divina
1784 2173 1839 2205 est
1856 2168 2088 2217 principium
2117 2181 2191 2218 quo
2218 2181 2408 2220 generans
2437 2182 2504 2221 ge-

174 2233 190 2258 γ
317 2221 535 2268 generativa
562 2220 601 2257 in
629 2221 754 2268 aliquo
784 2227 1002 2268 generante,
1022 2220 1060 2257 in
1084 2232 1161 2269 quo
1181 2221 1381 2268 genitum⁷
1436 2227 1561 2268 nerat,
1591 2234 1670 2258 non
1699 2220 1868 2270 sequitur
1896 2221 2002 2268 quod
2031 2222 2193 2259 essentia
2221 2222 2349 2260 divina
2377 2222 2505 2263 distin-

318 2272 501 2310 similatur
536 2273 742 2320 generanti.
782 2273 898 2309 Filius
933 2281 1060 2309 autem
1098 2273 1171 2309 Dei
1199 2273 1383 2310 similatur
1436 2282 1591 2322 guatur;
1630 2274 1725 2310 sicut
1756 2282 1997 2322 sequeretur,
2031 2274 2062 2311 si
2091 2275 2278 2313 diceretur
2305 2276 2411 2324 quod
2446 2282 2506 2314 es-

318 2325 418 2362 Patri
437 2325 602 2373 gignenti
629 2326 666 2362 in
696 2332 829 2362 natura
861 2325 999 2362 divina.
1030 2325 1141 2362 Unde
1165 2333 1299 2362 natura
1328 2326 1382 2363 di—
1437 2327 1557 2364 sentia
1585 2326 1714 2364 divina
1735 2331 1905 2376 generat.
2239 2324 2241 2326 ’

318 2378 407 2415 vina
435 2378 472 2414 in
502 2379 633 2424 Patre,
674 2386 728 2415 est
764 2377 934 2426 potentia
974 2378 1179 2425 generandi
1207 2378 1246 2415 in
1283 2378 1380 2427 ipso.
1489 2381 1548 2416 AD
1578 2391 1767 2416 SECUNDUM
1795 2391 1979 2416 DICENDUM
2004 2380 2108 2428 quod
2137 2380 2189 2417 sic
2207 2378 2220 2401 ⁰
2253 2388 2308 2418 est
2335 2381 2438 2420 idem
2465 2381 2504 2419 in
2634 2384 2652 2410 θ

77 2469 87 2480 ,
175 2433 188 2458 δ
317 2430 428 2467 Unde
456 2438 493 2467 et
512 2428 526 2452 ὅ
553 2431 715 2468 Hilarius
745 2430 843 2477 dicit,
872 2430 911 2467 in
939 2431 974 2467 V
1001 2431 1046 2467 de
1077 2431 1114 2467 T
1109 2431 1181 2468 rin.
1201 2430 1242 2467 *τ
1270 2432 1381 2469 Nati-
1437 2432 1574 2470 divinis
1600 2431 1769 2481 potentia
1788 2431 1994 2480 generandi
2022 2445 2110 2470 cum
2134 2433 2388 2483 generatione,
2409 2434 2505 2472 sicut

103 2468 175 2490 Num'
189 2474 224 2496 ³⁷⁰
316 2483 411 2520 vitas
429 2484 505 2520 Dei
522 2496 596 2520 non
623 2489 741 2532 potest
767 2495 851 2520 eam
872 2495 921 2520 ex
939 2495 1014 2531 qua
1026 2484 1201 2532 profecta
1221 2490 1284 2530 est,
1305 2497 1380 2522 non
1437 2485 1597 2522 essentia
1617 2484 1746 2522 divina
1775 2497 1862 2521 cum
1891 2485 2132 2532 generatione
2154 2493 2190 2524 et
2206 2487 2429 2535 paternitate
2449 2495 2506 2526 est

318 2542 442 2572 tenere
470 2542 667 2580 naturam‚·
695 2548 764 2573 nec
791 2536 890 2572 enim
909 2536 1015 2572 aliud
1040 2548 1154 2584 quam
1174 2538 1279 2574 Deus
1295 2538 1381 2574 suh·
1436 2538 1538 2576 idem
1567 2550 1623 2584 re,
1654 2537 1721 2574 sed
1749 2549 1828 2574 non
1857 2537 2014 2575 ratione.

316 2589 418 2634 sistit,
448 2589 548 2637 quod
575 2601 648 2626 non
678 2589 830 2626 aliunde
857 2600 971 2637 quam
1000 2589 1046 2625 de
1072 2590 1155 2626 Deo
1182 2590 1352 2627 subsistit.
1489 2594 1547 2628 An
1567 2602 1727 2628 TERTlUM
1745 2602 1929 2627 mesanum
1949 2591 2068 2639 quod,
2085 2603 2174 2628 cum
2196 2591 2280 2629 dico
2294 2592 2503 2641 potentiam

371 2641 434 2678 Sic
465 2641 575 2689 igitur
604 2641 809 2679 dicendum
839 2649 894 2678 est
930 2641 1036 2689 quod
1067 2642 1236 2690 potentia
1267 2655 1381 2691 gene·
1434 2644 1656 2695 generandi,
1675 2643 1845 2692 potentia
1870 2643 2103 2691 significatur
2129 2644 2168 2681 in
2197 2652 2312 2692 recto,
2334 2652 2372 2683 et
2389 2657 2503 2694 gene-

82 2703 91 2711 ·
107 2701 202 2728 D·497‚
218 2701 268 2728 984-
318 2694 425 2731 randi
445 2694 700 2743 principaliter
727 2694 911 2742 significat
940 2694 1110 2732 divinam
1131 2695 1332 2732 essentiam
1348 2695 1380 2744 ²¹²,
1436 2697 1529 2735 ratio
1559 2697 1596 2734 in
1625 2696 1802 2745 obliqu03
1832 2696 1928 2734 sicut
1956 2697 1987 2734 si
2017 2696 2183 2734 dicerem
2210 2698 2406 2736 essentiam
2428 2699 2502 2736 Pa-

317 2754 358 2783 ut
392 2747 572 2795 Magister
606 2747 714 2794 dicit,
748 2759 795 2784 vu
830 2747 912 2784 dist.
941 2748 955 2784 Ι
985 2748 1108 2792 Sent.‚·
1139 2760 1218 2785 non
1251 2756 1379 2786 autem
1435 2751 1512 2788 tris.
1550 2749 1662 2788 Unde
1696 2757 1882 2798 quantum
1909 2749 1959 2787 ad
1995 2749 2197 2788 essentiam
2230 2763 2328 2800 quae
2361 2751 2503 2800 signifi-

80 2805 201 2833 'D-497,
217 2806 270 2833 984·
317 2806 463 2836 tantum
496 2800 730 2837 relationem.
751 2821 775 2828 —
795 2801 880 2836 Nec
909 2799 1021 2837 etiam
1051 2801 1254 2838 essentiam
1279 2801 1299 2823 *
1326 2803 1380 2840 in-
1436 2811 1561 2850 catur,
1599 2802 1770 2852 potentia
1801 2802 2008 2850 generandi
2041 2803 2259 2841 communis
2291 2811 2348 2840 est
2384 2804 2502 2842 tribus

988 3311 1320 3346 Commentariis
1342 3313 1593 3347 Oardjnalis
1614 3314 1815 3348 Caietani

319 3396 482 3458 Tirinus
510 3387 610 3418 clarus
641 3394 687 3418 est
710 3398 746 3418 ex
771 3389 1036 3428 praecedentibus.
1069 3391 1211 3422 Tantum
1234 3392 1296 3423 hoc
1321 3392 1377 3422 ad·
1431 3393 1609 3433 quandam;
1634 3394 1791 3432 secundo,
1816 3393 2014 3434 reprehendit
2036 3393 2140 3430 illam;
2165 3394 2272 3433 tertio,
2297 3395 2496 3436 reprehendit
2760 3381 2768 3441 j:

376 3437 474 3461 vertat
504 3431 658 3468 novitius,
689 3432 776 3472 quod
805 3433 947 3472 potentia
970 3434 1106 3465 sumitur
1129 3435 1195 3472 hic,
1228 3446 1294 3466 non
1317 3446 1375 3476 pro
1431 3437 1591 3476 quandam
1607 3437 1701 3467 aliam
1717 3437 1914 3478 opinionem,
1930 3437 1989 3468 ibi:
2015 3438 2084 3469 Nec
2099 3439 2193 3469 etiam
2211 3440 2378 3470 essentiam
2394 3447 2450 3471 etc.
2463 3437 2493 3477 ¹⁸;
2523 3447 2532 3457 ·
2547 3446 2584 3469 et.
2598 3452 2663 3470 num.
2679 3453 2716 3470 π.
2757 3444 2768 3472 ³.

317 3481 457 3512 respectu
482 3475 643 3514 principii,
669 3476 723 3505 sed
747 3486 804 3516 pro
829 3486 861 3506 re
885 3477 935 3507 cui
961 3478 1107 3509 convenit
1130 3479 1182 3510 ille
1205 3486 1374 3520 respectus.
1430 3487 1559 3520 quarto,
1583 3481 1752 3521 respondet
1775 3481 1917 3522 quaesito
1933 3479 1959 3512 '¹.
2521 3492 2531 3502 ·
2546 3490 2583 3513 Cf.
2597 3497 2662 3514 num.
2676 3497 2701 3514 v.
2761 3473 2768 3527 i

317 3516 494 3565 Utrumque
518 3528 655 3559 namque
680 3519 835 3550 clauditur
857 3520 890 3550 in
914 3521 1033 3552 ratione
1058 3523 1234 3562 potentiae:
1259 3523 1313 3554 sed
1337 3524 1375 3554 de
1488 3524 1538 3554 111.
1565 3525 1681 3561 Quoad
1698 3526 1854 3564 primum,
1879 3525 2004 3556 recitata
2028 3526 2138 3566 opinio
2163 3533 2219 3566 est,
2243 3527 2333 3567 quod
2351 3526 2493 3567 potentia

315 3559 367 3590 illa
391 3570 423 3590 re
446 3561 604 3592 dubitatur
627 3562 685 3598 hic,
711 3573 750 3593 an
775 3563 813 3594 sit
836 3565 967 3595 essentia
991 3566 1040 3595 vel
1064 3567 1241 3606 paternitas,
1266 3574 1321 3598 etc.
1429 3568 1597 3607 generandi
1621 3567 1773 3608 significat
1796 3568 1980 3599 relationem
2003 3576 2137 3602 tantum.
2763 3602 2768 3612 ,

374 3604 410 3635 ΙΙ.
436 3605 470 3634 In
496 3615 626 3645 corpore
649 3614 787 3646 quatuor
814 3607 900 3638 facit:
925 3609 1048 3648 primo,
1075 3610 1166 3641 refert
1188 3611 1375 3651 opinionem
1487 3611 1604 3648 Quoad
1618 3612 1804 3649 secundum,
1822 3612 2058 3652 reprehenditur
2072 3614 2148 3645 haec
2162 3614 2284 3654 opinio,
2295 3614 2491 3645 ostendendo
2749 3610 2768 3655 ’ς

2765 3658 2768 3671 i
