2768 4178
36 1550 45 1558 ·
61 1548 122 1569 Vide
140 1547 248 1569 Phaedo-

35 1575 74 1596 πίε
81 1581 131 1602 cap.
139 1581 200 1600 xmx3
209 1574 248 1596 Ti-

38 1601 101 1623 maei
115 1605 172 1629 part.
183 1601 212 1623 11.

267 292 344 329 230

269 371 419 409 moveri
449 378 650 408 causantur
678 377 689 392 *
717 384 739 408 a
768 372 866 408 Deo.
896 371 982 408 Alio
1013 372 1131 409 modo
1162 371 1337 408 dicuntur

270 438 330 463 res
359 437 441 462 esse
469 425 507 461 in
528 426 612 461 Deo
639 424 733 461 sicut
753 425 791 461 in
812 433 1079 473 cognoscente.
1109 425 1158 461 Et
1178 424 1231 461 sic
1251 432 1337 461 sunt

269 479 309 516 in
329 479 413 515 Deo
433 490 502 527 per
520 477 695 527 proprias
715 477 890 525 rationes,
912 491 1010 526 quae
1031 490 1109 515 non
1129 485 1216 514 sunt
1235 477 1337 514 aliud

270 532 309 568 in
336 533 421 568 Deo
451 532 499 568 ab
530 531 691 568 essentia
720 530 860 568 divina.
891 532 1001 569 Unde
1031 543 1109 577 res,
1143 537 1257 579 prout
1285 530 1338 567 sic

270 585 309 621 in
328 586 413 621 Deo
434 591 531 631 sunt,
553 592 640 622 sunt
659 585 819 621 essentia
839 584 977 622 divina.
999 585 1048 620 Et
1067 583 1156 632 quia
1176 583 1338 620 essentia

273 637 402 675 divina
430 645 486 674 est
509 637 599 685 vita,
629 650 708 675 non
728 645 856 675 autem
877 645 1016 684 motus,
1047 636 1136 673 inde
1157 644 1212 673 est
1232 638 1338 684 quod

272 702 343 737 res,
372 691 447 727 hoc
466 690 586 728 modo
606 691 799 740 loquendi,
829 691 868 728 in
888 692 972 728 Deo
993 702 1072 727 non
1091 698 1178 726 sunt
1197 697 1336 737 motus,

273 743 341 781 sed
368 744 456 780 vita.

326 798 385 834 AI>
414 808 604 834 SECUNDUM
633 808 815 834 mcssNDUM
836 797 940 845 quod
961 796 1170 844 exemplata
1190 803 1340 845 oportet

274 849 505 887 conformari
521 850 725 899 exemplari
739 850 951 887 secundum
972 849 1159 886 rationem
1178 849 1337 896 formae,

274 915 353 940 non
372 911 500 940 autern
520 904 732 940 secundum
753 903 915 940 modum
936 902 1096 939 essendi.
1127 902 1230 939 Nam
1252 902 1340 938 alte-

274 957 351 993 rius
371 956 478 993 modi
499 968 580 993 esse
599 957 715 993 habet
733 956 966 1004 quandoque
986 956 1110 992 forma
1125 954 1139 981 ζ
1158 955 1196 992 in
1212 967 1340 992 exem-

274 1009 368 1059 plari
389 1017 424 1046 et
439 1009 476 1046 in
492 1010 722 1058 exemplato:
744 1009 839 1046 sicut
857 1010 980 1046 forma
1000 1009 1139 1046 domus
1154 1008 1192 1045 in
1212 1015 1339 1045 mente

276 1062 426 1099 artificis
455 1062 570 1099 habet
599 1074 681 1099 esse
709 1061 961 1099 immateriale
982 1069 1018 1098 et
1035 1061 1275 1109 intelligibile,
1302 1061 1339 1098 in

276 1116 394 1153 domo
424 1122 552 1152 autern
581 1127 679 1163 quae
700 1123 755 1152 est
774 1123 876 1152 extra
904 1114 1084 1161 animam,
1114 1115 1229 1152 habet
1258 1127 1339 1152 esse

275 1168 467 1205 materiale
502 1175 540 1204 et
571 1167 758 1205 sensibile.
794 1168 906 1206 Unde
941 1175 976 1204 et
1013 1167 1178 1205 rationes
1211 1180 1339 1205 rerum

275 1234 373 1270 quae
401 1221 439 1258 in
465 1221 598 1270 seipsis
617 1234 696 1258 non
714 1221 862 1269 vivunt,
892 1221 930 1258 in
949 1228 1077 1258 mente
1107 1221 1235 1258 divina
1255 1229 1341 1258 sunt

274 1275 363 1322 vita,
393 1274 482 1324 quia
509 1274 548 1311 in
576 1282 704 1312 mente
734 1274 862 1312 divina
888 1275 1031 1312 habent
1050 1286 1132 1312 esse
1153 1274 1338 1312 divinum.

328 1328 391 1365 AD*
406 1339 566 1365 TERTIUM
585 1340 769 1366 mCENDUM
788 1327 906 1378 quod,
927 1328 957 1365 si
978 1329 1026 1365 de
1046 1328 1190 1365 ratione
1211 1340 1340 1365 rerum

276 1381 501 1419 naturalium
523 1393 603 1418 non
622 1389 721 1418 esset
740 1381 910 1429 materia,
940 1381 1008 1418 sed
1035 1389 1182 1418 tantum
1202 1381 1338 1428 forma,

277 1435 454 1471 omnibus
483 1434 609 1472 modis
627 1434 768 1471 veriori
789 1435 908 1472 modo
930 1442 1054 1472 essent
1073 1447 1133 1471 res
1153 1435 1341 1471 naturales

276 1488 314 1524 in
342 1495 470 1525 mente
499 1487 627 1525 divina
655 1499 724 1536 per
751 1500 839 1524 suas
858 1487 975 1535 ideas,
996 1499 1114 1536 quam
1134 1487 1172 1525 in
1197 1487 1340 1537 seipsis.

275 1542 438 1590 Propter
465 1541 571 1589 quod
592 1548 628 1578 et
645 1541 753 1578 Plato
773 1541 899 1590 posuit
917 1541 938 1563 ’¹‘
957 1540 1063 1590 quod
1090 1541 1209 1578 homo
1234 1554 1342 1590 sepa-

277 1602 377 1631 ratus
407 1602 485 1631 erat
512 1606 625 1631 verus
653 1594 792 1642 homo,
826 1595 946 1631 homo
980 1602 1107 1631 autem
1140 1594 1343 1631 materialis

278 1655 334 1684 est
361 1648 480 1684 homo
508 1660 579 1696 per
605 1647 945 1697 participationem.
982 1647 1059 1684 Sed
1093 1647 1180 1696 quia
1209 1647 1255 1684 de
1285 1660 1342 1684 ra-

329 1781 351 1813 ε)
371 1784 491 1806 nostrum
512 1780 629 1805 vivere...
648 1783 804 1805 causantur.
822 1793 840 1799 -
859 1783 979 1805 nostrum
998 1787 1053 1804 esse
1071 1783 1097 1805 et
1116 1783 1236 1805 nostrum
1256 1780 1344 1805 vivere

276 1819 302 1841 et
321 1819 442 1841 nostrum
462 1815 564 1841 moveri
582 1815 663 1848 (mori
681 1815 776 1848 CEpA)
796 1819 924 1841 causatur
944 1815 1063 1847 (creatur
1080 1815 1113 1848 E)
1133 1815 1249 1846 codices;
1268 1822 1342 1840 crea·

277 1855 322 1876 tur
340 1852 417 1877 etiam
435 1851 485 1876 ab.

944 292 1212 339 QUAESTIO
1241 293 1381 339 XVIII,
1411 291 1707 329 ARTICULUS
1737 290 1789 327 IV

1392 371 1494 407 tione
1530 382 1659 408 rerum
1695 369 1924 407 naturalium
1955 378 2009 406 est
2044 369 2223 417 materia,
2253 370 2459 408 dicendum

1393 424 1499 472 quod
1527 436 1587 461 res
1616 424 1805 460 naturales
1830 423 1959 460 verius
1980 435 2061 460 esse
2081 423 2224 460 habent
2243 422 2463 472 simpliciter

1392 477 1431 514 in
1459 485 1586 514 mente
1616 476 1756 523 divina,
1787 488 1905 524 quam
1936 477 1973 514 in
1993 476 2143 525 seipsis:
2166 475 2255 524 quIa
2273 476 2312 513 in
2331 484 2460 513 mente

1394 530 1523 567 divina
1550 530 1693 567 habent
1727 541 1810 566 esse
1838 530 2070 577 increatum,
2100 529 2138 566 in
2167 529 2299 578 seipsis
2333 537 2461 566 autem

1395 595 1476 620 esse
1512 591 1693 620 creatum.
1731 583 1807 620 Sed
1843 595 1926 620 esse
1953 584 2048 630 hoc,
2078 590 2210 631 utpote
2244 583 2364 619 homo
2399 583 2463 619 vel

1395 648 1527 684 equus,
1557 636 1685 673 verius
1713 636 1855 673 habent
1882 636 1920 673 in
1948 636 2101 685 propria
2129 643 2262 673 natura
2288 647 2405 683 quam
2423 635 2462 672 in

1394 697 1522 726 mente
1543 689 1689 727 divina:
1716 689 1804 738 quia
1830 689 1878 726 ad
1896 689 2096 727 veritatem
2117 688 2282 726 hominis
2301 689 2463 738 pertinet

1395 755 1477 779 esse
1507 742 1711 790 materiale,
1742 743 1846 791 quod
1875 755 1955 780 non
1982 743 2124 780 habent
2145 748 2161 768 η
2182 742 2220 779 in
2249 750 2377 779 mente
2407 741 2461 779 di-

1393 796 1495 832 vina.
1527 795 1631 832 Sicut
1656 796 1796 832 domus
1825 796 1987 833 nobilius
2017 808 2099 833 esse
2127 796 2243 833 habet
2270 795 2309 832 in
2333 802 2462 832 mente

1395 847 1559 895 artificis,
1590 860 1707 896 quam
1736 848 1776 885 in
1804 849 1977 886 materia:
2007 849 2075 886 sed
2103 857 2232 886 tamen
2260 849 2389 886 verius
2410 848 2462 885 di-

1396 901 1489 938 citur
1518 901 1658 938 domus
1686 913 1787 949 quae
1816 909 1871 938 est
1890 902 1928 939 in
1947 902 2118 950 materia,
2149 915 2267 952 quam
2287 914 2387 950 quae
2409 910 2464 939 est

1395 954 1433 991 in
1462 961 1609 999 mente3
1639 954 1729 1002 quia
1756 955 1852 991 haec
1881 962 1935 992 est
1964 955 2102 993 domus
2122 956 2162 993 in
2180 962 2278 1003 actu,
2308 955 2369 992 illa
2398 968 2463 992 au-

1394 1015 1472 1044 tem
1493 1004 1506 1027 ⁰
1535 1007 1675 1044 domus
1703 1007 1743 1044 in
1770 1007 1949 1056 potentia.

1449 1062 1507 1097 AD
1537 1071 1710 1102 QUARTUM
1738 1072 1922 1098 DICENDUM
1951 1060 2068 1110 quod,
2097 1061 2183 1098 licet
2209 1062 2310 1099 mala
2335 1062 2408 1099 sint
2426 1061 2465 1099 in

1395 1113 1469 1151 Dei
1488 1113 1654 1161 scientia,
1684 1113 1911 1162 inquantum
1931 1114 2001 1150 sub
2022 1113 2094 1150 Dei
2114 1114 2269 1152 scientia
2288 1127 2463 1164 compre-

1395 1167 1626 1213 henduntur,
1657 1179 1735 1204 non
1763 1174 1892 1204 tamen
1921 1175 2008 1204 sunt
2035 1167 2073 1204 in
2103 1168 2187 1206 Deo
2217 1167 2312 1204 sicut
2339 1175 2465 1205 creata

1396 1233 1418 1257 a
1446 1221 1531 1257 Deo
1560 1221 1622 1256 vel
1652 1228 1877 1257 conservata
1906 1220 1953 1257 ab
1983 1220 2087 1270 ipso,
2122 1232 2248 1268 neque
2277 1220 2372 1258 sicut
2399 1221 2465 1258 ha-

1396 1273 1525 1311 bentia
1554 1273 1742 1310 rationem
1770 1274 1808 1310 in
1837 1274 1922 1310 Deo
1941 1273 1979 1310 *z
2011 1281 2292 1321 cognoscuntur
2320 1273 2423 1311 enirn
2443 1286 2466 1312 a

1397 1328 1482 1364 Deo
1510 1339 1580 1376 per
1598 1326 1762 1364 rationes
1782 1328 1987 1364 bonorum.
2018 1327 2128 1364 Unde
2149 1339 2229 1364 non
2247 1334 2374 1376 potest
2393 1326 2467 1364 dici

1397 1379 1503 1430 quod
1531 1381 1632 1417 mala
1661 1380 1734 1417 sint
1761 1380 1838 1417 vita
1867 1380 1905 1417 in
1933 1381 2030 1417 Deo.
2066 1381 2124 1417 Ea
2150 1392 2245 1417 vero
2281 1392 2379 1429 quae
2409 1392 2466 1417 se-

1398 1433 1567 1470 cundum
1597 1434 1743 1471 nullum
1771 1441 1924 1482 tempus
1953 1441 2059 1480 sunt,
2093 1441 2254 1482 possunt
2282 1433 2355 1472 dici
2383 1445 2467 1471 esse

1396 1487 1474 1524 vita
1503 1486 1541 1523 in
1570 1488 1668 1534 Deo,
1698 1487 1910 1524 secundum
1941 1487 2046 1536 quod
2068 1487 2200 1523 vivere
2219 1486 2392 1524 nominat
2412 1487 2468 1524 in-

1397 1540 1562 1589 telligere
1591 1547 1750 1587 tantum,
1780 1540 2006 1588 inquantum
2036 1540 2291 1589 intelliguntur
2319 1552 2342 1577 a
2360 1541 2464 1578 Deo:

1398 1606 1477 1631 non
1506 1601 1634 1630 autem
1653 1594 1866 1630 secundum
1887 1594 1993 1642 quod
2011 1593 2143 1630 vivere
2168 1593 2349 1642 importat
2366 1593 2467 1642 prin-

1399 1647 1541 1696 cipium
1571 1646 1814 1695 operationis.

1451 1779 1475 1811 ζ)
1501 1780 1660 1812 quandoque
1676 1780 1814 1813 sorma.-
1836 1779 1927 1812 aliqua
1944 1780 2039 1813 sorma
2057 1780 2093 1809 B,
2113 1780 2208 1814 sor-ma
2232 1780 2392 1813 quandoque
2416 1780 2467 1812 Pb,-

1391 1815 1486 1849 forma
1504 1823 1558 1840 om.
1578 1816 1620 1840 ed;
1632 1822 1657 1840 a.

1451 1851 1478 1882 η)
1498 1850 1720 1875 habam-habet
1730 1849 1859 1874 CDGsAF
1877 1855 1902 1875 et
1921 1850 1960 1875 ed.
1972 1852 1997 1877 ιτ,
2015 1858 2068 1876 om.
2079 1851 2134 1883 pA;
2149 1851 2248 1883 quia..
2265 1851 2357 1877 divina
2369 1858 2422 1876 om.
2434 1851 2466 1876 E.

1453 1883 1476 1918 θ)
1496 1888 1595 1911 autem.
1607 1899 1626 1904 -
1643 1889 1733 1911 autem
1753 1888 1793 1910 est
1811 1886 1840 1916 B,
1860 1889 1899 1910 est
1919 1886 2004 1915 ceteri,
2024 1894 2077 1911 om.
2093 1886 2135 1911 ed.
2149 1893 2175 1911 a.

958 1971 1291 2005 Commentaria
1315 1972 1566 2005 Gar-ainans
1588 1971 1788 2005 Caietam

337 2073 443 2094 nutus
468 2063 578 2093 clarus.
602 2080 622 2084 —
646 2062 680 2092 In
705 2072 837 2102 corpore
868 2072 932 2093 una
957 2061 1135 2098 conclusio,
1160 2061 1342 2102 responsiva

278 2075 479 2148 Tquaesito
505 2106 700 2137 affirmative:
726 2106 844 2137 Omnia
868 2106 900 2136 in
922 2106 991 2137 Deo
1012 2113 1086 2137 sunt
1104 2106 1167 2137 vita
1192 2105 1307 2137 divina.
1321 2124 1341 2128 —

276 2153 439 2183 Probatur.
464 2152 500 2182 In
519 2151 588 2181 Deo
605 2150 690 2181 idem
710 2157 755 2181 est
774 2150 959 2187 intellectus,
977 2150 1182 2187 intellectum,
1204 2157 1234 2181 et
1252 2150 1342 2181 intel-

277 2196 385 2237 ligere:
403 2206 477 2236 ergo
493 2195 649 2236 quidquid
666 2202 712 2225 est
724 2195 756 2225 in
769 2195 839 2225 Deo
857 2202 892 2226 ut
907 2195 1112 2230 intellectum,
1127 2202 1173 2225 est
1190 2194 1248 2225 Dei
1262 2194 1340 2226 vita:

277 2251 351 2280 ergo
376 2240 484 2270 omnia
503 2240 535 2269 in
552 2240 622 2270 Deo
645 2246 719 2269 sunt
742 2239 806 2270 vita
829 2239 943 2270 divina.
959 2257 979 2261 -
994 2239 1099 2269 Prima
1117 2239 1343 2279 consequentia

277 2285 445 2325 probatur:
466 2284 541 2325 quia
555 2283 659 2313 vivere
675 2282 733 2314 Dei
749 2290 795 2314 est
809 2283 876 2313 eius
891 2283 1073 2323 intelligere.
1089 2282 1233 2313 Secunda
1251 2291 1341 2313 vero:

277 2329 353 2370 quia
372 2328 481 2359 omnia
503 2337 585 2369 quae
608 2327 689 2358 facta
712 2334 794 2363 sunt,
818 2327 851 2357 in
875 2327 946 2368 ipso
971 2333 1044 2357 sunt
1067 2334 1103 2357 ut
1124 2327 1289 2358 intellecta.

337 2373 473 2404 Adverte
496 2372 547 2403 hic
564 2373 674 2412 primo
698 2371 796 2412 quod,
821 2371 897 2412 quia
920 2371 1056 2411 perfecta
1079 2371 1161 2402 vitae
1180 2371 1259 2401 ratio
1277 2380 1347 2403 non

278 2418 414 2448 salvatur
437 2416 495 2447 nisi
519 2416 552 2446 in
575 2416 668 2446 rebus
687 2425 769 2456 quae
790 2416 984 2456 quandoque
1001 2415 1090 2452 fiunt,
1111 2422 1147 2446 ut
1165 2415 1197 2445 in
1213 2425 1343 2456 respon-

278 2462 366 2492 sione
390 2461 430 2491 ad
453 2467 602 2502 quartum
626 2459 759 2500 patebit,
789 2459 861 2491 ideo
890 2459 991 2491 littera
1018 2459 1109 2500 quasi
1137 2459 1282 2491 limitavit
1310 2460 1343 2500 ly

278 2507 385 2537 omnia
400 2506 439 2535 ad
459 2504 567 2535 omnia
591 2504 680 2540 facta,
704 2504 793 2540 idest,
819 2514 900 2545 quae
924 2505 1101 2535 secundum
1117 2504 1249 2544 aliquod
1264 2511 1342 2535 tem-

278 2561 337 2590 pus
361 2549 441 2580 facta
464 2556 547 2585 sunt,
571 2548 653 2579 fiunt
673 2555 728 2579 aut
746 2547 831 2579 fient.
849 2566 869 2571 —
884 2549 1021 2579 Adverte
1036 2548 1175 2579 secundo
1192 2549 1290 2589 quod,
1308 2555 1344 2579 ut

278 2605 314 2625 ex
337 2593 542 2634 responsione
566 2593 605 2623 ad
628 2600 778 2634 quartum
801 2599 894 2633 patet,
919 2593 996 2623 haec
1018 2592 1196 2633 propositio
1218 2592 1268 2623 hic
1285 2602 1341 2633 po-

278 2639 344 2675 sita,
369 2638 523 2679 quidquid
546 2643 592 2668 est
608 2638 640 2668 in
656 2637 726 2668 Deo
747 2642 781 2668 ut
805 2637 1010 2674 intellectum,
1037 2643 1083 2668 est
1106 2638 1171 2668 vita
1192 2638 1271 2674 eius,
1295 2637 1341 2667 in-

277 2683 475 2723 terpretanda
498 2688 544 2712 est
560 2682 597 2712 de
617 2681 774 2712 intellecto
798 2691 855 2722 per
873 2690 921 2717 se;
942 2681 982 2711 ad
997 2681 1229 2712 excludendum
1247 2681 1341 2718 mala,

277 2737 358 2768 quae
382 2733 456 2757 sunt
478 2726 633 2757 intellecta
657 2735 712 2766 per
736 2725 830 2761 aliud,
856 2725 972 2756 scilicet
995 2735 1051 2766 per
1073 2726 1167 2757 bona.

340 2771 377 2801 11.
404 2771 438 2800 In
462 2770 668 2811 responsione
692 2770 731 2801 ad
751 2770 888 2806 tertium,
914 2770 938 2800 si
959 2770 1078 2800 elevare
1093 2770 1139 2800 vis
1163 2769 1342 2810 responsio-

278 2825 352 2846 nem
375 2824 410 2845 ac
434 2814 588 2845 rationem
612 2814 693 2845 hanc
716 2815 755 2844 ad
780 2814 897 2850 omnia,
922 2814 1053 2845 nomine
1077 2815 1234 2845 materiae
1255 2814 1344 2845 intel-

276 2860 337 2900 lige
361 2869 457 2889 omne
480 2859 569 2900 quod
593 2869 625 2889 se
649 2865 735 2889 tenet
764 2868 799 2888 ex
823 2866 910 2898 parte
938 2858 1100 2895 materiae,
1129 2858 1209 2889 idest
1230 2863 1342 2899 poten-

278 2905 365 2934 tiam.
395 2903 465 2934 Idea
496 2903 581 2933 enim
605 2903 709 2933 divina
732 2903 764 2932 in
788 2902 849 2933 hoc
873 2903 991 2934 excedit
1014 2903 1227 2939 Platonicam,
1253 2903 1342 2943 quod

276 2949 335 2979 ista
358 2955 403 2978 est
426 2947 639 2978 immaterialis
663 2954 803 2983 tanturm
828 2947 880 2977 illa
903 2957 990 2986 vero,
1015 2955 1045 2978 et
1068 2947 1216 2978 materiae
1237 2954 1267 2978 et
1286 2957 1343 2988 po-

1396 2061 1512 2093 tentiae
1536 2071 1661 2103 expers,
1694 2069 1781 2093 actus
1805 2072 1904 2102 purus
1929 2069 1984 2093 est.
2009 2062 2050 2092 Et
2073 2069 2240 2103 propterea
2263 2061 2403 2099 Gabriel,
2428 2062 2467 2093 de

1398 2106 1488 2137 cuius
1507 2106 1629 2137 ratione
1646 2116 1712 2136 non
1732 2114 1778 2137 est
1794 2106 1931 2142 materia,
1952 2107 2006 2137 sed
2022 2106 2174 2147 potentia,
2190 2106 2294 2137 verius
2314 2106 2347 2137 in
2362 2106 2467 2148 seipso

1398 2157 1444 2181 est
1467 2150 1610 2187 Gabriel,
1635 2161 1734 2191 quam
1756 2150 1789 2180 in
1813 2151 1892 2181 Deo.
1923 2150 1984 2181 Sed
2014 2151 2115 2181 littera
2143 2150 2290 2182 meminit
2319 2151 2467 2182 materiae

1397 2201 1531 2231 tanturn,
1549 2194 1623 2235 quia
1640 2195 1679 2225 de
1696 2205 1760 2225 non
1779 2194 1957 2225 viventibus
1974 2202 2198 2235 argumentum
2217 2195 2368 2236 loquitur,
2384 2205 2467 2237 quae

1398 2245 1520 2270 constat
1542 2238 1714 2270 materialia
1738 2249 1814 2274 esse,
1840 2246 1871 2269 et
1894 2238 2099 2269 manifestum
2122 2239 2389 2280 impedimentum
2411 2240 2467 2270 ha-

1397 2283 1470 2314 bere
1494 2292 1533 2313 ne
1558 2283 1620 2313 sint
1642 2282 1746 2313 verius
1770 2282 1838 2322 ipsa
1860 2282 1892 2313 in
1916 2283 1997 2313 Deo.

1458 2326 1508 2358 111.
1535 2327 1570 2357 In
1594 2327 1800 2368 responsione
1821 2327 1860 2357 ad
1876 2334 2035 2368 quartum,
2060 2326 2191 2358 recolito
2211 2327 2300 2368 quod
2319 2327 2351 2357 in
2371 2334 2426 2359 art.
2446 2337 2464 2358 2

1398 2371 1519 2402 dictum
1542 2377 1604 2407 est,
1629 2371 1719 2412 quod
1741 2372 1848 2402 vivere
1870 2371 1998 2411 proprie
2022 2370 2176 2411 significat
2198 2370 2306 2411 ipsum
2329 2381 2396 2402 esse
2419 2371 2465 2402 vi-

1396 2415 1507 2451 ventis,
1532 2415 1621 2456 quod
1644 2422 1690 2446 est
1713 2415 1905 2456 principium
1929 2415 2121 2456 operationis
2144 2414 2246 2446 vitalis
2265 2415 2371 2446 minus
2387 2425 2464 2456 pro-

1396 2459 1463 2499 prie
1481 2469 1557 2490 vero
1574 2459 1793 2500 operationem
1808 2459 1944 2490 vitalem.
1962 2460 2009 2490 Ex
2024 2459 2085 2490 hoc
2101 2466 2208 2491 autem
2225 2459 2366 2500 sequitur
2376 2460 2465 2501 quod

1397 2503 1517 2545 aliquid
1541 2510 1646 2544 potest
1668 2503 1728 2534 dici
1753 2505 1869 2542 vivere,
1888 2504 1938 2534 vel
1959 2505 2034 2541 vita,
2060 2503 2234 2544 dupliciter.
2257 2504 2330 2535 Uno
2352 2504 2464 2546 modo,

1397 2548 1472 2588 quia
1496 2554 1542 2578 est
1563 2547 1631 2588 ipsa
1654 2548 1796 2589 operatio
1815 2548 1930 2579 vitalis:
1951 2554 1982 2579 et
2001 2548 2044 2579 sic
2058 2547 2167 2579 omnia
2184 2558 2323 2590 quorum
2342 2548 2375 2579 in
2394 2548 2464 2579 Deo

1397 2599 1443 2623 est
1466 2592 1545 2623 ratio
1569 2602 1624 2623 seu
1649 2592 1833 2628 similitudo,
1857 2593 1969 2623 vivunt
1985 2592 2017 2623 in
2032 2592 2113 2633 ipso,
2139 2593 2214 2633 quia
2237 2599 2311 2623 sunt
2335 2592 2402 2623 eius
2416 2592 2464 2623 in-

1397 2636 1544 2677 telligere.
1570 2637 1728 2673 Secundo,
1753 2637 1827 2678 quia
1851 2644 1898 2667 est
1911 2637 2104 2678 principium
2127 2637 2230 2669 vitalis
2254 2636 2462 2677 operationis:

1398 2688 1428 2712 et
1443 2681 1486 2712 sic
1501 2681 1568 2711 sola
1583 2681 1668 2711 bona
1683 2691 1764 2722 quae
1781 2682 1975 2722 quandoque
1999 2681 2089 2718 fiunt,
2105 2681 2216 2713 vivunt
2231 2681 2263 2712 in
2279 2681 2361 2719 Deo,
2382 2691 2468 2722 quo-

1397 2725 1483 2756 niam
1507 2725 1575 2756 sola
1597 2725 1674 2756 haec
1691 2725 1723 2755 in
1739 2725 1808 2756 Deo
1833 2733 1964 2756 movent
1987 2725 2089 2767 seipsa
2105 2726 2144 2756 ad
2159 2735 2226 2757 esse
2243 2732 2327 2756 extra
2342 2725 2463 2762 Deum;

1397 2776 1471 2800 sunt
1495 2769 1627 2800 enimin
1648 2769 1717 2800 Deo
1736 2770 1823 2800 velut
1847 2770 2006 2801 creatrices
2022 2770 2184 2802 essentiae.
2205 2770 2340 2811 Reliqua
2356 2777 2464 2801 autem

1398 2813 1544 2845 factibilia
1563 2823 1633 2847 non
1657 2814 1768 2845 vivunt
1791 2814 1852 2845 hoc
1875 2815 1990 2845 modo:
2016 2814 2171 2855 quoniam
2199 2824 2367 2855 nunquam
2394 2824 2466 2844 mo·

1397 2864 1472 2889 vent
1495 2868 1527 2889 se
1551 2859 1591 2888 ad
1613 2858 1676 2889 hoc
1699 2858 1787 2899 quod
1811 2858 1872 2889 sint
1895 2858 1927 2889 in
1952 2859 2071 2899 seipsis.
2096 2859 2137 2890 Et
2159 2858 2294 2890 intendit
2313 2857 2415 2889 littera
2430 2858 2464 2888 in

1398 2903 1481 2933 calce
1505 2902 1600 2934 huius
1624 2902 1848 2943 responsionis,
1874 2903 1962 2943 quod
1979 2903 2092 2934 clarius
2113 2912 2296 2944 expressum
2315 2902 2415 2933 fuerat
2430 2901 2466 2932 in

1398 2947 1461 2985 Qu.
1485 2947 1525 2978 de
1545 2947 1627 2985 Ver„
1652 2957 1707 2988 qu.
1724 2957 1764 2983 xv,
1789 2947 1921 2978 articulo
1948 2947 2071 2979 ultimo.

2491 1284 2504 1296 ¹·
2517 1284 2547 1306 D.
2563 1289 2614 1313 7¹³·
