2768 4178
66 2480 69 2482 -
87 2447 102 2459 ⁸
114 2446 182 2470 Vm.
191 2446 229 2470 28.

89 2876 102 2887 ·
115 2875 172 2903 Cap.
187 2881 253 2898 xxix.

1008 263 1276 310 QUAESTIO
1305 262 1441 310 XVIII,
1470 263 1767 301 ARTICULUS
1798 266 1848 302 lV

388 343 544 373 Probatur
575 353 648 383 ergo
674 343 727 373 sic.
755 342 867 373 Vivere
896 341 1045 372 dicuntur
1075 341 1181 382 aliqua
1210 341 1401 382 inquantum

334 394 507 427 operantur
531 397 566 417 ex
590 387 709 427 seipsis,
728 396 794 417 non
814 384 904 427 quasi
920 386 958 415 ab
974 385 1041 415 aliis
1058 392 1162 417 mota:
1189 395 1263 425 ergo
1280 393 1400 426 quanto

334 430 502 471 perfectius
533 431 595 462 hoc
619 430 766 462 convenit
796 429 907 465 alicui,
932 436 1020 460 tanto
1045 429 1212 469 perfectius
1235 430 1268 459 in
1293 439 1330 460 eo
1354 430 1400 460 in-

334 475 459 506 venitur
481 475 560 506 vita:
590 485 664 515 ergo
694 473 856 505 moventia
879 483 911 503 se
935 473 1043 514 quoad
1065 473 1179 510 finem,
1205 473 1341 504 forrnam
1371 481 1402 504 et

336 519 574 555 executionem,
599 518 766 559 perfectius
789 518 902 548 vivunt
924 527 1023 558 quam
1053 517 1214 548 moventia
1238 528 1270 548 se
1294 518 1402 558 quoad

335 563 474 594 formam
497 570 528 594 et
550 563 770 594 executionem
793 568 933 597 tanturm
959 568 990 592 et
1013 561 1098 598 haec,
1123 571 1222 602 quam
1240 562 1402 592 moventia

335 618 368 638 se
391 614 517 639 tantum
539 607 647 648 quoad
663 606 900 638 executionem:
925 615 1000 645 ergo
1023 605 1103 636 illud
1122 605 1213 636 cuius
1228 613 1338 637 natura
1355 613 1402 637 est

334 652 443 692 ipsum
466 661 532 682 esse
556 658 587 682 et
609 651 792 691 intelligere,
809 657 840 680 et
864 650 895 679 id
912 650 1001 690 quod
1018 649 1199 680 naturaliter
1214 650 1317 687 habet,
1335 660 1402 681 non

335 695 561 726 determinatur
584 694 642 725 sibi
665 695 703 725 ab
728 694 800 730 alio,
825 693 947 724 obtinet
970 703 1135 724 summum
1151 694 1232 725 vitae
1248 695 1399 735 gradum:

335 749 410 780 ergo
429 739 463 770 in
481 739 551 770 Deo
571 738 707 769 maxime
728 745 774 769 est
792 738 864 769 vita.

389 783 441 814 Ad
457 782 646 814 evidentiam
661 783 817 813 secundae
841 782 1095 823 consequentiae,
1113 782 1188 823 quia
1205 784 1399 824 comparatio

333 827 464 868 intelligi
479 837 546 857 non
563 833 677 867 potest,
702 826 761 857 nisi
784 827 900 867 gradus
925 833 1182 867 comparatorum
1206 828 1399 865 ostendatur,

331 871 435 902 littera
456 871 590 911 graduat
612 871 774 902 moventia
797 881 839 907 se,
858 878 888 902 et
903 880 940 901 ex
963 871 1031 911 ipsa
1046 871 1253 911 graduatione
1270 873 1401 903 necessi-

333 922 430 946 tatem
446 915 691 956 consequentiae
707 915 854 946 ostendit.
879 916 954 946 Duo
971 925 1046 956 ergo
1063 915 1149 946 facit:
1164 916 1280 956 primo,
1294 924 1399 948 osten-

334 959 379 990 dit
395 970 431 991 ea
446 970 483 990 ex
504 959 620 1000 quibus
645 960 839 1000 graduantur
861 960 1014 996 viventia;
1039 960 1190 997 secundo,
1208 967 1268 991 tres
1284 962 1399 1001 gradus

332 1004 507 1042 viventium
532 1004 666 1035 ordinat.
699 1005 775 1035 Tria
802 1011 909 1035 autem
933 1011 1007 1035 sunt
1035 1015 1071 1035 ex
1094 1004 1211 1045 quibus
1239 1006 1400 1036 moventia

333 1058 366 1079 se
389 1049 600 1088 graduantur,
625 1048 742 1079 scilicet
773 1047 859 1085 finis,
885 1048 989 1079 forma
1020 1055 1050 1079 et
1080 1049 1233 1080 executio.
1263 1050 1304 1080 Et
1326 1060 1398 1090 pro-

332 1099 440 1133 pterea
461 1093 568 1134 aliqua
591 1099 722 1124 movent
745 1103 778 1123 se
807 1093 848 1123 ad
871 1093 1090 1124 executionem
1117 1099 1259 1123 tantum:
1294 1094 1400 1135 aliqua

333 1137 373 1167 ad
389 1137 607 1168 executionem
632 1144 662 1168 et
677 1137 832 1174 formam;
858 1144 888 1169 et
911 1137 987 1168 haec
1010 1137 1178 1177 perfectius
1201 1145 1333 1168 movent
1351 1147 1398 1169 se:

333 1181 440 1222 aliqua
462 1182 503 1212 ad
532 1181 751 1212 executionem
776 1188 806 1212 et
829 1181 967 1212 formam
991 1188 1022 1212 et
1043 1180 1158 1217 finem;
1184 1188 1215 1212 et
1238 1181 1315 1212 haec
1331 1192 1399 1222 per-

332 1225 510 1257 fectissime.
528 1226 684 1266 Inrprimo
709 1226 819 1257 ordine
843 1233 917 1257 sunt
940 1225 1074 1266 plantae,
1099 1232 1135 1256 ut
1153 1232 1238 1264 patet
1254 1236 1290 1256 ex
1306 1233 1397 1258 motu

328 1270 505 1310 augmenti.
525 1269 566 1300 ln
582 1270 722 1301 secundo
747 1277 821 1301 sunt
843 1269 1001 1305 animalia,
1026 1277 1062 1300 ut
1085 1275 1171 1310 patet
1191 1279 1227 1300 ex
1254 1280 1292 1300 eo
1310 1271 1398 1311 quod

331 1314 525 1355 principium
548 1321 656 1345 motus
681 1324 794 1345 eorum
822 1324 888 1345 non
913 1320 959 1344 est
982 1313 1084 1344 forma
1108 1325 1126 1345 a
1149 1319 1260 1345 natura
1282 1314 1397 1351 indita,

332 1359 387 1389 sed
403 1368 459 1399 per
474 1368 603 1390 sensum
627 1365 771 1398 accepta:
797 1364 828 1389 et
850 1358 972 1389 ratione
994 1356 1168 1389 latitudinis
1192 1358 1224 1389 in
1241 1358 1318 1398 ipsis
1333 1359 1398 1389 ani-

331 1403 469 1434 malibus
484 1403 639 1439 inventae,
664 1402 781 1433 scilicet
803 1403 893 1443 quod
916 1409 1037 1443 quanto
1061 1403 1228 1443 perfectius
1249 1403 1398 1440 sentiunt,

331 1454 421 1479 tanto
443 1447 613 1488 perfectius
635 1453 768 1477 movent
790 1446 905 1487 seipsa;
930 1447 1020 1488 quod
1042 1447 1261 1478 manifestatur
1283 1447 1316 1478 in
1340 1447 1400 1478 dif-

331 1491 443 1522 ferenti
467 1491 611 1522 motione
635 1490 823 1521 animalium
846 1490 1060 1531 perfectorum
1080 1498 1110 1522 et
1128 1491 1397 1533 imperfectorum.

332 1536 368 1566 In
391 1535 483 1566 tertio
508 1541 582 1566 sunt
609 1535 804 1566 intellectum
827 1535 984 1567 habentia.
1010 1536 1108 1573 Quod
1131 1537 1299 1578 probatur:
1324 1536 1399 1578 quia

331 1578 432 1611 solius
454 1579 584 1610 rationis
609 1589 644 1610 ac
667 1579 843 1610 intellectus
868 1587 914 1611 est
937 1590 1127 1620 cognoscere
1156 1580 1399 1622 proportionem

330 1623 402 1654 finis
420 1630 450 1655 et
466 1623 533 1654 eius
557 1624 646 1664 quod
670 1630 716 1654 est
739 1624 779 1654 ad
802 1623 909 1660 finem,
935 1634 1102 1665 unumque
1125 1625 1158 1656 in
1182 1626 1317 1656 alterum
1348 1635 1398 1656 or-

331 1668 455 1704 dinare;
479 1677 555 1708 ergo
571 1675 602 1699 et
616 1667 820 1708 praestituere
844 1668 902 1699 sibi
925 1668 1032 1700 finem.
1050 1670 1091 1700 Et
1114 1670 1288 1700 declaratur
1307 1669 1398 1710 signo

331 1712 502 1743 eminentia
524 1712 620 1743 huius
642 1712 739 1748 vitae,
765 1722 863 1751 ex,eo
888 1713 976 1753 quod
1000 1713 1032 1743 in
1057 1723 1123 1744 uno
1148 1721 1178 1745 et
1202 1714 1316 1744 eodem
1339 1714 1398 1744 ho-

330 1756 418 1788 mine
440 1766 512 1798 pars
536 1756 726 1787 intellectiva
753 1764 862 1788 movet
891 1757 1047 1797 potentias
1077 1757 1257 1796 sensitiyas,
1290 1765 1320 1789 et
1342 1768 1399 1798 per

329 1800 399 1832 illas
423 1801 598 1842 corporalia
626 1811 753 1841 organa.
786 1800 1066 1843 Confirmaturque
1096 1802 1242 1843 exemplo
1271 1803 1303 1833 in
1327 1802 1398 1833 arti-

330 1843 494 1876 ficialibus.

387 1889 450 1920 Pro
466 1889 555 1920 tertia
572 1896 679 1920 autem
704 1889 941 1931 consequentia,
966 1890 1058 1930 ponit
1080 1890 1181 1921 littera
1197 1891 1230 1920 in
1247 1900 1397 1931 supremo

2443 281 2518 319 229

1455 341 1580 372 vivendi
1603 342 1702 382 gradu
1725 343 1935 380 latitudinem;
1961 352 1990 376 et
2009 346 2052 376 sic
2076 357 2240 378 summum
2263 347 2296 378 in
2315 358 2353 379 eo
2373 349 2517 381 declarat.

1455 386 1656 416 Moventium
1688 396 1762 427 ergo
1794 397 1827 417 se
1850 388 1890 417 ad
1920 390 2153 427 executionem,
2183 391 2321 422 formam
2349 399 2379 423 et
2402 392 2516 430 finem,

1456 429 1515 460 alia
1537 437 1668 461 movent
1698 441 1731 461 se
1761 432 1869 471 quoad
1898 434 2074 472 quaedam,
2107 436 2262 475 quaedam
2285 446 2360 467 vero
2391 437 2429 467 ab
2454 431 2516 468 alio

1456 473 1647 505 sortiuntur:
1673 475 1732 505 alia
1756 482 1887 506 movent
1910 486 1942 506 se
1974 478 2080 517 quoad
2104 479 2228 516 omnia,
2260 480 2339 511 idest
2361 480 2404 511 ita
2428 482 2517 521 quod

1456 518 1534 548 nihil
1549 519 1587 549 ab
1605 518 1666 549 alio
1684 519 1809 550 habent.
1828 519 1861 549 ln
1878 520 1983 559 primo
2003 521 2111 552 ordine
2128 530 2201 554 sunt
2216 523 2391 555 intellectus
2408 524 2514 556 creati:

1455 562 1487 592 in
1507 563 1647 593 secundo
1670 572 1745 593 vero
1770 563 1857 594 Deus
1879 563 1958 603 ipse.
1982 565 2023 595 Et
2045 566 2186 605 primum
2209 569 2360 608 probatur
2379 569 2411 598 in
2427 569 2517 600 intel-

1454 606 1538 637 lectu
1562 614 1690 638 nostro:
1715 608 1823 648 quoad
1845 607 2041 638 intellectum
2069 610 2213 650 quidem,
2237 612 2312 652 quia
2335 613 2517 652 praestituta

1456 658 1529 682 sunt
1557 651 1585 681 ei
1612 651 1714 691 prima
1744 651 1917 692 principia;
1950 653 2057 692 quoad
2087 654 2284 686 voluntatem
2313 666 2408 693 vero,
2442 657 2518 698 quia

1456 695 1658 734 praestitutus
1674 703 1720 726 est
1736 695 1764 726 ei
1781 695 1912 726 ultimus
1931 695 2011 732 finis,
2029 707 2126 737 quem
2145 708 2209 728 non
2226 706 2329 739 potest
2344 710 2409 730 non
2424 701 2514 731 velle.

1456 739 1567 770 Cetera
1600 746 1674 770 sunt
1705 746 1790 770 nota.
1822 740 1863 770 Et
1890 739 2094 771 confirmatur
2116 752 2280 782 processus
2308 754 2344 774 ex
2367 754 2516 784 processu

1455 783 1642 820 Aristotelis,
1660 783 1717 814 XII
1733 784 1917 825 Metaphys.

1511 828 1562 859 111.
1588 827 1680 859 Circa
1702 828 1880 858 secundum
1901 828 2026 858 vivendi
2051 829 2184 868 gradum
2207 830 2342 861 dubium
2364 831 2515 868 occurrit,

1455 872 1623 913 quomodo
1646 881 1758 902 verum
1785 871 1824 902 sit
1851 873 1940 913 quod
1963 872 2111 903 animalia
2138 883 2193 914 per
2223 874 2324 914 seipsa
2355 875 2517 915 acquirant

1455 916 1593 946 formam
1608 926 1673 957 qua
1688 926 1720 946 se
1735 923 1876 947 movent.
1901 916 2018 947 Sensus
2042 917 2136 954 enim,
2162 924 2198 948 ut
2219 918 2252 948 in
2274 919 2300 948 ΙΙ
2315 919 2354 949 de
2367 920 2484 949 Anima
2499 919 2517 939 *
2545 920 2554 929 ”

2562 919 2594 940 Ca
2613 935 2618 941 .
2627 926 2641 941 v
2657 925 2680 942 n.
2689 926 2704 947 ι,
2714 920 2756 942 6.-

2544 936 2658 994 Cf.81b.i,
2669 952 2719 974 cap.
2730 953 2754 974 v,

1455 960 1581 997 dicitur,
1606 967 1653 991 est
1675 960 1818 1001 potentia
1839 960 1964 1000 passiva
1987 971 2004 990 a
2028 961 2183 998 sensibili,
2208 969 2239 993 et
2261 962 2373 993 sentire
2397 962 2428 993 in
2452 963 2517 1003 pati
2544 977 2566 992 n.
2594 988 2599 994 .

1455 1004 1614 1035 consistit:
1644 1003 1719 1045 erg‘o
1743 1004 1890 1034 animalia
1913 1005 1953 1035 ad
1976 1004 2154 1036 habendam
2177 1006 2315 1036 formam
2338 1006 2517 1037 sensibilem

1454 1059 1533 1089 pure
1560 1048 1682 1089 passive
1711 1055 1922 1080 concurrunt:
1957 1058 2022 1079 non
2056 1059 2131 1090 ergo
2161 1050 2328 1091 acquirunt
2360 1061 2430 1081 eam
2462 1060 2518 1091 per

1454 1093 1565 1133 seipsa.

1507 1137 1558 1168 IV.
1578 1137 1628 1167 Ad
1651 1137 1713 1168 hoc
1727 1137 1869 1174 breviter,
1893 1147 1964 1168 vere
1980 1144 2087 1168 tamen
2103 1136 2192 1180 (quia
2211 1148 2276 1169 non
2300 1146 2346 1170 est
2361 1139 2411 1169 hic
2426 1139 2516 1170 locus

1453 1181 1602 1222 proprius
1621 1181 1715 1212 huius
1739 1179 1911 1224 materiae).
1936 1181 2049 1212 dicitur
2066 1182 2167 1223 quod,
2184 1182 2256 1214 licet
2278 1183 2318 1213 ad
2341 1183 2516 1214 habendam

1454 1225 1591 1256 formam
1614 1225 1795 1256 sensibilem
1821 1225 1854 1256 in
1877 1235 1989 1266 genere
2019 1226 2138 1256 entium
2154 1250 2161 1263 ‚
2193 1237 2248 1257 seu
2281 1227 2387 1257 medio
2417 1227 2516 1258 modo

1452 1270 1533 1300 inter
1556 1269 1732 1310 potentiam
1756 1277 1786 1300 et
1810 1277 1930 1306 actum,
1956 1279 2066 1301 sensus
2090 1270 2223 1301 exterior
2251 1278 2415 1303 concurrat
2438 1281 2516 1312 pure

1454 1313 1593 1354 passive;
1610 1314 1649 1344 ad
1665 1313 1844 1344 habendam
1855 1321 1962 1344 tamen
1978 1324 2049 1345 eam
2065 1315 2096 1345 in
2109 1324 2230 1356 genere
2245 1315 2514 1356 cognoscibilium,

1454 1368 1509 1389 seu
1533 1358 1566 1388 in
1590 1364 1661 1389 actu
1686 1358 1878 1398 simpliciter,
1903 1367 1958 1389 seu
1982 1368 2085 1399 puro,
2117 1369 2226 1390 sensus
2258 1360 2354 1390 etiam
2385 1360 2517 1390 exterior

1455 1401 1612 1434 concurrit
1635 1412 1701 1432 non
1725 1402 1832 1433 solum
1860 1402 1999 1443 passive,
2033 1403 2088 1433 sed
2115 1403 2210 1434 etiam
2238 1404 2346 1435 active.
2374 1404 2415 1435 Et
2437 1404 2515 1435 ratio

1454 1454 1515 1483 est,
1540 1446 1615 1488 quia
1643 1446 1766 1483 anima,
1791 1453 1828 1477 ut
1850 1446 1882 1477 in
1907 1447 1933 1477 ΙΙ
1957 1447 1997 1478 de
2018 1448 2136 1478 Anima
2152 1448 2169 1467 *
2192 1448 2322 1485 dicitur,
2347 1455 2402 1491 ests
2424 1458 2515 1479 causa

1454 1490 1592 1522 effectiva
1615 1490 1699 1522 illius
1723 1490 1914 1522 alterationis
1937 1491 1970 1521 in
1995 1502 2058 1532 qua
2082 1492 2223 1523 consistit
2245 1493 2371 1529 sentire;
2396 1502 2461 1529 seu,
2486 1500 2517 1523 et

1452 1536 1485 1566 in
1509 1535 1594 1566 idem
1618 1535 1710 1572 redit,
1735 1535 1820 1565 illius
1843 1535 2035 1566 alterationis
2059 1546 2139 1577 quae
2164 1543 2210 1567 est
2233 1536 2353 1567 sentire.
2384 1536 2516 1567 Constat

1453 1586 1559 1610 autem
1583 1580 1672 1620 quod
1696 1579 1809 1610 sentire
1828 1589 1894 1610 non
1911 1587 1958 1610 est
1971 1580 2036 1621 pati
2052 1590 2070 1610 a
2086 1580 2223 1611 sensibili
2240 1579 2407 1623 (quoniam
2422 1581 2516 1612 etiam

1454 1624 1649 1664 diaphanum
1671 1622 1820 1666 videret):
1845 1625 1900 1654 sed
1923 1630 1970 1655 est
1986 1625 2058 1664 pati
2082 1626 2221 1656 vitaliter
2235 1635 2254 1655 a
2272 1625 2419 1656 sensibili.
2444 1625 2516 1656 Hoc

1453 1676 1559 1699 autem
1583 1675 1630 1699 est
1653 1678 1782 1699 sensum
1801 1678 1867 1699 esse
1891 1675 1962 1699 actu
1987 1669 2092 1709 ipsum
2112 1669 2255 1700 sensibile
2279 1676 2314 1700 ut
2337 1669 2396 1705 sic,
2421 1676 2457 1700 ut
2480 1680 2516 1700 ex

1454 1713 1542 1744 dictis
1558 1712 1590 1743 in
1615 1723 1669 1754 qu.
1686 1723 1737 1743 x1v
1752 1712 1769 1731 *
1792 1719 1887 1752 patet.
1913 1712 2010 1752 Igitur
2034 1713 2149 1744 animal
2173 1713 2266 1744 habet
2290 1713 2425 1744 formam
2449 1723 2517 1744 sen-

1453 1757 1577 1787 sibilem
1596 1763 1627 1788 et
1645 1757 1683 1787 ab
1707 1757 1780 1793 alio,
1806 1763 1836 1788 et
1854 1756 1927 1788 facit
1946 1767 2016 1787 earn
2035 1757 2067 1787 in
2087 1767 2130 1788 se.
2155 1758 2196 1788 Et
2214 1764 2380 1798 propterea
2396 1758 2516 1798 optime

1452 1802 1485 1832 in
1509 1801 1609 1832 littera
1633 1801 1746 1831 dicitur
1770 1801 1859 1842 quod
1877 1808 1985 1832 movet
2001 1811 2033 1831 se
2049 1802 2156 1842 quoad
2176 1801 2322 1838 formam,
2339 1809 2369 1833 et
2385 1802 2517 1843 acquirit

1454 1856 1523 1876 eam
1540 1856 1596 1885 per
1612 1845 1761 1885 seipsum,
1783 1852 1840 1876 etc.
1859 1862 1877 1868 -
1894 1845 1935 1876 Et
1953 1845 2028 1876 haec
2047 1847 2127 1876 bene
2144 1853 2227 1882 nota,
2246 1853 2282 1877 ut
2300 1846 2376 1877 scias
2397 1846 2516 1877 diversa

1453 1897 1483 1920 et
1498 1889 1676 1920 Aristotelis
1692 1897 1722 1920 et
1738 1889 1835 1920 sancti
1852 1889 1998 1920 Thomae
2018 1889 2099 1920 dicta
2115 1900 2189 1920 sane
2204 1890 2384 1930 intelligere.

1117 2053 1434 2095 ARTICULUS
1464 2052 1735 2105 QUARTUS

976 2154 1160 2185 UTRUM
1192 2154 1360 2185 OMNIA
1390 2154 1508 2185 SlNT
1538 2154 1663 2185 VITA
1694 2154 1743 2184 IN
1775 2154 1877 2185 DEo

2360 2222 2376 2234 ,

834 2240 868 2265 IV
890 2241 965 2266 Cont.
988 2241 1074 2270 Gent„
1095 2247 1151 2272 cap.
1165 2247 1223 2270 x1n3
1243 2240 1285 2265 De
1307 2239 1397 2270 Ver-it„
1418 2248 1462 2273 qu.
1481 2248 1514 2271 iv,
1535 2245 1580 2265 art.
1600 2239 1629 2270 83
1649 2240 1674 2265 in
1695 2240 1778 2269 Ioan„
1798 2248 1853 2273 cap.
1867 2248 1885 2271 1,
1904 2241 1962 2265 lect.
1981 2248 2009 2266 11.

449 2362 516 2401 Μ(
542 2352 565 2377 D
585 2351 758 2382 QUARTUM
778 2351 831 2377 s1c
851 2350 1092 2376 paocemrua.
1113 2338 1272 2375 Videtur
1291 2338 1397 2387 quod

358 2383 365 2396 ⁷
380 2389 404 2410 '⁶
459 2381 520 2453 ᾖ).
542 2406 622 2430 non
636 2393 766 2430 omnia
781 2392 854 2430 sint
867 2392 946 2429 vita
961 2392 1000 2429 in
1014 2393 1113 2429 Deo.
1130 2391 1277 2428 Dicitur
1292 2392 1394 2429 enim

446 2466 469 2495 ἢ
487 2436 511 2486 ²6
541 2448 624 2484 Act.
648 2445 780 2483 xvl1*:
812 2446 849 2483 in
879 2445 958 2495 ipso
983 2445 1165 2491 vivimus,
1200 2457 1398 2482 movemur

438 2492 485 2533 ᾖ)
502 2492 533 2533 Κ
551 2506 579 2536 ·t
603 2511 744 2537 sumus.
776 2499 854 2536 Sed
882 2511 962 2536 non
990 2498 1121 2536 omnia
1142 2498 1181 2535 in
1200 2499 1286 2535 Deo
1311 2506 1398 2535 sunt

330 2561 471 2591 motus.
501 2552 604 2600 Ergo
633 2565 712 2589 non
733 2552 872 2589 *omnia
899 2551 939 2588 in
967 2551 1051 2601 ipso
1080 2559 1167 2589 sunt
1190 2551 1279 2588 vita.

385 2618 420 2642 2.
451 2606 685 2654 PRAETEREA,
707 2605 838 2642 omnia
857 2613 944 2642 sunt
964 2605 1003 2642 in
1030 2606 1116 2642 Deo
1145 2605 1241 2642 sicut
1267 2605 1305 2641 in
1324 2604 1397 2653 pri.-

330 2670 396 2696 mo
418 2658 636 2708 exemplari.
668 2658 745 2696 Sed
775 2658 988 2707 exemplata
1007 2658 1148 2695 debent
1168 2657 1398 2695 conformari

331 2711 550 2760 exemplari.
581 2712 682 2748 Cum
711 2711 822 2760 igitur
850 2723 928 2748 non
956 2711 1087 2748 omnia
1114 2711 1248 2749 vivant
1275 2711 1313 2748 in
1341 2723 1398 2747 se-

330 2764 430 2814 ipsis,
459 2764 612 2802 videtur
640 2765 745 2813 quod
773 2777 852 2802 non
881 2765 1012 2802 omnia
1035 2764 1073 2802 in
1102 2766 1187 2802 Deo
1217 2765 1290 2802 sint
1307 2764 1396 2801 vita.

387 2819 421 2856 3.
451 2819 694 2864 PRAETEREA,
725 2817 819 2855 sicut
846 2818 1079 2866 Augustinus
1114 2818 1202 2855 dicit
1234 2818 1273 2854 in
1301 2817 1397 2854 libro

330 2872 376 2909 de
411 2873 509 2909 Vera
537 2871 662 2921 Relig.
687 2871 724 2918 ²⁸,
755 2871 963 2908 substantia
996 2871 1133 2909 vivens
1172 2878 1228 2907 est
1264 2870 1399 2907 melior

331 2924 499 2974 qualibet
526 2924 734 2961 substantia
753 2936 832 2961 non
850 2924 1016 2962 vivente.
1047 2925 1087 2961 Si
1107 2924 1217 2973 igitur
1236 2936 1281 2960 ea
1301 2936 1399 2972 quae

331 2978 370 3015 in
398 2977 531 3026 seipsis
559 2990 638 3014 non
665 2978 814 3025 vivunt,
844 2977 882 3014 in
910 2978 995 3014 Deo
1024 2985 1111 3014 sunt
1138 2978 1228 3024 vita,
1247 2976 1399 3014 videtur

332 3031 438 3079 quod
465 3031 593 3068 verius
631 3031 704 3067 sint
742 3043 801 3068 res
838 3030 876 3067 in
913 3032 998 3068 Deo
1028 3043 1144 3080 quam
1182 3030 1219 3066 in
1252 3029 1397 3079 seipsis.

334 3083 452 3130 Quod
482 3091 615 3121 tamen
641 3084 793 3121 videtur
821 3096 904 3120 esse
924 3089 940 3105 α
969 3084 1127 3131 falsum,
1158 3095 1245 3120 curn
1275 3083 1313 3120 in
1343 3095 1399 3120 se-

333 3136 423 3186 ipsis
452 3136 524 3174 sint
551 3137 590 3174 in
618 3145 716 3184 actu,
746 3137 784 3173 in
812 3138 898 3174 Deo
925 3149 1020 3174 vero
1049 3137 1087 3174 in
1115 3136 1294 3186 potentia.

386 3201 423 3236 4.
445 3190 678 3238 PRAETEREA,
708 3190 803 3227 sicut
831 3190 998 3227 sciuntur
1017 3202 1039 3226 a
1058 3191 1143 3227 Deo
1163 3190 1278 3237 bona,
1301 3197 1336 3226 et
1356 3201 1400 3226 ea

333 3255 433 3291 quae
460 3242 558 3279 fiunt
585 3243 798 3281 secundum
828 3242 981 3291 aliquod
1007 3251 1176 3292 tempus;
1206 3242 1257 3279 ita
1285 3243 1399 3286 mala,

334 3303 371 3332 et
408 3307 453 3332 ea
486 3307 583 3344 quae
620 3297 725 3334 Deus
754 3303 879 3346 potest
914 3296 1058 3341 facere,
1093 3296 1161 3332 sed
1199 3297 1398 3343 nunquam

333 3349 442 3385 fiunt.
474 3348 514 3385 Si
534 3361 623 3397 ergo
653 3349 783 3387 omnia
798 3348 815 3378 β
836 3357 922 3386 sunt
940 3349 1018 3386 vita
1037 3349 1074 3385 in
1102 3350 1208 3395 Deo,
1238 3348 1398 3396 inquan-

333 3409 415 3438 tum
445 3408 531 3438 sunt
559 3401 650 3438 scita
670 3403 717 3439 ab
737 3402 833 3451 ipso,
854 3403 1004 3440 videtur
1023 3401 1128 3451 quod
1149 3401 1262 3438 etiam
1286 3402 1398 3448 mala,

315 3493 318 3497 ,
335 3462 372 3491 et
387 3467 484 3503 quae
500 3458 514 3480 ⁷
529 3467 726 3503 nunquam
741 3456 848 3500 fiunt,
866 3463 953 3493 sunt
966 3455 1044 3493 vita
1063 3455 1101 3492 in
1121 3456 1219 3502 Deo,
1240 3454 1399 3503 inquan-

388 3594 416 3626 α)
435 3601 498 3619 esse.
515 3607 534 3613 -
553 3594 614 3618 Om.
633 3594 754 3619 ABCDE.

388 3628 414 3662 β)
434 3630 533 3655 omnia.
551 3643 569 3649 -
587 3629 642 3654 alia
660 3629 780 3658 ACDEF,
800 3630 890 3662 aliqua
908 3631 997 3656 BGab.

1453 2346 1533 2375 tum
1562 2346 1649 2375 sunt
1685 2338 1777 2375 scita
1810 2339 1858 2375 ab
1888 2351 1934 2375 eo
1954 2336 1979 2375 ὃ.
2011 2338 2126 2385 Quod
2153 2338 2306 2376 videtur
2338 2339 2518 2376 inconve-

1452 2391 1571 2429 niens.
2303 2400 2305 2402 ’

1507 2446 1581 2482 SED
1611 2456 1756 2482 CONTRA
1788 2456 1854 2481 EST
1882 2444 1987 2492 quod
2022 2444 2156 2482 dicitur
2184 2446 2287 2482 Ioan.
2310 2457 2319 2481 1
2348 2445 2388 2481 *ε
2418 2445 2520 2494 quod

1441 2499 1594 2546 factum
1623 2504 1687 2545 est,
1717 2498 1754 2534 in
1783 2498 1861 2546 ipso
1886 2498 1963 2534 vita
1983 2503 2075 2534 erat.
2107 2497 2184 2534 Sed
2213 2498 2341 2534 omnia
2368 2506 2518 2546 praeter

1452 2552 1582 2588 Deum
1610 2551 1705 2587 facta
1735 2558 1833 2587 sunt.
1864 2551 1964 2598 Ergo
1992 2550 2122 2587 omnia
2149 2550 2188 2587 in
2215 2551 2300 2588 Deo
2321 2559 2408 2587 sunt
2425 2551 2515 2588 vita.

1506 2605 1732 2641 RESPONDEO
1751 2615 1934 2640 DICENDUM
1963 2603 2080 2652 quod,
2115 2603 2209 2640 sicut
2238 2603 2379 2641 dictum
2410 2612 2465 2641 est
2483 2604 2514 2651 *,

1452 2657 1584 2693 vivere
1613 2656 1686 2693 Dei
1715 2663 1770 2693 est
1799 2656 1877 2693 eius
1897 2656 2112 2704 intelligere.
2145 2658 2186 2693 In
2206 2658 2290 2694 Deo
2311 2664 2439 2694 autem
2460 2665 2515 2694 est

1452 2710 1555 2747 idem
1585 2710 1805 2756 intellectus,
1836 2716 1873 2746 et
1891 2709 1996 2758 quod
2015 2710 2238 2758 intelligitur,
2261 2718 2297 2747 et
2314 2710 2440 2759 ipsum
2461 2710 2515 2747 in-

1452 2763 1615 2811 telligere
1645 2762 1735 2799 eius.
1774 2762 1886 2800 Unde
1919 2762 2103 2811 quidquid
2132 2771 2188 2800 est
2214 2763 2253 2800 in
2279 2764 2364 2800 Deo
2392 2771 2434 2814 ut
2461 2763 2515 2800 in-

1452 2817 1655 2863 tellectum,
1687 2823 1742 2852 est
1768 2815 1895 2864 ipsum
1923 2816 2055 2853 vivere
2082 2818 2145 2854 vel
2163 2815 2241 2854 vita
2270 2816 2361 2853 eius.
2391 2817 2513 2863 Unde,

1454 2882 1541 2906 cum
1572 2868 1702 2906 omnia
1734 2881 1834 2917 quae
1862 2869 1959 2906 facta
1987 2877 2074 2906 sunt
2101 2882 2123 2909 a
2150 2871 2248 2918 Deo,
2278 2869 2353 2906 sint
2374 2869 2412 2906 in
2431 2869 2514 2918 ipso

1452 2930 1494 2959 ut
1522 2923 1727 2969 intellecta,
1758 2922 1926 2970 sequitur
1957 2922 2063 2971 quod
2092 2922 2222 2959 omnia
2250 2922 2288 2959 in
2317 2923 2400 2971 ipso
2430 2930 2516 2959 sunt

1453 2976 1535 3025 ipsa
1561 2975 1640 3012 vita
1668 2975 1807 3012 divina.

1507 3031 1565 3065 AD
1594 3040 1731 3065 PRIMUM
1759 3040 1857 3065 ERGO
1896 3040 2079 3066 DicENDuM
2109 3028 2214 3076 quod
2248 3035 2439 3065 creaturae
2476 3028 2514 3064 in

1454 3084 1538 3119 Deo
1560 3093 1641 3118 esse
1662 3081 1836 3118 dicuntur
1856 3081 2063 3130 dupliciter.
2094 3082 2181 3119 Uno
2202 3081 2333 3127 modo,
2354 3081 2514 3129 inquan—

1453 3143 1535 3172 tum
1566 3134 1806 3171 continentur
1834 3142 1870 3171 et
1898 3143 2171 3171 conservantur
2197 3134 2335 3171 virtute
2365 3134 2512 3171 divina:

1454 3189 1549 3225 sicut
1577 3187 1737 3224 dicimus
1766 3199 1811 3224 ea
1836 3200 1917 3224 esse
1946 3188 1984 3224 in
2013 3188 2134 3235 nobis,
2164 3199 2261 3236 quae
2286 3194 2371 3223 sunt
2389 3187 2427 3223 in
2446 3199 2514 3223 no-

1454 3250 1529 3279 stra
1556 3248 1753 3290 potestate.
1784 3241 1834 3277 Et
1860 3241 1913 3277 sic
1942 3249 2135 3278 creaturae
2164 3240 2338 3277 dicuntur
2365 3252 2447 3276 esse
2476 3240 2513 3277 in

1454 3297 1551 3341 Deo,
1575 3293 1687 3330 etiam
1716 3301 1831 3342 prout
1849 3302 1935 3331 sunt
1953 3294 1992 3331 in
2010 3293 2171 3343 propriis
2191 3294 2343 3330 naturis.
2374 3294 2422 3329 Et
2440 3293 2515 3329 hoc

1455 3348 1573 3385 modo
1603 3346 1886 3394 intelligendum
1916 3355 1972 3384 est
1998 3348 2162 3383 verbum
2186 3346 2359 3395 Apostoli
2388 3345 2515 3382 dicen-

1455 3401 1511 3448 tis,
1543 3401 1579 3436 in
1609 3400 1686 3448 ipso
1714 3400 1886 3446 vivimus,
1915 3412 2113 3437 movemur
2131 3405 2167 3436 et
2191 3412 2341 3436 sumus:
2370 3399 2459 3447 quia
2480 3406 2516 3436 et

1455 3461 1626 3491 nostrum
1663 3452 1815 3500 vivere,
1851 3461 1887 3490 et
1920 3461 2092 3490 nostrum
2131 3465 2233 3500 esse,
2274 3460 2310 3489 et
2342 3459 2513 3489 nostrum

1507 3594 1533 3627 γ)
1553 3597 1578 3618 et
1596 3599 1672 3625 quae.
1689 3606 1708 3611 -
1726 3599 1793 3624 quae
1812 3593 1855 3616 Pb.

1508 3627 1531 3661 δ)
1552 3629 1707 3661 inquantum
1721 3631 1783 3652 sunt
1801 3627 1868 3652 scita
1887 3627 1920 3652 ab
1933 3634 1971 3652 eo.
1985 3639 2004 3645 -
2018 3627 2078 3652 Om.
2093 3627 2232 3657 BDFGab,·
2253 3635 2301 3660 pro
2316 3634 2353 3656 eo,
2370 3627 2426 3659 ipso
2439 3627 2516 3652 ACE.

2542 1449 2551 1457 ·
2564 1447 2620 1476 Cap.
2637 1454 2667 1475 iv,
2682 1454 2706 1470 n.
2716 1448 2740 1470 6.

2543 1714 2552 1722 ·
2565 1713 2616 1734 Art.
2631 1718 2650 1739 1,
2664 1718 2685 1734 2.

2644 2340 2657 2365 δ

2544 2452 2554 2463 ⁸
2568 2452 2634 2474 Vers.
2644 2457 2664 2479 3,
2677 2458 2700 2478 4.

2544 2611 2553 2619 ‘
2567 2610 2618 2631 Art.
2633 2615 2709 2637 praec.
