2768 4178
149 409 157 425 t

1012 258 1280 305 QUAESTIO
1308 258 1432 306 XVII,
1461 258 1757 295 ARTICULUS
1787 260 1800 295 1

45 350 154 378 *Lib-11,
165 354 257 378 cap-vi·
288 338 376 379 dicit
403 338 649 388 Augustinus,
670 338 709 376 in
728 338 824 375 libro
845 337 996 386 Soliloq.
1016 337 1048 383 ²3,
1079 337 1184 386 quod
1213 349 1276 374 eas
1295 349 1355 373 res

276 394 404 444 falsas
422 400 430 414 ⁴
459 393 711 438 nominamus,
741 403 838 441 quae
865 391 1082 428 verisimilia
1111 390 1355 439 apprehendi-

0 457 8 480 ’-
46 456 131 479 'Loco
140 456 259 484 supracit-
288 459 385 484 mus.
406 447 455 483 Et
470 446 727 495 Philosophus
748 444 846 491 dicit,
863 444 902 480 in
915 444 951 480 V
964 444 1182 492 Metaphys.
1197 443 1228 490 ²¹²,
1250 443 1356 492 quod

148 563 163 580 κ

145 607 163 633 λ

31 836 33 838 ·
48 826 60 837 ⁸
72 825 136 848 Ibid.
149 831 173 847 n.
187 831 208 854 5.

8 1752 242 1797 irminam.

20 1811 229 1838 'uxamam

53 2738 66 2749 *¹
81 2737 117 2761 ef.
132 2743 198 2760 num.
211 2744 228 2760 1.

290 501 383 537 falsa
412 500 587 537 dicuntur
615 509 873 548 quaecumque
899 502 988 545 apta
1017 503 1105 533 nata
1127 502 1215 533 sunt
1239 508 1355 544 appa-

291 565 376 590 rere
407 558 473 590 aut
491 559 504 574 κ
532 553 660 600 qualia
688 563 763 589 non
791 555 894 596 sunt,
927 555 995 586 aut
1025 561 1122 598 quae
1155 562 1229 586 non
1258 555 1354 586 sunt.

292 608 341 644 Et
363 618 433 655 per
456 606 559 643 hunc
577 605 740 643 modum
764 603 876 640 etiam
896 601 909 623 λ
937 602 1070 639 dicitur
1088 603 1208 639 homo
1229 603 1355 649 falsus,

290 659 517 709 inquantum
546 666 603 696 est
630 657 818 694 amativus
846 656 1026 692 falsarum
1051 655 1276 704 opinionum
1293 656 1356 692 vel

290 712 541 750 locutionum.
571 712 664 748 Non
692 717 822 747 autem
851 721 896 745 ex
924 709 999 746 hoc
1023 708 1130 758 quod
1147 715 1273 757 potest
1293 721 1356 745 eas

287 765 528 813 confingere:
563 763 651 813 quia
684 763 737 800 sic
772 762 885 799 etiam
917 762 1107 811 sapientes
1132 769 1168 798 et
1196 761 1356 798 scientes

279 818 380 867 falsi
406 818 633 864 dicerentur,
662 823 704 853 ut
732 815 866 853 dicitur
893 815 932 852 in
959 816 995 853 V
1013 816 1230 864 Metaphys.
1247 814 1267 836 '¹‘

343 872 402 908 An
431 882 568 907 Palmum
596 881 694 906 ERGO
723 881 908 906 DICENDUM
928 869 1034 916 quod
1053 881 1113 905 res
1137 875 1358 916 comparata

292 924 341 961 ad
372 924 626 970 intellectum,
656 919 869 959 secundum
906 922 944 958 id
977 923 1082 970 quod
1119 929 1195 968 est,
1225 921 1358 958 dicitur

290 989 400 1014 vera:
429 976 643 1014 secundum
662 982 683 1004 ι’·
710 975 749 1012 id
769 976 874 1023 quod
901 988 981 1012 non
1005 982 1071 1021 est,
1093 974 1226 1012 dicitur
1253 975 1355 1011 falsa.

291 1030 403 1068 Unde
431 1041 544 1067 verus
571 1029 775 1079 tragoedus
802 1034 855 1065 est
868 1029 999 1078 salsus
1016 1029 1174 1074 Hector,
1203 1035 1245 1064 ut
1269 1027 1358 1064 dici-

290 1090 352 1120 tur
378 1083 418 1120 in
437 1084 470 1120 II
499 1083 652 1131 Soliloq.
681 1082 712 1120 ²¹³.
734 1082 839 1119 Sicut
865 1082 976 1130 igitur
999 1081 1038 1118 in
1055 1081 1114 1118 his
1135 1093 1232 1129 quae
1259 1088 1357 1127 sunt,

289 1135 482 1174 invenitur
500 1136 700 1185 quoddam
719 1147 798 1172 non
818 1148 919 1181 esse;
939 1135 989 1171 ita
1007 1134 1046 1171 in
1066 1134 1124 1171 his
1144 1146 1243 1182 quae
1258 1141 1357 1180 sunt,

289 1189 484 1227 invenitur
510 1189 702 1238 quaedam
731 1188 826 1226 ratio
855 1188 1021 1225 falsitatis
1048 1193 1071 1223 ⁹.

265 1295 288 1301 ’ξ
304 1297 316 1312 ss
346 1303 365 1337 ι)
384 1285 538 1338 res‘falsas.
555 1317 575 1323 -
593 1310 636 1329 res
654 1310 709 1328 esse
720 1303 812 1336 salsas
830 1301 877 1327 Pb.

345 1339 370 1373 κ)
390 1346 523 1372 apparere
540 1342 596 1364 aut.
614 1352 633 1358 -·
651 1341 699 1363 aut
718 1345 769 1362 non
788 1343 920 1369 apparere
942 1336 1010 1361 sicut
1029 1339 1092 1361 sunt
1110 1339 1159 1360 aut
1177 1343 1310 1368 apparere
1329 1336 1359 1360 B.

344 1374 374 1408 λ)
392 1376 483 1401 etiam.
500 1388 519 1393 —
537 1375 599 1399 Om.
617 1373 691 1398 FGa.
708 1385 727 1392 -
745 1373 796 1397 Pro
810 1372 944 1409 amatiuus
956 1372 1094 1405 salsarum
1108 1371 1270 1403 opinionum,
1284 1378 1359 1396 ama-

292 1414 336 1436 tor
346 1411 486 1445 salsarum
505 1409 659 1442 opinionum
677 1409 731 1433 BD.

2394 270 2469 307 219

1461 338 1521 373 AD
1550 349 1740 374 SECUNDUM
1768 349 1952 374 DICENDUM
1980 338 2085 386 quod
2123 350 2181 375 res
2213 350 2282 387 per
2314 350 2353 374 se
2391 350 2470 375 non

1408 390 1550 437 fallunt,
1572 390 1641 427 sed
1663 402 1733 438 per
1761 390 1947 427 accidens.
1969 392 2072 428 Dant
2100 391 2199 428 enim
2228 391 2470 428 occasionem

1409 443 1596 490 falsitatis,
1627 455 1672 479 eo
1703 443 1809 491 quod
1838 443 2120 481 similitudinem
2149 457 2283 482 eorum
2315 451 2469 492 gerunt,

1410 509 1576 545 quorum
1605 509 1684 533 non
1712 496 1855 533 habent
1883 496 2128 534 existentiam.

1463 551 1521 586 AD
1549 561 1709 586 TERTIUM
1728 561 1913 586 DICENDUM
1932 550 2038 597 quod
2056 563 2125 598 per
2145 551 2471 599 comparationem

1411 602 1461 639 ad
1489 602 1720 639 intellectum
1750 602 1924 639 divinum
1952 615 2031 639 non
2059 603 2234 640 dicuntur
2256 616 2315 640 res
2343 604 2470 651 falsae,

1410 655 1516 703 quod
1545 663 1644 692 esset
1681 668 1745 692 eas
1774 667 1856 692 esse
1896 656 2006 692 falsas
2036 656 2274 704 simpliciter:
2305 657 2372 693 sed
2404 669 2473 705 per

1412 709 1739 757 comparationem
1768 708 1818 745 ad
1836 708 2067 745 intellectum
2089 717 2272 758 nostrum,
2293 709 2399 758 quod
2418 717 2474 746 est

1412 774 1475 798 eas
1505 774 1586 798 esse
1615 762 1725 798 falsas
1753 761 1966 798 secundum
1995 761 2097 810 quid.

1464 816 1523 851 An
1539 826 1724 861 QUARTUM,
1740 814 1846 863 quod
1860 815 1898 851 in
1914 814 2133 863 oppositum
2149 815 2331 863 obiicitur,
2348 815 2473 852 dicen-

1413 867 1505 905 dum
1529 868 1636 916 quod
1658 867 1864 905 similitudo
1893 868 1955 905 vel
1976 868 2269 916 repraesentatio
2295 868 2474 905 deficiens

1411 933 1491 958 non
1527 921 1671 958 inducit
1707 921 1895 957 rationem
1925 921 2112 968 falsitatis,
2142 921 2213 957 nisi
2249 921 2474 970 inquantum

1411 981 1577 1023 praestat
1605 974 1849 1011 occasionem
1876 974 1991 1010 falsae
2020 974 2222 1022 opinionis.
2252 975 2363 1011 Unde
2397 987 2476 1011 non

1412 1027 1646 1074 ubicumque
1676 1034 1732 1064 est
1760 1027 1984 1074 similitudo,
2015 1027 2150 1064 dicitur
2177 1039 2236 1064 res
2269 1027 2378 1064 falsa:
2409 1027 2476 1064 sed

1412 1081 1645 1128 ubicumque
1676 1088 1731 1117 est
1758 1080 1840 1117 talis
1868 1080 2087 1128 similitudo,
2108 1092 2206 1129 quae
2234 1088 2322 1117 nata
2342 1088 2396 1117 est
2423 1081 2475 1117 fa-

1414 1146 1498 1170 cere
1528 1133 1752 1182 opinionem
1781 1134 1936 1181 falsam,
1966 1146 2045 1170 non
2074 1133 2312 1182 cuicumque,
2342 1133 2408 1171 sed
2435 1141 2477 1170 ut

1413 1186 1451 1223 in
1478 1186 1660 1234 pluribus.

1468 1300 1495 1334 μ.)
1515 1301 1668 1325 secundum.
1680 1301 1705 1320 ⁴·-
1723 1304 1750 1325 et
1766 1301 1910 1326 secundum
1929 1301 1982 1326 AB.

1467 1336 1491 1367 ν)
1511 1335 1588 1360 Sicut
1607 1336 1724 1369 igitur...
1731 1336 1874 1368 salsitatis.
1886 1350 1906 1354 -
1919 1336 1964 1361 Sic
1983 1335 2068 1369 igitur
2081 1335 2107 1360 in
2127 1335 2168 1360 his
2186 1342 2253 1368 quae
2267 1338 2329 1360 sunt
2344 1335 2478 1360 invenitur

1413 1370 1504 1403 aliqua
1518 1371 1590 1396 ratio
1602 1370 1709 1403 (relatio
1722 1371 1755 1404 D)
1763 1371 1897 1405 falsitatis
1916 1371 2017 1396 codices
2031 1376 2057 1396 et
2070 1371 2110 1395 ed.
2123 1378 2154 1400 α;
2173 1378 2220 1403 pro
2233 1370 2313 1395 altero
2325 1377 2393 1402 quae
2406 1374 2477 1401 sunt,

1414 1413 1482 1438 quae
1500 1413 1553 1431 non
1572 1409 1635 1431 sunt
1653 1407 1694 1432 ed.
1713 1407 1736 1432 b.

970 1496 1304 1529 Commentaria,
1327 1495 1580 1528 Cardinalis
1603 1495 1804 1529 Caietam

352 1598 460 1618 nunus
477 1587 587 1618 clarus.
605 1604 626 1609 -
644 1587 680 1617 In
697 1595 830 1626 corpore
854 1585 927 1616 tria:
952 1585 1067 1626 primo,
1093 1585 1267 1616 declaratur
1285 1583 1362 1625 quid

294 1599 507 1672 Tsignificat
529 1630 647 1662 falsitas
671 1630 855 1670 simpliciter
877 1637 908 1661 et
931 1630 1108 1660 secundum
1132 1629 1210 1670 quid
1238 1637 1360 1664 rerum;

293 1676 406 1708 deinde
430 1682 596 1717 ponuntur
619 1675 700 1705 duae
724 1674 945 1705 conclusiones
969 1673 1172 1714 responsivae
1203 1673 1359 1713 quaesito.

283 1721 398 1752 -Prixna
414 1727 476 1751 est:
501 1720 633 1750 Falsitas
654 1718 837 1760 simpliciter
855 1728 922 1749 non
939 1725 985 1749 est
999 1718 1032 1748 in
1048 1718 1141 1749 rebus
1158 1717 1361 1757 dependenti-

292 1766 353 1796 bus
367 1775 386 1796 a
401 1765 482 1801 Deo,
498 1764 558 1794 nisi
582 1763 663 1794 forte
681 1763 714 1793 in
732 1762 916 1793 voluntariis
931 1763 957 1793 *.
978 1762 1123 1793 Secunda
1146 1768 1206 1792 est:
1230 1762 1255 1792 F
1258 1761 1362 1792 alsitas

294 1809 472 1841 secundum
495 1808 574 1849 quid
597 1814 644 1838 est
666 1807 699 1838 in
718 1807 810 1837 rebus
831 1806 996 1847 dupliciter
1007 1806 1033 1837 *.

353 1853 389 1885 11.
415 1853 533 1890 Quoad
550 1853 707 1893 primum,
732 1850 867 1882 intendit
882 1851 971 1891 quod
986 1850 1103 1881 falsitas
1119 1849 1303 1890 simpliciter
1318 1849 1361 1879 rei

285 1897 438 1929 ‘consistit
460 1897 493 1927 in
518 1895 719 1927 difformitate
739 1895 782 1925 rei
799 1895 839 1925 ad
854 1894 1049 1925 intellectum
1068 1904 1086 1924 a
1104 1904 1171 1935 quo
1188 1894 1359 1934 dependet:

294 1941 412 1972 falsitas
435 1948 543 1972 autem
566 1940 743 1971 secundum
767 1939 854 1979 quid,
874 1938 907 1969 in
924 1938 1125 1969 difformitate
1148 1938 1192 1968 rei
1216 1938 1255 1967 ad
1271 1938 1360 1969 intel-

293 1986 413 2017 lectum
427 1995 446 2015 a
459 1995 526 2026 quo
542 1995 609 2015 non
624 1984 789 2024 dependet.
810 1983 990 2024 Utrumque
1006 1989 1114 2013 autem
1131 1982 1250 2012 horum
1266 1981 1362 2012 simul

294 2030 448 2071 probatur
464 2029 517 2060 sic.
533 2029 655 2060 Verum
671 2035 701 2059 et
716 2027 832 2058 falsum
848 2033 1074 2067 opponuntur:
1095 2036 1169 2066 ergo
1186 2026 1240 2056 ubi
1256 2026 1360 2066 primo

295 2072 343 2105 e'st
364 2073 485 2111 veritas,
510 2073 553 2103 ibi
576 2073 681 2113 primo
699 2071 830 2102 falsitas:
857 2081 931 2111 ergo
948 2070 1064 2101 falsitas
1081 2070 1174 2101 estin
1189 2070 1359 2106 intellectu,

295 2124 327 2149 et
349 2128 415 2148 non
438 2117 472 2148 in
495 2117 588 2147 rebus
607 2116 666 2147 nisi
682 2116 715 2146 in
733 2115 842 2146 ordine
861 2116 901 2145 ad
917 2115 1127 2146 intellectum:
1154 2124 1228 2154 ergo
1246 2114 1361 2144 falsitas

295 2161 479 2202 simpliciter
504 2171 611 2191 rerum
640 2160 783 2191 consistit
808 2159 841 2189 in
869 2159 1070 2189 difformitate
1099 2159 1138 2188 ad
1166 2158 1362 2189 intellectum

295 2215 393 2248 quem
415 2215 472 2246 per
495 2215 528 2235 se
550 2204 692 2245 respicit:
717 2213 791 2243 ergo
808 2203 848 2233 ad
862 2203 1059 2234 intellectum
1075 2213 1092 2232 a
1107 2213 1174 2242 quo
1191 2203 1360 2242 dependet:

295 2260 371 2290 ergo
394 2249 512 2280 falsitas
542 2249 720 2279 secundum
747 2247 826 2288 quid
856 2247 900 2277 rei
928 2246 1071 2278 consistit
1099 2246 1133 2276 in
1162 2246 1363 2277 difformitate

296 2294 336 2325 ad
358 2293 554 2324 intellectum
570 2303 627 2333 per
649 2291 810 2323 accidens:
836 2301 921 2331 ergo,
946 2302 964 2321 a
987 2301 1053 2332 quo
1077 2301 1143 2321 non
1173 2291 1339 2331 dependet.

348 2337 455 2368 Prima
478 2336 705 2378 consequentia
727 2336 896 2377 probatur:
921 2335 997 2376 quia
1021 2335 1170 2375 opposita
1193 2342 1267 2365 sunt
1284 2335 1364 2365 circa

295 2382 391 2413 idem.
417 2379 562 2412 Secunda
585 2389 735 2422 quoque:
766 2379 839 2420 quia
863 2379 976 2410 veritas
1005 2386 1051 2410 est
1073 2379 1106 2409 in
1129 2379 1308 2415 intellectu,
1334 2386 1365 2409 et

296 2436 364 2457 non
386 2426 420 2456 in
443 2426 537 2456 rebus
560 2425 621 2455 nisi
644 2425 678 2455 in
701 2424 812 2454 ordine
832 2424 871 2454 ad
886 2423 1091 2454 intellectum.
1117 2423 1224 2454 Tertia
1239 2430 1362 2453 autem:

297 2469 372 2512 quia
390 2470 648 2510 unumquodque
665 2469 850 2500 nominatur
868 2467 1050 2508 simpliciter
1066 2469 1104 2498 ab
1121 2478 1159 2498 eo
1176 2468 1266 2508 quod
1290 2477 1364 2498 con-

296 2514 383 2547 venit
398 2524 454 2555 per
477 2524 520 2544 se.
545 2514 666 2550 Quarta
689 2521 782 2543 vero:
808 2512 883 2553 quia
899 2512 1076 2542 intellectus
1091 2522 1110 2542 a
1125 2522 1191 2552 quo
1208 2512 1364 2552 dependet

297 2569 355 2595 res,
380 2569 436 2600 per
460 2568 492 2588 se
515 2557 689 2597 respicitur.
714 2556 834 2594 Quinta
853 2563 970 2592 autem,
995 2566 1070 2586 cum
1093 2563 1186 2592 sexta,
1212 2556 1364 2595 probatur

298 2613 335 2634 ex
358 2601 513 2643 oppositis
545 2601 652 2632 tertiae
677 2607 707 2631 et
730 2606 874 2641 quartae:
900 2600 975 2640 quia
1002 2600 1119 2630 scilicet
1141 2601 1179 2630 ab
1203 2600 1362 2630 intellectu

297 2657 354 2687 per
376 2646 520 2677 accidens
536 2645 760 2675 denominatur
782 2654 831 2674 res
855 2645 1032 2674 secundum
1055 2644 1147 2684 quid;
1172 2650 1203 2674 et
1219 2644 1294 2685 quia
1317 2644 1363 2673 in-

297 2691 440 2722 tellectus
464 2700 481 2719 a
505 2699 571 2730 quo
594 2699 642 2719 res
666 2698 733 2718 non
756 2689 882 2729 pendet,
907 2695 953 2718 est
975 2698 1032 2728 per
1053 2688 1206 2719 accidens.

356 2735 408 2765 111.
434 2733 551 2771 Quoad
582 2733 756 2763 secundum
773 2730 806 2769 *,
835 2732 938 2772 prima
966 2732 1129 2763 conclusio
1160 2732 1362 2772 responsiva,

297 2779 424 2815 scilicet,
436 2778 573 2819 falsitas
588 2776 774 2817 simpliciter
798 2786 859 2806 non
885 2782 931 2807 est
949 2777 981 2807 in
999 2777 1094 2807 rebus
1116 2777 1363 2816 dependentibus

284 2834 317 2854 1a
339 2823 423 2860 Deo,
449 2823 510 2853 nisi
524 2821 618 2862 sorte
641 2822 673 2851 in
703 2821 909 2858 voluntariis,
933 2821 1095 2861 probatur.
1121 2822 1182 2851 Res
1206 2821 1362 2850 naturales

297 2867 476 2908 dependent
492 2866 530 2895 ab
546 2865 706 2896 intellectu
724 2864 841 2901 divino,
860 2864 940 2895 sicut
957 2865 1131 2895 artificiales
1146 2865 1184 2894 ab
1201 2865 1361 2895 intellectu

296 2912 457 2942 humano:
483 2919 557 2949 ergo
577 2909 694 2940 falsitas
715 2908 897 2949 simpliciter
912 2909 1104 2940 naturalium
1128 2909 1311 2940 consisteret
1329 2909 1361 2938 in

297 2955 498 2986 difformitate
513 2954 554 2984 ad
568 2953 763 2984 intellectum
787 2953 948 2983 divinum:
974 2964 1048 2993 ergo
1072 2953 1105 2983 in
1128 2953 1221 2983 r'ebus
1245 2953 1361 2992 depen-

298 2999 443 3030 dentibus
467 3009 485 3028 a
508 2999 592 3034 Deo,
618 3007 684 3028 non
709 3004 755 3028 est
778 2997 894 3027 falsitas
918 2997 1116 3038 simpliciter,
1141 2997 1201 3027 nisi
1225 2996 1305 3027 forte
1328 2997 1361 3027 in

296 3042 493 3074 voluntariis.

350 3086 547 3117 Antecedens
563 3085 765 3126 supponitur.
783 3084 1021 3126 Consequentia
1036 3085 1201 3125 probatur:
1222 3085 1298 3125 quia
1313 3095 1360 3115 res

297 3130 470 3161 artificiales
495 3129 642 3160 dicuntur
665 3129 760 3159 falsae
785 3129 977 3169 simpliciter,
1001 3129 1192 3170 inquantum
1212 3128 1364 3159 deficiunt

297 3185 315 3205 a
331 3175 435 3205 forma
449 3173 532 3204 artis.
557 3174 599 3204 Et
613 3173 830 3204 manifestatur
845 3173 907 3204 hoc
923 3183 960 3204 ex
978 3183 1039 3203 usu
1055 3173 1223 3213 loquendi:
1248 3173 1362 3204 dicitur

298 3219 384 3249 enim
407 3217 520 3258 aliquis
534 3217 662 3258 falsam
685 3218 932 3258 grammaticam
957 3217 1075 3253 fecisse,
1095 3217 1171 3258 quia
1186 3217 1300 3255 defecit
1322 3218 1360 3247 ab

297 3269 361 3293 arte
392 3261 624 3302 grammaticae.
657 3262 698 3292 Et
728 3261 865 3292 sumitur
887 3261 937 3291 hic
960 3261 1096 3302 deficere
1118 3271 1184 3291 non
1207 3261 1359 3301 negative,

297 3307 352 3337 sed
369 3305 531 3342 contrarie,
552 3306 640 3345 quod
656 3306 741 3336 idern
765 3312 811 3336 est
834 3305 923 3346 quod
939 3315 1007 3335 esse
1028 3305 1197 3345 difforme:
1220 3305 1360 3336 defectus

297 3351 383 3381 enim
406 3349 549 3389 negative
573 3350 736 3380 constituit
759 3360 841 3390 opus
865 3349 1105 3389 imperfectum,
1130 3349 1185 3379 sed
1208 3349 1360 3379 contrarie

298 3393 461 3426 constituit
476 3393 602 3423 falsum.
626 3394 667 3424 Et
682 3394 765 3430 ideo,
786 3401 822 3425 ut
837 3394 948 3424 clarior
964 3400 1044 3424 esset
1060 3403 1179 3429 sensus,
1196 3403 1273 3423 usus
1288 3404 1360 3424 sum

296 3439 330 3470 in
353 3436 587 3477 consequentiis
610 3437 828 3476 difformitatis
842 3438 983 3468 nomine.
999 3456 1019 3460 —
1036 3437 1181 3468 Secunda
1195 3447 1270 3468 vero
1286 3447 1360 3468 con-

297 3482 460 3524 sequentia
483 3481 643 3521 probatur.
668 3481 833 3523 Quidquid
847 3482 880 3513 in
896 3483 989 3513 rebus
1013 3482 1133 3518 accidit,
1159 3481 1293 3521 exceptis
1313 3482 1360 3511 his

1415 1583 1449 1613 in
1472 1593 1613 1624 quorum
1636 1590 1790 1624 potestate
1816 1591 1862 1615 est
1885 1585 2059 1615 subducere
2074 1595 2106 1615 se
2126 1585 2164 1616 ab
2184 1585 2293 1616 ordine
2317 1586 2414 1616 divini
2431 1586 2478 1616 in-

1416 1627 1558 1658 tellectus
1572 1651 1579 1665 ‚
1605 1638 1642 1658 ex
1672 1629 1871 1659 ordinatione
1894 1629 2070 1660 intellectus
2102 1629 2199 1659 divini
2222 1630 2378 1669 procedit:
2404 1640 2478 1671 ergo

1414 1672 1448 1702 in
1463 1673 1556 1703 rebus
1574 1673 1824 1712 dependentibus
1839 1683 1858 1703 a
1873 1673 1953 1709 Deo,
1971 1680 2028 1704 etc.
2053 1674 2094 1704 Et
2110 1673 2314 1705 confirmatur
2337 1675 2478 1714 exceptio

1416 1716 1600 1747 auctoritate
1624 1717 1802 1757 Scripturae
1833 1717 1965 1754 directe;
1991 1724 2022 1748 et
2050 1728 2087 1748 ex
2116 1718 2267 1758 opposito
2289 1719 2479 1752 ,auctoritate

1415 1771 1546 1801 quoque
1570 1761 1748 1801 Scripturae
1772 1761 1973 1798 confirmato,
1998 1761 2114 1793 scilicet
2136 1763 2269 1794 veritate
2292 1764 2375 1794 vitae
2398 1762 2479 1793 dicta

1416 1805 1454 1834 de
1479 1811 1550 1835 actu
1573 1805 1727 1836 virtuoso.

1473 1849 1526 1879 IV.
1551 1849 1687 1880 Adverte
1711 1849 1760 1880 hic
1784 1850 1851 1880 tria.
1875 1850 2019 1880 Primum
2045 1857 2099 1886 est,
2124 1851 2213 1891 quod
2235 1850 2338 1881 littera
2356 1860 2404 1881 res
2424 1861 2478 1881 na-

1414 1893 1529 1923 turales
1553 1893 1706 1933 proponit
1735 1894 1911 1934 dependere
1939 1895 1977 1924 ab
2006 1894 2166 1925 intellectu
2190 1894 2298 1925 divino
2328 1901 2364 1925 ut
2386 1894 2479 1925 artifi-

1415 1937 1508 1967 ciales
1532 1938 1570 1967 ab
1594 1937 1751 1974 humano,
1777 1944 1808 1968 et
1830 1944 1936 1968 tamen
1959 1948 2025 1968 non
2049 1938 2158 1974 infert,
2183 1948 2262 1979 ergo
2286 1939 2318 1969 in
2344 1944 2480 1970 natura·

1415 1981 1517 2019 libus;
1541 1982 1596 2011 sed
1620 1982 1898 2018 universalissime,
1923 1992 2002 2023 ergo
2026 1981 2058 2012 ih
2083 1983 2177 2013 rebus
2198 1983 2478 2023 dependentibusa

1415 2026 1505 2062 Deo,
1535 2032 1592 2056 etc.
1621 2026 1708 2056 Fecit
1731 2033 1838 2056 autern
1863 2026 1944 2062 hoc,
1976 2026 2052 2067 quia
2078 2026 2163 2057 idem
2193 2026 2347 2057 iudicium
2371 2034 2417 2058 est
2440 2027 2478 2057 de

1416 2069 1566 2099 omnibus
1591 2076 1621 2100 et
1640 2070 1678 2100 de
1695 2070 1907 2101 naturalibus:
1933 2070 2042 2100 omnia
2062 2070 2156 2107 enim,
2174 2077 2330 2111 quatenus
2350 2071 2387 2101 ab
2407 2071 2477 2111 ipso

1416 2114 1573 2154 pendent,
1603 2120 1756 2144 statutum
1779 2114 1812 2144 in
1836 2124 1874 2145 eo
1898 2114 2015 2145 habent
2038 2114 2116 2154 quid
2140 2115 2184 2145 eis
2208 2115 2394 2151 conveniat,
2427 2115 2478 2146 cui

1417 2157 1593 2188 conformia
1613 2164 1738 2198 oportet
1757 2168 1833 2194 esse,
1854 2159 1989 2198 exceptis
2008 2158 2203 2189 voluntariis.

1474 2202 1656 2232 Secundum
1682 2209 1736 2238 est,
1762 2203 1851 2242 quod
1875 2202 1983 2233 omnia
2005 2202 2065 2232 alia
2088 2213 2106 2233 a
2127 2203 2207 2239 Deo,
2232 2210 2367 2243 possunt
2391 2213 2479 2234 com-

1416 2246 1518 2286 parari
1548 2246 1587 2276 ad
1617 2245 1812 2276 intellectum
1836 2246 1980 2277 divinum
2009 2246 2190 2286 dupliciter:
2215 2257 2282 2277 uno
2305 2248 2419 2284 modo,
2444 2254 2480 2278 ut

1418 2290 1543 2329 cognita
1576 2290 1616 2320 ad
1640 2297 1898 2329 cognoscentem3
1928 2290 1990 2321 alio
2023 2291 2140 2327 modo,
2166 2297 2202 2321 ut
2231 2299 2411 2322 mensurata
2440 2292 2479 2322 ad

1419 2344 1610 2370 mensuram,
1629 2344 1684 2364 seu
1700 2335 1839 2374 regulata
1862 2335 1902 2365 ad
1918 2335 2068 2375 regulam.
2094 2335 2125 2365 Si
2149 2335 2253 2375 primo
2274 2336 2372 2366 modo
2393 2346 2478 2366 com-

1417 2385 1576 2418 parentur,
1593 2378 1680 2408 nulla
1695 2385 1742 2409 est
1757 2379 1928 2409 differentia
1943 2379 2024 2409 inter
2040 2379 2099 2409 alia
2116 2387 2146 2410 et
2160 2379 2479 2420 voluntaria,-quoad

1418 2422 1664 2453 subductionem
1687 2423 1726 2452 ab
1751 2423 1870 2459 ordine,
1894 2430 2037 2463 respectu
2060 2423 2236 2454 intellectus
2260 2423 2373 2454 divini:
2399 2434 2479 2464 quo-

1418 2466 1505 2496 niam
1526 2467 1635 2497 omnia
1658 2477 1758 2507 aeque
1781 2468 1868 2497 nuda
1891 2474 1921 2498 et
1943 2474 2050 2508 aperta
2072 2474 2146 2498 sunt
2170 2477 2277 2498 coram
2300 2478 2348 2498 eo.
2373 2468 2435 2498 Sed
2453 2469 2479 2498 si

1419 2518 1642 2551 comparentur
1665 2512 1805 2541 secundo
1829 2511 1947 2547 modo,
1979 2511 2023 2541 sic
2046 2518 2092 2542 est
2120 2511 2291 2542 differentia
2319 2512 2421 2552 posita
2444 2512 2478 2542 in

1417 2554 1528 2585 littera.
1554 2555 1717 2592 Quoniam
1740 2555 1773 2585 in
1796 2556 1888 2585 rebus
1912 2555 1979 2585 aliis
2002 2555 2080 2585 nihil
2104 2555 2215 2586 accidit
2237 2555 2297 2586 nisi
2318 2566 2354 2586 ex
2371 2556 2478 2596 aliquo

1418 2599 1528 2629 ordine
1544 2599 1686 2638 regulato
1704 2609 1721 2629 a
1737 2599 1843 2629 divino
1867 2599 2036 2635 intellectu,
2061 2599 2134 2630 licet
2156 2599 2208 2630 ille
2225 2600 2303 2630 ordo
2320 2610 2386 2630 non
2403 2610 2477 2630 con-

1417 2650 1508 2682 gruat
1530 2643 1622 2679 huic,
1655 2649 1691 2672 ut
1720 2649 1806 2682 patet
1835 2642 1867 2672 in
1899 2643 2056 2674 monstris.
2090 2644 2125 2673 In
2153 2644 2338 2674 voluntariis
2372 2651 2479 2674 autem

1418 2687 1529 2717 accidit
1553 2686 1734 2717 deformitas
1758 2687 1907 2723 moralis,
1941 2697 2008 2717 non
2037 2697 2074 2717 ex
2097 2687 2207 2718 ordine
2230 2688 2338 2729 aliquo
2367 2699 2385 2718 a
2408 2689 2477 2718 Deo

1418 2737 1534 2761 statuto
1559 2729 1699 2773 (nullum
1716 2731 1801 2761 enirn
1824 2741 1930 2761 rerum
1954 2731 2099 2762 ordinem
2116 2732 2232 2769 statuit,
2250 2738 2286 2762 ex
2303 2743 2368 2773 quo
2386 2733 2478 2772 culpa

1417 2774 1515 2811 fieret;
1540 2775 1691 2815 nullaque
1706 2775 1815 2815 regula
1829 2775 1862 2805 in
1879 2776 1948 2805 Deo
1965 2782 2020 2811 est,
2042 2776 2092 2806 cui
2110 2776 2202 2816 culpa
2219 2776 2391 2807 conformis
2407 2775 2476 2819 sit);

1418 2819 1472 2849 sed
1497 2829 1533 2848 ex
1555 2819 1697 2858 potentia
1719 2819 1870 2858 peccandi
1897 2819 1986 2849 liberi
2011 2820 2145 2856 arbitrii,
2170 2831 2252 2861 quae
2275 2827 2311 2851 ut
2333 2821 2393 2857 sic,
2418 2831 2476 2851 nec

1416 2873 1472 2903 per
1491 2873 1523 2893 se
1542 2873 1599 2893 nec
1618 2873 1674 2902 per
1692 2863 1835 2893 accidens
1855 2870 1901 2894 est
1919 2874 1938 2893 a
1956 2864 2035 2900 Deo,
2057 2871 2092 2894 ut
2111 2864 2183 2894 alibi
2195 2864 2214 2897 *,
2231 2871 2325 2905 patet.

1479 2907 1619 2937 Tertium
1645 2913 1708 2942 est,
1733 2907 1822 2947 quod
1850 2907 1883 2937 in
1911 2907 2012 2938 littera
2035 2908 2148 2939 dicitur
2172 2910 2234 2939 nisi
2251 2908 2346 2949 forte
2368 2910 2400 2939 in
2426 2919 2476 2940 νο-

1417 2952 1579 2988 luntariis,
1604 2961 1670 2980 non
1694 2951 1769 2991 quia
1792 2951 1928 2982 dubium
1951 2958 2005 2988 est,
2031 2953 2086 2982 sed
2109 2952 2183 2992 quia
2203 2963 2269 2982 non
2287 2959 2332 2983 est
2350 2963 2475 2983 necesse

1415 2996 1448 3025 in
1464 2994 1648 3025 voluntariis
1663 2995 1796 3025 inveniri
1812 2995 1998 3025 huiusmodi
2014 2996 2194 3033 falsitatem;
2218 2997 2268 3027 vel
2284 2997 2359 3037 quia
2374 2998 2476 3028 adhuc

1417 3040 1454 3070 de
1473 3038 1658 3069 voluntariis
1678 3049 1744 3069 non
1763 3046 1809 3070 est
1828 3040 2081 3070 determinatum.

1472 3084 1510 3114 V.
1528 3083 1673 3113 Secunda
1687 3092 1762 3113 vero
1779 3083 1941 3114 conclusio
1957 3082 1983 3120 *,
2008 3084 2133 3120 scilicet,
2149 3084 2286 3126 falsitas
2300 3085 2473 3116 secundum

1415 3127 1492 3168 quid
1515 3132 1561 3157 est
1579 3128 1611 3156 in
1636 3127 1731 3157 rebus
1749 3127 1928 3167 dupliciter,
1954 3128 2135 3159 declaratur.
2161 3129 2222 3159 Res
2246 3129 2411 3165 naturales,
2429 3139 2475 3160 re-

1415 3173 1495 3202 latae
1512 3171 1551 3201 ad
1566 3171 1761 3201 intellectum
1776 3178 1936 3208 nostrum,
1950 3179 2024 3203 sunt
2040 3179 2070 3202 et
2086 3171 2284 3212 significatae,
2302 3180 2332 3203 et
2347 3183 2474 3210 causae;

1416 3223 1446 3246 et
1470 3214 1682 3255 significantur
1705 3216 1900 3256 quandoque
1923 3217 2100 3247 secundum
2123 3217 2155 3246 id
2178 3217 2266 3256 quod
2290 3227 2355 3246 non
2378 3217 2473 3254 inest;

1416 3267 1446 3290 et
1469 3266 1558 3290 natae
1583 3265 1656 3289 sunt
1686 3259 1843 3299 quaedam
1874 3259 1974 3290 facere
2004 3261 2042 3290 de
2066 3271 2098 3290 se
2129 3260 2241 3290 falsam
2269 3260 2473 3300 opinionem:

1417 3314 1490 3344 ergo
1515 3310 1651 3343 utroque
1674 3304 1774 3334 modo
1805 3303 1838 3333 in
1862 3304 1905 3334 eis
1935 3311 2040 3344 potest
2069 3304 2129 3334 dici
2152 3304 2268 3334 falsitas
2299 3306 2475 3335 secundum

1415 3348 1502 3389 quid.
1519 3365 1538 3369 —
1555 3347 1752 3377 Antecedens
1776 3354 1877 3387 patet,
1902 3349 2009 3388 quoad
2033 3358 2143 3378 omnes
2167 3355 2278 3388 partes,
2302 3349 2472 3380 inductive.

1416 3391 1651 3431 Consequentia
1676 3398 1783 3422 autem
1806 3392 1958 3431 probatur
1986 3402 2023 3422 ex
2052 3392 2172 3422 ratione
2196 3392 2274 3423 falsi.
2298 3393 2340 3423 Et
2363 3393 2473 3423 confir-

1415 3443 1518 3466 matur
1534 3442 1705 3475 utrumque
1720 3436 1901 3466 membrum
1921 3436 2157 3466 auctoritatibus
2174 3437 2344 3476 Augustini
2360 3445 2390 3468 et
2405 3437 2473 3468 Ari-

1415 3480 1541 3516 stotelis,
1567 3486 1602 3510 ut
1625 3486 1710 3519 patet
1731 3479 1765 3509 in
1787 3479 1897 3510 littera.
1922 3480 2039 3510 Omnia
2063 3481 2144 3511 clara
2166 3487 2249 3511 sunt.

2505 2870 2513 2878 ”
2527 2869 2548 2890 Π
2562 2869 2641 2896 Sena,
2660 2869 2713 2891 dist.

2503 2902 2566 2923 κων,
2577 2902 2615 2924 qu.
2625 2902 2642 2923 1,
2650 2899 2691 2918 art.
2698 2903 2715 2918 1.

2503 3095 2511 3103 ·
2528 3093 2563 3116 Cf.
2578 3099 2642 3115 num.
2654 3100 2671 3115 1.
