2768 4178
62 357 71 366 ·
87 355 146 390 Ibid.

63 2311 72 2321 '
88 2311 144 2338 Cap.
160 2316 192 2331 v1.

307 271 383 317 324

305 360 371 380 esse
395 349 461 379 sine
489 348 707 384 fundamento,
732 355 768 378 ut
790 348 924 388 ipsemet
947 347 1021 378 dicit
1036 348 1062 378 *.
1086 348 1171 388 Ergo
1196 348 1369 379 similitudo

305 394 353 424 bis
376 393 498 423 dicitur.

363 437 444 467 XIV.
470 437 505 467 In
528 435 735 476 responsione
758 436 798 466 ad
821 436 959 472 tertium,
978 435 1112 466 dubium
1131 435 1267 466 occurrit
1291 435 1371 466 circa

305 482 358 511 illa
379 481 490 511 verba:
518 485 708 520 sequeretur
730 480 814 520 quod
836 481 905 510 eius
929 489 997 510 esse
1020 484 1101 510 esset
1125 479 1368 520 imperfectum,

306 530 413 565 utpote
435 525 477 555 ad
500 524 623 564 aliquid
652 524 743 554 aliud
765 533 799 554 se
821 524 949 554 habens.
979 524 1026 553 Ex
1049 523 1111 553 hoc
1139 523 1225 553 enim
1247 522 1371 554 videtur

306 569 394 610 quod
417 568 527 598 relatio
556 568 638 598 dicat
665 568 958 607 imperfectionem:
990 567 1079 607 quod
1109 574 1216 597 tamen
1249 574 1371 598 constat

306 623 372 643 esse
403 612 535 648 falsum,
560 611 636 653 quia
659 622 717 642 nec
746 612 974 652 perfectionem
1006 620 1063 640 nec
1097 610 1371 650 imperfectionem

306 657 397 694 dicit;
422 656 566 697 alioquin
588 656 638 686 vel
661 656 858 696 imperfectio
883 662 963 685 esset
985 654 1018 684 in
1042 655 1122 691 Deo,
1147 655 1196 685 vel
1215 665 1280 685 una
1298 655 1370 685 Per-

306 710 385 731 sona
408 700 535 731 haberet
554 700 694 741 aliquam
713 700 939 740 perfectionem
958 708 1056 739 quam
1076 708 1142 728 non
1158 699 1286 729 haberet
1301 699 1369 730 alia.

305 762 326 767 -
341 745 439 782 Quod
463 751 570 775 autem
593 745 655 775 hoc
674 751 823 785 sequatur
839 754 875 774 ex
890 743 938 773 his
954 742 1065 778 verbis,
1083 742 1301 773 manifestatur
1316 743 1369 773 sic.

306 788 338 819 Si
355 798 422 819 esse
438 789 477 819 ad
492 789 612 829 aliquid
635 799 701 819 non
726 789 840 818 diceret
855 786 1136 827 imperfectionem,
1153 796 1190 816 ex
1204 786 1265 816 hoc
1281 787 1370 827 quod

306 832 438 863 alicuius
454 842 520 863 esse
537 840 617 863 esset
640 833 679 863 ad
703 832 789 863 aliud
813 842 845 862 se
861 832 984 867 habere,
1001 840 1067 860 non
1083 836 1266 870 sequeretur
1281 831 1370 870 quod

306 884 386 907 esset
409 877 639 917 imperfectum,
658 883 693 907 ut
708 882 809 916 patet:
835 876 889 906 sed
906 875 1083 905 secundum
1105 874 1241 904 litteram
1266 874 1370 914 sequi-

958 269 1224 316 QUAESTIO
1254 270 1434 316 XXVIII,
1463 269 1760 306 ARTICULUS
1790 270 1839 305 111

1426 355 1477 378 tur
1500 348 1579 378 illud
1604 357 1670 378 esse
1694 357 1760 378 esse
1783 346 2024 387 imperfectum:
2050 357 2124 387 ergo
2145 357 2211 378 esse
2227 348 2267 378 ad
2283 349 2403 390 aliquid
2420 349 2497 381 dicit

1426 391 1711 432 imperfectionem.

1480 436 1549 466 XV.
1573 436 1624 466 Ad
1648 435 1710 465 hoc
1733 435 1855 471 dicitur,
1871 436 1961 476 quod
1976 435 2077 466 littera
2093 445 2159 465 non
2173 436 2344 477 assumpsit
2362 447 2420 477 pro
2440 447 2494 467 an.-

1425 480 1585 510 tecedente
1609 489 1676 510 esse
1699 479 1742 509 ad
1764 480 1902 520 aliquid,
1928 480 1983 509 sed
2006 489 2074 510 esse
2095 480 2200 510 solum
2224 480 2267 510 ad
2289 481 2422 520 aliquid,
2443 491 2494 511 ex-

1426 524 1584 554 cludendo
1615 533 1712 554 omne
1742 524 1942 560 absolutum,
1968 533 2033 554 non
2062 530 2186 554 tantum
2217 523 2409 560 formaliter,
2439 525 2494 555 sed

1426 568 1558 604 realiter,
1576 575 1611 599 ut
1635 574 1720 607 patet
1745 577 1781 598 ex
1804 567 1859 598 illo
1883 568 1990 604 verbo,
2009 569 2040 597 in
2053 567 2254 608 perfectione
2276 567 2402 606 divina,
2427 578 2494 599 non

1426 612 1533 642 solum
1555 612 1589 642 in
1612 611 1820 642 abstractione
1845 618 2027 652 conceptus,
2049 612 2103 642 sed
2126 611 2159 641 in
2183 621 2290 642 rerum
2313 618 2433 648 natura,
2458 619 2494 643 ut

1425 662 1510 695 patet
1525 656 1558 686 in
1574 655 1686 687 littera.
1711 656 1758 686 Ex
1780 655 1843 686 hoc
1859 663 1966 687 autern
1983 656 2185 687 antecedente
2202 655 2324 696 liquido
2341 656 2492 696 sequitur,

1425 709 1505 740 ergo
1529 705 1610 730 esset
1633 700 1875 740 imperfectum:
1899 700 1973 740 quia
1997 710 2093 730 omne
2122 700 2211 740 quod
2235 699 2314 730 nihil
2338 699 2423 730 aliud
2448 707 2494 732 est

1426 744 1603 773 secundum
1626 753 1703 780 rem,
1727 744 1761 774 in
1784 754 1890 774 rerum
1913 744 2033 780 ordine,
2050 754 2148 784 quam
2169 744 2289 779 relatio,
2307 752 2361 775 aut
2376 750 2422 774 est
2438 754 2494 776 ens

1426 787 1565 822 rationis,
1581 794 1636 818 aut
1658 788 1820 823 accidens;
1844 798 1986 828 quorum
2009 794 2181 828 utrumque
2197 795 2244 819 est
2259 787 2492 828 imperfectum.

1425 831 1501 860 Non
1525 831 1652 862 obstant
1675 841 1750 871 ergo
1773 832 1867 862 verba
1890 831 2009 862 litterae
2031 832 2153 863 veritati
2175 832 2241 870 illi,
2271 832 2360 872 quod
2383 832 2493 863 relatio

1427 874 1600 905 formaliter
1623 884 1681 905 nec
1703 875 1978 914 imperfectionem
2000 885 2058 907 nec
2081 876 2308 917 perfectionem
2331 876 2415 908 dicit.

1114 1036 1432 1078 ARTICULUS
1461 1036 1692 1078 TERTIUS

482 1131 637 1163 UTRUM
661 1130 934 1162 RELATIONES
959 1131 1078 1168 QUAE
1103 1130 1216 1161 SUNT
1241 1131 1284 1161 IN
1308 1130 1407 1167 DEo,
1433 1130 1652 1161 REALITER
1675 1130 1730 1161 AB
1755 1129 1935 1161 1NV1CEM
1958 1130 2316 1162 DISTINGUANTUR

946 1209 956 1234 1
976 1209 1058 1239 Sent..
1079 1209 1139 1234 dist.
1151 1217 1217 1241 xxvx,
1237 1217 1282 1242 qu.
1296 1217 1324 1240 n,
1343 1214 1390 1234 art.
1407 1216 1436 1240 2;
1457 1209 1498 1234 De
1516 1210 1585 1238 Pot„
1606 1216 1650 1242 qu.
1669 1216 1701 1238 n,
1720 1213 1767 1234 art.
1787 1208 1810 1240 5,
1831 1207 1856 1234 6.

426 1338 430 1344 ,
442 1326 465 1338 ,ι
489 1311 540 1335 ,1)
567 1310 727 1335 TERTIUM
749 1310 802 1334 sm
823 1309 1062 1335 PROCEDITUR.
1084 1297 1245 1335 Videtur
1264 1297 1371 1346 quod

333 1333 496 1411 ’ἥρω
519 1351 717 1388 relationes
732 1363 830 1400 quae
850 1358 937 1387 sunt
951 1357 968 1372 ‘³‘
988 1350 1025 1387 in
1045 1352 1144 1398 Deo,
1161 1351 1308 1388 realiter
1322 1351 1370 1388 ab

323 1384 443 1482 'yfir
460 1394 682 1441 invicem
717 1416 796 1440 non
825 1403 1112 1452 distinguantur.
1153 1405 1370 1451 Quaecum-

362 1432 506 1492 ”⁴359
474 1449 592 1506 Nque
613 1457 715 1494 enim
739 1457 804 1493 uni
826 1465 861 1494 et
881 1457 1006 1494 eidem
1026 1464 1113 1494 sunt
1133 1458 1279 1504 eadem,
1301 1457 1371 1494 sibi

304 1509 471 1547 invicem
500 1518 586 1548 sunt
615 1511 763 1547 eadem.
800 1510 878 1547 Sed
906 1510 1032 1547 omnis
1061 1510 1190 1547 relatio
1219 1510 1258 1547 in
1285 1511 1370 1547 Deo

306 1561 466 1599 existens
496 1571 551 1600 est
578 1563 681 1600 idem
710 1563 923 1600 seeundum
943 1575 1024 1600 rem
1053 1575 1141 1600 cum
1167 1563 1296 1601 divina
1316 1576 1371 1600 es-

304 1616 434 1653 sentia.
457 1617 558 1664 Ergo
579 1616 780 1653 relationes
800 1616 1012 1653 secundum
1034 1628 1115 1653 rem
1136 1617 1184 1653 ab
1204 1617 1370 1654 invicem

304 1682 383 1706 non
413 1669 701 1717 distinguuntur.

359 1734 394 1759 2.
410 1723 643 1769 PRAETEREA,
661 1722 757 1759 sicut
775 1722 978 1771 paternitas
1000 1731 1035 1759 et
1049 1721 1067 1751 β
1087 1722 1215 1760 filiatio
1237 1735 1370 1761 secun-

305 1775 397 1812 dum
427 1776 592 1812 nominis
621 1775 807 1812 rationem
837 1775 1114 1824 distinguuntur
1139 1777 1187 1813 ab
1210 1777 1371 1814 essentia

305 1828 456 1875 divina,
486 1829 537 1866 ita
566 1836 602 1865 et
634 1828 783 1866 bonitas
823 1837 858 1865 et
891 1829 1069 1878 potentia.
1110 1829 1187 1866 Sed
1215 1838 1371 1878 propter

303 1881 523 1918 huiusmodi
552 1881 705 1918 rationis
723 1887 738 1908 ⁷
761 1881 1041 1919 distinctionem
1063 1895 1141 1919 non
1170 1890 1225 1919 est
1245 1882 1371 1931 aliqua

303 1934 411 1971 realis
429 1934 616 1971 distinctio
633 1934 810 1972 bonitatis
826 1943 863 1971 et
875 1936 1068 1983 potentiae
1085 1935 1249 1972 divinae.
1267 1937 1370 1984 Ergo

303 1999 428 2036 neque
456 1987 688 2036 paternitatis
718 1996 754 2024 et
780 1987 981 2025 filiationis.

359 2041 392 2077 3.
413 2041 646 2087 PRAETEREA,
668 2040 705 2077 in
735 2040 870 2078 divinis
892 2053 970 2078 non
1000 2049 1054 2078 est
1073 2041 1259 2078 distinctio
1290 2054 1370 2079 rea-

302 2094 346 2130 lis
374 2093 445 2130 nisi
464 2094 676 2131 secundum
706 2094 902 2142 originem.
925 2094 1002 2132 Sed
1030 2107 1108 2132 una
1131 2094 1262 2132 relatio
1291 2108 1370 2132 non

302 2147 454 2183 videtur
482 2147 569 2184 oriri
599 2159 643 2184 ex
672 2147 754 2184 alia.
777 2148 879 2196 Ergo
910 2147 1110 2185 relationes
1134 2160 1213 2185 non
1243 2148 1371 2186 distin-

303 2207 469 2247 guuntur
497 2200 645 2236 realiter
673 2201 720 2237 ab
749 2200 928 2238 invicem.

359 2253 433 2289 SED
463 2264 609 2290 CONTRA
637 2265 703 2289 EST
722 2253 827 2301 quod
857 2253 946 2290 dicit
965 2253 1130 2300 Boetius,
1151 2253 1189 2289 in
1209 2253 1305 2290 libro
1325 2255 1370 2291 de

308 2306 345 2343 T
341 2306 411 2342 rin.
432 2305 472 2353 ²⁸,
503 2306 608 2354 quod
635 2306 840 2343 substantia
869 2306 907 2343 in
937 2306 1073 2343 divinis
1102 2306 1265 2343 continet
1291 2308 1372 2344 uni-

305 2364 437 2404 tatem,
467 2359 598 2396 relatio
627 2358 847 2408 multiplicat
882 2359 1094 2396 trinitatem.
1127 2358 1166 2395 Si
1195 2371 1285 2407 ergo
1315 2372 1372 2396 re-

305 2412 462 2448 lationes
501 2424 580 2448 non
613 2411 888 2460 distinguuntur
926 2413 973 2449 ab
1003 2412 1168 2449 invicem
1202 2413 1372 2462 realiter,

305 2477 382 2501 non
403 2464 471 2501 erit
490 2464 527 2501 in
547 2464 684 2502 divinis
711 2465 855 2502 trinitas
888 2465 1010 2511 realis,
1032 2465 1099 2503 sed
1119 2465 1272 2502 rationis
1291 2474 1371 2503 tan-

305 2524 407 2554 tum:
437 2517 542 2566 quod
571 2526 627 2554 est
656 2518 859 2555 Sabelliani
888 2518 1036 2555 erroris.

359 2571 584 2607 RESPONDEO
613 2583 797 2608 DtCENDUM
819 2571 924 2619 quod
954 2583 999 2608 ex
1020 2583 1066 2608 eo
1095 2570 1201 2619 quod
1230 2571 1371 2621 aliquid

305 2623 415 2660 alicui
450 2623 682 2670 attribuitur,
717 2632 867 2673 oportet
904 2624 1009 2673 quod
1050 2624 1301 2661 attribuantur
1338 2625 1371 2662 ei

307 2676 437 2712 omnia
466 2674 479 2697 ὃ
507 2689 607 2726 quae
642 2685 727 2714 sunt
765 2678 812 2714 de
847 2677 992 2714 ratione
1021 2677 1138 2714 illius:
1169 2677 1264 2714 sicut
1292 2678 1369 2715 cui-

308 2741 473 2778 cumque
502 2730 713 2767 attribuitur
735 2731 859 2777 homo,
890 2738 1039 2780 oportet
1060 2731 1164 2778 quod
1194 2730 1371 2768 attribua-

307 2789 367 2819 tur
387 2783 420 2818 ei
441 2794 522 2819 esse
538 2790 548 2806 ⁵
576 2783 767 2820 rationale.
789 2785 847 2820 De
869 2784 1012 2821 ratione
1033 2791 1161 2820 autem
1183 2784 1371 2821 relationis

309 2842 363 2872 est
382 2842 576 2884 respectus
597 2835 610 2862 ς
630 2836 741 2873 unius
761 2837 808 2873 ad
829 2837 999 2884 alterurn,
1021 2837 1233 2874 secundum
1254 2850 1370 2886 quem

360 2949 387 2982 α)
407 2953 478 2975 sunt.
496 2963 515 2969 ·-
529 2953 670 2982 ponuntur
689 2950 798 2975 codices.

361 2983 385 3017 β)
405 2988 438 3010 et.
457 2999 475 3004 -
493 2986 534 3010 vel
551 2985 729 3010 ABCEFGab.
748 3000 767 3004 -
786 2986 835 3010 Pro
854 2986 1066 3020 distinguuntur,
1087 2987 1263 3021 distinguitur
1277 2988 1356 3014 DFG.

376 3021 385 3053 )
406 3021 520 3046 rationis
538 3035 556 3039 -
575 3021 688 3046 nominis
708 3022 742 3051 A,
762 3022 875 3047 rationis
895 3026 921 3047 et
939 3023 1054 3048 nominis
1073 3023 1119 3048 sD.

360 3056 384 3088 ο)
403 3056 503 3081 omnia.
520 3069 540 3075 -
559 3056 604 3081 illa
624 3056 719 3081 addunt
739 3057 847 3081 codices.

1426 1297 1566 1347 aliquid
1604 1297 1710 1334 alteri
1746 1297 1960 1349 opponitur,
1980 1297 2144 1334 relative.
2184 1297 2284 1334 Cum
2317 1297 2426 1345 igitur
2454 1297 2494 1336 in

1425 1351 1510 1387 Deo
1539 1350 1687 1387 realiter
1714 1349 1760 1387 sit
1788 1350 1940 1396 relatio,
1967 1357 2008 1386 ut
2036 1350 2179 1387 dictum
2209 1358 2265 1387 est
2282 1349 2314 1397 *,
2343 1358 2494 1399 oportet
2519 1360 2530 1370 “

1425 1403 1529 1452 quod
1563 1402 1711 1440 realiter
1744 1403 1791 1439 sit
1824 1403 1875 1440 ibi
1909 1403 2111 1452 oppositio.
2151 1403 2325 1440 Relativa
2362 1411 2492 1441 autem

1425 1456 1615 1506 oppositio
1644 1456 1683 1493 in
1711 1456 1769 1493 sui
1797 1456 1942 1493 ratione
1971 1456 2127 1493 includit
2158 1455 2437 1494 distinctionem
2459 1457 2491 1494 ¹⁸².

1425 1509 1536 1547 Unde
1565 1516 1717 1558 oportet
1743 1509 1850 1558 quod
1878 1509 1916 1546 in
1945 1510 2029 1546 Deo
2059 1509 2104 1546 sit
2133 1509 2242 1546 realis
2281 1509 2490 1558 distinctio,

1425 1575 1504 1600 non
1533 1563 1689 1611 quidem
1718 1562 1932 1600 secundum
1961 1575 2043 1599 rem
2065 1563 2292 1609 absolutam,
2310 1575 2409 1612 quae
2438 1570 2494 1600 est

1426 1616 1598 1663 essentia,
1619 1616 1659 1653 in
1677 1627 1752 1665 qua
1773 1623 1828 1652 est
1855 1628 2008 1653 summa
2035 1615 2158 1652 unitas
2187 1623 2224 1652 et
2251 1614 2493 1664 simplicitasj

1425 1669 1493 1707 sed
1521 1669 1735 1706 secundum
1764 1681 1847 1706 rem
1876 1669 2085 1706 relativam.

1479 1725 1538 1759 AD
1558 1734 1695 1760 ptumum
1715 1734 1813 1758 ERGO
1833 1734 2017 1759 mcannum
2037 1721 2155 1769 quod,
2172 1721 2385 1758 secundum
2405 1721 2492 1758 Phi-

1425 1776 1632 1824 losophum
1661 1775 1698 1812 in
1728 1776 1777 1811 111
1810 1775 1959 1823 Physic.
1981 1782 1996 1805 η
2015 1773 2056 1821 ²¹⁸,
2095 1781 2364 1822 argumentum
2401 1774 2529 1812 illud.

1424 1836 1537 1876 tenet,
1567 1827 1672 1877 quod
1701 1839 1968 1876 quaecumque
1996 1826 2063 1863 uni
2093 1834 2129 1863 et
2157 1826 2283 1864 eidem
2317 1834 2404 1864 sunt
2432 1839 2493 1865 ea-

1426 1882 1529 1928 dem,
1549 1881 1620 1918 sibi
1644 1880 1810 1918 invicem
1839 1887 1927 1917 sunt
1955 1879 2104 1926 eadem,
2126 1879 2166 1916 in
2193 1879 2251 1916 his
2280 1892 2378 1928 quae
2406 1887 2496 1918 sunt

1425 1934 1529 1972 idem
1558 1946 1597 1970 re
1627 1941 1663 1970 et
1692 1933 1849 1981 ratione,
1870 1933 1966 1970 sicut
1993 1933 2119 1970 tunica
2139 1940 2175 1970 et
2202 1932 2492 1971 indumentum:

1425 2000 1504 2024 non
1532 1994 1661 2024 autem
1699 1987 1738 2023 in
1766 1986 1823 2023 his
1852 1999 1950 2036 quae
1980 1985 2159 2023 differunt
2187 1985 2344 2023 ratione.
2383 1986 2493 2024 Unde

1426 2040 1567 2078 ibidem
1586 2039 1607 2062 ‘¹‘
1636 2039 1723 2077 dicit
1752 2039 1875 2088 quod,
1905 2039 1990 2076 licet
2018 2039 2115 2076 actio
2145 2038 2191 2076 sit
2218 2038 2321 2076 idem
2349 2039 2491 2088 motui,

1426 2093 1594 2131 similiter
1613 2101 1650 2130 et
1668 2093 1808 2142 passio,
1829 2105 1908 2130 non
1927 2101 2057 2130 tamen
2076 2092 2246 2142 sequitur
2269 2092 2376 2140 quod
2395 2092 2492 2131 aetio

1426 2155 1463 2184 et
1490 2146 1617 2196 passio
1646 2146 1719 2183 sint
1747 2146 1869 2183 idem:
1900 2146 1990 2194 quia
2017 2146 2056 2183 in
2085 2146 2234 2183 actione
2267 2145 2494 2195 importatur

1426 2207 1619 2249 respectus
1647 2207 1688 2236 ut
1716 2212 1738 2236 a
1767 2212 1844 2248 quo
1875 2207 1930 2236 est
1957 2207 2085 2236 motus
2115 2199 2152 2236 in
2181 2199 2324 2245 mobili,
2346 2198 2386 2236 in
2407 2211 2492 2248 pas-

1426 2253 1533 2289 sione
1552 2265 1647 2289 vero
1667 2259 1709 2288 ut
1737 2252 1802 2301 qui
1833 2259 1888 2289 est
1916 2253 1964 2288 ab
1985 2251 2058 2289 alio
2078 2252 2109 2289 ²¹⁶.
2140 2253 2190 2289 Et
2208 2251 2389 2299 similiter,
2410 2252 2496 2289 licet
2520 2265 2529 2274 ·

1424 2305 1629 2354 paternitas
1657 2305 1704 2342 sit
1731 2305 1833 2342 idem
1863 2306 2075 2342 seeundum
2102 2317 2183 2342 rem
2214 2317 2301 2342 curn
2331 2305 2494 2343 essentia

1426 2358 1576 2406 divina,
1607 2366 1643 2394 et
1671 2357 1839 2394 similiter
1877 2357 2026 2404 filiatio,
2057 2365 2187 2395 tamen
2214 2359 2310 2395 haec
2347 2358 2424 2395 duo
2452 2358 2492 2396 in

1426 2411 1502 2448 suis
1530 2411 1692 2460 propriis
1725 2411 1934 2448 rationibus
1966 2411 2173 2460 important
2201 2410 2399 2460 oppositos
2433 2423 2491 2448 re-

1425 2472 1586 2514 spectus.
1622 2464 1733 2502 Unde
1763 2464 2040 2512 distinguuntur
2069 2465 2116 2501 ab
2145 2464 2323 2502 invicem.

1478 2519 1537 2554 An
1557 2529 1747 2554 SECUNDUM
1767 2529 1951 2555 DICENDUM
1970 2517 2076 2566 quod
2094 2517 2263 2566 potentia
2283 2525 2319 2554 et
2341 2516 2491 2554 bonitas

1425 2583 1504 2608 non
1523 2570 1729 2619 important
1748 2570 1786 2607 in
1806 2570 1883 2608 suis
1903 2570 2112 2608 rationibus
2141 2570 2308 2619 aliquam
2338 2569 2492 2620 opposi—

1425 2623 1591 2661 tionem:
1619 2624 1724 2661 unde
1752 2636 1831 2661 non
1861 2631 1916 2661 est
1944 2623 2074 2660 similis
2102 2623 2208 2661 ratio.

1478 2679 1537 2714 An
1565 2689 1724 2714 TERTlUM
1757 2689 1941 2714 DtCENDuM
1975 2676 2100 2726 quod,
2130 2676 2309 2726 quamvis
2343 2676 2492 2714 relatio-

1426 2742 1504 2777 nes,
1520 2730 1673 2779 proprie
1694 2731 1900 2778 loquendo,
1920 2743 1999 2767 non
2019 2730 2188 2767 oriantur
2206 2731 2268 2767 vel
2284 2731 2494 2779 procedant

1426 2784 1474 2820 ab
1503 2783 1682 2830 invicem,
1703 2791 1832 2820 tamen
1854 2783 2087 2832 accipiuntur
2104 2795 2174 2833 per
2193 2783 2414 2833 oppositum
2434 2795 2493 2821 se-

1427 2836 1594 2874 cundum
1622 2836 2093 2885 processionemalicuius
2122 2837 2170 2874 ab
2199 2836 2285 2873 alio.

1482 2953 1504 2985 s)
1524 2959 1588 2978 esse.
1605 2965 1624 2972 —
1642 2953 1703 2978 Om.
1722 2952 1844 2978 ABCDE.

1480 2987 1506 3019 ζ)
1526 2991 1667 3020 respectus.
1680 3002 1699 3007 —
1712 2988 1782 3020 quod
1806 2991 1952 3020 respectum
1976 2987 2072 3013 habeat
2084 2988 2114 3014 B.
2131 3001 2150 3008 ·-
2172 2987 2250 3013 um'us
2272 2995 2325 3012 om.
2340 2987 2442 3013 codices
2467 2992 2492 3012 et

1428 3023 1469 3048 ed.
1482 3031 1508 3048 a.
1524 3037 1543 3042 -
1562 3024 1612 3048 Pro
1629 3031 1718 3056 quem,
1738 3023 1809 3056 quod
1827 3023 1918 3048 FGsB.

1481 3059 1507 3091 η)
1528 3059 1553 3084 in
1576 3059 1621 3084 ΙΙΙ
1635 3059 1742 3092 Physic.
1759 3072 1778 3078 -
1797 3059 1857 3083 Om.
1876 3058 1994 3092 AEpCD.

985 3136 1318 3169 Commentariun
1339 3135 1592 3170 cardinalis
1613 3137 1814 3170 Caietani

312 3223 358 3285 IN
375 3213 479 3250 titulo,
495 3214 528 3254 ly
544 3214 716 3244 relationes
730 3213 899 3251 indefinite,
924 3225 989 3245 non
1007 3215 1222 3246 universaliter
1235 3222 1373 3246 tenetur:

340 3257 493 3297 quoniam
508 3267 573 3288 non
589 3264 635 3289 est
650 3258 820 3299 praesentis
837 3258 1021 3290 intentionis
1038 3260 1191 3291 discutere
1206 3270 1245 3290 an
1263 3269 1374 3290 omnes

309 3301 474 3332 relationes
494 3301 618 3332 divinae
637 3302 869 3342 distinguantur
887 3303 1009 3334 realiter
1023 3304 1062 3334 ab
1078 3303 1223 3340 invicem,
1239 3310 1275 3334 ut
1290 3310 1375 3344 patet

310 3345 348 3374 de
371 3346 555 3385 paternitate
580 3353 610 3377 et
633 3346 802 3387 spiratione
827 3347 940 3383 activa;
967 3348 1021 3378 sed
1046 3358 1084 3378 an
1109 3348 1171 3379 sint
1194 3348 1317 3388 aliquae
1340 3347 1373 3378 in

310 3388 378 3418 Deo
407 3390 572 3420 relationes
601 3391 715 3427 reales,
746 3401 827 3431 quae
856 3391 1089 3431 distinguantur
1117 3392 1239 3423 realiter
1267 3392 1305 3422 ab
1327 3391 1374 3422 in-

309 3432 420 3463 vicem.

370 3476 404 3506 11.
431 3477 465 3506 In
489 3487 620 3518 corpore
649 3489 712 3509 una
742 3486 789 3509 est
812 3478 993 3515 conclusio,
1018 3480 1200 3520 responsiva
1230 3480 1373 3521 quaesito

311 3519 507 3551 affirmative:
534 3522 567 3551 ln
584 3523 652 3552 Deo
669 3529 714 3553 est
733 3523 823 3553 realis
842 3523 1000 3554 distinctio
1022 3524 1198 3555 secundum
1214 3533 1290 3560 rem,
1307 3533 1374 3555 non

311 3563 498 3600 absolutam,
516 3566 570 3595 sed
586 3566 791 3597 relativam.—
807 3567 961 3598 Probatur
977 3568 1030 3599 sic.
1057 3568 1091 3598 In
1106 3569 1175 3610 Deo
1193 3575 1239 3599 est
1253 3568 1375 3599 realiter

311 3607 439 3638 relatio.
465 3618 539 3648 ergo
563 3609 594 3640 in
618 3620 656 3640 eo
677 3618 723 3641 est
745 3618 903 3652 respectus
928 3612 1054 3643 relative
1078 3607 1245 3654 oppositus
1269 3611 1372 3643 alteri:

1430 3225 1504 3256 ergo
1530 3216 1657 3247 relativa
1680 3216 1862 3257 oppositio:
1895 3227 1970 3257 ergo
2000 3216 2090 3247 realis
2118 3216 2295 3247 distinctio:
2327 3227 2402 3257 ergo
2425 3226 2491 3247 non

1429 3260 1606 3291 secundum
1625 3270 1692 3291 rem
1707 3261 1895 3297 absolutam,
1913 3261 1988 3302 quia
2010 3261 2042 3291 in
2066 3270 2103 3291 ea
2125 3268 2171 3291 est
2194 3271 2320 3292 summa
2342 3261 2447 3292 unitas
2462 3267 2493 3292 et

1429 3304 1628 3344 simplicitas:
1654 3314 1728 3344 ergo
1752 3306 1929 3336 secundum
1951 3315 2018 3335 rem
2042 3305 2212 3336 relativam.

1484 3348 1588 3379 Prima
1612 3349 1847 3390 consequentia,
1872 3359 1946 3380 cum
1970 3349 2091 3386 ceteris,
2116 3350 2268 3389 probatur
2291 3359 2328 3380 ex
2350 3350 2402 3380 illa
2425 3358 2492 3380 ma-

1428 3392 1530 3422 xima:
1555 3393 1683 3433 quando
1711 3394 1833 3434 aliquid
1859 3393 2047 3424 attribuitur
2073 3394 2189 3431 alicui,
2214 3399 2337 3434 oportet
2360 3393 2492 3424 attribui

1429 3437 1522 3467 etiam
1548 3438 1654 3468 omnia
1671 3447 1753 3478 quae
1775 3442 1851 3468 sunt
1872 3437 1912 3468 de
1934 3438 2059 3468 ratione
2083 3438 2170 3468 illius
2193 3436 2289 3480 (haec
2306 3437 2391 3468 enim
2406 3444 2492 3478 patet

1429 3479 1587 3511 inductive
1616 3481 1648 3511 in
1679 3481 1810 3512 homine
1844 3487 1874 3511 et
1904 3479 2066 3523 reliquis);
2098 3482 2315 3513 subsumendo
2344 3482 2402 3512 sub
2433 3481 2490 3512 ista

1429 3525 1517 3565 quod
1542 3532 1700 3566 respectus
1723 3524 1890 3565 oppositus
1915 3532 1960 3556 est
1983 3526 2022 3556 de
2038 3525 2157 3557 ratione
2181 3526 2356 3562 relationis,
2381 3532 2411 3556 et
2434 3535 2491 3566 op-

1429 3567 1546 3608 positio
1566 3569 1604 3599 de
1628 3569 1747 3599 ratione
1771 3576 1929 3609 respectus
1952 3569 2147 3606 huiusmodi,
2165 3577 2195 3602 et
2215 3569 2371 3601 distinctio
2388 3569 2426 3599 de
2443 3579 2491 3600 ra-

1429 3612 1515 3642 tione
1539 3612 1760 3652 oppositioniS‚
1785 3620 1853 3649 etc„
1878 3620 1914 3644 ut
1937 3614 2016 3645 clare
2040 3621 2125 3654 patet
2147 3614 2180 3645 in
2203 3614 2312 3645 littera.

2518 1463 2548 1487 D.
2561 1470 2611 1493 95⁵·

2544 1775 2734 1849 apim..

2520 1825 2577 1848 S.T
2615 1827 2701 1849 lect.v.

2520 2053 2529 2063 ·
2543 2052 2616 2076 Num.
2630 2059 2651 2082 5.

2761 2867 2768 2940 —2-.
2760 2773 2768 2858 a—-,„...
2765 2748 2768 2762 -.
2765 2719 2768 2739 ..
