2768 4178
88 886 98 897 ⁶
114 886 161 913 Qu.
172 892 245 913 xxvn,
256 890 298 908 art.

86 918 97 933 2
106 919 112 939 ;
120 918 158 940 qu.
165 918 247 939 xxviii,
256 916 297 934 art.

332 269 405 305 338

329 347 440 392 nalis,
470 347 565 384 idest
594 346 824 384 constituens
861 360 1078 396 personam.
1111 348 1188 384 Sed
1215 348 1287 384 hae
1316 355 1390 384 tres

329 400 538 446 relationes,
555 399 769 448 paternitas,
786 400 916 437 filiatio
938 408 973 436 et
987 400 1194 448 processio,
1216 400 1391 437 dicuntur

323 453 568 501 proprietates
593 452 812 500 personales
835 459 861 499 ¹,
891 453 999 501 quasi
1031 465 1215 501 personas
1253 453 1389 489 consti-

327 513 490 542 tuentes:
518 517 607 542 nam
626 506 828 554 paternitas
849 514 904 543 est
921 518 1086 554 persona
1106 505 1237 553 Patris,
1258 505 1388 542 filiatio

326 570 491 607 persona
520 558 622 606 Filii,
652 559 846 607 processio
875 571 1040 607 persona
1073 558 1232 607 Spiritus
1262 557 1389 595 Sancti

326 611 578 660 procedentis.

379 665 438 700 AD
467 676 657 701 SECUNDUM
685 676 868 701 DICENDUM
897 664 1001 711 quod
1026 663 1063 700 id
1083 663 1187 712 quod
1215 663 1389 712 procedit

325 713 400 766 per*
421 717 582 753 modum
611 717 830 764 intellectus,
859 724 901 753 ut
927 717 1102 763 verbum,
1132 716 1304 765 procedit
1331 729 1389 753 se-

328 770 496 806 cundum
535 770 721 806 rationem
760 770 1033 816 similitudinis,
1073 769 1166 806 sicut
1204 769 1316 805 etiarn
1350 769 1387 806 id

326 824 431 871 quod
458 823 629 871 procedit
656 835 725 872 per
754 823 915 860 modum
945 830 1122 859 naturae:
1154 829 1190 858 et
1219 822 1306 858 ideo
1327 834 1387 858 su-

325 875 427 924 pra*
447 876 593 912 dictum,
620 884 675 912 est
703 876 808 924 quod
827 876 1019 925 processio
1048 875 1157 911 verbi
1187 874 1304 911 divini
1334 882 1389 911 est

325 930 406 977 ipsa
426 929 617 976 generatio
636 941 705 977 per
724 929 883 965 modum
903 937 1070 965 naturae.
1101 929 1224 964 Amor
1243 923 1385 974 aufem,

325 982 551 1029 inquantum
571 982 803 1028 huiusmodi,
825 994 903 1018 non
922 981 1094 1030 procedit
1120 988 1161 1017 ut
1180 980 1386 1017 similitudo

325 1035 419 1071 illius
449 1047 470 1071 a
498 1047 575 1082 quo
608 1034 780 1082 procedit
809 1035 918 1080 (licet
954 1034 992 1071 in
1026 1034 1161 1071 divinis
1199 1046 1309 1070 amor
1342 1033 1387 1070 sit

326 1087 579 1124 coessentialis
595 1087 609 1112 ς
623 1087 848 1134 inquantum
865 1095 920 1123 est
939 1087 1122 1133 divinus):
1139 1094 1175 1123 et
1194 1086 1280 1123 ideo
1300 1099 1387 1135 pro-

325 1140 443 1177 cessio
473 1140 614 1176 amoris
642 1152 721 1176 non
750 1140 884 1176 dicitur
911 1140 1103 1188 generatio
1124 1139 1162 1176 in
1184 1139 1332 1176 divinis.

377 1195 435 1229 AD
455 1205 613 1230 TERTIUM
633 1205 816 1229 DICENDUM
845 1193 949 1242 quod
970 1194 1100 1240 homo,
1129 1205 1217 1229 cum
1238 1192 1284 1229 sit
1303 1204 1387 1241 per-

323 1246 453 1282 fectior
481 1246 560 1282 aliis
589 1246 826 1292 animalibus,
856 1246 971 1282 habet
989 1247 1117 1294 plures
1146 1245 1386 1294 operationes

323 1298 543 1336 intrinsecas
571 1311 687 1347 quarn
717 1299 788 1335 alia
816 1299 1009 1346 animalia,
1040 1298 1129 1348 quia
1158 1299 1237 1335 eius
1265 1299 1387 1347 perfe-

324 1352 396 1388 ctio
426 1359 482 1388 est
508 1364 577 1400 per
604 1352 765 1389 modum
797 1351 1095 1400 compositionis.
1126 1351 1238 1389 Unde
1263 1351 1300 1388 in
1321 1364 1386 1388 an-

323 1405 426 1452 gelis,
456 1405 522 1453 qui
550 1412 636 1442 sunt
663 1405 907 1454 perfectiores
936 1412 973 1441 et
1001 1404 1265 1453 simpliciores,
1301 1411 1387 1441 sunt

322 1458 521 1506 pauciores
560 1458 800 1506 operationes
838 1457 1060 1494 intrinsecae
1098 1469 1214 1506 quarn
1252 1457 1290 1494 in
1318 1458 1386 1494 ho-

324 1510 447 1547 mine:
478 1511 567 1559 quia
596 1511 633 1547 in
663 1511 716 1547 eis
745 1523 822 1547 non
853 1519 908 1547 est
936 1510 1144 1558 imaginari,
1175 1510 1323 1557 sentire,
1351 1518 1387 1547 et

322 1564 552 1601 huiusmodi.
584 1563 661 1600 Sed
681 1563 718 1600 in
738 1565 836 1610 Deo,
866 1563 1079 1600 secundum
1100 1575 1193 1608 rem,
1224 1575 1302 1599 non
1331 1570 1386 1599 est

1017 269 1282 316 QUAESTIO
1312 270 1436 317 XXX,
1466 270 1763 306 ARTICULUS
1794 271 1825 306 II

1445 348 1515 385 nisi
1545 361 1620 385 una
1649 348 1844 396 operatio,
1883 361 1982 396 quae
2021 357 2076 386 est
2100 354 2180 386 'sua
2219 350 2391 388 essentia.
2432 351 2509 388 Sed

1445 401 1644 450 quomodo
1674 409 1760 438 sunt
1789 401 1885 438 duae
1909 402 2186 450 processiones,
2217 403 2364 452 supra*
2384 411 2508 440 osten·
2536 413 2545 422 ·
2570 443 2581 465 5

1444 467 1530 491 sum
1561 462 1626 490 est.

1497 509 1556 543 AD
1592 518 1764 549 QUARTUM
1797 518 1981 544 DICENDUM
2016 507 2120 555 quod
2156 508 2250 545 ratio
2283 508 2344 545 illa
2376 521 2508 557 proce-

1445 561 1559 606 deret,
1590 559 1620 596 si
1650 559 1809 608 Spiritus
1830 561 1990 597 Sanctus
2019 561 2176 597 haberet
2204 561 2316 598 aliam
2345 573 2507 598 numero

1444 612 1652 649 bonitatem
1673 625 1696 649 a
1715 613 1884 650 bonitate
1904 613 2040 650 Patris:
2058 621 2250 662 oporteret
2270 614 2372 650 enim
2389 614 2506 662 quod,

1444 664 1539 701 sicut
1567 667 1678 702 Pater
1703 678 1773 714 per
1801 678 1911 703 suam
1939 666 2148 703 bonitatem
2176 666 2353 715 producit
2376 679 2508 716 perso-

1443 730 1534 754 nam
1563 718 1753 766 divinam,
1787 718 1838 755 ita
1866 727 1902 755 et
1931 719 2092 767 Spiritus
2122 720 2294 756 Sanctus.
2326 719 2403 756 Sed
2430 732 2507 757 una

1444 777 1480 806 et
1508 771 1645 807 eadem
1674 771 1823 807 bonitas
1852 772 1971 808 Patris
1990 778 2004 795 ’⁷
2030 779 2085 809 est
2114 780 2149 809 et
2178 772 2337 821 Spiritus
2366 772 2504 809 Sancti.

1443 823 1579 871 Neque
1601 823 1714 859 etiam
1740 831 1795 860 est
1815 823 2000 861 distinctio
2029 825 2099 861 nisi
2117 838 2186 874 per
2206 825 2404 862 relationes
2423 837 2507 874 per-

1443 887 1637 911 sonarum.
1667 876 1779 912 Unde
1808 876 1956 913 bonitas
1981 878 2159 914 convenit
2189 878 2340 927 Spiritui
2365 879 2505 915 Sancto

1443 928 1550 976 quasi
1579 928 1708 964 habita
1740 929 1788 964 ab
1818 929 1890 965 alio
1910 927 1942 965 ⁰:
1970 930 2069 966 Patri
2097 938 2238 978 autem,
2267 931 2363 968 sicut
2386 944 2408 968 a
2427 943 2505 979 quo

1443 980 1748 1017 communicatur
1777 981 1891 1018 alteri.
1927 982 2129 1030 Oppositio
2159 991 2287 1020 autem
2316 984 2505 1020 relationis

1442 1046 1521 1071 non
1557 1034 1735 1082 permittit
1773 1042 1814 1070 ut
1843 1047 1928 1071 curn
1968 1035 2148 1072 relatione
2185 1036 2344 1084 Spiritus
2378 1037 2505 1074 Sancti

1442 1087 1488 1123 sit
1515 1086 1645 1123 relatio
1682 1086 1855 1135 principii
1893 1095 2066 1136 respectu
2105 1088 2254 1125 divinae
2291 1101 2503 1137 personae:

1442 1140 1530 1189 quia
1559 1139 1638 1188 ipse
1666 1140 1839 1188 procedit
1867 1140 1915 1176 ab
1949 1140 2028 1177 aliis
2066 1141 2238 1189 personis
2267 1154 2364 1190 quae
2393 1142 2432 1178 in
2452 1142 2505 1179 di-

1440 1192 1539 1230 vinis
1558 1200 1566 1213 ²
1587 1205 1668 1229 esse
1696 1200 1868 1241 possunt.

1493 1248 1552 1283 AD
1574 1257 1735 1288 QmNTUM
1757 1257 1941 1282 DICENDUM
1956 1246 2063 1293 quod
2078 1258 2261 1283 numerus
2277 1246 2504 1284 determina-

1440 1306 1512 1346 tus,
1533 1299 1564 1335 si
1583 1298 1788 1347 accipiatur
1807 1311 1990 1335 numerus
2010 1299 2182 1348 simplex,
2198 1299 2263 1347 qui
2283 1307 2339 1336 est
2356 1306 2503 1336 tantum

1439 1351 1478 1388 in
1507 1351 1727 1402 acceptione
1757 1351 1976 1398 intellectus,
2006 1364 2075 1400 per
2101 1364 2222 1389 unum
2251 1359 2502 1390 mensuratur.

1441 1404 1480 1441 Si
1498 1417 1593 1441 vero
1614 1404 1818 1453 accipiatur
1845 1417 2027 1441 numerus
2048 1416 2174 1441 rerum
2201 1405 2239 1441 in
2265 1404 2401 1442 divinis
2420 1417 2504 1454 per-

1440 1457 1560 1504 sonis,
1590 1457 1644 1494 sic
1671 1469 1749 1494 non
1779 1457 1961 1505 competit
1984 1457 2035 1494 ibi
2054 1458 2148 1494 ratio
2173 1457 2396 1495 mensurati:
2417 1458 2505 1507 quia

1441 1511 1576 1548 eadem
1593 1517 1647 1547 est
1666 1510 1887 1558 magnitudo
1909 1510 2020 1547 trium
2035 1522 2299 1559 personarum,
2320 1518 2361 1548 ut
2379 1510 2505 1548 infra*

1439 1563 1599 1612 patebit;
1627 1563 1730 1600 idern
1759 1570 1887 1599 autern
1917 1571 2264 1622 non'mensuratur
2290 1576 2360 1612 per
2386 1563 2502 1601 idem.

377 1676 398 1708 ε)
414 1677 578 1708 personales.
596 1690 615 1695 -
634 1676 695 1701 Om.
714 1677 812 1701 ABCE.

374 1711 399 1743 ζ)
419 1712 604 1737 coessentialis.
622 1726 641 1730 -
658 1712 805 1737 essentialis
823 1711 880 1740 BE,
900 1712 1031 1744 coequalis
1051 1712 1091 1736 ed.
1110 1719 1136 1736 a.

375 1748 401 1779 η)
420 1747 519 1771 Patris.
538 1760 557 1765 -
575 1755 642 1779 quae
661 1747 751 1772 Patris
769 1751 809 1772 est
827 1748 856 1772 B.
874 1760 893 1767 -
910 1747 991 1772 etiam
1010 1755 1063 1772 om.
1083 1748 1193 1772 codices-

1492 1675 1516 1708 θ)
1535 1677 1598 1702 alio.
1615 1690 1635 1695 -
1652 1676 1751 1701 scilicet
1767 1684 1785 1700 a
1804 1677 1886 1701 Patre
1903 1677 1973 1701 addit
1991 1677 2020 1701 B.

1437 1712 1562 1772 sumogiss
1576 1712 1682 1736 divinis.
1696 1711 1753 1736 —in
1774 1712 1832 1736 Deo
1851 1712 1961 1737 codices.
1979 1725 1998 1731 —
2016 1713 2066 1736 Pro
2084 1719 2140 1737 esse
2154 1715 2275 1744 possunt,
2295 1719 2350 1738 esse
2369 1719 2420 1737 non
2439 1719 2504 1745 pos-

995 1834 1328 1867 Commentaria
1350 1834 1603 1867 Cardinalis
1625 1835 1827 1867 Caietam

352 1933 372 1952 N
395 1922 507 1959 titulo,
532 1923 656 1952 adverte
687 1923 776 1963 quod
799 1922 931 1953 intentio
959 1923 1079 1953 litterae
1111 1929 1157 1952 est
1188 1932 1254 1952 non
1278 1922 1385 1953 solum

325 1935 506 1997 Idiscutere
529 1977 569 1996 an
591 1966 652 1997 sint
675 1967 780 2007 plures
804 1976 957 2007 personae
987 1976 1086 2007 quam
1108 1973 1188 1996 tres:
1212 1967 1267 1996 sed
1290 1966 1385 1997 etiam

320 2021 359 2041 an
383 2011 445 2041 sint
468 2011 650 2051 pauciores,
676 2018 752 2051 puta
775 2011 856 2041 duae
880 2017 1014 2042 tanturn.
1045 2011 1087 2040 Et
1109 2010 1171 2040 hoc
1202 2017 1287 2050 patet
1315 2017 1384 2040 tum

321 2065 357 2085 ex
373 2054 591 2095 propositione
608 2055 825 2095 quaesitorum
841 2055 874 2085 in
890 2054 1046 2095 principio
1062 2054 1158 2084 huius
1173 2054 1383 2095 quaestionis;

321 2099 395 2129 dicit
418 2098 503 2129 enirn
526 2098 627 2129 littera
650 2098 693 2129 ibi
716 2099 804 2139 quod
829 2099 969 2129 secundo
994 2098 1213 2139 quaerendum
1239 2104 1286 2129 est
1308 2103 1384 2138 quot

321 2148 413 2174 sunt:
442 2150 512 2173 tum
535 2153 572 2173 ex
595 2143 799 2173 conclusione
830 2143 1012 2183 responsiva
1041 2142 1074 2172 in
1106 2151 1239 2183 corpore
1262 2142 1384 2172 articuli

321 2187 484 2228 proposita
500 2194 530 2217 et
545 2187 642 2223 illata;
660 2194 706 2218 est
723 2187 808 2217 enim
824 2197 887 2217 una
903 2186 1070 2222 exclusiva,
1084 2186 1208 2222 scilicet,
1223 2187 1384 2216 Personae

321 2231 449 2261 divinae
470 2236 546 2261 sunt
569 2236 693 2261 tantum
717 2236 783 2262 tres
790 2238 803 2268 ‚⁹
825 2231 865 2261 ad
889 2231 978 2261 cuius
1001 2230 1164 2261 veritatem
1187 2236 1272 2270 patet
1288 2239 1383 2270 opor-

322 2281 386 2306 tere
409 2274 559 2305 verificari
583 2275 673 2315 quod
696 2285 753 2305 nec
777 2281 850 2305 sunt
873 2275 979 2314 plures
1004 2284 1062 2304 nec
1084 2273 1259 2314 pauciores.

380 2319 418 2349 11.
443 2319 478 2348 In
507 2328 639 2359 corpore
671 2318 763 2349 unica
793 2318 997 2349 conclusione
1030 2318 1186 2348 exclusiva
1215 2317 1385 2357 respondet

323 2362 479 2404 quaesito:
497 2363 631 2393 Necesse
653 2369 698 2393 est
719 2372 838 2403 ponere
861 2372 1011 2403 personas
1036 2362 1068 2392 in
1094 2361 1208 2391 divinis
1232 2368 1292 2391 tres
1316 2368 1383 2391 tan-

322 2414 402 2438 tum.

381 2451 422 2481 Et
449 2451 600 2490 probatur
628 2451 723 2481 simul
751 2451 859 2491 quoad
883 2456 1051 2490 utramque
1075 2455 1303 2490 exponentem,
1329 2448 1382 2480 sic.

321 2494 429 2525 Plures
458 2504 610 2534 personae
640 2495 763 2525 divinae
788 2502 862 2526 sunt
887 2495 993 2534 plures
1020 2494 1188 2524 relationes
1213 2493 1383 2523 subsisten-

322 2545 377 2575 tes,
393 2539 431 2569 ab
450 2532 586 2568 invicem
599 2539 720 2569 realiter
736 2538 896 2570 distinctae
921 2535 988 2568 s'ola
1011 2538 1215 2578 oppositione
1239 2537 1381 2568 relativa:

323 2593 396 2622 ergo
414 2592 525 2612 omnes
542 2583 707 2613 relationes
723 2582 890 2623 oppositae
906 2582 946 2613 ad
965 2581 1124 2613 distinctas
1139 2591 1299 2622 personas,
1317 2590 1383 2611 non

323 2626 488 2667 oppositae
503 2627 542 2656 ad
559 2627 691 2657 eandem
707 2627 879 2667 pertinent:
898 2636 972 2666 ergo
988 2626 1156 2666 paternitas
1176 2632 1206 2656 et
1219 2625 1329 2656 filiatio
1344 2625 1384 2654 ad

323 2671 401 2701 duas
417 2677 558 2710 spectant
573 2681 737 2711 personas,
755 2671 862 2711 sicque
879 2670 1047 2711 paternitas
1064 2677 1110 2701 est
1124 2679 1260 2710 persona
1273 2668 1382 2705 Patris,

323 2722 354 2745 et
376 2714 485 2745 filiatio
509 2721 555 2745 est
577 2725 712 2754 persona
735 2715 815 2746 Filii.
832 2733 852 2737 —
866 2715 960 2745 Tunc
982 2714 1077 2745 ultra:
1103 2724 1177 2754 ergo
1201 2714 1278 2744 aliae
1303 2714 1383 2743 duae

322 2759 504 2795 relationes,
530 2759 645 2790 scilicet
668 2759 796 2799 spiratio
821 2766 850 2790 et
873 2758 1048 2799 processio,
1073 2758 1175 2788 neutri
1198 2757 1382 2798 praemissa-

322 2813 395 2833 rum
419 2803 474 2832 sed
498 2802 555 2832 sibi
578 2803 714 2833 invicem
737 2801 913 2843 oppositae,
938 2803 978 2833 ad
1001 2812 1100 2832 unam
1123 2811 1293 2842 personam
1317 2811 1383 2832 non

323 2853 464 2887 spectant
486 2847 612 2877 ambae:
634 2857 707 2887 ergo
731 2847 781 2878 vel
805 2857 867 2877 una
891 2857 999 2877 earum
1024 2846 1171 2877 convenit
1194 2846 1320 2887 utrique
1337 2845 1383 2876 di-

324 2897 445 2921 ctarum
469 2900 686 2930 personarum,
710 2891 760 2921 vel
779 2901 843 2922 una
858 2891 913 2921 uni
938 2897 968 2921 et
984 2890 1043 2920 alia
1059 2890 1121 2920 alii.
1146 2890 1207 2920 Sed
1223 2889 1382 2931 processio

323 2944 388 2964 non
412 2941 517 2974 potest
544 2935 710 2965 convenire
737 2935 880 2976 utrique:
913 2934 987 2975 quia
1017 2934 1176 2974 processio
1208 2933 1383 2965 intellectus

322 2979 461 3019 prodiret
477 2989 513 3009 ex
529 2979 730 3019 processione
746 2979 872 3010 amoris.
898 2979 983 3018 Ergo
1000 2979 1127 3019 spiratio
1143 2978 1290 3009 convenit
1306 2978 1382 3009 utri-

322 3033 394 3063 que,
419 3029 530 3063 utpote
546 3023 624 3054 nulli
640 3032 749 3054 earum
773 3023 929 3063 opposita.
954 3023 1038 3063 Ergo
1055 3022 1214 3063 processio
1236 3022 1383 3053 convenit

324 3067 375 3097 alii
397 3077 560 3108 personae.
595 3067 679 3107 Ergo
711 3074 785 3098 sunt
814 3074 938 3098 tantum
968 3074 1029 3098 tres
1060 3075 1233 3107 personae,
1268 3066 1383 3097 scilicet

323 3111 413 3142 Pater
436 3118 466 3141 et
489 3110 587 3141 Filius
612 3118 642 3142 et
665 3111 797 3152 Spiritus
817 3112 960 3143 Sanctus.

381 3155 432 3185 111.
459 3154 549 3186 Circa
572 3154 656 3186 hunc
680 3165 880 3196 processum,
906 3155 1038 3186 dubium
1064 3154 1200 3186 occurrit
1223 3164 1288 3184 non
1312 3164 1383 3194 par-

323 3209 399 3229 vum
426 3199 464 3229 de
488 3199 587 3229 modo
611 3199 818 3240 procedendi:
844 3199 1018 3230 diminutus
1041 3199 1127 3230 enirn
1150 3198 1314 3229 manifeste
1338 3198 1382 3228 vi-

323 3243 413 3273 detur
435 3250 465 3273 et
484 3249 624 3274 truncus.
649 3244 737 3274 Tum
752 3244 827 3284 quia
850 3244 1001 3284 proponit
1020 3242 1249 3279 disiunctivam,
1267 3242 1383 3273 scilicet

324 3287 412 3328 quod
442 3287 570 3327 spiratio
602 3294 632 3318 et
662 3288 821 3328 processio
851 3287 894 3318 sic
917 3298 950 3317 se
980 3288 1096 3318 habent
1125 3287 1208 3328 quod
1237 3286 1287 3318 vel
1316 3296 1381 3316 una

325 3341 435 3362 earum
460 3333 604 3362 convenit
618 3333 709 3362 Patri
732 3337 762 3363 et
776 3332 869 3369 Filio,
895 3332 945 3362 vel
959 3342 1024 3362 una
1047 3332 1137 3362 Patri
1157 3336 1187 3362 et
1202 3331 1267 3361 alia
1283 3331 1383 3361 Filio:

324 3382 354 3406 et
377 3382 482 3406 tamen
506 3385 571 3405 non
595 3375 720 3406 discutit
743 3376 914 3406 secundam
942 3382 1063 3416 partem
1092 3374 1314 3411 disiunctivae,
1346 3384 1383 3404 ex

325 3420 413 3450 cuius
430 3419 621 3450 discussione
637 3420 753 3460 pendet
776 3430 815 3450 an
838 3429 990 3460 personae
1013 3419 1074 3450 sint
1097 3419 1262 3460 pauciores
1284 3428 1382 3459 quam

324 3470 394 3493 tres.
418 3463 505 3493 Tum
529 3463 603 3504 quia
626 3463 779 3504 proponit
802 3463 895 3494 etiam
920 3463 1095 3504 negativam
1119 3464 1287 3494 habentem
1304 3463 1382 3493 duas

325 3514 444 3547 parteS‚
474 3507 598 3543 scilicet,
618 3509 781 3548 processio
805 3518 867 3538 non
892 3509 1038 3538 convenit
1060 3508 1151 3538 Patri
1167 3512 1197 3538 et
1214 3507 1309 3544 Filio,
1333 3506 1384 3537 vel

324 3552 419 3581 alteri
436 3559 564 3582 eorum:
580 3558 610 3582 et
625 3559 729 3582 tamen
751 3562 817 3582 non
834 3552 946 3591 probat
962 3561 1032 3582 earn
1048 3551 1107 3581 nisi
1124 3551 1231 3592 quoad
1247 3550 1382 3591 primam

324 3601 454 3634 partem,
479 3602 513 3625 ut
536 3595 699 3626 manifeste
722 3595 879 3626 convincit
903 3595 981 3626 ratio
1005 3595 1139 3633 litterae,
1163 3602 1194 3626 et
1217 3594 1383 3625 subiuncta

1438 1923 1532 1953 verba
1548 1929 1710 1959 testantur,
1734 1923 1859 1959 scilicet,
1875 1924 1904 1954 si
1920 1932 2063 1964 persona
2077 1933 2242 1965 generans
2258 1929 2287 1954 et
2301 1924 2413 1965 genita
2425 1932 2503 1964 pro-

1439 1967 1586 1998 cederent
1608 1977 1629 1998 α
1651 1968 1805 2007 spirante.

1497 2011 1550 2042 1v.
1575 2011 1667 2042 Circa
1683 2011 1821 2042 eundem
1838 2021 1969 2052 quoque
1985 2021 2170 2052 processum
2186 2011 2321 2042 dubium
2337 2017 2396 2047 est,
2421 2021 2503 2052 quo-

1438 2055 1525 2086 niam
1547 2055 1708 2096 implicare
1731 2055 1855 2086 videtur
1878 2055 2129 2086 contradictoria.
2155 2056 2202 2086 Ex
2221 2066 2284 2086 una
2304 2055 2389 2086 enim
2404 2061 2502 2096 parte,
2535 2084 2538 2086 .

1439 2097 1552 2130 dicitur
1580 2100 1667 2140 quod
1692 2099 1761 2130 sola
1788 2099 1914 2130 relativa
1945 2099 2107 2140 oppositio
2137 2099 2300 2140 distinguit
2326 2099 2449 2130 realiter
2469 2098 2503 2130 in

1439 2143 1562 2180 divinis,
1580 2150 1611 2174 et
1626 2144 1715 2184 quod
1739 2143 1906 2174 relationes
1930 2144 2086 2174 secundae
2111 2143 2365 2180 combinafionis,
2387 2143 2504 2174 scilicet

1439 2187 1567 2227 spiratio
1585 2195 1616 2219 et
1631 2188 1802 2227 processio,
1820 2198 1886 2218 non
1910 2194 2120 2228 opponuntur
2143 2188 2348 2219 relationibus
2371 2187 2502 2228 primae,

1440 2231 1557 2262 scilicet
1579 2231 1757 2271 paternitati
1781 2238 1811 2262 et
1833 2231 1996 2262 filiationi:
2022 2238 2053 2262 et
2080 2241 2117 2262 ex
2139 2231 2199 2262 alia
2221 2236 2326 2272 parte,
2351 2231 2504 2272 probatur

1438 2275 1528 2305 realis
1551 2274 1710 2306 distinctio
1733 2275 1944 2314 processionis
1969 2285 1987 2305 a
2009 2275 2195 2315 paternitate
2218 2282 2248 2307 et
2269 2275 2432 2307 filiatione.
2455 2275 2503 2306 Ex

1438 2319 1486 2349 his
1503 2318 1588 2349 enim
1605 2328 1703 2358 arguo
1727 2318 1780 2349 sic.
1804 2319 1852 2349 Ex
1874 2319 1979 2358 primo
2000 2319 2093 2355 dicto,
2115 2319 2183 2350 sola
2198 2319 2361 2360 oppositio
2376 2318 2504 2350 relativa

1438 2362 1602 2402 distinguit
1624 2362 1763 2393 realiter:
1798 2362 1853 2392 sed
1883 2362 2043 2403 processio
2074 2373 2140 2393 non
2171 2363 2347 2403 opponitur
2376 2362 2503 2394 relative

1438 2406 1615 2447 paternitati
1639 2413 1694 2437 aut
1716 2405 1875 2443 filiationi,
1901 2417 1938 2437 ex
1961 2407 2101 2437 secundo
2131 2406 2233 2437 dicto:
2263 2416 2338 2447 ergo
2366 2416 2433 2436 non
2455 2405 2502 2436 di-

1438 2450 1607 2490 stinguitur
1632 2450 1763 2481 realiter.
1795 2450 1836 2480 Et
1866 2460 1882 2480 e
1907 2460 2077 2487 converso,
2108 2450 2269 2491 processio
2300 2450 2503 2491 distinguitur

1437 2494 1559 2526 realiter
1582 2505 1600 2525 a
1623 2494 1807 2535 paternitate
1831 2501 1861 2525 et
1882 2493 2047 2525 filiatione:
2072 2504 2147 2534 ergo
2171 2494 2347 2535 opponitur
2364 2494 2409 2524 illi
2425 2494 2502 2525 rela-

1435 2538 1508 2570 tive.
1533 2538 1600 2574 Vel,
1625 2548 1699 2578 ergo
1715 2548 1781 2568 non
1797 2538 1865 2568 sola
1881 2538 2043 2578 oppositio
2059 2538 2187 2569 relativa
2203 2538 2367 2579 distinguit
2381 2537 2503 2570 realiter

1437 2582 1470 2613 in
1494 2582 1616 2613 divinis.
1641 2582 1759 2613 Omnia
1783 2589 1856 2613 sunt
1879 2589 1988 2613 contra
2011 2582 2156 2613 litteram.
2181 2582 2277 2623 Ergo.

1493 2627 1532 2658 V.
1548 2627 1599 2657 Ad
1615 2626 1751 2667 primam
1767 2624 2023 2657 dubitationem*
2037 2626 2208 2657 dicendum
2224 2633 2279 2662 est,
2293 2626 2381 2667 quod
2397 2625 2503 2657 decuit

1438 2671 1547 2702 omnia
1569 2671 1711 2701 membra
1735 2670 1930 2702 discutienda
1953 2680 2133 2710 proponere
2157 2670 2310 2712 explicite,
2328 2679 2367 2700 ne
2383 2669 2503 2711 aliquid

1438 2725 1551 2746 eorum
1573 2715 1732 2745 videretur
1755 2714 1908 2745 oblivioni
1931 2714 2095 2751 traditum;
2121 2721 2152 2745 et
2174 2721 2211 2745 ut
2229 2714 2447 2745 ostenderetur
2464 2723 2502 2744 ex

1438 2759 1644 2790 conclusione
1659 2768 1835 2799 processus,
1852 2758 2017 2799 proposita
2033 2758 2143 2789 omnia
2161 2758 2312 2799 implicite
2328 2757 2424 2789 fuisse
2439 2757 2502 2788 dis-

1439 2813 1539 2835 cussa.
1562 2803 1679 2834 Modus
1703 2809 1810 2833 autem
1834 2812 1910 2843 quo,
1935 2803 2054 2843 absque
2078 2802 2211 2839 defectu,
2237 2802 2346 2833 omnia
2362 2802 2501 2833 discussa

1437 2847 1654 2888 intelliguntur
1669 2846 1701 2876 in
1718 2846 1776 2877 hac
1792 2846 1876 2876 brevi
1895 2846 2006 2883 littera,
2031 2853 2076 2878 est
2094 2846 2155 2877 hic.
2181 2846 2270 2877 Illato
2286 2846 2319 2876 in
2336 2845 2500 2876 communi

1437 2891 1527 2932 quod
1549 2891 1644 2922 altera
1661 2900 1770 2921 earum
1790 2889 1920 2932 (scilicet
1939 2889 2116 2931 spirationis
2132 2897 2162 2921 et
2177 2887 2400 2932 processionis)
2420 2889 2502 2921 inest

1438 2936 1563 2977 utrique
1587 2933 1719 2978 (scilicet
1740 2934 1823 2965 Patri
1841 2941 1870 2965 et
1886 2933 1993 2977 Filio),
2010 2940 2065 2965 aut
2081 2943 2144 2965 una
2160 2933 2216 2964 uni
2235 2940 2265 2964 et
2285 2933 2379 2964 altera
2396 2933 2498 2970 alteri;

1438 2987 1468 3010 et
1491 2979 1659 3010 subiuncto
1683 2978 1716 3009 in
1740 2978 1865 3019 speciali
1897 2979 1986 3019 quod
2016 2977 2176 3018 processio
2205 2987 2262 3008 nec
2287 2977 2412 3018 utrique
2440 2987 2499 3008 nec

1437 3023 1524 3055 alteri
1547 3023 1643 3059 inest;
1667 3022 1807 3063 incoepit
1829 3023 1979 3063 prosequi
2002 3022 2138 3063 primam
2160 3028 2282 3062 partem
2298 3028 2363 3052 tam
2379 3021 2500 3062 primae

1437 3077 1535 3108 quam
1550 3067 1706 3098 secundae
1725 3066 1966 3107 propositionis:
1991 3076 2031 3097 an
2046 3065 2164 3096 scilicet
2181 3075 2245 3096 una
2264 3065 2390 3106 utrique
2405 3063 2501 3108 (idest

1436 3111 1518 3142 Patri
1533 3118 1562 3142 et
1578 3109 1674 3154 Filio)
1693 3110 1776 3141 insit.
1793 3111 1833 3141 Et
1848 3110 1910 3141 hoc
1926 3109 2144 3146 examinando,
2165 3109 2324 3140 inchoavit
2339 3120 2358 3140 a
2372 3119 2499 3150 proces-

1437 3155 1542 3191 sione;
1562 3154 1731 3196 intulitque
1755 3161 1876 3195 partem
1893 3154 2079 3194 negativam,
2105 3153 2221 3184 scilicet
2238 3153 2327 3195 quod
2345 3153 2415 3194 ipsa
2431 3162 2499 3184 non

1438 3199 1585 3230 convenit
1614 3198 1749 3239 utrique.
1774 3199 1815 3229 Et
1842 3199 1953 3229 eadem
1975 3197 2024 3228 via
2053 3197 2239 3238 gradiendo,
2271 3204 2499 3238 consequenter

1437 3243 1601 3283 reliquam,
1626 3242 1742 3273 scilicet
1764 3242 1977 3282 spirationem,
2001 3241 2156 3272 conclusit
2174 3241 2342 3272 convenire
2361 3241 2497 3282 utrique.

1437 3287 1477 3318 Et
1500 3286 1544 3317 sic
1567 3286 1715 3317 absoluto
1739 3286 1826 3327 prius
1850 3286 1994 3317 membro
2018 3285 2104 3326 prius
2128 3285 2308 3326 proposito,
2337 3291 2374 3316 ut
2395 3291 2497 3316 rectus

1437 3331 1517 3361 ordo
1541 3331 1706 3371 poscebat,
1735 3330 1856 3371 reliqua
1879 3329 2021 3360 membra
2050 3329 2213 3369 proposita
2243 3339 2310 3359 non
2332 3329 2392 3360 fuit
2415 3338 2497 3369 opus

1437 3374 1573 3415 amplius
1588 3374 1757 3405 discutere:
1782 3373 1935 3415 quoniam
1959 3383 1996 3403 ex
2011 3373 2220 3404 affirmatione
2236 3373 2340 3414 primi,
2365 3379 2396 3403 et
2410 3381 2497 3413 prae-

1438 3418 1540 3448 missis
1560 3418 1654 3448 huius
1678 3428 1853 3458 processus,
1878 3417 2042 3448 manifeste
2065 3417 2269 3448 inveniuntur
2285 3417 2418 3447 exclusa.
2442 3415 2496 3447 Di-

1438 3469 1526 3492 ctum
1549 3469 1594 3493 est
1611 3462 1696 3492 enim
1720 3462 1808 3503 quod
1831 3461 1960 3501 spiratio
1983 3468 2013 3492 et
2037 3461 2196 3502 processio
2220 3461 2260 3491 ad
2283 3461 2414 3491 eandem
2431 3468 2498 3490 non

1437 3513 1571 3546 possunt
1600 3506 1754 3546 pertinere
1781 3514 1965 3545 personam;
1998 3512 2029 3536 et
2066 3515 2150 3536 nunc
2178 3504 2302 3535 illatum
2333 3510 2379 3534 est
2409 3503 2497 3544 quod

1436 3549 1564 3589 spiratio
1589 3549 1736 3579 convenit
1758 3548 1840 3579 Patri
1867 3555 1897 3579 et
1924 3548 2021 3585 Filio;
2054 3559 2128 3589 ergo
2159 3548 2324 3579 manifeste
2356 3547 2497 3588 sequitur

1436 3593 1525 3634 quod
1549 3593 1709 3633 processio
1734 3602 1791 3623 nec
1815 3592 1940 3633 utrique
1972 3603 2028 3624 nec
2052 3592 2138 3624 alteri
2162 3591 2326 3627 convenit,
2355 3597 2386 3622 et
2408 3590 2498 3631 quod

2587 417 2609 434 u.
2620 417 2693 438 xxvn,
2705 415 2748 434 art.

2530 1510 2540 1520 ⁶
2556 1508 2604 1537 Qu.
2619 1514 2678 1537 xus,
2699 1513 2743 1532 m.

2531 1542 2548 1563 1,
2561 1542 2587 1563 4.

2526 2629 2538 2640 ⁸
2551 2627 2589 2652 Cf.
2602 2633 2668 2651 num.
2682 2635 2718 2651 111.
