2768 4178
330 247 407 295 374
1001 243 1268 291 QUAESTIO
1297 244 1452 291 XXXV,
1483 244 1779 280 ARTICULUS
1809 244 1840 279 Il

329 335 435 356 versae
448 324 619 356 afferuntur
631 325 812 365 opiniones:
830 334 927 364 quare
943 323 1059 353 scilicet
1074 322 1160 352 solus
1173 321 1273 351 Filius
1286 322 1395 361 Imago

329 370 453 400 dicitur.
478 370 518 399 Et
534 369 636 409 prima
653 368 783 409 quidem
803 368 923 408 opinio,
945 373 1073 408 propter
1093 365 1347 396 convenientiam
1363 366 1397 396 in

331 414 461 444 notione
485 423 559 444 cum
582 414 681 448 Patre,
706 412 894 443 excluditur:
920 411 994 452 quia
1022 409 1200 440 secundum
1222 409 1397 440 notionalia

331 467 397 488 non
421 457 590 488 attenditur
618 456 805 497 aequalitas;
834 466 909 495 ergo
938 465 995 485 nec
1018 453 1211 487 similitudo:
1242 463 1316 493 ergo
1340 463 1398 484 nec

331 502 448 541 imago.
466 519 485 523 -
501 501 644 531 Secunda
668 507 784 536 autem,
810 500 984 530 discurrens
1008 507 1063 538 per
1087 497 1219 536 singula,
1238 507 1295 527 nec
1310 498 1397 527 inve-

332 545 420 575 niens
446 545 535 575 cuius
559 544 658 584 possit
682 544 742 574 dici
762 544 895 584 Spiritus
911 544 1043 574 Sanctus
1067 541 1183 580 imago,
1205 541 1396 571 excluditur:

332 589 407 630 quia
430 596 536 628 posset
560 588 621 619 dici
643 588 742 618 Patris
762 595 791 619 et
814 587 885 618 Filii
909 588 1100 627 inquantum
1124 591 1198 615 sunt
1221 595 1333 616 unum.
1357 585 1399 615 Et

333 632 551 663 confirmatur:
577 632 652 672 quia
668 632 768 662 homo
786 639 832 662 est
847 642 911 662 una
926 631 1032 670 imago
1049 629 1147 659 totius
1163 628 1336 660 Trinitatis.

392 676 443 707 IV.
469 677 586 713 Quoad
608 677 748 714 tertium,
774 676 913 706 redditur
936 673 1085 714 praedicti
1109 683 1186 703 usus
1210 673 1398 703 Latinorum

93 724 104 735 ‘
124 724 181 752 Cap.
192 729 218 750 ¹¹,
233 729 255 744 ¹¹·
266 729 286 750 5·
334 728 364 751 et
387 720 564 760 Scripturae
587 720 676 751 ratio.
700 721 741 751 Et
756 720 840 760 quia,
861 727 896 750 ut
916 719 1028 749 dicitur
1045 718 1076 747 in
1094 717 1120 746 ΙΙ
1137 718 1353 747 Posteriorum
1370 717 1397 753 *,

332 765 418 795 idem
434 771 480 795 est
497 764 574 795 scire
598 774 726 795 causam
745 763 956 795 conclusionis
976 769 1006 792 et
1024 762 1136 802 ipsam,
1154 760 1248 790 simul
1268 771 1398 800 respon-

334 809 425 839 detur
447 809 590 849 quaesito
615 808 799 839 affirmativa
821 807 1038 849 conclusione,
1063 804 1194 835 scilicet:
1220 805 1329 845 Imago
1353 811 1400 835 est

334 862 451 883 nomen
480 852 646 893 proprium
678 852 759 883 Filii.
792 853 833 882 Et
862 851 929 882 eius
958 850 1103 891 probatio
1137 848 1214 878 nihil
1243 848 1329 879 aliud
1353 855 1399 879 est

334 907 431 937 quarn
455 897 534 927 ratio
558 907 654 937 quare
671 897 805 937 Spiritus
825 896 957 927 Sanctus
981 905 1047 924 non
1071 893 1192 923 dicatur
1214 892 1331 933 imago,
1348 892 1399 922 Fi-

333 941 394 971 lius
419 947 526 971 autem
550 940 604 972 sic.

389 985 430 1015 Et
453 984 595 1015 consistit
612 984 691 1015 ratio
715 984 747 1014 in
771 984 842 1015 hoc.
867 983 966 1013 Filius
983 981 1125 1022 procedit
1139 987 1174 1011 ut
1190 981 1341 1017 Verbum,
1360 980 1398 1011 de

335 1028 425 1059 cuius
448 1028 568 1059 ratione
592 1035 638 1059 est
661 1028 835 1058 similitudo
853 1026 996 1067 specifica
1012 1026 1052 1056 ad
1067 1025 1100 1055 id
1115 1035 1133 1055 a
1149 1034 1214 1065 quo
1238 1024 1398 1064 procedit:

335 1072 468 1112 Spiritus
491 1082 566 1102 vero
591 1072 723 1103 Sanctus
747 1071 890 1111 procedit
917 1077 954 1101 ut
976 1080 1076 1106 amor,
1101 1069 1140 1099 de
1164 1068 1254 1099 cuius
1277 1069 1399 1100 ratione

328 1126 401 1146 ‘non
430 1123 476 1147 est
507 1116 578 1147 talis
606 1116 797 1146 similitudo:
828 1124 902 1155 ergo
933 1114 1032 1145 Filius
1057 1113 1144 1144 solus
1168 1119 1214 1143 est
1236 1113 1354 1153 imago.
1380 1130 1398 1136 -

92 1163 102 1173 “
119 1162 201 1189 Art-2,
215 1168 239 1188 4·
332 1161 530 1191 Antecedens
553 1170 590 1191 ex
613 1170 668 1201 qu.
682 1170 765 1190 xxvn
779 1159 806 1195 *‚
831 1159 939 1200 quoad
955 1165 1122 1199 utramque
1146 1163 1278 1197 partem,
1303 1164 1398 1198 patet.

335 1204 571 1245 Consequentia
595 1211 703 1235 autem
725 1210 810 1234 tenet
833 1213 870 1234 ex
892 1203 1012 1233 ratione
1028 1201 1184 1241 imaginis.

392 1249 433 1279 Et
449 1248 667 1279 manifestatur
686 1258 724 1279 ac
742 1247 946 1279 confirmatur
968 1247 1015 1277 vis
1038 1245 1169 1277 rationis
1191 1245 1296 1282 huius,
1322 1245 1398 1275 assi-

334 1292 458 1332 gnantis
474 1302 533 1333 pro
551 1303 644 1324 causa
666 1293 803 1323 modum
825 1291 1027 1332 procedendi,
1051 1300 1088 1321 ex
1102 1289 1201 1330 *simili
1218 1289 1398 1326 differentia,

335 1343 464 1377 propter
487 1337 623 1367 similem
646 1346 774 1367 causam
790 1336 833 1366 ibi
849 1336 1020 1371 inventam,
1044 1334 1125 1365 inter
1148 1333 1266 1364 Filium
1282 1341 1313 1365 et
1331 1334 1399 1374 Spi-

334 1381 431 1411 ritum
447 1381 608 1417 Sanctum,
623 1381 656 1411 in
671 1381 734 1411 hoc
749 1380 839 1421 quod
854 1387 901 1411 est
916 1389 983 1410 esse
999 1379 1121 1410 n'atum.
1143 1377 1298 1415 Quamvis
1314 1378 1400 1408 enim

335 1431 467 1465 uterque
491 1435 549 1455 sua
571 1425 774 1465 processione
796 1424 895 1455 Patris
918 1423 1050 1464 accipiat
1072 1429 1227 1458 naturam,
1253 1422 1340 1452 solus
1356 1429 1399 1453 ta-

335 1478 410 1498 men
429 1468 528 1499 Filius
545 1469 657 1500 dicitur
680 1475 781 1504 natus,
806 1474 936 1508 propter
958 1468 1095 1498 modum
1109 1466 1301 1506 procedendi
1317 1466 1401 1497 diffe-

97 1518 308 1546 ·Qu.xxvn,an.4.
335 1519 456 1543 rentem
470 1513 645 1553 utriusque,
662 1520 698 1543 ut
714 1523 809 1553 supra
822 1512 839 1531 *
858 1511 1095 1542 manifestatum
1111 1516 1171 1541 est:
1193 1510 1268 1551 quia
1283 1510 1400 1542 scilicet

334 1557 476 1597 procedit
499 1564 535 1588 ut
557 1557 684 1593 similis,
710 1563 767 1587 etc.
784 1574 805 1578 -
820 1557 860 1587 Et
884 1566 923 1586 ne
947 1555 1061 1596 aliquis
1085 1554 1239 1585 sollicitus
1262 1561 1398 1591 restaret,

335 1601 420 1631 unde
436 1601 530 1632 habet
553 1601 686 1641 Spiritus
706 1601 838 1632 Sanctus
852 1600 942 1641 quod
965 1599 1005 1630 sit
1028 1599 1139 1629 similis
1161 1598 1244 1628 Patri
1261 1605 1291 1629 et
1306 1599 1398 1635 Filio,

331 1651 389 1675 aut
417 1645 554 1676 crederet
582 1645 643 1676 hoc
666 1654 703 1675 ex
726 1645 825 1675 modo
855 1643 1046 1685 procedendi
1078 1643 1208 1679 habere;
1239 1643 1401 1674 subiunxit

335 1689 424 1729 quod
448 1689 622 1720 similitudo
647 1689 794 1720 convenit
817 1688 947 1729 Spiritui
962 1688 1092 1724 Sancto,
1118 1697 1184 1717 non
1206 1687 1400 1727 inquantum

334 1743 433 1769 amor,
458 1734 512 1763 sed
535 1733 726 1773 inquantum
750 1742 844 1764 amor
866 1733 1001 1763 divinus.
1252 1770 1255 1772 q

394 1777 432 1808 V.
457 1777 548 1808 Circa
571 1777 648 1808 haec
671 1777 806 1808 dubium
829 1776 964 1808 occurrit
988 1786 1024 1807 ex
1046 1775 1205 1811 Aureolo,
1230 1775 1316 1815 apud
1339 1775 1399 1806 Ca—

99 1829 108 1837 ·
122 1830 173 1850 Art.
188 1835 213 1855 2,
228 1832 308 1850 eontra
334 1821 491 1860 preolum,
508 1821 540 1851 in
556 1831 638 1851 xxvn
655 1815 854 1852 distinctione
869 1820 976 1857 Primi,
990 1830 1044 1860 qu.
1058 1830 1089 1856 11,
1107 1819 1208 1850 concl.
1220 1820 1238 1850 6
1251 1818 1280 1849 ’ἦ
1297 1819 1338 1850 Et
1354 1826 1400 1850 est

97 1856 172 1877 σῦκ’·
186 1855 208 1877 ⁶·
334 1864 469 1896 dubium
493 1875 529 1896 ex
552 1865 707 1905 praesenti
730 1865 831 1896 littera
854 1871 962 1895 ortum
985 1864 1113 1900 habens,
1131 1863 1329 1903 eandemque
1351 1863 1399 1893 in-

334 1908 472 1949 fringens
489 1910 542 1942 sic.
559 1908 692 1949 Spiritus
703 1909 835 1940 Sanctus
852 1908 995 1949 procedit
1009 1914 1046 1938 ut
1061 1917 1152 1938 amor
1166 1907 1305 1938 divinus:
1323 1917 1398 1947 ergo

334 1960 370 1983 ut
392 1953 520 1984 similis:
546 1963 621 1993 ergo
643 1953 723 1984 ratio
747 1953 882 1983 adducta
909 1952 988 1982 nihil
1017 1952 1109 1982 valet.
1126 1969 1146 1974 —
1161 1951 1266 1982 Prima
1289 1961 1398 1982 conse—

334 1998 463 2039 quentia
485 2004 570 2028 tenet
592 2007 629 2028 ex
652 1997 763 2034 littera,
787 1997 910 2028 dicente
933 1996 1023 2037 quod
1041 1995 1175 2036 Spiritus
1191 1995 1334 2032 Sanetus,
1351 1995 1399 2026 in-

334 2048 491 2083 quantum
518 2051 608 2072 amor
636 2041 777 2078 divinus,
809 2041 903 2071 habet
926 2040 1014 2082 quod
1038 2040 1078 2071 sit
1100 2039 1220 2071 similis.
1253 2039 1398 2071 Secunda

334 2093 457 2122 autem,
483 2093 512 2116 et
535 2086 721 2116 antecedens
744 2096 801 2126 per
823 2095 856 2116 se
879 2091 997 2125 patent.

391 2130 444 2161 VI.
469 2130 520 2161 Ad
540 2130 729 2160 evidentiam
753 2130 847 2160 huius
871 2128 1072 2165 difficultatis,
1093 2128 1305 2168 distinguendi
1325 2135 1399 2159 sunt

333 2174 459 2205 termini
481 2174 514 2204 in
534 2174 735 2204 antecedente
755 2173 860 2214 positi,
877 2173 995 2204 scilicet
1009 2173 1042 2214 ly
1058 2183 1151 2204 amor
1164 2174 1301 2210 divinus,
1322 2179 1352 2203 et
1365 2173 1398 2213 ly

101 2223 113 2234 ⁸
130 2223 166 2246 Cf.
182 2230 246 2246 num.
261 2230 309 2253 seq.
328 2218 476 2258 procedit
499 2223 534 2248 ut
548 2217 575 2248 *.
600 2218 717 2255 Quoad
732 2218 882 2258 primum,
900 2217 978 2248 scito
993 2217 1083 2258 quod
1098 2217 1201 2247 forma
1217 2217 1398 2247 communis

333 2269 439 2302 potest
468 2261 633 2301 dupliciter
662 2262 819 2298 contrahi,
852 2269 882 2292 et
906 2271 923 2292 a
947 2261 1150 2292 contrahente
1183 2260 1396 2291 denominari:

334 2306 450 2346 primo,
474 2316 530 2346 per
553 2305 693 2346 aliquam
710 2305 915 2336 differentiam
931 2315 987 2345 per
1003 2315 1035 2335 se
1051 2305 1151 2341 illius;
1176 2304 1326 2340 secundo,
1343 2314 1399 2344 per

335 2349 454 2390 aliquid
470 2356 554 2380 extra
568 2349 767 2380 latitudinem
783 2349 951 2380 formalem
967 2349 1061 2380 illius.
1085 2348 1277 2389 Exemplum
1293 2347 1397 2388 primi,

334 2394 423 2424 color
445 2394 537 2425 albus
542 2403 556 2432 ;
580 2394 762 2434 exemplum
781 2393 920 2430 secundi,
944 2394 1033 2424 color
1048 2394 1223 2424 naturalis:
1246 2392 1398 2423 albedinis

335 2438 420 2468 enim
443 2438 615 2469 differentia
645 2445 691 2468 est
721 2438 836 2468 coloris
867 2447 923 2477 per
946 2433 1256 2473 se‘diversificativa3
1286 2443 1398 2467 natura

333 2492 418 2518 vero,
435 2481 516 2513 sicut
539 2489 569 2513 et
592 2492 650 2518 ars,
669 2489 752 2513 extra
774 2491 874 2522 genus
897 2481 1012 2512 coloris
1027 2488 1082 2512 est.
1108 2483 1210 2512 Amor
1232 2481 1326 2521 igitur
1341 2481 1397 2511 du-

332 2526 453 2566 pliciter
477 2523 618 2557 contrahi
641 2533 763 2567 potest:
788 2525 903 2566 primo,
928 2535 984 2565 per
1007 2525 1125 2556 amoris
1141 2525 1286 2566 proprias
1309 2524 1396 2555 diffe-

1451 329 1578 353 naturas
1602 328 1753 357 amantes,
1778 328 1856 361 puta
1879 321 2054 361 angelicam
2068 321 2119 351 vel
2134 321 2319 352 humanam.
2344 322 2386 353 Et
2401 322 2427 352 si
2450 322 2519 362 qui-

1453 366 1526 396 dem
1549 375 1640 396 amor
1663 366 1866 396 contrahatur
1894 376 1948 406 per
1972 375 2084 395 omnes
2113 375 2188 395 suae
2211 365 2385 396 latitudinis
2408 376 2464 406 per
2487 376 2520 396 se

1452 410 1648 445 differentias,
1669 420 1836 450 nunquam
1859 409 1999 440 invenies
2019 409 2170 449 aliquam,
2195 419 2231 439 ex
2250 419 2314 450 qua
2332 410 2458 440 habebit
2473 419 2519 440 ra-

1451 454 1573 484 tionem
1593 454 1703 484 similis
1728 454 1755 484 ei
1772 464 1790 484 a
1806 464 1872 495 quo
1897 453 2048 494 procedit.
2074 454 2162 483 Tum
2186 453 2262 494 quia
2285 463 2397 484 omnes
2416 463 2471 493 per
2487 464 2519 484 se

1453 498 1642 528 differentiae
1670 498 1751 528 infra
1782 497 1940 538 appetitus
1972 497 2128 527 ambitum
2153 497 2371 533 continentur,
2395 497 2428 527 in
2452 508 2518 538 quo

1452 542 1531 572 nihil
1554 542 1648 572 habet
1670 542 1827 572 rationem
1851 542 1970 572 similis.
1996 542 2084 572 Tum
2103 541 2188 582 quia,
2205 548 2240 572 ut
2256 541 2336 572 infra
2352 539 2367 556 *
2390 541 2518 581 patebit,

1452 586 1603 626 impulsio
1628 587 1786 627 quaedam
1802 593 1864 622 est;
1889 596 1924 616 ac
1948 596 2004 626 per
2022 586 2093 622 hoc,
2111 595 2223 615 omnes
2247 595 2302 626 per
2319 595 2351 616 se
2371 585 2438 616 eius
2462 585 2519 615 dif-

1453 630 1598 661 ferentias
1628 637 1754 670 oportet
1782 640 1848 661 esse
1873 630 2076 670 impulsionis
2104 639 2159 669 per
2182 640 2215 660 se
2248 628 2519 666 diversificativas;

1453 675 1543 715 quod
1561 685 1579 704 a
1598 674 1709 704 similis
1733 675 1862 710 ratione,
1888 675 2033 715 quamvis
2058 684 2123 704 non
2148 673 2321 710 causaliter,
2347 673 2521 704 formaliter

1453 725 1560 748 tamen
1583 725 1744 749 remotum
1761 726 1818 749 est.
1837 715 1858 741 ἑ
1874 718 1906 749 Si
1922 728 1997 749 vero
2021 728 2077 759 per
2100 718 2220 758 aliquid
2244 725 2427 748 extraneum
2444 728 2520 748 con-

1453 762 1602 798 trahatur,
1621 762 1699 792 nihil
1715 762 1862 802 prohibet
1878 762 1988 792 similis
2007 763 2201 803 quandoque
2217 762 2373 792 rationem
2389 762 2519 792 habere:

1454 806 1509 836 sed
1532 806 1594 836 hoc
1618 813 1664 836 est
1690 816 1746 846 per
1768 806 1921 843 accidens,
1949 806 2130 837 naturaliter
2146 813 2176 837 et
2198 806 2342 843 identice‚
2367 813 2403 837 ut
2426 806 2464 836 de
2488 816 2521 836 se

1453 856 1548 889 patet.

1512 894 1651 930 Quando
1676 903 1750 933 ergo
1775 893 1890 924 dicitur
1917 904 2010 936 amor
2031 895 2176 932 divinus,
2201 895 2226 925 si
2249 895 2282 936 ly
2304 895 2432 926 divinus
2455 904 2521 924 non

1453 937 1555 968 trahat
1570 947 1714 968 amorem
1733 944 1817 968 extra
1834 937 2035 969 latitudinem
2051 938 2296 969 differentiarum
2312 949 2368 979 per
2386 949 2419 969 se
2435 948 2522 969 amo-

1454 981 1511 1018 ris;
1537 982 1601 1018 sed,
1625 981 1706 1012 infra
1728 981 1915 1018 voluntatis,
1939 982 2131 1023 inquantum
2159 983 2306 1014 voluntas
2329 989 2392 1019 est,
2416 982 2521 1013 latitu-

1455 1025 1562 1056 dinem
1586 1026 1708 1062 stand0‚
1734 1026 1863 1056 denotet
1886 1026 1976 1056 cuius
2000 1025 2039 1056 sit
2062 1032 2098 1056 ut
2120 1026 2234 1057 obiecti
2259 1033 2289 1058 et
2304 1027 2449 1063 amantis,
2466 1026 2523 1057 sci-

1453 1069 1526 1100 licet
1548 1070 1623 1100 Dei:
1648 1069 1830 1110 negandum
1854 1076 1900 1100 est
1922 1070 2025 1111 quod,
2050 1069 2241 1111 inquantum
2268 1070 2463 1107 huiusmodi,
2483 1071 2523 1101 sit

1454 1114 1575 1144 similis.
1608 1114 1674 1144 Nec
1704 1113 1738 1144 in
1765 1114 1827 1144 hoc
1856 1123 1950 1144 sensu
1978 1114 2180 1154 intelligenda
2209 1122 2255 1145 est
2281 1113 2460 1155 propositio
2487 1114 2522 1145 in

1455 1158 1538 1189 calce
1561 1158 1679 1189 litterae
1708 1158 1885 1188 subiuncta.
1914 1158 2008 1188 Ratio
2038 1165 2145 1189 autem
2169 1166 2255 1199 patet
2277 1169 2314 1189 ex
2337 1158 2436 1190 dictis.
2453 1175 2473 1181 -
2489 1158 2522 1189 Si

1454 1209 1563 1233 autem
1584 1202 1618 1243 ly
1640 1203 1769 1234 divinus
1791 1202 1831 1233 sit
1854 1202 2072 1233 denominatio
2097 1210 2226 1243 sumpta
2247 1202 2339 1244 quasi
2362 1203 2401 1233 ab
2425 1209 2522 1239 extra—

1454 1256 1526 1282 neo,
1544 1254 1622 1287 puta
1637 1257 1655 1277 a
1672 1253 1783 1277 natura
1807 1246 1858 1277 cui
1881 1246 2099 1283 identificatur,
2117 1254 2192 1278 tunc
2208 1247 2450 1278 concedendum
2466 1253 2522 1284 est,

1454 1290 1575 1321 ratione
1602 1291 1772 1322 identitatis
1799 1291 1880 1321 inter
1912 1300 2056 1321 amorem
2079 1298 2110 1322 et
2132 1297 2295 1328 naturam,
2319 1291 2409 1333 quod
2432 1301 2524 1322 amor

1454 1334 1597 1371 divinus,
1622 1342 1658 1366 ut
1681 1335 1742 1372 sic,
1768 1341 1814 1365 est
1836 1334 1947 1365 similis
1970 1335 1998 1365 ei
2022 1345 2039 1365 a
2063 1345 2129 1376 quo
2158 1335 2310 1376 procedit.
2340 1335 2382 1366 Et
2403 1335 2437 1366 in
2460 1335 2523 1366 hoc

1454 1389 1548 1409 sensu
1572 1379 1727 1419 intelligas
1749 1379 1885 1410 litteram
1909 1386 2116 1419 praesentem.

1512 1423 1579 1454 VII.
1605 1423 1721 1460 Quoad
1745 1423 1843 1454 alium
1866 1423 2039 1454 terminum
2057 1422 2085 1460 ⁴⁹,
2110 1424 2235 1455 adverte
2259 1425 2358 1465 quod,
2378 1434 2454 1456 cum
2476 1423 2522 1455 di-

1455 1467 1544 1504 citur,
1568 1467 1708 1508 Spiritus
1724 1467 1863 1498 Sanctus
1880 1468 2028 1508 procedit
2042 1473 2078 1499 ut
2093 1478 2187 1498 amor
2201 1467 2339 1507 divinus,
2358 1475 2389 1499 et
2404 1468 2438 1499 in
2453 1468 2523 1500 aliis

1455 1511 1611 1542 similibus
1634 1511 1871 1548 locutionibus,
1906 1511 2023 1552 duplex
2045 1522 2155 1542 sensus
2178 1511 2244 1543 fien‘
2268 1519 2382 1553 potest.
2414 1512 2522 1545 Primo

1447 1558 1602 1596 proprie,
1635 1562 1671 1586 ut
1694 1556 1884 1587 denotentur
1906 1562 2032 1587 tantum
2055 1556 2201 1587 formalia
2228 1563 2260 1588 et
2281 1557 2411 1598 propria
2433 1555 2521 1588 illius

2547 542 2608 570 'Qu-
2614 548 2690 570 xxxvi,
2698 547 2760 565 arm.

2548 1428 2558 1438 ·
2564 1427 2602 1450 ct.
2607 1433 2671 1450 num.
2677 1434 2764 1457 praec„

2549 1454 2663 1483 princip.;
2674 1458 2697 1477 et
2705 1461 2729 1477 n.
2739 1461 2763 1477 v.

1454 1600 1544 1630 modi
1567 1600 1776 1640 procedendi:
1801 1600 1941 1631 secundo
1961 1602 2132 1639 extensive,
2157 1608 2193 1631 ut
2215 1601 2407 1632 denotentur
2427 1601 2524 1632 etiam
2558 1608 2564 1616 ¹

1455 1644 1649 1680 communia,
1673 1651 1704 1675 et
1727 1644 1973 1675 concomitantia
1995 1645 2132 1675 modum
2155 1645 2348 1685 procedendi
2372 1645 2437 1676 sive
2460 1653 2522 1677 ter-

1454 1688 1589 1720 minum.
1614 1689 1710 1719 Verbi
1732 1689 1840 1728 gratia,
1863 1689 1896 1719 in
1920 1689 2104 1729 proposito,
2129 1699 2204 1720 cum
2227 1689 2358 1727 dicitur,
2383 1690 2524 1731 Spiritus
2548 1722 2550 1724 ,

1454 1733 1593 1763 Sanctus
1603 1732 1750 1772 procedit
1766 1738 1801 1763 ut
1815 1743 1910 1763 amor
1927 1733 2066 1771 divinus,
2083 1733 2109 1763 si
2124 1729 2157 1774 Iy
2173 1739 2209 1764 ut
2224 1741 2369 1765 sumatur
2383 1734 2522 1775 proprie,

1453 1776 1632 1817 propositio
1657 1787 1723 1807 non
1747 1784 1794 1807 est
1812 1787 1885 1807 vera
1904 1777 2087 1817 accipiendo
2113 1787 2256 1808 amorem
2273 1777 2417 1808 divinum
2435 1777 2523 1810 iden-

1454 1820 1530 1852 tice:
1556 1820 1711 1861 quoniam
1727 1830 1764 1851 ex
1780 1821 1916 1861 propriis
1935 1821 2146 1861 processionis
2169 1821 2287 1852 amoris
2303 1821 2399 1853 etiam
2414 1822 2521 1860 divini,

1453 1864 1535 1895 infra
1555 1864 1755 1895 latitudinem
1777 1865 1950 1895 voluntatis
1973 1865 2073 1895 solius
2097 1865 2220 1902 stando,
2240 1865 2374 1906 Spiritus
2390 1866 2523 1898 Sanctus

1454 1918 1520 1939 non
1536 1909 1631 1940 habet
1649 1909 1738 1949 quod
1753 1909 1793 1940 sit
1808 1909 1905 1945 Deus,
1921 1909 1976 1940 sed
1992 1909 2082 1950 quod
2096 1909 2136 1940 sit
2149 1919 2240 1940 arnor
2261 1910 2322 1941 Dei
2337 1917 2374 1942 ut
2388 1911 2524 1944 amantis

1454 1959 1485 1984 et
1508 1953 1614 1984 amati.
1646 1953 1708 1984 Sed
1731 1960 1778 1984 est
1800 1963 1873 1984 vera
1900 1963 1959 1994 pro
1982 1963 2092 1984 amore
2116 1954 2230 1985 divino*
2254 1954 2436 1987 formaliter.
2460 1955 2524 1987 Sed

1453 2004 1539 2034 tunc,
1558 2007 1709 2028 concesso
1729 1998 1941 2034 antecedente,
1959 1997 2037 2028 nihil
2052 1998 2135 2030 valet
2158 1998 2260 2039 prima
2284 1999 2523 2041 consequentia,

1454 2048 1490 2072 ut
1513 2048 1599 2082 patet
1622 2051 1659 2072 ex
1682 2041 1782 2073 dictis.
1812 2042 1879 2072 Nec
1907 2041 2094 2082 oppositum
2117 2042 2251 2074 habetur
2273 2042 2306 2074 in
2333 2043 2451 2082 littera,
2475 2043 2523 2075 lo-

1453 2092 1570 2126 quente
1594 2086 1633 2116 de
1657 2095 1764 2116 amore
1789 2085 1897 2116 divino
1928 2086 2072 2118 identice.
2090 2104 2110 2109 —
2126 2086 2159 2118 Si
2181 2096 2257 2118 vero
2279 2087 2312 2128 ly
2336 2092 2372 2119 ut
2394 2088 2525 2120 denotet

1454 2129 1549 2161 etiam
1572 2130 1767 2167 communia,
1790 2137 1867 2161 tunc
1883 2137 1930 2161 est
1946 2141 2019 2161 vera
2043 2131 2082 2162 de
2102 2141 2211 2162 amore
2234 2131 2343 2162 divino
2359 2138 2390 2163 et
2405 2131 2522 2163 forma-

1452 2174 1523 2205 liter
1546 2181 1577 2205 et
1598 2174 1748 2205 identice:
1773 2181 1804 2205 et
1827 2175 1871 2205 sic
1894 2174 1988 2206 habet
2010 2175 2166 2207 rationem
2189 2175 2311 2207 similia

1512 2218 1574 2249 Sed
1589 2218 1744 2259 quoniam
1763 2219 1890 2259 proprie
1914 2226 1944 2249 et
1965 2218 2139 2250 formaliter
2153 2220 2192 2250 de
2207 2219 2312 2250 modis
2328 2220 2524 2260 procedendi

1453 2272 1471 2292 a
1499 2262 1657 2302 theologis
1686 2272 1790 2293 sermo
1823 2263 1976 2299 habetur,
2009 2263 2125 2295 idcirco
2153 2263 2232 2294 illud
2265 2265 2453 2296 antecedens
2482 2265 2523 2296 de

1453 2315 1562 2336 amore
1586 2306 1693 2337 divino
1718 2306 1823 2346 primo
1847 2307 1947 2337 modo
1972 2306 2214 2348 intelligendum
2238 2315 2285 2339 est
2308 2315 2339 2339 et
2357 2308 2522 2340 admitten-

1454 2350 1548 2380 dum:
1574 2350 1628 2380 sed
1652 2350 1795 2390 neganda
1818 2357 1864 2381 est
1887 2350 1990 2391 prima
2013 2352 2255 2392 consequentia,
2285 2352 2415 2389 scilicet,
2440 2362 2522 2394 ergo

1447 2394 1595 2434 procedit
1614 2399 1649 2425 ut
1670 2395 1792 2426 similis.
1818 2394 1859 2425 Et
1877 2395 1917 2425 ad
1932 2395 2154 2435 probationem
2171 2396 2341 2427 dicendum
2357 2403 2414 2434 est,
2430 2398 2520 2438 quod

1452 2438 1574 2469 laborat
1596 2438 1629 2469 in
1652 2439 1845 2479 aequivoco,
1875 2446 1911 2470 ut
1933 2446 2018 2479 patet
2041 2449 2078 2470 ex
2101 2440 2207 2471 dictis:
2237 2440 2393 2482 quoniam
2415 2441 2448 2483 ly
2471 2442 2520 2472 di-

1453 2483 1547 2513 vinus
1570 2482 1783 2523 aequivocum
1806 2490 1861 2517 est.
1887 2493 1960 2514 cum
1985 2484 2121 2515 sumitur
2143 2483 2297 2515 obiective
2316 2492 2347 2516 et
2369 2485 2519 2523 effective,

1452 2533 1488 2558 ut
1506 2526 1539 2557 in
1559 2527 1760 2558 antecedente
1784 2527 1935 2564 sumitur;
1960 2534 1991 2559 et
2014 2538 2089 2560 cum
2112 2528 2249 2560 sumitur
2270 2529 2415 2567 identice‚
2431 2536 2468 2561 ut
2485 2529 2521 2561 iu

333 2570 466 2607 rentias,
491 2577 568 2611 puta
592 2570 746 2602 amicitiae
768 2570 818 2600 vel
843 2569 1133 2610 concupiscentiae;
1162 2570 1317 2606 secund0,
1334 2579 1399 2609 per
1452 2571 1639 2612 probatione
1663 2571 1907 2612 consequentiae
1930 2571 1974 2603 fit.
