2768 4178
27 416 39 428 ⁴
54 415 91 438 ef.
104 421 169 438 num.
182 421 215 437 vi.

27 767 41 778 ’
55 765 92 788 ef.
106 771 171 787 num.
184 771 208 787 v.

30 1337 44 1351 ⁸
56 1337 94 1361 G.
106 1343 173 1361 num.
184 1344 215 1361 w.

29 2219 43 2232 ⁸
55 2218 94 2242 Cf.
107 2225 172 2243 num.
183 2225 223 2242 vn.

939 284 1207 330 QUAESTIO
1236 284 1397 330 XXVII,
1426 283 1722 320 ARTICULUS
1751 283 1786 319 V

326 362 378 393 IX.
395 363 436 393 Et
464 370 499 393 ut
518 363 630 394 ordine
648 363 831 403 retrogrado
855 363 1082 403 respondeatur
1109 362 1301 402 singillatim,
1319 372 1336 391 a

269 407 372 437 radice
395 407 587 447 incipiendo,
604 408 644 438 ad
666 407 795 438 tertium
818 406 952 437 dubium
975 407 991 425 *
1015 407 1127 437 dicitur
1142 407 1240 447 quod,
1265 406 1337 436 licet

269 461 336 491 non
360 451 398 482 sit
421 451 589 492 proprium
611 451 797 491 generantis,
815 458 851 481 ut
873 451 1075 490 distinguitur
1099 457 1207 481 contra
1230 460 1335 490 agens,

271 505 361 535 agere
385 496 444 526 sibi
467 496 588 532 simile;
608 502 784 534 est-tamen
817 495 985 535 proprium
1008 495 1051 531 ei,
1075 501 1111 525 ut
1134 494 1337 534 distinguitur

271 547 381 570 contra
403 550 499 580 agens
527 550 583 580 per
613 540 750 570 modum
779 539 937 578 impulsus
968 549 1022 569 seu
1046 539 1148 569 vitalis
1179 539 1336 579 appetitus

270 583 366 620 intus,
390 591 426 615 ut
451 584 485 614 in
509 584 611 615 littera
637 583 796 623 accipitur.
825 583 910 620 Quia
933 582 983 613 hic
1004 582 1206 622 distinguitur
1229 590 1338 613 contra

270 638 366 668 agens
388 628 422 658 in
445 638 477 658 se
499 628 621 658 ratione
645 627 772 666 cogniti,
798 627 892 667 quale
915 633 962 657 est
987 627 1215 667 appetitivum:
1241 634 1271 657 et
1294 627 1338 657 sic

271 679 318 703 est
336 672 394 702 sibi
417 672 593 712 proprium.
620 671 661 701 Et
684 670 727 701 sic
746 670 902 710 assignata
925 681 1018 701 causa
1035 678 1064 701 et
1086 678 1132 701 est
1149 680 1221 701 vere
1245 681 1338 702 causa

271 726 327 747 seu
351 715 532 752 differentia,
557 722 588 746 et
609 715 703 745 infert
725 714 893 745 intentum.

326 760 366 790 X.
393 760 444 790 Ad
467 759 646 790 secundum
667 758 685 777 *
707 765 815 789 autem
845 758 958 789 dicitur
981 759 1089 799 quod,
1122 759 1337 798 comparando

271 813 414 834 amorem
437 803 477 834 ad
500 802 590 843 quasi
614 802 759 842 partiales
783 812 902 839 causas,
916 803 963 842 ⁴sic
986 803 1143 834 invenitur
1159 803 1232 833 oriri
1257 814 1274 833 a
1298 804 1337 833 si-

270 848 339 879 mili
363 854 393 878 et
414 858 434 878 a
455 857 522 878 non
547 846 658 877 simili:
683 857 701 876 a
724 846 817 877 simili
841 847 985 887 quidem,
1010 857 1069 887 pro
1093 854 1214 888 quanto
1239 848 1338 878 oritur

270 892 309 923 ab
333 891 491 932 appetitu;
516 901 535 921 a
557 901 623 921 non
647 890 741 921 simili
764 901 856 927 vero,
878 902 936 931 pro
960 899 1081 932 quanto
1105 893 1143 922 ab
1167 892 1336 932 appetibili.

270 935 333 966 Sed
356 935 571 975 comparando
595 935 703 975 ipsum
726 935 767 965 ad
790 935 885 966 totale
909 946 1004 966 suum
1029 936 1263 976 productivum,
1279 936 1337 966 sci-

269 979 342 1010 licet
356 979 554 1010 voluntatem
579 979 670 1020 quasi
686 986 840 1020 agentem,
859 986 890 1010 et
912 980 1041 1010 volibile
1060 980 1224 1020 cognitum
1247 980 1337 1020 quasi

270 1023 427 1055 rationem
443 1024 565 1064 agendi,
586 1023 629 1054 sic
645 1024 788 1063 procedit
803 1034 821 1054 a
840 1033 905 1054 non
925 1024 1036 1054 simili:
1058 1034 1122 1054 non
1143 1024 1228 1054 enim
1247 1034 1338 1055 arnor

271 1073 318 1098 est
340 1067 515 1098 similitudo
546 1067 590 1098 rei
614 1075 752 1104 amatae,
775 1068 829 1098 sed
859 1068 1020 1099 inclinatio
1044 1069 1077 1098 in
1110 1068 1206 1099 illam.
1230 1069 1272 1099 Et
1294 1069 1337 1099 sic

270 1111 435 1143 manifeste
459 1118 607 1143 tractatur
625 1112 658 1142 in
682 1112 793 1143 littera.
809 1112 903 1143 Ponit
920 1122 1059 1153 namque
1083 1112 1289 1144 differentiam
1304 1113 1337 1142 in

270 1156 346 1192 hoc,
374 1157 462 1197 quod
486 1163 658 1196 conceptus
683 1163 729 1187 est
761 1156 936 1187 similitudo
960 1156 1004 1187 rei
1033 1157 1222 1187 intellectae:
1248 1167 1338 1187 amor

271 1207 392 1237 autem,
418 1207 454 1231 ut
477 1200 540 1237 sic,
568 1211 635 1230 non
659 1207 705 1231 est
729 1200 902 1231 similitudo
928 1201 1085 1236 eiusdem,
1110 1211 1191 1241 quae
1215 1211 1262 1231 res
1292 1208 1339 1231 est

271 1251 384 1275 amata.
404 1245 497 1275 Unde
521 1251 606 1284 patet
628 1245 792 1285 responsio
816 1245 856 1274 ad
879 1245 1010 1275 obiecta.

324 1289 378 1320 XI.
403 1289 453 1319 Ad
476 1287 619 1328 primurn
642 1296 750 1320 autem
774 1289 907 1319 dubium
931 1286 947 1303 *
971 1288 1100 1324 dicitur,
1125 1289 1214 1328 quod
1237 1288 1338 1318 littera

271 1339 376 1374 potest
400 1333 438 1363 de
461 1340 599 1374 utroque
622 1340 694 1364 actu
717 1333 857 1372 intelligi.
875 1333 916 1363 Et
938 1332 976 1362 de
992 1332 1096 1372 primo
1113 1332 1254 1372 quidem,
1271 1343 1338 1362 non

271 1377 315 1408 sic
338 1377 540 1417 intelligenda
563 1383 610 1407 est
642 1384 678 1408 ut
701 1383 925 1416 argumentum
953 1375 1062 1415 fingit:
1088 1377 1141 1406 sed
1171 1377 1260 1417 quod
1282 1387 1338 1406 vo-

269 1421 375 1452 luntas
397 1421 431 1451 in
447 1427 518 1451 actu
541 1421 646 1461 primo
670 1421 702 1451 in
719 1430 751 1450 se
775 1420 810 1451 fit
833 1428 903 1451 actu
923 1430 980 1461 per
1003 1420 1251 1456 inclinationem,
1272 1431 1338 1450 non

271 1466 412 1496 curando
437 1472 546 1496 utrum
568 1464 620 1494 illa
643 1464 805 1495 inclinatio
822 1465 861 1495 sit
880 1475 928 1495 res
947 1465 1148 1504 superaddita
1171 1464 1337 1501 voluntati,

270 1516 326 1540 aut
348 1509 388 1540 sit
409 1509 495 1539 idem
517 1509 608 1550 quod
622 1508 699 1549 ipsa.
722 1509 901 1550 Utrumque
918 1519 1056 1549 namque
1076 1510 1199 1539 videtur
1215 1519 1337 1547 verum,

269 1560 414 1594 respectu
430 1553 628 1583 diversorum
642 1553 676 1583 in
695 1553 858 1584 voluntate
875 1560 997 1583 nostra:
1016 1553 1184 1584 inclinatur
1199 1563 1338 1594 namque

269 1597 452 1629 naturaliter
479 1597 628 1627 voluntas
651 1597 683 1627 in
711 1598 958 1633 beatitudinem;
986 1604 1017 1628 et
1039 1598 1208 1628 inclinatur
1230 1608 1338 1628 rursus

270 1641 435 1674 affectione
458 1641 660 1681 superaddita
681 1641 715 1671 in
739 1642 816 1672 haec
838 1642 888 1672 vel
911 1642 964 1672 illa
987 1642 1081 1678 bona,
1107 1642 1224 1683 quibus
1241 1642 1338 1672 affici-

269 1693 322 1717 tur
339 1695 378 1717 ex
393 1685 633 1722 consuetudine,
660 1686 807 1725 passione
833 1693 888 1716 aut
917 1686 1048 1717 ratione.
1064 1704 1085 1709 —
1101 1687 1148 1717 De
1174 1693 1244 1716 actu
1262 1696 1336 1716 vero

269 1730 410 1762 secundo
435 1740 501 1760 non
525 1737 572 1760 est
597 1730 741 1761 dubium.

105 1803 150 1820 nm
195 1807 202 1817 v
222 1815 223 1818 Ἰ
241 1774 247 1780 ”
278 1795 283 1797 -
319 1774 444 1811 Quoad
465 1774 642 1805 illau'onem
656 1785 732 1805 vero
754 1774 1019 1815 consequentium
1035 1774 1289 1811 differentiarum,
1308 1781 1340 1805 et

160 1832 216 1851 νῆ.
269 1818 389 1850 litterae
413 1825 606 1855 contextum,
631 1819 670 1848 de
693 1826 764 1849 actu
789 1819 929 1849 secundo
955 1819 1187 1859 interpretanda
1213 1827 1268 1850 est.
1292 1819 1339 1849 Ex

269 1863 332 1894 hoc
348 1862 433 1893 enim
452 1862 524 1903 ipso
541 1863 630 1903 quod
645 1863 799 1893 terminus
818 1862 993 1893 intellectus
1016 1863 1050 1893 in
1074 1870 1144 1893 actu
1170 1870 1216 1893 est
1230 1863 1338 1893 simili-

269 1907 350 1938 tudo
368 1907 414 1937 rei
428 1907 613 1943 intellectae,
637 1907 790 1938 terminus
814 1914 922 1937 autem
937 1907 1108 1938 voluntatis
1127 1907 1161 1937 in
1184 1914 1254 1938 actu
1272 1918 1338 1937 non

270 1957 319 1982 est
340 1950 515 1982 similitudo
538 1951 582 1981 rei
611 1951 746 1987 volitae,
779 1951 833 1981 sed
861 1951 1018 1991 impulsus
1047 1951 1154 1991 potius
1177 1951 1209 1981 in
1233 1951 1337 1987 illam;

270 1995 436 2026 manifeste
455 1995 598 2036 sequitur
613 1996 702 2036 quod
721 1996 818 2027 totale
832 1995 1058 2035 productivum
1075 2002 1247 2035 conceptus
1267 1995 1340 2026 facit

271 2039 330 2070 sibi
350 2039 452 2070 simile
469 2040 647 2070 secundum
663 2039 800 2070 formam
824 2050 905 2080 quae
921 2046 967 2070 est
983 2040 1010 2070 ei
1034 2039 1112 2070 ratio
1137 2040 1267 2079 agendi;
1291 2047 1338 2070 to-

270 2083 332 2115 tale
355 2093 431 2114 vero
455 2083 680 2124 productivum
704 2084 822 2114 amoris
849 2094 915 2114 non
942 2083 1015 2115 facit
1039 2084 1097 2114 sibi
1114 2084 1215 2114 simile
1230 2094 1339 2114 secun-

271 2128 350 2159 dum
372 2128 459 2158 illam
485 2127 622 2158 formam
645 2138 727 2168 quae
751 2135 798 2159 est
822 2128 850 2158 ei
874 2128 963 2168 quasi
991 2128 1070 2158 ratio
1101 2128 1230 2168 agendi,
1259 2128 1340 2158 idest

270 2182 338 2203 rem
361 2172 503 2202 volitam.
528 2172 569 2202 Et
596 2171 639 2202 sic
667 2172 777 2203 satisfit
800 2172 940 2203 obiectis.

324 2216 392 2248 XII.
413 2217 464 2247 Ad
487 2215 591 2256 quarti
614 2216 734 2247 dubii*
753 2216 951 2252 evidentiam,
971 2216 1135 2246 sciendum
1160 2224 1207 2247 est
1218 2217 1339 2256 primo,

270 2260 360 2301 quod
383 2260 469 2291 aliud
492 2267 539 2291 est
561 2260 668 2300 aliqua
690 2260 842 2300 distingui
865 2260 974 2300 seipsis
999 2260 1179 2296 formaliter,
1201 2268 1231 2291 et
1255 2260 1339 2290 aliud

270 2311 318 2336 est
339 2304 444 2345 aliqua
468 2304 641 2334 formaliter
670 2304 820 2344 distingui
848 2304 957 2344 seipsis
975 2306 1095 2344 primo.
1119 2305 1170 2334 Ad
1198 2304 1340 2345 primum

244 2361 246 2363 ·
270 2348 356 2380 enim
379 2348 495 2379 sufficit
517 2348 606 2389 quod
625 2359 682 2388 per
700 2349 820 2389 aliquid
840 2348 897 2379 sibi
914 2348 1076 2379 essentiale
1095 2347 1150 2379 fiat
1167 2348 1338 2385 distinctio,

34 3427 84 3476 Εἰ,
93 3426 132 3469 qu.
140 3427 163 3449 v,
171 3424 215 3443 nrt.
222 3427 246 3448 4,

0 2939 9 3200 ἑ

134 3473 149 3508 β

0 3736 10 3873 ἓ

0 3887 16 3995 ὲ

269 2391 335 2425 Sive
349 2392 430 2424 illud
445 2392 485 2423 sit·
506 2402 578 2432 pars
597 2392 799 2429 definitionis,
816 2393 881 2423 sive
897 2399 964 2423 tota
984 2392 1142 2423 definitio:
1167 2393 1206 2423 ad
1229 2403 1340 2423 secun-

270 2436 351 2468 dum
373 2443 482 2468 autem
497 2447 564 2467 non
587 2436 702 2468 sufficit
718 2437 790 2473 hoc,
808 2437 864 2467 sed
887 2437 1019 2477 exigitur
1037 2437 1127 2477 quod
1151 2437 1214 2467 sint
1230 2438 1340 2476 primo

271 2480 406 2517 diversa,
430 2481 473 2512 ita
489 2481 579 2521 quod
598 2481 831 2521 distinguantur
854 2491 921 2511 non
937 2491 993 2521 per
1011 2481 1097 2511 aliud
1113 2481 1338 2511 distinctivum.

2336 269 2340 272 ’
2377 283 2448 319 315

1445 362 1591 392 Secundo
1615 362 1693 393 scito
1721 363 1827 402 quod,
1852 362 2126 402 quemadmodum
2150 362 2346 392 diversorum
2370 362 2452 392 ordi-

1390 416 1469 436 num
1493 406 1575 437 entia
1598 414 1688 442 sunt‚
1716 406 1758 436 ita
1781 413 1811 436 et
1836 406 1971 437 rationes
1995 406 2142 436 formales
2166 416 2288 436 eorum.
2313 406 2352 436 Et
2377 416 2450 445 pro-

1390 457 1495 490 pterea
1527 457 1653 490 oportet
1681 451 1883 491 quorundam
1917 450 2036 480 entium
2071 449 2268 480 definitiones
2293 450 2452 480 includere

1389 494 1508 534 aliquid
1531 502 1614 525 extra
1637 494 1804 525 essentiam
1827 493 1997 529 definitam,
2018 504 2083 524 non
2107 501 2235 534 propter
2258 494 2380 530 melius,
2398 495 2453 524 sed

1390 549 1427 568 ex
1455 538 1635 569 necessitate
1658 539 1821 574 absoluta,
1851 546 1886 568 ut
1909 545 1993 578 patet
2016 539 2054 567 de
2078 538 2291 569 relationibus.
2322 539 2453 579 Propter

1390 583 1497 623 quod,
1523 593 1597 612 cum
1620 583 1658 613 de
1689 582 1875 613 huiusmodi
1899 583 2023 612 entibus
2047 592 2150 612 sermo
2175 590 2239 618 est,
2264 590 2294 613 et
2318 582 2452 613 dicimus

1391 627 1479 667 quod
1503 627 1613 666 seipsis
1637 627 1875 666 distinguuntur
1898 633 1951 656 aut
1975 636 2041 656 non
2065 626 2309 665 distinguuntur,
2330 634 2384 657 aut
2398 627 2452 656 ali-

1391 670 1468 711 quid
1491 670 1576 700 aliud
1600 671 1724 707 habent,
1742 671 1900 702 attendere
1922 677 2047 710 oportet
2064 671 2152 710 quod
2169 671 2334 710 dupliciter
2349 677 2453 710 potest

1391 714 1531 754 intelligi.
1557 715 1630 745 Uno
1654 715 1763 751 modo,
1784 723 1819 746 ut
1842 715 1874 755 ly
1892 715 2004 754 seipsis
2020 715 2164 745 ostendat
2184 714 2325 754 proprias
2350 725 2452 746 essen-

1391 759 1464 789 tias:
1489 759 1551 788 alio
1576 759 1738 794 modo‚*ut
1753 759 1898 789 ostendat
1917 758 2058 798 proprias
2083 759 2229 788 essentias
2249 768 2323 788 cum
2339 758 2454 798 praeci-

1391 803 1490 839 sione,
1516 813 1581 833 non
1605 803 1711 833 solum
1731 813 1843 833 eorum
1866 812 1947 842 quae
1972 810 2044 833 sunt
2068 802 2099 832 in
2124 802 2188 832 suis
2218 801 2453 833 definitionibus

1391 857 1447 886 per
1469 847 1719 878 additamentum
1745 847 1858 882 clausa,
1874 847 1927 876 sed
1957 846 2051 876 etiam
2067 846 2311 877 transcendentis
2335 847 2453 876 ordinis

1391 891 1431 921 ad
1458 891 1520 921 illa.
1545 891 1586 922 Et
1609 891 1634 921 si
1653 891 1783 931 quidem
1806 891 1868 921 hoc
1892 890 2032 920 secundo
2057 891 2155 920 modo
2179 890 2386 929 intelligatur,
2418 898 2454 920 ut

1391 935 1566 976 plurimum
1590 935 1736 975 propriae
1758 935 1845 965 vocis
1873 935 2049 974 ignorantia
2073 942 2136 965 est:
2161 934 2314 975 quoniam
2342 934 2452 964 huius-

1391 979 1480 1009 modi
1496 979 1646 1010 essentiae
1669 979 1834 1010 intrinsece
1850 979 2000 1009 claudunt
2016 979 2110 1009 talem
2127 978 2269 1008 ordinem
2287 979 2319 1008 in
2334 978 2452 1018 seipsis,

1392 1033 1448 1053 nec
1477 1024 1515 1053 ab
1540 1033 1578 1054 eo
1603 1023 1737 1054 abstrahi
1766 1030 1909 1063 possunt.
1936 1023 2042 1053 Primo
2066 1030 2173 1053 autem
2199 1023 2309 1058 modo,
2333 1023 2454 1062 optima

1392 1075 1437 1098 est
1449 1067 1682 1107 interpretatio:
1699 1067 1853 1107 quoniam
1869 1077 2078 1107 unaquaeque
2095 1077 2143 1096 res
2158 1067 2361 1097 intrinsecum
2379 1077 2454 1096 con-

1391 1111 1578 1147 stitutivum,
1599 1118 1630 1142 et
1653 1119 1882 1152 consequenter
1898 1111 2121 1147 distinctivum,
2142 1117 2267 1151 oportet
2289 1111 2378 1151 quod
2400 1111 2453 1140 ha-

1391 1156 1471 1185 beat.
1497 1156 1537 1185 Et
1560 1156 1714 1196 quoniam
1731 1156 1915 1186 huiusmodi
1938 1155 2104 1186 intrinseca
2127 1155 2271 1185 ordinem
2294 1155 2455 1195 quendam

1392 1200 1429 1229 ad
1455 1199 1624 1229 extrinseca
1647 1200 1772 1236 habent,
1797 1200 1868 1230 ideo
1893 1206 1923 1230 et
1938 1210 1955 1229 a
1972 1199 2169 1239 philosophis
2191 1206 2221 1229 et
2244 1209 2261 1229 a
2285 1210 2308 1229 s,
2326 1199 2455 1229 Thoma

1392 1243 1570 1283 frequenter
1590 1243 1737 1274 dicuntur
1756 1244 1831 1274 haec
1856 1244 2023 1274 convenire
2040 1254 2094 1283 per
2110 1243 2287 1278 extrinseca,
2304 1250 2379 1283 puta
2394 1250 2454 1272 ter-

1392 1287 1528 1323 minum,
1554 1287 1723 1323 obiectum‚
1747 1288 1933 1323 subiectum,
1960 1295 2034 1318 etc.:
2059 1287 2143 1317 idem
2168 1287 2251 1317 enirn
2267 1294 2322 1317 ⁴est
2345 1297 2454 1317 sensus

1393 1331 1510 1360 horum
1529 1341 1602 1361 cum
1620 1331 1734 1370 primo,
1752 1333 1836 1371 apud
1854 1342 1926 1361 sane
1943 1331 2161 1370 intelligentes.
2176 1349 2195 1353 -
2211 1331 2251 1361 Et
2268 1331 2344 1361 haec
2360 1341 2454 1370 opor-

1392 1382 1436 1405 tet
1458 1375 1548 1404 valde
1572 1382 1680 1405 notare
1711 1375 1742 1405 in
1772 1376 1899 1406 materia
1933 1376 1970 1405 de
1999 1375 2165 1415 potentiis,
2199 1375 2454 1414 operationibus,

1393 1419 1544 1454 motibus,
1563 1426 1593 1449 et
1616 1419 1682 1448 aliis
1707 1420 1909 1450 huiusmodi:
1942 1429 1978 1449 ex
2002 1419 2049 1449 his
2074 1429 2212 1459 namque
2239 1419 2385 1448 omnium
2403 1429 2455 1449 ve-

1392 1463 1465 1493 ritas
1489 1463 1578 1493 facile
1602 1471 1739 1504 apparet.

1447 1508 1530 1538 XIII.
1556 1507 1614 1537 His
1638 1508 1830 1547 praelibatis,
1858 1508 1896 1537 ad
1921 1508 2055 1538 dubium
2089 1507 2257 1537 dicendum
2281 1514 2326 1537 est
2351 1507 2454 1548 quod,

1393 1552 1478 1591 apud
1502 1562 1526 1582 s,
1546 1551 1719 1588 Thomam,
1738 1552 1954 1592 processiones
1978 1552 2053 1582 istae
2074 1562 2139 1581 non
2155 1551 2391 1590 distinguuntur
2409 1561 2455 1581 se-

1391 1596 1467 1636 ipsis
1478 1597 1597 1636 primo.
1623 1597 1702 1631 Imo,
1720 1597 1908 1637 exponendo
1925 1597 1956 1637 ly
1972 1598 2083 1636 seipsis
2106 1606 2179 1626 cum
2197 1596 2388 1636 praecisione
2406 1605 2455 1625 or-

1393 1640 1473 1670 dinis
1498 1641 1742 1671 transcendentis
1767 1641 1804 1670 ad
1828 1640 1990 1680 principia,
2007 1640 2168 1675 terminos,
2190 1647 2219 1670 et
2235 1647 2334 1670 cetera
2350 1640 2458 1670 huius-

1392 1685 1501 1720 modi,
1533 1684 1634 1714 dicere
1658 1685 1746 1725 quod
1770 1685 2002 1723 distinguantur
2031 1684 2139 1724 seipsis
2162 1685 2277 1724 primo,
2309 1691 2355 1714 est
2377 1684 2455 1714 nihil

1393 1729 1503 1759 dicere.
1528 1729 1570 1759 Et
1592 1729 1669 1759 haec
1693 1729 1758 1759 duo
1775 1729 1955 1759 intendebat
1977 1729 2010 1758 in
2033 1729 2106 1758 loco
2126 1729 2272 1764 adducto,
2290 1736 2324 1759 ut
2340 1728 2457 1758 ibidem

1393 1779 1495 1813 patet:
1519 1773 1674 1813 quoniam
1698 1774 1736 1803 de
1761 1773 1903 1803 ultimate
1927 1773 2110 1803 distinctivis
2134 1773 2292 1813 loquitur,
2320 1780 2350 1802 et
2373 1772 2456 1812 prin-

1394 1817 1473 1857 cipia
1494 1809 1710 1858 terminosque
1734 1817 1898 1848 examinat.
1916 1818 1977 1848 Sed
1994 1817 2230 1856 distinguuntur
2245 1817 2330 1857 apud
2349 1817 2456 1857 ipsum

1394 1861 1567 1892 formaliter
1589 1871 1645 1901 per
1667 1862 1735 1891 illas
1768 1862 1955 1902 particulas,
1980 1871 2034 1891 seu
2065 1861 2267 1897 differentias,
2291 1861 2324 1891 in
2348 1871 2456 1891 earum
2496 1890 2503 1895 ,

1393 1905 1630 1936 definitionibus
1654 1906 1774 1936 clausas
1788 1906 1963 1942 intrinsece,
1981 1905 2096 1936 scilicet
2110 1915 2173 1945 per
2187 1905 2314 1935 modum
2331 1906 2455 1941 similis,

1395 1957 1425 1980 et
1441 1959 1505 1989 per
1529 1950 1656 1980 modum
1681 1951 1854 1990 impulsus,
1882 1957 1918 1980 ut
1945 1959 2086 1989 expresse
2111 1956 2195 1989 patet
2219 1949 2252 1979 in
2276 1949 2385 1979 littera.
2414 1949 2456 1979 Et

1392 1994 1478 2024 hunc
1502 2003 1630 2024 sensum
1654 1995 1817 2030 servando,
1835 2001 1940 2033 potest
1963 1994 2093 2024 concedi
2116 1993 2204 2034 quod
2221 1993 2457 2032 distinguuntur

1393 2037 1520 2078 seipsis;
1542 2038 1622 2068 sicut
1645 2038 1739 2068 etiarn
1763 2045 1867 2079 potest
1883 2038 1997 2068 eodem
2011 2038 2110 2068 modo
2131 2037 2261 2068 concedi
2277 2039 2315 2067 de
2329 2038 2409 2067 bove
2426 2043 2457 2067 et

1392 2082 1532 2112 homine.
1550 2083 1624 2112 Non
1648 2089 1753 2112 tamen
1778 2082 2001 2112 consuevimus
2026 2082 2209 2112 huiusmodi
2229 2091 2375 2111 sermone
2399 2081 2454 2117 uti,

1392 2127 1452 2156 nisi
1474 2126 1507 2156 in
1531 2126 1674 2157 ultimate
1698 2126 1880 2157 distinctivis
1905 2135 1934 2157 et
1954 2126 2115 2157 distinctis.
2133 2126 2194 2156 Sed
2212 2136 2279 2156 non
2300 2133 2346 2156 est
2361 2135 2456 2166 quae-

1393 2171 1453 2201 stio
1478 2170 1619 2201 facienda
1643 2171 1681 2200 de
1704 2171 1816 2201 verbis.

1451 2214 1535 2244 Hinc
1559 2222 1666 2245 autem
1698 2222 1783 2255 patet
1805 2215 1838 2244 in
1862 2215 1924 2245 hoc
1948 2215 2097 2250 Scotum,
2122 2214 2154 2244 in
2177 2224 2231 2244 xm
2258 2214 2456 2244 distinctione

1393 2259 1490 2289 Primi
1499 2258 1526 2294 *,
1543 2259 1703 2289 dissentire
1719 2269 1736 2288 a
1752 2259 1930 2289 s.Thoma:
1955 2258 2109 2299 quoniam
2130 2265 2215 2288 tenet
2237 2258 2310 2288 istas
2333 2267 2456 2297 proces-

1395 2303 1499 2333 siones
1515 2302 1664 2342 distingui
1680 2302 1789 2342 seipsis
1805 2303 1919 2342 primo,
1937 2303 1976 2333 ita
1993 2303 2081 2343 quod
2095 2303 2128 2332 in
2147 2302 2237 2332 nullo
2255 2302 2456 2333 conveniunt.

1394 2347 1459 2377 Nec
1482 2353 1589 2377 tamen
1612 2347 1718 2387 aliqua
1740 2347 1801 2377 hoc
1825 2347 1944 2377 ratione
1966 2348 2087 2386 probat.
2112 2347 2152 2377 Et
2170 2346 2202 2376 in
2220 2353 2370 2387 promptu
2395 2352 2459 2376 erat

1394 2397 1425 2421 et
1448 2400 1494 2422 est
1517 2398 1627 2421 contra
1649 2401 1724 2421 eum
1743 2391 1889 2427 obiectio,
1907 2391 1996 2430 quod
2012 2391 2087 2421 istae
2104 2390 2320 2430 processiones
2345 2400 2457 2420 conve-

1394 2435 1487 2465 niunt
1499 2435 1531 2465 in
1547 2435 1656 2465 multis
1672 2435 1855 2475 praedicatis
1871 2435 2100 2475 quidditativis;
2127 2442 2161 2464 ut
2184 2441 2260 2474 puta
2279 2435 2367 2474 quod
2385 2444 2458 2474 pro-

1395 2479 1494 2509 cessio
1519 2479 1642 2509 divinae
1666 2489 1828 2519 personae,
1853 2480 1941 2519 quod
1965 2478 2187 2509 immaterialis.

1063 2654 1380 2696 ARTICULUS
1412 2653 1666 2704 QUINTUS

697 2756 853 2787 UTRUM
877 2755 974 2786 SINT
997 2756 1161 2787 PLURES
1185 2755 1501 2787 PROCESSIONES
1526 2755 1569 2785 IN
1593 2754 1747 2785 DIVINIS
1773 2755 1898 2791 QUAM
1921 2755 2038 2785 DUAE

655 2843 690 2868 IV
711 2843 787 2867 Cont.
804 2843 891 2872 Gent„
911 2849 967 2875 cap.
981 2850 1051 2874 nvn
1072 2843 1114 2867 De
1132 2843 1200 2872 Poe„
1221 2850 1265 2874 qu.
1284 2849 1317 2871 tx,
1337 2846 1383 2866 art.
1403 2849 1433 2874 9;
1452 2849 1498 2874 qu.
1517 2849 1540 2871 x,
1561 2846 1607 2866 art.
1624 2848 1646 2870 2,
1667 2841 1698 2865 ad
1718 2845 1868 2873 argumenta
1888 2841 1943 2866 Sed
1961 2844 2064 2866 contra.

339 2954 369 2977 »2
407 2957 470 2994 a(
485 2945 507 2969 D
529 2944 691 2975 Qum-rum
711 2943 764 2968 s1c
783 2943 1022 2968 moeson-un.
1052 2931 1212 2968 Videtur
1231 2930 1337 2978 quod

402 2978 462 3037 ᾖ]
486 2985 559 3022 sint
572 2986 700 3034 plures
718 2984 981 3033 processiones
1001 2984 1038 3020 in
1060 2983 1196 3021 divinis
1220 2995 1336 3032 quam

349 3056 410 3085 «ῃ
420 3025 597 3081 ’(ὼηιε.
629 3038 733 3075 Sicut
761 3037 863 3074 enim
890 3037 1076 3074 scientia*
1098 3044 1132 3073 et
1161 3037 1339 3073 voluntas

329 3068 426 3125 »ξ’-Ψ)
441 3085 474 3127 K
487 3092 696 3128 attribuitur
715 3092 812 3137 Deo,
833 3091 883 3127 ita
902 3098 939 3127 et
961 3089 1141 3139 potentia.
1173 3089 1212 3126 Si
1230 3089 1340 3137 igitur

274 3144 486 3182 secundum
514 3144 747 3181 intellectum
777 3151 812 3180 et
838 3145 1075 3180 voluntatem
1105 3142 1340 3191 accipiuntur

273 3198 312 3235 in
340 3198 425 3234 Deo
455 3197 553 3234 duae
577 3197 854 3246 processiones,
874 3196 1026 3234 videtur
1045 3195 1149 3245 quod
1169 3195 1275 3232 tertia
1294 3195 1340 3232 sit

275 3250 495 3299 accipienda
523 3251 735 3288 secundum
764 3249 986 3299 potentiam.

330 3315 364 3340 2.
403 3304 645 3350 PRAETEREA,
685 3303 833 3341 bonitas
870 3301 1035 3340 maxime
1068 3301 1220 3338 videtur
1257 3313 1339 3338 esse

275 3356 503 3406 principium
523 3357 789 3403 processionis,
808 3368 895 3392 cum
916 3356 1062 3392 bonurn
1079 3354 1224 3391 dicatur
1238 3353 1258 3376 ’¹‘
1274 3354 1340 3391 dif-

275 3409 443 3447 fusivum
464 3410 522 3446 sui
542 3420 625 3445 esse
641 3409 670 3447 Ρ.
695 3410 855 3447 Videtur
874 3409 983 3457 igitur
1002 3407 1107 3456 quod
1127 3407 1339 3444 secundum

275 3462 484 3500 bonitatem
500 3463 626 3511 aliqua
639 3462 834 3511 processio
850 3462 888 3498 in
905 3461 1041 3498 divinis
1057 3460 1176 3508 accipi
1192 3460 1339 3496 debeat.

330 3595 356 3627 α)
375 3594 496 3620 scientia.
513 3607 531 3613 —-
549 3593 682 3625 sapientia
700 3593 754 3618 BD.

330 3629 355 3663 β)
374 3630 417 3655 sui
435 3637 499 3655 esse.
516 3643 536 3648 -
553 3629 596 3654 sui
613 3632 640 3654 et
658 3635 713 3653 esse
731 3627 887 3660 ACEFGpD
906 3632 933 3653 et
950 3628 1002 3654 ab.

1449 2931 1483 2966 3.
1513 2930 1746 2975 plumeam,
1777 2929 1900 2965 maior
1924 2937 1980 2966 est
2009 2930 2243 2966 fecunditatis
2271 2930 2388 2967 virtus
2417 2931 2455 2967 in

1393 2984 1478 3019 Deo
1507 2994 1623 3030 quarn
1653 2982 1692 3018 in
1720 2982 1843 3019 nobis.
1875 2982 1951 3019 Sed
1980 2982 2017 3018 in
2047 2983 2156 3019 nobis
2186 2995 2263 3019 non
2293 2992 2347 3019 est
2374 2991 2455 3020 tan-

1392 3044 1473 3072 tum
1501 3047 1579 3071 una
1613 3035 1807 3083 processio
1842 3035 1970 3081 verbi,
2007 3036 2073 3072 sed
2103 3031 2274 3072 multaez'
2294 3036 2382 3084 quia
2411 3048 2456 3072 ex

1393 3101 1471 3125 uno
1499 3089 1620 3125 verbo
1656 3088 1695 3124 in
1722 3087 1834 3124 nobis
1867 3088 2040 3136 procedit
2074 3089 2175 3125 aliud
2202 3090 2387 3134 verbum;
2417 3097 2454 3125 et

1394 3141 1562 3178 similiter
1600 3152 1644 3177 ex
1671 3152 1750 3177 uno
1780 3153 1910 3177 amore
1945 3142 2036 3177 alius
2067 3154 2186 3178 amor.
2223 3142 2324 3189 Ergo
2354 3149 2390 3178 et
2417 3142 2455 3178 in

1394 3196 1478 3231 Deo
1508 3201 1594 3230 sunt
1621 3194 1748 3242 plures
1777 3194 2040 3242 processiones
2070 3207 2185 3242 quam
2215 3195 2324 3231 duae.

1449 3248 1522 3283 SED
1552 3258 1697 3283 CONTRA
1725 3258 1790 3283 EST
1819 3247 1922 3295 quod
1962 3247 1999 3283 in
2037 3248 2120 3283 Deo
2156 3259 2234 3283 non
2272 3254 2359 3283 sunt
2386 3246 2454 3284 nisi

1394 3295 1470 3337 duo
1499 3299 1749 3349 procedentes
1769 3305 1795 3346 ⁷,
1827 3299 1966 3336 scilicet
1991 3300 2106 3336 Filius
2127 3307 2162 3336 et
2182 3299 2340 3348 Spiritus
2361 3300 2454 3336 San-

1396 3361 1487 3390 etus.
1519 3353 1620 3400 Ergo
1650 3360 1736 3388 sunt
1764 3352 1814 3388 ibi
1842 3360 1988 3389 tantum
2018 3352 2115 3389 duae
2142 3353 2418 3400 processiones.

1449 3407 1673 3442 RESPONDEO
1702 3416 1884 3442 DtCENDuM
1913 3405 2018 3454 quod
2042 3405 2306 3454 processiones
2334 3406 2372 3442 in
2401 3405 2455 3442 di-

1395 3459 1492 3495 vinis
1522 3458 1639 3506 accipi
1668 3469 1746 3493 non
1774 3466 1935 3506 possunt
1963 3458 2032 3495 nisi
2057 3458 2268 3495 secundum
2289 3459 2455 3496 actiones

1448 3591 1474 3623 γ)
1495 3590 1547 3614 duo
1563 3590 1744 3621 procedentes.
1761 3602 1781 3609 -
1799 3589 1868 3613 duae
1882 3596 2014 3621 personae
2028 3589 2203 3621 procedentes
2214 3589 2267 3619 ΑΕ,
2281 3590 2350 3615 duae
2360 3597 2455 3622 proce-

1397 3626 1486 3651 dentes
1506 3625 1534 3656 C,
1554 3625 1622 3649 duae
1637 3625 1819 3656 processiones
1833 3625 2007 3656 procedentes
2025 3625 2055 3650 F.

2484 2258 2494 2268 ⁸
2508 2258 2534 2278 In
2550 2263 2611 2284 resp.
2627 2257 2655 2278 ad

2485 2287 2574 2311 quaest.
