2768 4178
124 1009 135 1019 '
150 1008 187 1030 cf.
203 1014 267 1030 num.
282 1014 317 1029 111.

128 2252 169 2307 2¹31
177 2252 250 2300 {entv
260 2252 313 2274 dist.
321 2259 337 2280 1,

362 230 440 266 472

366 298 523 329 actionem
548 307 659 328 causae
681 296 860 337 superioris,
882 296 941 326 nisi
960 295 1153 336 inquantum
1168 305 1223 335 per
1240 295 1360 335 aliquid
1376 295 1433 325 sibi

365 342 532 382 proprium
549 341 731 381 dispositive
755 347 904 380 operatur
923 340 963 370 ad
983 340 1129 370 effectum
1144 339 1325 379 principalis
1341 349 1435 379 agen-

365 386 420 417 tis:
446 386 500 416 sed
516 386 643 416 nullum
667 394 762 424 agens
781 385 959 415 secundum
983 390 1088 424 potest
1112 383 1231 423 aliquid
1250 383 1435 424 dispositive

365 430 487 470 operari
510 430 550 460 ad
575 429 720 460 effectum
747 428 807 459 Dei
831 428 981 459 creantis:
1016 438 1090 467 ergo
1121 427 1210 458 nulla
1240 435 1345 468 potest
1369 437 1435 458 esse

365 484 458 505 causa
481 473 726 504 instrumentalis
746 473 785 503 ad
809 473 975 503 creationis
998 479 1114 502 actum.

419 518 522 548 Maior
551 518 703 558 probatur
733 517 918 557 dupliciter,
951 516 1097 547 ducendo
1129 515 1169 546 ad
1196 515 1434 547 inconveniens.

362 562 481 598 Primo,
502 562 577 602 quia
600 562 625 592 si
649 561 727 592 nihil
751 568 856 601 ageret
878 571 972 591 causa
990 560 1238 591 instrumentalis
1258 561 1435 591 secundum

364 607 422 638 sibi
446 606 631 647 proprium,
657 605 770 636 frustra
794 605 994 636 adhiberetur
1017 605 1056 634 ad
1080 605 1249 644 agendum.
1275 605 1433 641 Secundo,

364 651 439 692 quia
458 661 524 681 non
544 656 705 690 oporteret
728 660 795 680 esse
819 649 1025 680 determinata
1048 648 1258 680 instrumenta
1286 649 1434 679 determi-

364 702 510 726 natarum
526 694 699 725 actionum.
724 694 846 725 Deinde
861 693 1079 724 manifestatur
1095 693 1281 724 inductione
1304 694 1344 723 ad
1368 703 1436 723 sen-

364 748 455 770 sum:
480 738 555 780 quia
574 738 618 769 sic
631 738 777 769 videmus
800 738 833 769 in
852 738 963 773 securi,
981 744 1038 768 etc.
1055 754 1074 760 -
1090 737 1198 768 Minor
1213 747 1345 778 quoque
1361 747 1434 777 pro-

363 785 456 814 batur
484 783 660 823 dupliciter.
693 782 819 818 Primo,
845 792 882 812 ex
905 782 1059 813 termino:
1084 782 1160 822 quia
1188 792 1255 812 esse
1279 782 1433 818 absolute,

363 828 453 869 quod
467 834 514 858 est
529 827 677 867 proprius
702 826 829 857 effectus
849 826 990 862 creantis,
1016 826 1167 856 omnibus
1191 825 1259 856 aliis
1282 836 1434 866 praesup-

363 872 503 914 ponitur.
529 871 677 902 Secundo
695 881 732 902 ex
750 871 867 901 modo:
893 871 969 911 quia
984 870 1099 901 creatio
1116 880 1182 901 non
1199 876 1246 901 est
1262 880 1299 900 ex
1315 870 1433 911 aliquo,

363 923 394 948 et
417 916 460 947 sic
484 915 620 947 excludit
642 925 739 946 omne
763 915 963 956 disponibile.

421 961 502 991 XIII.
528 960 620 991 Circa
637 959 717 990 hanc
733 959 890 990 rationem
905 965 1077 990 occurrunt
1095 958 1300 990 obiectiones.
1325 959 1434 989 Primo

364 1005 465 1037 Scoti:
490 1004 581 1045 quia,
607 1004 662 1034 ubi
686 1013 781 1044 supra
799 1003 834 1039 ⁴²,
860 1003 1027 1044 dupliciter
1054 1003 1210 1034 maiorem
1239 1010 1434 1044 assumptam

363 1050 541 1090 impugnat,
557 1048 667 1079 volens
691 1058 762 1078 eam
778 1058 844 1078 esse
860 1048 973 1078 falsam
990 1058 1064 1078 cum
1080 1047 1134 1078 illa
1151 1047 1306 1087 particula
1331 1048 1436 1088 dispo-

362 1095 472 1131 sitive;
495 1093 562 1123 sine
576 1093 630 1123 illa
646 1099 763 1129 autern,
780 1102 874 1132 posse
894 1093 974 1123 bene
990 1099 1021 1123 et
1040 1091 1123 1122 male
1141 1092 1283 1132 intelligi.
1304 1093 1346 1123 Et
1361 1093 1436 1134 quia
1451 1123 1456 1127 ,

362 1141 484 1169 Auctor
508 1147 651 1177 expresse
674 1137 766 1177 ponit
789 1136 877 1167 illam
900 1136 1107 1177 particulam,
1133 1143 1164 1167 et
1186 1136 1219 1167 in
1241 1137 1295 1167 illa
1320 1137 1436 1168 consti-

363 1182 423 1213 tuit
445 1182 510 1212 vim
535 1181 632 1212 medii
655 1180 799 1218 termini,
824 1188 860 1212 ut
883 1188 988 1222 patet;
1020 1181 1093 1212 ideo
1125 1181 1249 1221 singula
1280 1181 1437 1213 afferenda

363 1233 437 1258 sunt
460 1226 614 1257 distincte.

421 1271 500 1302 Vult
515 1280 589 1310 ergo
606 1270 722 1311 primo,
745 1270 836 1311 quod
852 1280 946 1301 causa
961 1270 1210 1301 instrumentalis
1226 1280 1293 1301 non
1310 1277 1437 1311 oportet

363 1316 452 1357 quod
466 1315 579 1346 habeat
598 1315 756 1346 actionem
773 1314 945 1355 propriam.
966 1314 1068 1345 Cuius
1084 1314 1273 1355 oppositum
1288 1315 1322 1346 in
1335 1315 1437 1346 littera

363 1360 486 1392 dicitur.

422 1404 609 1435 Concedens
628 1413 760 1445 quoque
783 1403 874 1444 quod
893 1413 987 1435 causa
1002 1403 1250 1435 instrumentalis
1265 1404 1359 1436 habet
1382 1404 1436 1434 ali-

363 1449 441 1490 quid
465 1448 632 1489 proprium
655 1458 712 1488 per
734 1448 824 1488 quod
848 1447 926 1488 agit,
950 1454 1044 1488 negat
1067 1448 1157 1488 quod
1180 1458 1237 1488 per
1259 1448 1339 1479 illud
1362 1459 1436 1489 pro-

362 1493 469 1534 prium
492 1493 606 1523 habeat
627 1492 786 1523 actionem
805 1491 866 1522 nisi
881 1492 914 1522 in
930 1492 1046 1523 virtute
1059 1491 1250 1533 'principalis
1266 1493 1397 1534 agentis.
1415 1511 1436 1516 -

362 1539 404 1569 Et
426 1538 488 1568 hoc
511 1537 643 1578 probat:
675 1536 751 1578 quia
777 1537 810 1567 in
834 1546 1039 1578 quacumque
1062 1537 1186 1568 actione
1215 1547 1314 1578 quam
1342 1538 1437 1569 habet

362 1583 611 1613 instrumentum
635 1581 749 1612 nonin
764 1581 879 1612 virtute
899 1580 1080 1621 principalis
1099 1581 1228 1622 agentis,
1249 1582 1282 1612 in
1296 1582 1350 1613 illa
1369 1593 1435 1614 non
1453 1598 1455 1600 ·

363 1633 410 1658 est
431 1627 690 1662 instrumentum,
716 1626 770 1656 sed
794 1625 967 1666 principale
991 1635 1096 1666 agens.

423 1671 543 1706 Tertio,
560 1670 663 1710 arguit
678 1677 787 1701 contra
801 1670 834 1711 ly
849 1670 1042 1710 dispositive.
1064 1670 1315 1702 instrumentum
1330 1679 1436 1713 potest

363 1716 513 1756 attingere
530 1715 677 1746 effectum
692 1714 874 1755 principalis
890 1714 1025 1754 agentis:
1047 1725 1121 1755 ergo
1139 1725 1205 1746 non
1221 1723 1348 1756 oportet
1364 1717 1435 1748 uni-

362 1760 521 1791 versaliter
544 1759 634 1800 quod
657 1766 728 1799 agat
751 1758 945 1799 dispositive.
969 1777 989 1782 -
1009 1760 1208 1790 Antecedens
1232 1762 1432 1799 conceditur,

362 1804 476 1846 inquit,
501 1803 596 1835 etiarn
619 1804 657 1834 ab
681 1803 764 1844 ipso,
787 1803 868 1834 idest
892 1814 915 1834 S.
933 1804 1072 1840 Thoma,
1097 1804 1181 1841 alibi,
1206 1805 1324 1836 scilicet
1342 1807 1374 1837 in
1392 1807 1435 1838 IV

363 1849 463 1887 Sem„
480 1849 550 1880 dist.
568 1859 588 1884 ι,
606 1858 660 1889 qu.
678 1859 698 1884 1,
716 1855 772 1879 art.
789 1858 830 1885 ιν,
847 1858 902 1888 qu.
918 1858 939 1879 1.
960 1848 1002 1879 Et
1017 1848 1236 1880 manifestatur
1250 1849 1283 1880 in
1298 1849 1435 1883 factione

363 1899 520 1930 monetae,
546 1899 576 1923 et
599 1892 796 1933 sigillatione.

423 1938 557 1975 Quarto,
574 1937 694 1969 invehit
713 1943 822 1968 contra
843 1936 1026 1977 exemplum
1042 1937 1081 1968 de
1097 1937 1199 1968 securi
1223 1945 1254 1969 et
1269 1938 1434 1978 similibus,

363 1983 473 2013 volens
492 1982 581 2023 quod
605 1992 642 2012 ex
664 1982 713 2012 his
737 1991 803 2012 non
827 1988 932 2022 potest
955 1981 1035 2012 trahi
1058 1982 1227 2014 intentum.
1253 1983 1337 2021 Quia
1361 1993 1435 2017 sunt

363 2027 572 2058 instrumenta
602 2026 642 2056 ad
665 2026 825 2058 actionem
855 2026 1016 2067 praeviam
1045 2026 1132 2057 alteri
1155 2027 1288 2059 actioni:
1318 2030 1435 2061 securis

364 2071 449 2102 enim
474 2078 520 2102 est
541 2071 766 2102 istrumentum
790 2071 831 2101 ad
847 2070 1043 2107 scissionem,
1063 2081 1145 2112 quae
1162 2078 1208 2103 est
1224 2073 1349 2113 praevia
1372 2074 1435 2105 for-

364 2116 498 2147 mationi
522 2115 651 2146 scamni.
675 2116 751 2146 Non
775 2115 819 2146 sic
842 2122 949 2146 autem
973 2122 1020 2146 est
1035 2115 1068 2146 in
1088 2116 1239 2147 omnibus
1264 2118 1366 2149 causis
1389 2119 1435 2150 in-

365 2160 636 2191 strumentalibus:
654 2160 809 2200 quoniam
825 2160 931 2200 aliqua
943 2167 1017 2191 sunt
1032 2160 1251 2198 instrumenta,
1265 2169 1301 2193 ut
1313 2163 1435 2195 dictum

365 2211 420 2241 est,
445 2205 485 2235 ad
508 2205 610 2235 solam
633 2204 722 2234 illam
745 2204 903 2235 actionem
927 2215 991 2245 qua
1009 2205 1191 2245 principalis
1215 2206 1342 2238 effectus
1365 2207 1410 2239 fit.

417 2249 500 2280 XIV.
513 2248 683 2279 Durandus
699 2248 810 2279 deinde
827 2248 928 2288 arguit
937 2249 964 2285 *,
983 2249 1095 2280 volens
1107 2249 1223 2289 primo,
1245 2251 1335 2291 quod
1351 2253 1432 2283 ratio

366 2293 519 2334 supponit
542 2303 645 2323 unum
662 2292 787 2329 falsum,
806 2292 922 2323 scilicet
937 2293 1027 2334 quod
1050 2293 1156 2323 omnis
1179 2304 1274 2325 causa
1297 2297 1436 2327 secunda

365 2338 404 2368 sit
427 2348 521 2368 causa
544 2337 792 2368 instrumentalis
815 2344 958 2377 respectu
982 2338 1053 2368 Dei.
1078 2338 1160 2374 Hoc,
1177 2338 1291 2380 inquit,
1309 2347 1355 2371 est
1378 2341 1434 2371 fal-

364 2391 452 2413 sum:
477 2381 633 2423 quoniam
656 2382 787 2422 angelus
810 2382 901 2412 nullo
925 2383 1025 2413 modo
1049 2388 1198 2413 movetur
1221 2393 1239 2413 a
1253 2384 1334 2421 Deo,
1359 2395 1434 2416 cum

363 2427 436 2467 agit.
461 2445 482 2450 —
505 2426 546 2457 Et
568 2433 743 2466 praeterea,
768 2433 952 2467 sequeretur
978 2427 1068 2468 quod
1096 2437 1229 2458 omnem
1258 2429 1435 2460 naturalem

363 2471 523 2502 actionem
545 2478 729 2512 sequeretur
753 2470 881 2502 effectus
904 2470 974 2501 Dei.

423 2515 580 2552 Secundo,
605 2515 695 2556 quod
718 2515 808 2552 ratio,
832 2515 865 2545 in
889 2516 1028 2546 secunda
1052 2516 1220 2556 praecipue
1243 2518 1432 2557 probatione

363 2560 510 2596 minoris,
535 2560 689 2601 supponit
711 2559 799 2590 aliud
821 2559 948 2596 falsum,
973 2559 1090 2591 scilicet
1109 2561 1199 2601 quod
1222 2562 1327 2593 omnis
1351 2563 1434 2594 actio

364 2615 474 2635 causae
499 2604 655 2635 secundae
679 2604 718 2635 sit
741 2614 778 2635 ex
801 2604 953 2635 subiecto.
980 2605 1062 2641 Hoc,
1086 2604 1200 2646 inquit,
1225 2616 1290 2636 non
1310 2614 1357 2638 est
1380 2617 1433 2638 ne-

364 2649 543 2680 cessarium.
569 2648 654 2686 Quia
678 2659 744 2680 non
768 2648 874 2679 minus
898 2655 1004 2689 potest
1027 2649 1115 2680 Deus
1131 2659 1274 2691 separare
1290 2651 1434 2682 accidens

363 2704 382 2724 a
405 2693 546 2724 subiecto
571 2694 650 2724 dum
672 2692 708 2724 fit
731 2704 748 2724 a
771 2693 905 2724 naturali
936 2700 1064 2734 agente,
1089 2704 1187 2735 quam
1216 2705 1291 2726 cum
1314 2695 1434 2727 factum

364 2745 418 2769 est.
444 2739 538 2769 Tunc
562 2737 614 2768 sic.
639 2738 768 2779 Separet
790 2738 878 2768 Deus
897 2738 1041 2769 accidens
1060 2748 1078 2768 a
1097 2738 1250 2776 subiecto,
1271 2740 1350 2771 dum
1365 2740 1401 2772 fit
1417 2751 1434 2772 a

363 2783 498 2814 naturali
521 2789 647 2823 agente:
673 2792 748 2823 ergo
772 2782 852 2813 illud
875 2781 941 2813 fieri
961 2783 1019 2814 erit
1042 2793 1108 2814 non
1125 2793 1162 2814 ex
1185 2784 1342 2815 subiecto:
1368 2795 1435 2816 non

363 2838 437 2868 ergo
454 2827 498 2858 sic
517 2834 643 2868 oportet
663 2837 790 2858 causam
815 2828 988 2858 secundam
1011 2837 1103 2868 agere
1126 2838 1163 2859 ex
1186 2828 1338 2866 subiecto,
1356 2830 1434 2871 quin

362 2872 463 2913 possit
486 2871 674 2912 oppositum
698 2871 804 2902 divina
826 2870 893 2902 fieri
915 2872 1069 2913 potentia.

422 2916 491 2947 XV.
512 2916 564 2947 Ad
586 2916 776 2948 evidentiam
800 2915 894 2947 huius
919 2916 1121 2954 difficultatis,
1142 2917 1221 2948 scito
1245 2919 1344 2959 quod,
1364 2918 1435 2950 uni-

363 2961 522 2992 versaliter
543 2961 724 3002 loquendo,
750 2960 916 3000 dupliciter
946 2961 1078 3002 intelligi
1107 2969 1213 3005 potest
1236 2972 1365 2994 causam
1388 2963 1435 2994 in-

365 3005 603 3036 strumentalem
627 3005 747 3046 exigere
771 3005 938 3043 actionem,
957 3005 1074 3037 scilicet
1089 3006 1253 3047 propriam
1271 3014 1302 3038 et
1321 3008 1435 3048 princi-

364 3050 443 3091 palis
459 3050 587 3090 agentis.
613 3050 687 3081 Uno
703 3049 803 3080 modo
821 3050 874 3086 sic,
891 3057 926 3081 ut
942 3050 1004 3082 sint
1020 3051 1101 3082 duae
1125 3050 1264 3082 actiones
1283 3052 1436 3083 habentes

365 3094 501 3125 diversas
525 3104 573 3125 res
589 3104 647 3135 pro
662 3094 814 3131 terminis,
839 3094 920 3125 sicut
936 3095 1021 3126 calor
1044 3095 1168 3126 animae
1191 3102 1222 3127 et
1241 3096 1382 3128 calefacit
1405 3104 1436 3128 et

365 3145 492 3179 generat
515 3149 651 3170 carnem.
676 3139 717 3170 Et
735 3138 807 3175 hoc,
827 3138 946 3169 iudicio
965 3149 1049 3176 meo,
1067 3150 1134 3170 non
1150 3146 1196 3171 est
1212 3141 1434 3173 necessarium.

365 3183 406 3214 Et
429 3190 536 3214 contra
560 3183 621 3214 hoc
638 3183 739 3214 tendit
753 3183 877 3214 Scotus.
894 3201 915 3206 -
931 3183 1005 3214 Alio
1022 3185 1122 3215 modo
1141 3184 1194 3222 sic,
1215 3191 1251 3216 ut
1270 3195 1333 3216 una
1357 3195 1435 3227 ope-

366 3227 454 3263 ratio,
470 3235 567 3268 prout
586 3234 632 3258 est
646 3238 683 3258 ex
698 3227 827 3268 propria
841 3227 1042 3259 instrumenti
1065 3229 1190 3266 virtute,
1206 3229 1299 3261 faciat
1314 3229 1435 3271 aliquid

365 3272 528 3311 praevium
552 3272 662 3302 ordine
686 3279 815 3303 naturae
838 3272 867 3302 ei
885 3273 975 3313 quod
998 3273 1072 3304 facit
1090 3280 1187 3314 prout
1205 3281 1252 3305 est
1267 3284 1305 3305 ex
1320 3274 1435 3306 virtute

366 3316 546 3357 principalis
575 3316 711 3356 agentis:
746 3316 827 3347 sicut
854 3316 974 3347 situalis
1005 3318 1197 3358 compositio
1225 3318 1373 3360 trianguli
1398 3329 1435 3349 ex

364 3359 478 3391 virtute
507 3360 628 3391 motiva
658 3360 754 3391 simul
778 3361 869 3401 ponit
891 3368 954 3391 tres
976 3361 1097 3401 virgas,
1122 3372 1159 3393 ex
1182 3362 1303 3394 ratione
1326 3369 1434 3394 autem

366 3403 439 3435 facit
454 3404 592 3435 formam
607 3404 765 3445 trianguli,
782 3405 869 3436 nulla
884 3405 944 3435 alia
959 3406 1082 3436 actione
1099 3407 1256 3439 adiuncta.
1275 3407 1317 3438 Et
1331 3407 1434 3438 simile

367 3455 413 3478 est
434 3446 467 3478 in
492 3449 670 3489 sculpturis.
694 3450 734 3480 Et
757 3450 819 3480 hoc
843 3456 889 3480 est
911 3449 1140 3487 indubitatum,
1166 3458 1196 3483 et
1219 3451 1386 3493 intentum.

425 3492 555 3523 Certum
579 3493 720 3534 quidem,
744 3494 819 3535 quia
843 3494 949 3524 omnis
973 3504 1066 3525 causa
1089 3495 1337 3527 instrumentalis
1360 3506 1434 3537 pro-

366 3535 468 3576 priam
491 3537 631 3577 aliquam
646 3538 795 3569 virtutem
815 3538 948 3569 activam
965 3538 1071 3570 habet:
1097 3539 1249 3581 alioquin,
1273 3547 1310 3572 ut
1331 3540 1365 3571 in
1383 3540 1432 3572 lit-

366 3587 432 3611 tera
455 3580 582 3618 dicitur,
608 3582 721 3613 frustra
751 3583 790 3613 ad
814 3583 974 3623 agendum
997 3591 1224 3622 assumeretur,
1249 3591 1307 3616 etc.
1332 3584 1432 3616 Omni

1059 215 1327 263 QUAESTIO
1358 215 1478 263 XLV,
1509 216 1808 253 ARTICULUS
1837 216 1872 253 V

1489 302 1597 326 autem
1619 295 1728 326 virtuti
1751 295 1869 326 activae
1898 296 2070 336 respondet
2093 294 2213 335 aliquid
2236 305 2292 335 per
2316 305 2386 326 eam
2409 295 2561 327 factibile:

1489 340 1633 380 alioquin
1659 346 1739 370 esset
1762 340 1862 370 activa
1886 339 1985 370 nihili.
2011 340 2052 370 Et
2076 349 2150 370 cum
2167 346 2291 370 constet
2313 340 2403 380 quod
2421 340 2564 380 primum

1489 384 1522 414 in
1537 383 1713 415 intentione
1733 391 1780 414 est
1798 384 1950 415 ultimum
1966 384 1999 414 in
2014 383 2233 424 generatione;
2259 391 2289 415 et
2313 383 2412 424 quod,
2431 394 2562 415 concur-

1489 429 1630 459 rentibus
1654 438 1748 459 causa
1768 428 1934 469 principali
1949 435 1980 459 et
1997 428 2231 459 instrumentali
2250 428 2356 464 simul,
2371 428 2514 468 primum
2529 428 2564 459 in

1489 472 1665 503 intentione
1690 479 1736 503 est
1760 472 1888 504 effectus
1919 473 2096 503 secundum
2118 472 2151 502 id
2175 472 2264 513 quod
2291 472 2386 503 habet
2409 483 2446 503 ex
2469 483 2564 503 causa

1490 517 1670 558 principali:
1695 527 1894 558 consequens
1919 524 1965 548 est
1988 517 2077 558 quod
2100 516 2133 547 id
2157 516 2246 557 quod
2269 516 2364 547 habet
2382 516 2510 547 effectus
2526 526 2564 547 ex

1490 571 1584 592 causa
1602 561 1845 598 instrumentali,
1863 568 1910 592 est
1924 561 2089 602 praevium
2104 560 2132 591 ei
2148 561 2238 601 quod
2253 567 2300 592 est
2316 570 2353 591 ex
2368 571 2463 592 causa
2478 560 2563 601 prin—

1491 605 1600 646 cipali;
1626 605 1690 636 sive
1713 606 1767 636 illa
1791 607 1857 637 duo
1881 606 1943 636 sint
1970 606 2090 637 multae
2114 615 2178 642 res,
2204 605 2269 635 sive
2293 615 2375 641 una,
2401 611 2431 636 et
2455 605 2563 636 distin-

1490 657 1628 689 guantur
1651 657 1687 681 ut
1710 660 1758 681 res
1783 657 1814 681 et
1836 651 1954 681 modus
1969 650 2048 689 eius,
2066 650 2131 680 sive
2146 650 2261 691 quovis
2277 649 2341 680 alio
2357 649 2468 686 modo,
2485 649 2564 680 nihil

1490 693 1592 724 refert.
1889 708 1895 712 ·

1545 738 1709 769 Intentum
1727 745 1845 775 autem,
1861 739 1937 780 quia
1952 745 1983 770 et
1998 739 2132 769 nomina
2146 739 2302 774 alludunt,
2317 744 2347 768 et
2366 737 2475 769 efficax
2490 748 2564 779 pro-

1491 792 1596 812 cessus
1628 789 1684 813 est.
1717 783 1857 813 Nomine
1888 783 1974 813 enim
2003 783 2220 823 dispositionis
2249 782 2435 822 intelligitur
2467 792 2564 812 omne

1490 826 1713 866 praeveniens:
1739 834 1770 857 et
1792 827 1924 857 nomine
1941 829 2098 867 propriae
2121 828 2257 859 actionis
2280 826 2464 867 intelligitur
2487 836 2564 867 ope-

1489 870 1569 901 ratio
1586 870 1779 911 inquantum
1795 877 1841 901 est
1857 881 1894 901 ex
1909 871 2111 902 instrumenti
2121 872 2246 903 virtute.
2260 890 2280 894 -
2293 870 2440 902 Efficacia
2456 878 2565 901 autem

1490 924 1657 955 processus
1679 915 1790 956 liquet.
1817 915 1983 952 Quoniam
2006 915 2032 945 si
2056 915 2162 946 omnis
2192 926 2286 946 causa
2315 915 2563 946 instrumentalis

1491 966 1599 990 causat
1621 959 1735 990 virtute
1763 959 1892 1000 propria
1922 959 2043 1000 aliquid
2074 959 2240 1000 praevium
2269 960 2405 991 termino
2437 959 2564 990 formali

1490 1003 1671 1043 principalis
1695 1003 1832 1044 agentis;
1853 1011 1884 1035 et
1897 1004 1931 1034 in
1947 1003 2105 1035 creatione
2121 1003 2200 1034 nihil
2214 1010 2320 1044 potest
2335 1003 2456 1035 causari
2474 1013 2564 1044 prae-

1489 1047 1580 1077 vium
1602 1058 1811 1089 quocumque
1835 1049 1952 1079 modo:
1978 1058 2177 1089 consequens
2199 1054 2246 1079 est
2267 1048 2391 1079 nullam
2413 1058 2508 1088 posse
2531 1048 2565 1078 in

1491 1092 1626 1123 creando
1649 1092 1924 1124 instrumentalem
1948 1102 2076 1123 causam
2100 1102 2295 1124 concurrere.
2480 1118 2487 1122 .

1549 1137 1633 1168 XVI.
1659 1137 1751 1168 Unde
1775 1137 1815 1167 ad
1838 1137 1975 1168 rationes
2006 1137 2093 1168 Scoti
2111 1137 2146 1173 *,
2171 1147 2253 1178 quae
2282 1143 2392 1167 contra
2422 1136 2566 1176 primum

1490 1191 1620 1211 sensum
1643 1182 1787 1218 tendunt,
1812 1182 2004 1222 respondere
2028 1181 2174 1222 quamvis
2197 1181 2279 1213 forte
2302 1191 2370 1211 non
2394 1187 2566 1221 oporteret,

1491 1225 1563 1256 dico
1579 1232 1688 1257 tamen
1707 1226 1797 1267 quod
1813 1236 1907 1257 causa
1925 1226 2174 1257 instrumentalis
2197 1226 2292 1257 habet
2308 1225 2468 1257 actionem
2490 1235 2565 1265 pro-

1490 1269 1602 1310 priam,
1628 1270 1861 1301 coincidentem
1884 1277 1991 1301 tamen
2015 1270 2216 1301 materialiter
2232 1280 2308 1301 cum
2323 1269 2446 1301 actione
2465 1279 2566 1310 quam

1491 1314 1586 1346 habet
1607 1321 1645 1346 ut
1666 1315 1914 1346 instrumentum
1939 1315 2068 1355 agentis.

1548 1359 1590 1390 Et
1613 1369 1697 1396 cum,
1723 1359 1879 1396 secundo,
1905 1359 2020 1390 dicitur
2042 1359 2132 1400 quod
2155 1358 2314 1400 quidquid
2337 1365 2487 1399 operatur
2509 1367 2567 1399 per

1490 1403 1569 1434 illud
1588 1404 1765 1445 proprium,
1791 1411 1899 1435 causat
1915 1404 1950 1434 in
1965 1404 2080 1435 virtute
2099 1403 2282 1444 principalis
2298 1403 2435 1443 agentis:
2459 1409 2566 1444 potest

1490 1448 1658 1489 dupliciter
1675 1448 1817 1488 intelligi.
1841 1447 1961 1485 Primo,
1978 1448 2037 1479 sic:
2058 1448 2092 1478 in
2105 1448 2220 1479 virtute
2235 1447 2418 1488 principalis
2433 1446 2565 1487 agentis,

1490 1492 1571 1523 idest
1587 1502 1652 1533 per
1675 1494 1825 1524 virtutem
1851 1493 2080 1533 principaliter
2109 1494 2297 1523 existentem
2329 1493 2362 1523 in
2387 1491 2566 1533 principali

1490 1542 1618 1578 agente.
1643 1537 1685 1568 Et
1707 1537 1751 1568 sic
1775 1544 1822 1568 est
1850 1537 2056 1569 falsissimum
2069 1546 2082 1567 ι’
2101 1537 2256 1578 quoniam
2279 1547 2336 1577 per
2358 1536 2509 1568 virtutem
2530 1535 2566 1567 in

1490 1591 1533 1617 se,
1551 1587 1582 1612 et
1597 1591 1664 1612 non
1679 1581 1712 1612 in
1728 1582 1904 1622 principali,
1926 1589 2033 1613 causat
2051 1581 2131 1612 illud
2150 1582 2334 1623 proprium;
2359 1580 2513 1622 alioquin,
2529 1586 2568 1612 ut

1490 1626 1664 1657 deductum
1684 1633 1730 1658 est
1745 1625 1773 1662 θ,
1798 1636 1854 1667 per
1876 1626 1957 1657 illud
1980 1626 2148 1667 proprium
2171 1626 2250 1656 nihil
2265 1625 2387 1667 proprii
2403 1624 2527 1657 faceret.
2545 1642 2566 1648 -

1490 1670 1564 1701 Alio
1589 1671 1688 1701 modo
1706 1670 1766 1701 sic:
1790 1670 1824 1701 in
1847 1670 1962 1702 virtute
1986 1670 2169 1711 principalis
2192 1670 2322 1711 agentis,
2346 1670 2428 1701 idest
2450 1674 2486 1701 ut
2500 1674 2566 1701 stat

1488 1714 1737 1756 suhprincipali
1749 1720 1877 1756 agente.
1903 1715 1944 1746 Et
1959 1715 2003 1746 sic
2017 1715 2143 1746 videtur
2158 1725 2281 1746 verum.
2299 1714 2463 1752 Quoniam
2479 1713 2566 1755 prin-

1490 1759 1590 1799 cipale
1604 1769 1700 1799 agens
1716 1759 1884 1800 dupliciter
1902 1769 1936 1790 se
1959 1759 2054 1790 habet
2069 1759 2109 1789 ad
2125 1769 2255 1790 causam
2270 1758 2564 1790 instrumentalem:

1490 1803 1607 1835 scilicet
1629 1811 1666 1834 ut
1688 1811 1781 1835 utens
1804 1803 1933 1845 propria
1955 1803 2158 1834 instrumenti
2180 1803 2312 1840 virtute;
2337 1810 2368 1834 et
2387 1810 2423 1834 ut
2438 1803 2566 1834 elevans

1488 1847 1592 1888 ipsam
1620 1848 1661 1878 ad
1684 1847 1805 1888 aliquid
1834 1848 1929 1879 altius
1959 1848 2171 1884 causandum,
2200 1848 2361 1879 intentum
2384 1847 2502 1879 scilicet
2525 1848 2565 1878 ab

1488 1892 1558 1932 ipsa
1581 1892 1746 1933 principali
1771 1903 1874 1923 causa.
1899 1893 1940 1923 Et
1963 1892 2007 1923 sic
2030 1893 2295 1929 instrumentum,
2325 1892 2366 1923 ad
2388 1892 2452 1923 hoc
2474 1892 2566 1933 quod

1489 1936 1528 1968 sit
1550 1936 1817 1974 instrumentum,
1846 1936 1941 1977 exigit
1963 1937 2113 1968 virtutem
2141 1943 2172 1968 et
2199 1937 2359 1968 actionem
2386 1935 2563 1977 propriam,

1489 1988 1520 2012 et
1541 1980 1818 2022 participationem
1841 1981 1974 2012 actionis
1997 1981 2190 2022 principalis.
2214 1981 2256 2013 Et
2278 1981 2351 2012 licet
2372 1980 2405 2012 in
2425 1980 2566 2012 secunda

1488 2033 1614 2057 tantum
1637 2026 1760 2057 dicatur
1782 2026 1911 2067 proprie
1934 2025 2216 2057 instrumentaliter
2237 2034 2380 2062 causare,
2405 2025 2439 2056 in
2461 2025 2565 2066 prima

1489 2078 1597 2102 tamen
1620 2081 1687 2101 non
1711 2070 1826 2101 dicitur
1849 2080 1944 2111 agens
1969 2070 2158 2111 principale,
2184 2070 2240 2101 sed
2261 2080 2403 2102 causans
2426 2079 2468 2101 ex
2484 2079 2564 2111 pro—

1482 2116 1561 2155 pria
1586 2116 1714 2146 virtute.
1739 2115 1832 2146 Unde
1856 2115 2084 2156 consequentia
2107 2115 2203 2151 Scoti‚
2228 2116 2261 2146 in
2280 2115 2342 2146 hac
2359 2115 2487 2146 actione
2499 2124 2564 2146 non

1489 2165 1603 2190 causat
1618 2161 1650 2190 in
1669 2161 1787 2191 virtute
1803 2160 1995 2200 principalis
2010 2161 2149 2201 agentis,
2175 2169 2256 2201 ergo
2272 2160 2374 2200 ipsum
2399 2164 2446 2191 est
2460 2168 2565 2201 agens

1482 2205 1686 2244 principale,
1711 2214 1778 2234 non
1801 2204 1902 2235 valet:
1931 2214 1999 2234 non
2029 2204 2116 2234 enim
2140 2210 2267 2245 oportet
2289 2203 2396 2245 quod,
2419 2210 2565 2245 respectu

1489 2248 1595 2279 omnis
1614 2248 1757 2284 actionis,
1775 2258 1869 2279 causa
1884 2248 1924 2279 sit
1943 2255 1998 2279 aut
2021 2248 2202 2289 principalis
2225 2255 2280 2280 aut
2302 2247 2564 2285 instrumentalis,

1488 2292 1616 2332 proprie
1646 2292 1828 2334 loquendo;
1860 2293 1916 2322 sed
1949 2293 2041 2323 datur
2068 2293 2230 2329 medium,
2260 2293 2377 2324 scilicet
2403 2292 2493 2334 quod
2517 2297 2566 2324 eet

1488 2346 1588 2367 causa
1613 2337 1870 2379 instrumentalis
1893 2347 1935 2367 ex
1952 2338 2099 2377 propriis
2122 2337 2213 2368 illam
2238 2347 2387 2368 causans.
2419 2336 2564 2368 Extensis

1489 2388 1596 2412 tamen
1619 2381 1792 2417 vocabulis,
1817 2388 1922 2422 potest
1945 2381 2006 2412 dici
2030 2388 2061 2412 et
2077 2391 2171 2412 causa
2193 2381 2443 2412 instrumentalis
2467 2381 2564 2412 etiam

1487 2424 1572 2456 illius
1596 2425 1744 2466 propriae
1767 2425 1917 2463 actionis,
1942 2436 2001 2466 pro
2025 2432 2147 2467 quanto
2170 2425 2234 2466 agit
2257 2425 2414 2466 applicata
2437 2425 2476 2456 ab
2499 2425 2563 2456 alio

1489 2467 1584 2512 (sicut
1598 2470 1674 2511 quia
1689 2469 1796 2500 anima
1810 2470 1911 2501 utitur
1925 2469 2129 2501 calefactione
2143 2471 2184 2500 ad
2197 2470 2437 2510 generationem
2450 2469 2563 2506 carnis,

1488 2514 1612 2545 animae
1628 2514 1714 2545 calor
1729 2521 1834 2555 potest
1851 2514 1912 2545 dici
1926 2514 2175 2546 instrumentum
2195 2514 2320 2545 animae
2339 2513 2435 2545 etiam
2457 2513 2491 2544 in
2513 2523 2564 2546 ea-

1487 2557 1696 2602 lefaciendo):
1722 2566 1752 2590 et
1775 2565 1880 2599 potest
1904 2558 1964 2590 dici
1989 2569 2083 2600 causa
2111 2558 2310 2600 principalis,
2336 2558 2412 2599 quia
2435 2557 2566 2599 propria

1487 2603 1603 2635 virtute
1626 2610 1742 2635 causat.
1772 2604 1839 2634 Nec
1862 2603 2061 2640 inconvenit,
2086 2603 2154 2634 imo
2177 2610 2305 2644 oportet
2328 2612 2461 2634 omnem
2490 2611 2564 2634 cau·

1488 2658 1558 2679 sam
1580 2648 1856 2679 instrumentalem
1882 2658 1950 2679 esse
1972 2648 2017 2679 sic
2041 2647 2265 2689 principalem,
2290 2647 2370 2678 idest
2392 2646 2565 2678 habentem

1488 2693 1653 2734 propriam
1677 2693 1836 2729 virtutem,
1860 2692 2082 2724 diversimode.
2105 2693 2173 2724 Nec
2195 2692 2259 2723 hoc
2281 2691 2403 2728 accidit,
2427 2691 2483 2722 sed
2505 2701 2563 2732 per

1488 2747 1521 2768 se
1546 2737 1695 2768 convenit
1723 2737 1954 2773 instrumento,
1979 2737 2061 2769 sicut
2091 2737 2266 2778 unicuique
2289 2735 2412 2767 formae
2434 2735 2564 2777 propria

1488 2782 1634 2813 materia:
1659 2781 1739 2813 ratio
1759 2792 1899 2823 namque
1922 2781 2125 2813 instrumenti
2148 2791 2215 2812 non
2234 2780 2295 2812 nisi
2309 2781 2343 2811 in
2359 2779 2489 2822 propria
2501 2779 2564 2811 vir-

1488 2833 1555 2858 tute
1583 2826 1684 2858 activa
1712 2826 1825 2857 salvari
1853 2833 1972 2867 potest,
2005 2826 2086 2858 sicut
2114 2826 2195 2857 ratio
2225 2825 2367 2856 hominis
2389 2825 2424 2855 in
2447 2823 2564 2855 talibus

1488 2871 1633 2902 carnibus
1657 2878 1688 2902 et
1711 2871 1846 2902 ossibus.
2390 2883 2392 2887 ·

1548 2915 1600 2946 Ad
1626 2916 1755 2947 tertium
1777 2925 1870 2952 vero,
1900 2922 2033 2956 negatur
2061 2914 2304 2956 consequentia,
2327 2913 2490 2954 pertingit
2518 2912 2562 2944 ad

1489 2960 1634 2991 ultimam
1648 2959 1800 3001 formam
1823 2961 2026 3001 quandoque,
2052 2969 2132 3002 ergo
2149 2969 2212 2990 non
2227 2958 2419 2999 dispositive.
2444 2956 2561 2998 Dispo-

1488 3005 1595 3035 nendo
1619 3014 1759 3046 namque
1783 3015 1820 3035 ex
1835 3005 1981 3045 propriis,
1998 3004 2148 3046 pertingit
2170 3004 2210 3034 ad
2227 3003 2379 3034 ultimum
2394 3011 2432 3033 ex
2446 3001 2564 3033 virtute

1488 3049 1608 3090 agentis
1623 3049 1816 3090 principalis,
1835 3049 1931 3080 etiam
1946 3049 2104 3080 sumendo
2121 3047 2364 3090 dispositionem
2378 3055 2438 3088 pro
2455 3045 2563 3087 dispo-

1488 3093 1601 3125 sitione
1625 3094 1748 3125 realiter
1767 3093 1930 3131 distincta;
1955 3101 1991 3125 ut
2014 3093 2133 3124 ibidem
2156 3093 2210 3123 dat
2232 3094 2355 3124 Auctor
2378 3090 2563 3131 exemplum

1488 3138 1526 3169 de
1550 3138 1754 3180 qualitatibus
1777 3137 1885 3170 activis
1909 3145 1940 3169 et
1962 3137 2074 3169 formis
2097 3136 2300 3174 naturalium,
2326 3142 2358 3167 et
2379 3145 2436 3177 per
2458 3144 2562 3176 oppo—

1487 3182 1586 3214 situm
1609 3189 1754 3223 respectu
1777 3182 1901 3213 animae
1924 3181 2142 3214 intellectivae.

1543 3227 1595 3258 Ad
1610 3227 1762 3258 ultimum
1778 3227 1901 3263 dicitur,
1918 3227 2008 3268 quod
2023 3225 2165 3257 doctrina
2184 3236 2203 3256 a
2218 3225 2396 3257 notioribus
2411 3223 2563 3255 tradenda

1488 3277 1550 3302 est:
1576 3278 1607 3303 et
1629 3278 1796 3313 propterea
1819 3274 1942 3302 Auctor
1965 3270 2147 3311 exemplum
2176 3270 2215 3301 de
2238 3269 2339 3301 securi
2362 3267 2496 3300 induxit.
2524 3267 2561 3298 ln

1488 3325 1554 3357 quo
1569 3322 1676 3347 tamen
1696 3316 1864 3347 declaravit
1878 3316 2047 3352 intentum,
2065 3315 2201 3346 dicendo
2217 3314 2307 3356 quod
2317 3313 2470 3355 producit
2485 3311 2561 3354 sor-

1488 3370 1573 3391 mam
1596 3362 1743 3398 scamni;
1765 3360 1929 3391 insinuans
1952 3369 2009 3401 per
2023 3359 2095 3396 hoc,
2116 3359 2206 3400 quod
2222 3358 2301 3390 nihil
2316 3358 2403 3389 aliud
2417 3356 2561 3388 intende-

1488 3405 1541 3435 bat
1557 3405 1615 3435 nisi
1632 3405 1722 3446 quod
1745 3405 1964 3442 instrumenta,
1990 3404 2085 3435 etiam
2104 3403 2288 3444 attingendo
2305 3403 2444 3434 formam
2459 3400 2561 3431 inten-

1488 3456 1554 3480 tam
1569 3459 1587 3479 a
1603 3449 1777 3490 principali,
1802 3449 1986 3490 disponunt,
2011 3448 2092 3480 idest
2105 3448 2271 3489 praevium
2294 3446 2414 3488 aliquid
2430 3445 2559 3477 faciunt.

1546 3494 1644 3525 XVII.
1660 3494 1711 3524 Ad
1726 3492 1944 3524 Durandum*
1963 3499 2071 3524 autem
2091 3493 2205 3524 dicitur
2222 3493 2342 3533 primo,
2367 3490 2457 3532 quod
2480 3488 2560 3520 ratio

1486 3537 1606 3569 litterae
1626 3548 1692 3568 non
1715 3544 1786 3578 eget
1808 3537 1862 3568 illa
1885 3537 2115 3578 propositione,
2132 3537 2259 3573 scilicet,
2279 3536 2383 3567 omnis
2396 3543 2496 3566 causa
2511 3541 2559 3563 se-

1488 3582 1594 3614 cunda
1618 3587 1665 3613 est
1688 3583 1937 3613 instrumentum
1961 3582 2043 3613 Dei:
2066 3582 2121 3612 sed
2136 3581 2199 3618 illa,
2224 3589 2441 3622 quaecumque
2459 3586 2559 3610 causa

2592 1143 2602 1153 “
2617 1141 2654 1165 ef.
2673 1147 2740 1166 num.
2753 1148 2768 1164 x

2591 1628 2601 1639 ‘
2617 1627 2690 1651 Num.
2699 1633 2768 1656 praee

2587 3490 2596 3500 ·
2612 3489 2650 3512 Cf.
2664 3495 2730 3513 num.
2737 3487 2768 3533 q
