<?xml version="1.0" encoding="UTF-8"?>
<!DOCTYPE html PUBLIC "-//W3C//DTD XHTML 1.0 Transitional//EN"
    "http://www.w3.org/TR/xhtml1/DTD/xhtml1-transitional.dtd">
<html xmlns="http://www.w3.org/1999/xhtml" xml:lang="en" lang="en">
 <head>
  <title>
</title>
<meta http-equiv="Content-Type" content="text/html;charset=utf-8" />
  <meta name='ocr-system' content='tesseract 3.04.00' />
  <meta name='ocr-capabilities' content='ocr_page ocr_carea ocr_par ocr_line ocrx_word'/>
</head>
<body>
  <div class='ocr_page' id='page_1' title='image "./operaomniaiussui04thom/operaomniaiussui04thom_0220.png"; bbox 0 0 2768 4178; ppageno 0'>
   <div class='ocr_carea' id='block_1_1' title="bbox 86 581 285 608">
    <p class='ocr_par' dir='ltr' id='par_1_1' title="bbox 86 581 285 608">
     <span class='ocr_line' id='line_1_1' title="bbox 86 581 285 608; baseline 0.005 -7"><span class='ocrx_word' id='word_1_1' title='bbox 86 581 97 591; x_wconf 72' lang='lat'>⁸</span> <span class='ocrx_word' id='word_1_2' title='bbox 113 581 158 602; x_wconf 87' lang='lat' dir='ltr'>Cit.</span> <span class='ocrx_word' id='word_1_3' title='bbox 175 587 212 608; x_wconf 88' lang='lat' dir='ltr'>qu.</span> <span class='ocrx_word' id='word_1_4' title='bbox 224 587 285 602; x_wconf 74' lang='lat' dir='ltr'>vai.</span> 
     </span>
    </p>
   </div>
   <div class='ocr_carea' id='block_1_2' title="bbox 79 2618 276 2683">
    <p class='ocr_par' dir='ltr' id='par_1_2' title="bbox 79 2618 276 2683">
     <span class='ocr_line' id='line_1_2' title="bbox 79 2618 265 2640; baseline 0 -1"><span class='ocrx_word' id='word_1_5' title='bbox 79 2619 90 2630; x_wconf 66' lang='lat'><em>⁴</em></span> <span class='ocrx_word' id='word_1_6' title='bbox 106 2618 141 2640; x_wconf 83' lang='lat' dir='ltr'>Cf.</span> <span class='ocrx_word' id='word_1_7' title='bbox 157 2624 220 2639; x_wconf 91' lang='lat' dir='ltr'>num.</span> <span class='ocrx_word' id='word_1_8' title='bbox 235 2624 265 2640; x_wconf 72' lang='lat' dir='ltr'>tv.</span> 
     </span>
     <span class='ocr_line' id='line_1_3' title="bbox 79 2661 276 2683; baseline 0.005 -1"><span class='ocrx_word' id='word_1_9' title='bbox 79 2662 90 2672; x_wconf 75' lang='lat'>⁸</span> <span class='ocrx_word' id='word_1_10' title='bbox 107 2661 142 2683; x_wconf 89' lang='lat' dir='ltr'>Cf.</span> <span class='ocrx_word' id='word_1_11' title='bbox 155 2667 219 2683; x_wconf 87' lang='lat' dir='ltr'>num.</span> <span class='ocrx_word' id='word_1_12' title='bbox 228 2667 276 2683; x_wconf 82' lang='lat' dir='ltr'>vni.</span> 
     </span>
    </p>
   </div>
   <div class='ocr_carea' id='block_1_3' title="bbox 83 3572 296 3648">
    <p class='ocr_par' dir='ltr' id='par_1_3' title="bbox 83 3572 296 3648">
     <span class='ocr_line' id='line_1_4' title="bbox 83 3572 296 3595; baseline -0.005 0"><span class='ocrx_word' id='word_1_13' title='bbox 83 3574 94 3585; x_wconf 65' lang='lat'>⁴</span> <span class='ocrx_word' id='word_1_14' title='bbox 111 3573 143 3595; x_wconf 86' lang='lat' dir='ltr'>ca</span> <span class='ocrx_word' id='word_1_15' title='bbox 163 3572 296 3595; x_wconf 59' lang='lat' dir='ltr'>‚un-Did.</span> 
     </span>
     <span class='ocr_line' id='line_1_5' title="bbox 85 3600 296 3648; baseline -0.005 -27"><span class='ocrx_word' id='word_1_16' title='bbox 85 3632 136 3648; x_wconf 40' lang='lat' dir='ltr'>nd·</span> <span class='ocrx_word' id='word_1_17' title='bbox 163 3600 184 3627; x_wconf 90' lang='lat'>1,</span> <span class='ocrx_word' id='word_1_18' title='bbox 207 3605 296 3627; x_wconf 61' lang='grc' dir='ltr'>ειμι,</span> 
     </span>
    </p>
   </div>
   <div class='ocr_carea' id='block_1_4' title="bbox 331 293 404 317">
    <p class='ocr_par' dir='ltr' id='par_1_4' title="bbox 331 293 404 317">
     <span class='ocr_line' id='line_1_6' title="bbox 331 293 404 317; baseline 0 0"><span class='ocrx_word' id='word_1_19' title='bbox 331 293 404 317; x_wconf 90' lang='grc'>202</span> 
     </span>
    </p>
   </div>
   <div class='ocr_carea' id='block_1_5' title="bbox 278 360 1394 2104">
    <p class='ocr_par' dir='ltr' id='par_1_5' title="bbox 278 360 1394 727">
     <span class='ocr_line' id='line_1_7' title="bbox 330 360 1394 411; baseline 0.003 -15"><span class='ocrx_word' id='word_1_20' title='bbox 330 360 426 396; x_wconf 90' lang='lat' dir='ltr'>ciem</span> <span class='ocrx_word' id='word_1_21' title='bbox 467 360 605 396; x_wconf 89' lang='lat' dir='ltr'>domus</span> <span class='ocrx_word' id='word_1_22' title='bbox 644 360 845 409; x_wconf 85' lang='lat' dir='ltr'>concipere</span> <span class='ocrx_word' id='word_1_23' title='bbox 881 374 960 398; x_wconf 90' lang='lat' dir='ltr'>non</span> <span class='ocrx_word' id='word_1_24' title='bbox 997 369 1146 410; x_wconf 91' lang='lat' dir='ltr'>posset,</span> <span class='ocrx_word' id='word_1_25' title='bbox 1187 362 1257 398; x_wconf 91' lang='lat' dir='ltr'>nisi</span> <span class='ocrx_word' id='word_1_26' title='bbox 1291 362 1394 411; x_wconf 92' lang='lat' dir='ltr'>apud</span> 
     </span>
     <span class='ocr_line' id='line_1_8' title="bbox 328 413 1391 463; baseline 0.003 -14"><span class='ocrx_word' id='word_1_27' title='bbox 328 413 454 460; x_wconf 92' lang='lat' dir='ltr'>ipsum</span> <span class='ocrx_word' id='word_1_28' title='bbox 475 420 572 450; x_wconf 89' lang='lat' dir='ltr'>esset</span> <span class='ocrx_word' id='word_1_29' title='bbox 589 413 744 462; x_wconf 90' lang='lat' dir='ltr'>propria</span> <span class='ocrx_word' id='word_1_30' title='bbox 764 414 858 450; x_wconf 91' lang='lat' dir='ltr'>ratio</span> <span class='ocrx_word' id='word_1_31' title='bbox 880 414 1078 451; x_wconf 92' lang='lat' dir='ltr'>cuiuslibet</span> <span class='ocrx_word' id='word_1_32' title='bbox 1104 415 1270 463; x_wconf 88' lang='lat' dir='ltr'>partium</span> <span class='ocrx_word' id='word_1_33' title='bbox 1300 415 1391 452; x_wconf 91' lang='lat' dir='ltr'>eius.</span> 
     </span>
     <span class='ocr_line' id='line_1_9' title="bbox 278 466 1393 516; baseline 0.002 -14"><span class='ocrx_word' id='word_1_34' title='bbox 278 486 284 491; x_wconf 58' lang='grc' dir='ltr'><em>ι</em></span> <span class='ocrx_word' id='word_1_35' title='bbox 329 466 390 502; x_wconf 87' lang='lat' dir='ltr'>Sic</span> <span class='ocrx_word' id='word_1_36' title='bbox 409 466 518 514; x_wconf 90' lang='lat' dir='ltr'>igitur</span> <span class='ocrx_word' id='word_1_37' title='bbox 538 473 687 514; x_wconf 88' lang='lat' dir='ltr'>oportet</span> <span class='ocrx_word' id='word_1_38' title='bbox 709 467 816 516; x_wconf 85' lang='lat' dir='ltr'>quod</span> <span class='ocrx_word' id='word_1_39' title='bbox 835 467 873 503; x_wconf 91' lang='lat' dir='ltr'>in</span> <span class='ocrx_word' id='word_1_40' title='bbox 892 474 1020 504; x_wconf 90' lang='lat' dir='ltr'>mente</span> <span class='ocrx_word' id='word_1_41' title='bbox 1049 467 1177 504; x_wconf 88' lang='lat' dir='ltr'>divina</span> <span class='ocrx_word' id='word_1_42' title='bbox 1206 468 1279 504; x_wconf 91' lang='lat' dir='ltr'>sint</span> <span class='ocrx_word' id='word_1_43' title='bbox 1305 480 1393 516; x_wconf 93' lang='lat' dir='ltr'>pro—</span> 
     </span>
     <span class='ocr_line' id='line_1_10' title="bbox 326 518 1393 568; baseline 0.002 -13"><span class='ocrx_word' id='word_1_44' title='bbox 326 518 430 567; x_wconf 89' lang='lat' dir='ltr'>priae</span> <span class='ocrx_word' id='word_1_45' title='bbox 459 519 620 555; x_wconf 89' lang='lat' dir='ltr'>rationes</span> <span class='ocrx_word' id='word_1_46' title='bbox 650 519 824 556; x_wconf 89' lang='lat' dir='ltr'>omnium</span> <span class='ocrx_word' id='word_1_47' title='bbox 851 533 989 557; x_wconf 89' lang='lat' dir='ltr'>rerum.</span> <span class='ocrx_word' id='word_1_48' title='bbox 1020 520 1130 557; x_wconf 88' lang='lat' dir='ltr'>Unde</span> <span class='ocrx_word' id='word_1_49' title='bbox 1157 520 1246 556; x_wconf 89' lang='lat' dir='ltr'>dicit</span> <span class='ocrx_word' id='word_1_50' title='bbox 1263 523 1393 568; x_wconf 87' lang='lat' dir='ltr'>Augu-</span> 
     </span>
     <span class='ocr_line' id='line_1_11' title="bbox 327 571 1391 622; baseline 0.002 -14"><span class='ocrx_word' id='word_1_51' title='bbox 327 571 456 617; x_wconf 89' lang='lat' dir='ltr'>stinus,</span> <span class='ocrx_word' id='word_1_52' title='bbox 487 571 525 608; x_wconf 89' lang='lat' dir='ltr'>in</span> <span class='ocrx_word' id='word_1_53' title='bbox 554 572 649 608; x_wconf 92' lang='lat' dir='ltr'>libro</span> <span class='ocrx_word' id='word_1_54' title='bbox 684 572 881 622; x_wconf 84' lang='lat' dir='ltr'><em>Octoginta</em></span> <span class='ocrx_word' id='word_1_55' title='bbox 910 574 1023 609; x_wconf 87' lang='lat' dir='ltr'>trium</span> <span class='ocrx_word' id='word_1_56' title='bbox 1057 574 1204 614; x_wconf 83' lang='lat' dir='ltr'>Quaest.</span> <span class='ocrx_word' id='word_1_57' title='bbox 1226 573 1257 619; x_wconf 69' lang='lat'>²⁸,</span> <span class='ocrx_word' id='word_1_58' title='bbox 1288 575 1391 622; x_wconf 92' lang='lat' dir='ltr'>quod</span> 
     </span>
     <span class='ocr_line' id='line_1_12' title="bbox 325 625 1391 674; baseline 0.004 -14"><span class='ocrx_word' id='word_1_59' title='bbox 325 625 476 674; x_wconf 76' lang='lat' dir='ltr'>singula</span> <span class='ocrx_word' id='word_1_60' title='bbox 487 625 653 673; x_wconf 83' lang='lat' dir='ltr'>propriis</span> <span class='ocrx_word' id='word_1_61' title='bbox 668 626 875 662; x_wconf 78' lang='lat' dir='ltr'>rationibus</span> <span class='ocrx_word' id='word_1_62' title='bbox 889 638 912 662; x_wconf 90' lang='lat' dir='ltr'>a</span> <span class='ocrx_word' id='word_1_63' title='bbox 927 627 1010 662; x_wconf 86' lang='lat' dir='ltr'>Deo</span> <span class='ocrx_word' id='word_1_64' title='bbox 1026 631 1153 662; x_wconf 86' lang='lat' dir='ltr'>creata</span> <span class='ocrx_word' id='word_1_65' title='bbox 1167 632 1263 662; x_wconf 83' lang='lat' dir='ltr'>sunt.</span> <span class='ocrx_word' id='word_1_66' title='bbox 1280 627 1391 664; x_wconf 90' lang='lat' dir='ltr'>Unde</span> 
     </span>
     <span class='ocr_line' id='line_1_13' title="bbox 326 677 1349 727; baseline 0.002 -13"><span class='ocrx_word' id='word_1_67' title='bbox 326 677 495 726; x_wconf 90' lang='lat' dir='ltr'>sequitur</span> <span class='ocrx_word' id='word_1_68' title='bbox 515 678 619 726; x_wconf 92' lang='lat' dir='ltr'>quod</span> <span class='ocrx_word' id='word_1_69' title='bbox 639 678 677 714; x_wconf 89' lang='lat' dir='ltr'>in</span> <span class='ocrx_word' id='word_1_70' title='bbox 697 686 824 715; x_wconf 91' lang='lat' dir='ltr'>mente</span> <span class='ocrx_word' id='word_1_71' title='bbox 846 678 972 715; x_wconf 88' lang='lat' dir='ltr'>divina</span> <span class='ocrx_word' id='word_1_72' title='bbox 992 678 1064 715; x_wconf 89' lang='lat' dir='ltr'>sint</span> <span class='ocrx_word' id='word_1_73' title='bbox 1083 679 1210 727; x_wconf 90' lang='lat' dir='ltr'>plures</span> <span class='ocrx_word' id='word_1_74' title='bbox 1230 679 1349 716; x_wconf 84' lang='lat' dir='ltr'>ideae.</span> 
     </span>
    </p>

    <p class='ocr_par' dir='ltr' id='par_1_6' title="bbox 321 731 1393 1414">
     <span class='ocr_line' id='line_1_14' title="bbox 379 731 1392 780; baseline 0.002 -13"><span class='ocrx_word' id='word_1_75' title='bbox 379 731 465 767; x_wconf 94' lang='lat' dir='ltr'>Hoc</span> <span class='ocrx_word' id='word_1_76' title='bbox 494 738 623 767; x_wconf 91' lang='lat' dir='ltr'>autem</span> <span class='ocrx_word' id='word_1_77' title='bbox 652 732 850 780; x_wconf 88' lang='lat' dir='ltr'>quomodo</span> <span class='ocrx_word' id='word_1_78' title='bbox 881 731 1032 768; x_wconf 86' lang='lat' dir='ltr'>divinae</span> <span class='ocrx_word' id='word_1_79' title='bbox 1060 731 1285 779; x_wconf 86' lang='lat' dir='ltr'>simplicitati</span> <span class='ocrx_word' id='word_1_80' title='bbox 1313 745 1392 770; x_wconf 92' lang='lat' dir='ltr'>non</span> 
     </span>
     <span class='ocr_line' id='line_1_15' title="bbox 326 783 1393 833; baseline 0.003 -14"><span class='ocrx_word' id='word_1_81' title='bbox 326 792 530 832; x_wconf 88' lang='lat' dir='ltr'>repugnet,</span> <span class='ocrx_word' id='word_1_82' title='bbox 567 783 674 820; x_wconf 86' lang='lat' dir='ltr'>facile</span> <span class='ocrx_word' id='word_1_83' title='bbox 713 792 768 821; x_wconf 93' lang='lat' dir='ltr'>est</span> <span class='ocrx_word' id='word_1_84' title='bbox 795 784 947 830; x_wconf 90' lang='lat' dir='ltr'>videre,</span> <span class='ocrx_word' id='word_1_85' title='bbox 988 784 1018 820; x_wconf 93' lang='lat' dir='ltr'>si</span> <span class='ocrx_word' id='word_1_86' title='bbox 1056 784 1139 833; x_wconf 91' lang='lat' dir='ltr'>quis</span> <span class='ocrx_word' id='word_1_87' title='bbox 1178 785 1393 822; x_wconf 92' lang='lat' dir='ltr'>consideret</span> 
     </span>
     <span class='ocr_line' id='line_1_16' title="bbox 325 836 1391 886; baseline 0.001 -13"><span class='ocrx_word' id='word_1_88' title='bbox 325 836 451 873; x_wconf 91' lang='lat' dir='ltr'>ideam</span> <span class='ocrx_word' id='word_1_89' title='bbox 473 837 617 885; x_wconf 92' lang='lat' dir='ltr'>operati</span> <span class='ocrx_word' id='word_1_90' title='bbox 639 849 720 874; x_wconf 89' lang='lat' dir='ltr'>esse</span> <span class='ocrx_word' id='word_1_91' title='bbox 740 837 778 874; x_wconf 90' lang='lat' dir='ltr'>in</span> <span class='ocrx_word' id='word_1_92' title='bbox 799 845 926 874; x_wconf 91' lang='lat' dir='ltr'>mente</span> <span class='ocrx_word' id='word_1_93' title='bbox 947 837 1138 886; x_wconf 90' lang='lat' dir='ltr'>operantis</span> <span class='ocrx_word' id='word_1_94' title='bbox 1167 837 1262 874; x_wconf 91' lang='lat' dir='ltr'>sicut</span> <span class='ocrx_word' id='word_1_95' title='bbox 1285 838 1391 885; x_wconf 92' lang='lat' dir='ltr'>quod</span> 
     </span>
     <span class='ocr_line' id='line_1_17' title="bbox 325 889 1390 938; baseline 0.002 -13"><span class='ocrx_word' id='word_1_96' title='bbox 325 889 554 937; x_wconf 77' lang='lat' dir='ltr'>intelligitur3</span> <span class='ocrx_word' id='word_1_97' title='bbox 584 902 662 926; x_wconf 91' lang='lat' dir='ltr'>non</span> <span class='ocrx_word' id='word_1_98' title='bbox 697 898 825 927; x_wconf 87' lang='lat' dir='ltr'>autern</span> <span class='ocrx_word' id='word_1_99' title='bbox 854 890 949 927; x_wconf 91' lang='lat' dir='ltr'>sicut</span> <span class='ocrx_word' id='word_1_100' title='bbox 977 890 1122 938; x_wconf 90' lang='lat' dir='ltr'>species</span> <span class='ocrx_word' id='word_1_101' title='bbox 1155 902 1231 937; x_wconf 92' lang='lat' dir='ltr'>qua</span> <span class='ocrx_word' id='word_1_102' title='bbox 1259 890 1390 927; x_wconf 90' lang='lat' dir='ltr'>intelli—</span> 
     </span>
     <span class='ocr_line' id='line_1_18' title="bbox 325 942 1388 991; baseline 0.001 -12"><span class='ocrx_word' id='word_1_103' title='bbox 325 942 433 990; x_wconf 81' lang='lat' dir='ltr'>gitur,</span> <span class='ocrx_word' id='word_1_104' title='bbox 455 955 553 991; x_wconf 92' lang='lat' dir='ltr'>quae</span> <span class='ocrx_word' id='word_1_105' title='bbox 575 950 630 979; x_wconf 89' lang='lat' dir='ltr'>est</span> <span class='ocrx_word' id='word_1_106' title='bbox 658 943 780 979; x_wconf 86' lang='lat' dir='ltr'>forma</span> <span class='ocrx_word' id='word_1_107' title='bbox 808 943 949 979; x_wconf 90' lang='lat' dir='ltr'>faciens</span> <span class='ocrx_word' id='word_1_108' title='bbox 978 943 1207 979; x_wconf 90' lang='lat' dir='ltr'>intellectum</span> <span class='ocrx_word' id='word_1_109' title='bbox 1232 942 1270 979; x_wconf 91' lang='lat' dir='ltr'>in</span> <span class='ocrx_word' id='word_1_110' title='bbox 1291 951 1388 981; x_wconf 90' lang='lat' dir='ltr'>actu.</span> 
     </span>
     <span class='ocr_line' id='line_1_19' title="bbox 326 995 1391 1033; baseline 0.001 -1"><span class='ocrx_word' id='word_1_111' title='bbox 326 996 468 1032; x_wconf 90' lang='lat' dir='ltr'>Forma</span> <span class='ocrx_word' id='word_1_112' title='bbox 506 996 608 1032; x_wconf 88' lang='lat' dir='ltr'>enim</span> <span class='ocrx_word' id='word_1_113' title='bbox 642 996 779 1032; x_wconf 89' lang='lat' dir='ltr'>domus</span> <span class='ocrx_word' id='word_1_114' title='bbox 814 996 852 1032; x_wconf 93' lang='lat' dir='ltr'>in</span> <span class='ocrx_word' id='word_1_115' title='bbox 890 1004 1018 1032; x_wconf 90' lang='lat' dir='ltr'>mente</span> <span class='ocrx_word' id='word_1_116' title='bbox 1053 995 1306 1032; x_wconf 88' lang='lat' dir='ltr'>aedificatoris</span> <span class='ocrx_word' id='word_1_117' title='bbox 1336 1004 1391 1033; x_wconf 92' lang='lat' dir='ltr'>est</span> 
     </span>
     <span class='ocr_line' id='line_1_20' title="bbox 325 1048 1390 1096; baseline 0.002 -12"><span class='ocrx_word' id='word_1_118' title='bbox 325 1048 464 1096; x_wconf 91' lang='lat' dir='ltr'>aliquid</span> <span class='ocrx_word' id='word_1_119' title='bbox 493 1049 541 1085; x_wconf 91' lang='lat' dir='ltr'>ab</span> <span class='ocrx_word' id='word_1_120' title='bbox 563 1061 608 1085; x_wconf 93' lang='lat' dir='ltr'>eo</span> <span class='ocrx_word' id='word_1_121' title='bbox 638 1049 878 1095; x_wconf 87' lang='lat' dir='ltr'>intellectum,</span> <span class='ocrx_word' id='word_1_122' title='bbox 909 1048 958 1085; x_wconf 91' lang='lat' dir='ltr'>ad</span> <span class='ocrx_word' id='word_1_123' title='bbox 979 1048 1084 1085; x_wconf 92' lang='lat' dir='ltr'>cuius</span> <span class='ocrx_word' id='word_1_124' title='bbox 1104 1048 1390 1086; x_wconf 87' lang='lat' dir='ltr'>similitudinem</span> 
     </span>
     <span class='ocr_line' id='line_1_21' title="bbox 326 1099 1390 1139; baseline 0.002 -2"><span class='ocrx_word' id='word_1_125' title='bbox 326 1102 484 1138; x_wconf 90' lang='lat' dir='ltr'>domum</span> <span class='ocrx_word' id='word_1_126' title='bbox 504 1101 543 1137; x_wconf 93' lang='lat' dir='ltr'>in</span> <span class='ocrx_word' id='word_1_127' title='bbox 563 1101 721 1138; x_wconf 89' lang='lat' dir='ltr'>materia</span> <span class='ocrx_word' id='word_1_128' title='bbox 741 1102 889 1138; x_wconf 88' lang='lat' dir='ltr'>format.</span> <span class='ocrx_word' id='word_1_129' title='bbox 921 1102 1013 1138; x_wconf 92' lang='lat' dir='ltr'>Non</span> <span class='ocrx_word' id='word_1_130' title='bbox 1033 1099 1237 1138; x_wconf 83' lang='lat' dir='ltr'>est&#39;autem</span> <span class='ocrx_word' id='word_1_131' title='bbox 1258 1110 1390 1139; x_wconf 89' lang='lat' dir='ltr'>contra</span> 
     </span>
     <span class='ocr_line' id='line_1_22' title="bbox 324 1153 1391 1202; baseline 0.002 -12"><span class='ocrx_word' id='word_1_132' title='bbox 324 1154 601 1202; x_wconf 88' lang='lat' dir='ltr'>simplicitatem</span> <span class='ocrx_word' id='word_1_133' title='bbox 624 1153 741 1192; x_wconf 90' lang='lat' dir='ltr'>divini</span> <span class='ocrx_word' id='word_1_134' title='bbox 770 1154 989 1200; x_wconf 89' lang='lat' dir='ltr'>intellectus,</span> <span class='ocrx_word' id='word_1_135' title='bbox 1012 1154 1117 1202; x_wconf 93' lang='lat' dir='ltr'>quod</span> <span class='ocrx_word' id='word_1_136' title='bbox 1137 1155 1257 1191; x_wconf 89' lang='lat' dir='ltr'>multa</span> <span class='ocrx_word' id='word_1_137' title='bbox 1284 1155 1391 1192; x_wconf 90' lang='lat' dir='ltr'>intel-</span> 
     </span>
     <span class='ocr_line' id='line_1_23' title="bbox 323 1207 1392 1256; baseline 0.002 -13"><span class='ocrx_word' id='word_1_138' title='bbox 323 1207 427 1254; x_wconf 87' lang='lat' dir='ltr'>ligat:</span> <span class='ocrx_word' id='word_1_139' title='bbox 459 1207 526 1244; x_wconf 91' lang='lat' dir='ltr'>sed</span> <span class='ocrx_word' id='word_1_140' title='bbox 556 1214 686 1243; x_wconf 90' lang='lat' dir='ltr'>contra</span> <span class='ocrx_word' id='word_1_141' title='bbox 715 1207 991 1255; x_wconf 90' lang='lat' dir='ltr'>simplicitatem</span> <span class='ocrx_word' id='word_1_142' title='bbox 1022 1207 1103 1244; x_wconf 91' lang='lat' dir='ltr'>eius</span> <span class='ocrx_word' id='word_1_143' title='bbox 1133 1215 1241 1255; x_wconf 89' lang='lat' dir='ltr'>esset,</span> <span class='ocrx_word' id='word_1_144' title='bbox 1272 1207 1303 1244; x_wconf 92' lang='lat' dir='ltr'>si</span> <span class='ocrx_word' id='word_1_145' title='bbox 1322 1220 1392 1256; x_wconf 91' lang='lat' dir='ltr'>per</span> 
     </span>
     <span class='ocr_line' id='line_1_24' title="bbox 322 1260 1389 1308; baseline 0.002 -12"><span class='ocrx_word' id='word_1_146' title='bbox 322 1261 449 1308; x_wconf 92' lang='lat' dir='ltr'>plures</span> <span class='ocrx_word' id='word_1_147' title='bbox 486 1260 632 1308; x_wconf 90' lang='lat' dir='ltr'>species</span> <span class='ocrx_word' id='word_1_148' title='bbox 661 1260 741 1296; x_wconf 90' lang='lat' dir='ltr'>eius</span> <span class='ocrx_word' id='word_1_149' title='bbox 769 1260 977 1297; x_wconf 91' lang='lat' dir='ltr'>intellectus</span> <span class='ocrx_word' id='word_1_150' title='bbox 1005 1260 1242 1297; x_wconf 84' lang='lat' dir='ltr'>formaretur.</span> <span class='ocrx_word' id='word_1_151' title='bbox 1278 1261 1389 1298; x_wconf 91' lang='lat' dir='ltr'>Unde</span> 
     </span>
     <span class='ocr_line' id='line_1_25' title="bbox 321 1313 1389 1361; baseline 0.002 -12"><span class='ocrx_word' id='word_1_152' title='bbox 321 1313 450 1361; x_wconf 89' lang='lat' dir='ltr'>plures</span> <span class='ocrx_word' id='word_1_153' title='bbox 478 1313 584 1350; x_wconf 84' lang='lat' dir='ltr'>ideae</span> <span class='ocrx_word' id='word_1_154' title='bbox 613 1320 699 1349; x_wconf 88' lang='lat' dir='ltr'>sunt</span> <span class='ocrx_word' id='word_1_155' title='bbox 727 1313 765 1350; x_wconf 90' lang='lat' dir='ltr'>in</span> <span class='ocrx_word' id='word_1_156' title='bbox 793 1321 922 1350; x_wconf 89' lang='lat' dir='ltr'>mente</span> <span class='ocrx_word' id='word_1_157' title='bbox 957 1313 1085 1350; x_wconf 87' lang='lat' dir='ltr'>divina</span> <span class='ocrx_word' id='word_1_158' title='bbox 1113 1321 1154 1350; x_wconf 94' lang='lat' dir='ltr'>ut</span> <span class='ocrx_word' id='word_1_159' title='bbox 1182 1314 1389 1351; x_wconf 85' lang='lat' dir='ltr'>intellectae</span> 
     </span>
     <span class='ocr_line' id='line_1_26' title="bbox 323 1365 495 1414; baseline 0 -12"><span class='ocrx_word' id='word_1_160' title='bbox 323 1367 371 1402; x_wconf 89' lang='lat' dir='ltr'>ab</span> <span class='ocrx_word' id='word_1_161' title='bbox 400 1365 495 1414; x_wconf 89' lang='lat' dir='ltr'>ipso.</span> 
     </span>
    </p>

    <p class='ocr_par' dir='ltr' id='par_1_7' title="bbox 319 1419 1391 2104">
     <span class='ocr_line' id='line_1_27' title="bbox 378 1419 1389 1468; baseline 0.001 -13"><span class='ocrx_word' id='word_1_162' title='bbox 378 1419 496 1466; x_wconf 88' lang='lat' dir='ltr'>Quod</span> <span class='ocrx_word' id='word_1_163' title='bbox 524 1420 598 1455; x_wconf 89' lang='lat' dir='ltr'>hoc</span> <span class='ocrx_word' id='word_1_164' title='bbox 627 1419 746 1456; x_wconf 91' lang='lat' dir='ltr'>modo</span> <span class='ocrx_word' id='word_1_165' title='bbox 775 1426 901 1467; x_wconf 93' lang='lat' dir='ltr'>potest</span> <span class='ocrx_word' id='word_1_166' title='bbox 923 1419 1056 1456; x_wconf 90' lang='lat' dir='ltr'>videri.</span> <span class='ocrx_word' id='word_1_167' title='bbox 1087 1420 1172 1468; x_wconf 89' lang='lat' dir='ltr'>Ipse</span> <span class='ocrx_word' id='word_1_168' title='bbox 1202 1419 1302 1456; x_wconf 91' lang='lat' dir='ltr'>enim</span> <span class='ocrx_word' id='word_1_169' title='bbox 1334 1432 1389 1457; x_wconf 92' lang='lat' dir='ltr'>es-</span> 
     </span>
     <span class='ocr_line' id='line_1_28' title="bbox 323 1471 1391 1520; baseline 0.001 -12"><span class='ocrx_word' id='word_1_170' title='bbox 323 1472 483 1509; x_wconf 85' lang='lat' dir='ltr'>sentiam</span> <span class='ocrx_word' id='word_1_171' title='bbox 512 1484 620 1508; x_wconf 88' lang='lat' dir='ltr'>suam</span> <span class='ocrx_word' id='word_1_172' title='bbox 641 1471 808 1520; x_wconf 86' lang='lat' dir='ltr'>perfecte</span> <span class='ocrx_word' id='word_1_173' title='bbox 829 1472 1042 1520; x_wconf 87' lang='lat' dir='ltr'>cognoscit:</span> <span class='ocrx_word' id='word_1_174' title='bbox 1071 1472 1174 1509; x_wconf 90' lang='lat' dir='ltr'>unde</span> <span class='ocrx_word' id='word_1_175' title='bbox 1195 1473 1391 1520; x_wconf 88' lang='lat' dir='ltr'>cognoscit</span> 
     </span>
     <span class='ocr_line' id='line_1_29' title="bbox 324 1525 1389 1574; baseline 0.001 -13"><span class='ocrx_word' id='word_1_176' title='bbox 324 1537 410 1562; x_wconf 89' lang='lat' dir='ltr'>eam</span> <span class='ocrx_word' id='word_1_177' title='bbox 438 1525 650 1562; x_wconf 91' lang='lat' dir='ltr'>secundum</span> <span class='ocrx_word' id='word_1_178' title='bbox 685 1537 844 1562; x_wconf 91' lang='lat' dir='ltr'>omnem</span> <span class='ocrx_word' id='word_1_179' title='bbox 879 1525 1042 1562; x_wconf 89' lang='lat' dir='ltr'>modurn</span> <span class='ocrx_word' id='word_1_180' title='bbox 1077 1537 1153 1574; x_wconf 93' lang='lat' dir='ltr'>quo</span> <span class='ocrx_word' id='word_1_181' title='bbox 1194 1526 1389 1573; x_wconf 88' lang='lat' dir='ltr'>cognosci-</span> 
     </span>
     <span class='ocr_line' id='line_1_30' title="bbox 322 1577 1389 1626; baseline 0.002 -12"><span class='ocrx_word' id='word_1_182' title='bbox 322 1577 405 1614; x_wconf 89' lang='lat' dir='ltr'>bilis</span> <span class='ocrx_word' id='word_1_183' title='bbox 435 1586 501 1615; x_wconf 89' lang='lat' dir='ltr'>est.</span> <span class='ocrx_word' id='word_1_184' title='bbox 540 1579 671 1614; x_wconf 86' lang='lat' dir='ltr'>Potest</span> <span class='ocrx_word' id='word_1_185' title='bbox 705 1585 832 1614; x_wconf 90' lang='lat' dir='ltr'>autern</span> <span class='ocrx_word' id='word_1_186' title='bbox 863 1578 1041 1626; x_wconf 89' lang='lat' dir='ltr'>cognosci</span> <span class='ocrx_word' id='word_1_187' title='bbox 1070 1590 1148 1615; x_wconf 90' lang='lat' dir='ltr'>non</span> <span class='ocrx_word' id='word_1_188' title='bbox 1177 1578 1302 1615; x_wconf 89' lang='lat' dir='ltr'>solum</span> <span class='ocrx_word' id='word_1_189' title='bbox 1332 1591 1389 1616; x_wconf 92' lang='lat' dir='ltr'>se·</span> 
     </span>
     <span class='ocr_line' id='line_1_31' title="bbox 323 1631 1390 1680; baseline 0.001 -13"><span class='ocrx_word' id='word_1_190' title='bbox 323 1631 492 1668; x_wconf 92' lang='lat' dir='ltr'>cundum</span> <span class='ocrx_word' id='word_1_191' title='bbox 522 1631 629 1679; x_wconf 91' lang='lat' dir='ltr'>quod</span> <span class='ocrx_word' id='word_1_192' title='bbox 657 1631 695 1667; x_wconf 91' lang='lat' dir='ltr'>in</span> <span class='ocrx_word' id='word_1_193' title='bbox 724 1643 764 1667; x_wconf 92' lang='lat' dir='ltr'>se</span> <span class='ocrx_word' id='word_1_194' title='bbox 794 1638 860 1678; x_wconf 88' lang='lat' dir='ltr'>est,</span> <span class='ocrx_word' id='word_1_195' title='bbox 882 1632 949 1668; x_wconf 93' lang='lat' dir='ltr'>sed</span> <span class='ocrx_word' id='word_1_196' title='bbox 978 1631 1190 1668; x_wconf 90' lang='lat' dir='ltr'>secundum</span> <span class='ocrx_word' id='word_1_197' title='bbox 1210 1631 1314 1680; x_wconf 91' lang='lat' dir='ltr'>quod</span> <span class='ocrx_word' id='word_1_198' title='bbox 1335 1639 1390 1669; x_wconf 89' lang='lat' dir='ltr'>est</span> 
     </span>
     <span class='ocr_line' id='line_1_32' title="bbox 321 1683 1389 1732; baseline 0 -12"><span class='ocrx_word' id='word_1_199' title='bbox 321 1684 587 1732; x_wconf 89' lang='lat' dir='ltr'>participabilis</span> <span class='ocrx_word' id='word_1_200' title='bbox 617 1683 829 1720; x_wconf 89' lang='lat' dir='ltr'>secundum</span> <span class='ocrx_word' id='word_1_201' title='bbox 868 1684 1034 1732; x_wconf 89' lang='lat' dir='ltr'>aliquem</span> <span class='ocrx_word' id='word_1_202' title='bbox 1066 1684 1228 1721; x_wconf 89' lang='lat' dir='ltr'>modum</span> <span class='ocrx_word' id='word_1_203' title='bbox 1262 1684 1389 1721; x_wconf 90' lang='lat' dir='ltr'>simili-</span> 
     </span>
     <span class='ocr_line' id='line_1_33' title="bbox 321 1736 1390 1785; baseline 0.001 -12"><span class='ocrx_word' id='word_1_204' title='bbox 321 1737 461 1774; x_wconf 83' lang='lat' dir='ltr'>tudinis</span> <span class='ocrx_word' id='word_1_205' title='bbox 490 1750 511 1773; x_wconf 92' lang='lat' dir='ltr'>a</span> <span class='ocrx_word' id='word_1_206' title='bbox 542 1736 731 1773; x_wconf 86' lang='lat' dir='ltr'>creaturis.</span> <span class='ocrx_word' id='word_1_207' title='bbox 767 1737 1030 1785; x_wconf 86' lang='lat' dir='ltr'>Unaquaeque</span> <span class='ocrx_word' id='word_1_208' title='bbox 1060 1744 1188 1774; x_wconf 90' lang='lat' dir='ltr'>autem</span> <span class='ocrx_word' id='word_1_209' title='bbox 1219 1745 1390 1774; x_wconf 88' lang='lat' dir='ltr'>creatura</span> 
     </span>
     <span class='ocr_line' id='line_1_34' title="bbox 321 1788 1387 1838; baseline 0.001 -12"><span class='ocrx_word' id='word_1_210' title='bbox 321 1791 435 1826; x_wconf 89' lang='lat' dir='ltr'>habet</span> <span class='ocrx_word' id='word_1_211' title='bbox 454 1790 649 1838; x_wconf 88' lang='lat' dir='ltr'>propriam</span> <span class='ocrx_word' id='word_1_212' title='bbox 671 1789 850 1838; x_wconf 89' lang='lat' dir='ltr'>speciem,</span> <span class='ocrx_word' id='word_1_213' title='bbox 872 1790 1083 1827; x_wconf 90' lang='lat' dir='ltr'>secundum</span> <span class='ocrx_word' id='word_1_214' title='bbox 1104 1790 1209 1838; x_wconf 91' lang='lat' dir='ltr'>quod</span> <span class='ocrx_word' id='word_1_215' title='bbox 1223 1788 1236 1811; x_wconf 79' lang='lat'><strong><em>⁰</em></strong></span> <span class='ocrx_word' id='word_1_216' title='bbox 1259 1790 1387 1838; x_wconf 89' lang='lat' dir='ltr'>aliquo</span> 
     </span>
     <span class='ocr_line' id='line_1_35' title="bbox 322 1842 1387 1891; baseline 0.001 -12"><span class='ocrx_word' id='word_1_217' title='bbox 322 1843 441 1880; x_wconf 91' lang='lat' dir='ltr'>modo</span> <span class='ocrx_word' id='word_1_218' title='bbox 470 1843 666 1891; x_wconf 89' lang='lat' dir='ltr'>participat</span> <span class='ocrx_word' id='word_1_219' title='bbox 694 1842 847 1879; x_wconf 83' lang='lat' dir='ltr'>divinae</span> <span class='ocrx_word' id='word_1_220' title='bbox 876 1843 1060 1879; x_wconf 85' lang='lat' dir='ltr'>essentiae</span> <span class='ocrx_word' id='word_1_221' title='bbox 1089 1842 1387 1880; x_wconf 91' lang='lat' dir='ltr'>similitudinem.</span> 
     </span>
     <span class='ocr_line' id='line_1_36' title="bbox 322 1895 1387 1943; baseline 0 -11"><span class='ocrx_word' id='word_1_222' title='bbox 322 1896 384 1932; x_wconf 90' lang='lat' dir='ltr'>Sic</span> <span class='ocrx_word' id='word_1_223' title='bbox 412 1896 521 1943; x_wconf 89' lang='lat' dir='ltr'>igitur</span> <span class='ocrx_word' id='word_1_224' title='bbox 540 1896 766 1943; x_wconf 85' lang='lat' dir='ltr'>inquantum</span> <span class='ocrx_word' id='word_1_225' title='bbox 791 1896 896 1932; x_wconf 90' lang='lat' dir='ltr'>Deus</span> <span class='ocrx_word' id='word_1_226' title='bbox 918 1895 1111 1943; x_wconf 87' lang='lat' dir='ltr'>cognoscit</span> <span class='ocrx_word' id='word_1_227' title='bbox 1130 1908 1241 1932; x_wconf 90' lang='lat' dir='ltr'>suam</span> <span class='ocrx_word' id='word_1_228' title='bbox 1263 1908 1387 1933; x_wconf 91' lang='lat' dir='ltr'>essen-</span> 
     </span>
     <span class='ocr_line' id='line_1_37' title="bbox 319 1948 1389 1997; baseline 0.001 -13"><span class='ocrx_word' id='word_1_229' title='bbox 319 1949 411 1985; x_wconf 90' lang='lat' dir='ltr'>tiam</span> <span class='ocrx_word' id='word_1_230' title='bbox 439 1956 479 1985; x_wconf 87' lang='lat' dir='ltr'>ut</span> <span class='ocrx_word' id='word_1_231' title='bbox 507 1948 560 1985; x_wconf 91' lang='lat' dir='ltr'>sic</span> <span class='ocrx_word' id='word_1_232' title='bbox 589 1948 810 1985; x_wconf 88' lang='lat' dir='ltr'>imitabilem</span> <span class='ocrx_word' id='word_1_233' title='bbox 842 1961 864 1985; x_wconf 91' lang='lat' dir='ltr'>a</span> <span class='ocrx_word' id='word_1_234' title='bbox 891 1949 954 1985; x_wconf 91' lang='lat' dir='ltr'>tali</span> <span class='ocrx_word' id='word_1_235' title='bbox 984 1956 1167 1995; x_wconf 91' lang='lat' dir='ltr'>creatura,</span> <span class='ocrx_word' id='word_1_236' title='bbox 1195 1949 1389 1997; x_wconf 89' lang='lat' dir='ltr'>cognoscit</span> 
     </span>
     <span class='ocr_line' id='line_1_38' title="bbox 321 2001 1388 2050; baseline 0.001 -13"><span class='ocrx_word' id='word_1_237' title='bbox 321 2014 407 2038; x_wconf 91' lang='lat' dir='ltr'>eam</span> <span class='ocrx_word' id='word_1_238' title='bbox 435 2009 478 2038; x_wconf 92' lang='lat' dir='ltr'>ut</span> <span class='ocrx_word' id='word_1_239' title='bbox 504 2001 699 2050; x_wconf 90' lang='lat' dir='ltr'>propriam</span> <span class='ocrx_word' id='word_1_240' title='bbox 714 2001 914 2047; x_wconf 54' lang='lat' dir='ltr'>‚rationem</span> <span class='ocrx_word' id='word_1_241' title='bbox 936 2009 972 2038; x_wconf 92' lang='lat' dir='ltr'>et</span> <span class='ocrx_word' id='word_1_242' title='bbox 996 2001 1124 2038; x_wconf 90' lang='lat' dir='ltr'>ideam</span> <span class='ocrx_word' id='word_1_243' title='bbox 1153 2001 1266 2038; x_wconf 89' lang='lat' dir='ltr'>huius</span> <span class='ocrx_word' id='word_1_244' title='bbox 1286 2014 1388 2038; x_wconf 90' lang='lat' dir='ltr'>crea-</span> 
     </span>
     <span class='ocr_line' id='line_1_39' title="bbox 320 2054 1387 2104; baseline 0 -13"><span class='ocrx_word' id='word_1_245' title='bbox 320 2062 436 2091; x_wconf 91' lang='lat' dir='ltr'>turae.</span> <span class='ocrx_word' id='word_1_246' title='bbox 477 2056 525 2091; x_wconf 86' lang='lat' dir='ltr'>Et</span> <span class='ocrx_word' id='word_1_247' title='bbox 559 2054 728 2091; x_wconf 89' lang='lat' dir='ltr'>similiter</span> <span class='ocrx_word' id='word_1_248' title='bbox 763 2054 809 2091; x_wconf 91' lang='lat' dir='ltr'>de</span> <span class='ocrx_word' id='word_1_249' title='bbox 845 2054 937 2092; x_wconf 90' lang='lat' dir='ltr'>aliis.</span> <span class='ocrx_word' id='word_1_250' title='bbox 974 2055 1023 2091; x_wconf 90' lang='lat' dir='ltr'>Et</span> <span class='ocrx_word' id='word_1_251' title='bbox 1056 2055 1110 2091; x_wconf 92' lang='lat' dir='ltr'>sic</span> <span class='ocrx_word' id='word_1_252' title='bbox 1143 2062 1246 2103; x_wconf 89' lang='lat' dir='ltr'>patet</span> <span class='ocrx_word' id='word_1_253' title='bbox 1283 2056 1387 2104; x_wconf 92' lang='lat' dir='ltr'>quod</span> 
     </span>
    </p>
   </div>
   <div class='ocr_carea' id='block_1_6' title="bbox 320 2194 1386 2367">
    <p class='ocr_par' dir='ltr' id='par_1_8' title="bbox 372 2194 679 2228">
     <span class='ocr_line' id='line_1_40' title="bbox 372 2194 679 2228; baseline -0.003 -9"><span class='ocrx_word' id='word_1_254' title='bbox 372 2194 396 2228; x_wconf 82' lang='lat'>0)</span> <span class='ocrx_word' id='word_1_255' title='bbox 417 2195 496 2227; x_wconf 84' lang='lat' dir='ltr'>quod.</span> <span class='ocrx_word' id='word_1_256' title='bbox 514 2208 533 2214; x_wconf 91' lang='lat'><em>—</em></span> <span class='ocrx_word' id='word_1_257' title='bbox 551 2201 630 2227; x_wconf 85' lang='lat' dir='ltr'>quam</span> <span class='ocrx_word' id='word_1_258' title='bbox 650 2195 679 2218; x_wconf 88' lang='lat' dir='ltr'>B.</span> 
     </span>
    </p>

    <p class='ocr_par' dir='ltr' id='par_1_9' title="bbox 373 2229 995 2262">
     <span class='ocr_line' id='line_1_41' title="bbox 373 2229 995 2262; baseline -0.002 -8"><span class='ocrx_word' id='word_1_259' title='bbox 373 2231 391 2262; x_wconf 84' lang='grc' dir='ltr'>ι)</span> <span class='ocrx_word' id='word_1_260' title='bbox 412 2230 577 2262; x_wconf 81' lang='lat' dir='ltr'>inquantum.</span> <span class='ocrx_word' id='word_1_261' title='bbox 595 2243 614 2248; x_wconf 86' lang='lat'><em>-</em></span> <span class='ocrx_word' id='word_1_262' title='bbox 631 2229 775 2254; x_wconf 81' lang='lat' dir='ltr'>secundum</span> <span class='ocrx_word' id='word_1_263' title='bbox 795 2229 866 2262; x_wconf 85' lang='lat' dir='ltr'>quod</span> <span class='ocrx_word' id='word_1_264' title='bbox 885 2230 995 2254; x_wconf 86' lang='lat' dir='ltr'>codices.</span> 
     </span>
    </p>

    <p class='ocr_par' dir='ltr' id='par_1_10' title="bbox 374 2264 1173 2298">
     <span class='ocr_line' id='line_1_42' title="bbox 374 2264 1173 2298; baseline -0.001 -8"><span class='ocrx_word' id='word_1_265' title='bbox 374 2266 399 2298; x_wconf 88' lang='grc' dir='ltr'>κ)</span> <span class='ocrx_word' id='word_1_266' title='bbox 420 2273 480 2290; x_wconf 85' lang='lat' dir='ltr'>uno.</span> <span class='ocrx_word' id='word_1_267' title='bbox 500 2279 518 2284; x_wconf 82' lang='lat'><em>-</em></span> <span class='ocrx_word' id='word_1_268' title='bbox 537 2272 588 2290; x_wconf 89' lang='lat' dir='ltr'>uno</span> <span class='ocrx_word' id='word_1_269' title='bbox 609 2265 740 2290; x_wconf 82' lang='lat' dir='ltr'>intellectu</span> <span class='ocrx_word' id='word_1_270' title='bbox 761 2265 805 2289; x_wconf 82' lang='lat' dir='ltr'>Pb.</span> <span class='ocrx_word' id='word_1_271' title='bbox 824 2278 843 2283; x_wconf 94' lang='lat'>-</span> <span class='ocrx_word' id='word_1_272' title='bbox 861 2268 887 2289; x_wconf 81' lang='lat' dir='ltr'>et</span> <span class='ocrx_word' id='word_1_273' title='bbox 906 2270 964 2289; x_wconf 88' lang='lat' dir='ltr'>ante</span> <span class='ocrx_word' id='word_1_274' title='bbox 983 2271 1035 2290; x_wconf 84' lang='lat' dir='ltr'>non</span> <span class='ocrx_word' id='word_1_275' title='bbox 1054 2271 1108 2289; x_wconf 90' lang='lat' dir='ltr'>om.</span> <span class='ocrx_word' id='word_1_276' title='bbox 1122 2264 1173 2289; x_wconf 86' lang='lat' dir='ltr'>Ga.</span> 
     </span>
    </p>

    <p class='ocr_par' dir='ltr' id='par_1_11' title="bbox 320 2299 1386 2367">
     <span class='ocr_line' id='line_1_43' title="bbox 372 2299 1386 2333; baseline -0.001 -8"><span class='ocrx_word' id='word_1_277' title='bbox 372 2299 400 2333; x_wconf 86' lang='grc' dir='ltr'>λ)</span> <span class='ocrx_word' id='word_1_278' title='bbox 419 2301 563 2326; x_wconf 81' lang='lat' dir='ltr'>secundum</span> <span class='ocrx_word' id='word_1_279' title='bbox 582 2300 661 2332; x_wconf 82' lang='lat' dir='ltr'>quod.</span> <span class='ocrx_word' id='word_1_280' title='bbox 679 2314 698 2318; x_wconf 98' lang='lat'><em>-</em></span> <span class='ocrx_word' id='word_1_281' title='bbox 717 2300 787 2324; x_wconf 87' lang='lat' dir='ltr'>Haec</span> <span class='ocrx_word' id='word_1_282' title='bbox 801 2305 826 2324; x_wconf 90' lang='lat' dir='ltr'>et</span> <span class='ocrx_word' id='word_1_283' title='bbox 840 2300 975 2332; x_wconf 83' lang='lat' dir='ltr'>sequentia</span> <span class='ocrx_word' id='word_1_284' title='bbox 994 2307 1080 2332; x_wconf 86' lang='lat' dir='ltr'>usque</span> <span class='ocrx_word' id='word_1_285' title='bbox 1095 2299 1126 2324; x_wconf 87' lang='lat' dir='ltr'>ad</span> <span class='ocrx_word' id='word_1_286' title='bbox 1142 2300 1216 2324; x_wconf 81' lang='lat' dir='ltr'>Deus</span> <span class='ocrx_word' id='word_1_287' title='bbox 1229 2302 1320 2324; x_wconf 85' lang='lat' dir='ltr'>autem</span> <span class='ocrx_word' id='word_1_288' title='bbox 1335 2306 1386 2324; x_wconf 84' lang='lat' dir='ltr'>non</span> 
     </span>
     <span class='ocr_line' id='line_1_44' title="bbox 320 2335 874 2367; baseline -0.004 -6"><span class='ocrx_word' id='word_1_289' title='bbox 320 2337 403 2361; x_wconf 87' lang='lat' dir='ltr'>solum</span> <span class='ocrx_word' id='word_1_290' title='bbox 423 2335 555 2365; x_wconf 86' lang='lat' dir='ltr'>inclusive,</span> <span class='ocrx_word' id='word_1_291' title='bbox 574 2335 695 2360; x_wconf 86' lang='lat' dir='ltr'>omittunt</span> <span class='ocrx_word' id='word_1_292' title='bbox 714 2335 874 2367; x_wconf 81' lang='lat' dir='ltr'>ABCEFpD.</span> 
     </span>
    </p>
   </div>
   <div class='ocr_carea' id='block_1_7' title="bbox 1039 283 1813 332">
    <p class='ocr_par' dir='ltr' id='par_1_12' title="bbox 1039 283 1813 332">
     <span class='ocr_line' id='line_1_45' title="bbox 1039 283 1813 332; baseline 0.001 -12"><span class='ocrx_word' id='word_1_293' title='bbox 1039 283 1306 329; x_wconf 88' lang='lat' dir='ltr'>QUAESTIO</span> <span class='ocrx_word' id='word_1_294' title='bbox 1336 284 1424 332; x_wconf 89' lang='lat' dir='ltr'>XV,</span> <span class='ocrx_word' id='word_1_295' title='bbox 1455 284 1751 321; x_wconf 89' lang='lat' dir='ltr'>ARTICULUS</span> <span class='ocrx_word' id='word_1_296' title='bbox 1783 286 1813 321; x_wconf 93' lang='lat' dir='ltr'>II</span> 
     </span>
    </p>
   </div>
   <div class='ocr_carea' id='block_1_8' title="bbox 1442 363 2515 2091">
    <p class='ocr_par' dir='ltr' id='par_1_13' title="bbox 1448 363 2515 465">
     <span class='ocr_line' id='line_1_46' title="bbox 1448 363 2515 415; baseline 0.004 -16"><span class='ocrx_word' id='word_1_297' title='bbox 1448 364 1554 399; x_wconf 90' lang='lat' dir='ltr'>Deus</span> <span class='ocrx_word' id='word_1_298' title='bbox 1583 363 1752 411; x_wconf 87' lang='lat' dir='ltr'>intelligit</span> <span class='ocrx_word' id='word_1_299' title='bbox 1783 364 1911 412; x_wconf 89' lang='lat' dir='ltr'>plures</span> <span class='ocrx_word' id='word_1_300' title='bbox 1945 363 2109 401; x_wconf 89' lang='lat' dir='ltr'>rationes</span> <span class='ocrx_word' id='word_1_301' title='bbox 2142 364 2316 414; x_wconf 89' lang='lat' dir='ltr'>proprias</span> <span class='ocrx_word' id='word_1_302' title='bbox 2348 365 2515 415; x_wconf 89' lang='lat' dir='ltr'>plurium</span> 
     </span>
     <span class='ocr_line' id='line_1_47' title="bbox 1449 417 2141 465; baseline 0.003 -13"><span class='ocrx_word' id='word_1_303' title='bbox 1449 428 1591 461; x_wconf 82' lang='lat' dir='ltr'>rerum3</span> <span class='ocrx_word' id='word_1_304' title='bbox 1622 429 1722 465; x_wconf 89' lang='lat' dir='ltr'>quae</span> <span class='ocrx_word' id='word_1_305' title='bbox 1751 424 1837 453; x_wconf 93' lang='lat' dir='ltr'>sunt</span> <span class='ocrx_word' id='word_1_306' title='bbox 1864 417 1992 465; x_wconf 90' lang='lat' dir='ltr'>plures</span> <span class='ocrx_word' id='word_1_307' title='bbox 2020 417 2141 454; x_wconf 89' lang='lat' dir='ltr'>ideae.</span> 
     </span>
    </p>

    <p class='ocr_par' dir='ltr' id='par_1_14' title="bbox 1445 470 2514 781">
     <span class='ocr_line' id='line_1_48' title="bbox 1501 470 2514 518; baseline 0.004 -13"><span class='ocrx_word' id='word_1_308' title='bbox 1501 470 1560 505; x_wconf 85' lang='lat' dir='ltr'>AD</span> <span class='ocrx_word' id='word_1_309' title='bbox 1589 481 1726 506; x_wconf 80' lang='lat' dir='ltr'>PRIMUM</span> <span class='ocrx_word' id='word_1_310' title='bbox 1755 481 1853 506; x_wconf 84' lang='lat' dir='ltr'>ERGO</span> <span class='ocrx_word' id='word_1_311' title='bbox 1882 482 2066 507; x_wconf 77' lang='lat' dir='ltr'><strong>DlCENDUM</strong></span> <span class='ocrx_word' id='word_1_312' title='bbox 2090 470 2196 518; x_wconf 90' lang='lat' dir='ltr'>quod</span> <span class='ocrx_word' id='word_1_313' title='bbox 2224 470 2311 508; x_wconf 89' lang='lat' dir='ltr'>idea</span> <span class='ocrx_word' id='word_1_314' title='bbox 2338 483 2417 508; x_wconf 89' lang='lat' dir='ltr'>non</span> <span class='ocrx_word' id='word_1_315' title='bbox 2445 484 2514 509; x_wconf 91' lang='lat' dir='ltr'>no-</span> 
     </span>
     <span class='ocr_line' id='line_1_49' title="bbox 1447 521 2514 572; baseline 0.004 -15"><span class='ocrx_word' id='word_1_316' title='bbox 1447 521 1567 558; x_wconf 89' lang='lat' dir='ltr'>minat</span> <span class='ocrx_word' id='word_1_317' title='bbox 1595 521 1766 559; x_wconf 89' lang='lat' dir='ltr'>divinam</span> <span class='ocrx_word' id='word_1_318' title='bbox 1796 523 1998 560; x_wconf 89' lang='lat' dir='ltr'>essentiam</span> <span class='ocrx_word' id='word_1_319' title='bbox 2018 523 2246 572; x_wconf 90' lang='lat' dir='ltr'>inquantum</span> <span class='ocrx_word' id='word_1_320' title='bbox 2267 531 2322 560; x_wconf 92' lang='lat' dir='ltr'>est</span> <span class='ocrx_word' id='word_1_321' title='bbox 2341 524 2514 571; x_wconf 87' lang='lat' dir='ltr'>essentia,</span> 
     </span>
     <span class='ocr_line' id='line_1_50' title="bbox 1447 574 2514 623; baseline 0.003 -13"><span class='ocrx_word' id='word_1_322' title='bbox 1447 575 1515 611; x_wconf 92' lang='lat' dir='ltr'>sed</span> <span class='ocrx_word' id='word_1_323' title='bbox 1553 574 1779 623; x_wconf 90' lang='lat' dir='ltr'>inquantum</span> <span class='ocrx_word' id='word_1_324' title='bbox 1803 582 1811 596; x_wconf 83' lang='lat'>⁸</span> <span class='ocrx_word' id='word_1_325' title='bbox 1844 583 1900 612; x_wconf 90' lang='lat' dir='ltr'>est</span> <span class='ocrx_word' id='word_1_326' title='bbox 1933 576 2136 613; x_wconf 89' lang='lat' dir='ltr'>similitudo</span> <span class='ocrx_word' id='word_1_327' title='bbox 2170 578 2232 613; x_wconf 92' lang='lat' dir='ltr'>vel</span> <span class='ocrx_word' id='word_1_328' title='bbox 2269 576 2363 613; x_wconf 91' lang='lat' dir='ltr'>ratio</span> <span class='ocrx_word' id='word_1_329' title='bbox 2402 577 2514 614; x_wconf 89' lang='lat' dir='ltr'>huius</span> 
     </span>
     <span class='ocr_line' id='line_1_51' title="bbox 1445 627 2513 678; baseline 0.003 -15"><span class='ocrx_word' id='word_1_330' title='bbox 1445 628 1507 663; x_wconf 89' lang='lat' dir='ltr'>vel</span> <span class='ocrx_word' id='word_1_331' title='bbox 1535 627 1632 664; x_wconf 88' lang='lat' dir='ltr'>illius</span> <span class='ocrx_word' id='word_1_332' title='bbox 1662 628 1727 664; x_wconf 89' lang='lat' dir='ltr'>rei.</span> <span class='ocrx_word' id='word_1_333' title='bbox 1757 628 1869 665; x_wconf 91' lang='lat' dir='ltr'>Unde</span> <span class='ocrx_word' id='word_1_334' title='bbox 1899 630 2111 666; x_wconf 91' lang='lat' dir='ltr'>secundum</span> <span class='ocrx_word' id='word_1_335' title='bbox 2141 630 2247 677; x_wconf 90' lang='lat' dir='ltr'>quod</span> <span class='ocrx_word' id='word_1_336' title='bbox 2276 637 2363 666; x_wconf 92' lang='lat' dir='ltr'>sunt</span> <span class='ocrx_word' id='word_1_337' title='bbox 2386 630 2513 678; x_wconf 92' lang='lat' dir='ltr'>plures</span> 
     </span>
     <span class='ocr_line' id='line_1_52' title="bbox 1446 679 2514 730; baseline 0.003 -14"><span class='ocrx_word' id='word_1_338' title='bbox 1446 679 1610 717; x_wconf 91' lang='lat' dir='ltr'>rationes</span> <span class='ocrx_word' id='word_1_339' title='bbox 1630 680 1837 718; x_wconf 90' lang='lat' dir='ltr'>intellectae</span> <span class='ocrx_word' id='word_1_340' title='bbox 1854 694 1899 718; x_wconf 88' lang='lat' dir='ltr'>ex</span> <span class='ocrx_word' id='word_1_341' title='bbox 1918 694 1995 719; x_wconf 92' lang='lat' dir='ltr'>una</span> <span class='ocrx_word' id='word_1_342' title='bbox 2015 682 2187 730; x_wconf 86' lang='lat' dir='ltr'>essentia,</span> <span class='ocrx_word' id='word_1_343' title='bbox 2209 682 2422 719; x_wconf 89' lang='lat' dir='ltr'>secundum</span> <span class='ocrx_word' id='word_1_344' title='bbox 2439 683 2514 720; x_wconf 91' lang='lat' dir='ltr'>hoc</span> 
     </span>
     <span class='ocr_line' id='line_1_53' title="bbox 1447 732 1925 781; baseline 0.004 -12"><span class='ocrx_word' id='word_1_345' title='bbox 1447 732 1622 769; x_wconf 90' lang='lat' dir='ltr'>dicuntur</span> <span class='ocrx_word' id='word_1_346' title='bbox 1649 734 1776 781; x_wconf 89' lang='lat' dir='ltr'>plures</span> <span class='ocrx_word' id='word_1_347' title='bbox 1803 734 1925 771; x_wconf 91' lang='lat' dir='ltr'>ideae.</span> 
     </span>
    </p>

    <p class='ocr_par' dir='ltr' id='par_1_15' title="bbox 1443 787 2515 1615">
     <span class='ocr_line' id='line_1_54' title="bbox 1498 787 2514 837; baseline 0.004 -16"><span class='ocrx_word' id='word_1_348' title='bbox 1498 787 1557 821; x_wconf 86' lang='lat' dir='ltr'>AD</span> <span class='ocrx_word' id='word_1_349' title='bbox 1587 798 1777 823; x_wconf 81' lang='lat' dir='ltr'><strong>SECUNDUM</strong></span> <span class='ocrx_word' id='word_1_350' title='bbox 1811 799 1996 824; x_wconf 84' lang='lat' dir='ltr'>DlCENDUM</span> <span class='ocrx_word' id='word_1_351' title='bbox 2033 789 2138 837; x_wconf 95' lang='lat' dir='ltr'>quod</span> <span class='ocrx_word' id='word_1_352' title='bbox 2171 787 2355 837; x_wconf 85' lang='lat' dir='ltr'>sapientia</span> <span class='ocrx_word' id='word_1_353' title='bbox 2389 795 2426 825; x_wconf 91' lang='lat' dir='ltr'>et</span> <span class='ocrx_word' id='word_1_354' title='bbox 2453 801 2514 825; x_wconf 91' lang='lat' dir='ltr'>ars</span> 
     </span>
     <span class='ocr_line' id='line_1_55' title="bbox 1445 828 2515 888; baseline 0.005 -15"><span class='ocrx_word' id='word_1_355' title='bbox 1445 828 1704 884; x_wconf 83' lang='lat' dir='ltr'>significantur</span> <span class='ocrx_word' id='word_1_356' title='bbox 1734 846 1777 875; x_wconf 94' lang='lat' dir='ltr'>ut</span> <span class='ocrx_word' id='word_1_357' title='bbox 1804 851 1881 887; x_wconf 93' lang='lat' dir='ltr'>quo</span> <span class='ocrx_word' id='word_1_358' title='bbox 1910 841 2016 876; x_wconf 92' lang='lat' dir='ltr'>Deus</span> <span class='ocrx_word' id='word_1_359' title='bbox 2045 841 2232 888; x_wconf 88' lang='lat' dir='ltr'>intelligit,</span> <span class='ocrx_word' id='word_1_360' title='bbox 2264 841 2332 878; x_wconf 90' lang='lat' dir='ltr'>sed</span> <span class='ocrx_word' id='word_1_361' title='bbox 2359 841 2445 878; x_wconf 88' lang='lat' dir='ltr'>idea</span> <span class='ocrx_word' id='word_1_362' title='bbox 2472 849 2515 878; x_wconf 91' lang='lat' dir='ltr'>ut</span> 
     </span>
     <span class='ocr_line' id='line_1_56' title="bbox 1446 890 2514 942; baseline 0.006 -17"><span class='ocrx_word' id='word_1_363' title='bbox 1446 890 1550 938; x_wconf 92' lang='lat' dir='ltr'>quod</span> <span class='ocrx_word' id='word_1_364' title='bbox 1578 891 1683 926; x_wconf 92' lang='lat' dir='ltr'>Deus</span> <span class='ocrx_word' id='word_1_365' title='bbox 1712 891 1891 939; x_wconf 88' lang='lat' dir='ltr'>intelligit.</span> <span class='ocrx_word' id='word_1_366' title='bbox 1921 892 2027 929; x_wconf 91' lang='lat' dir='ltr'>Deus</span> <span class='ocrx_word' id='word_1_367' title='bbox 2051 901 2179 930; x_wconf 89' lang='lat' dir='ltr'>autem</span> <span class='ocrx_word' id='word_1_368' title='bbox 2205 906 2283 930; x_wconf 91' lang='lat' dir='ltr'>uno</span> <span class='ocrx_word' id='word_1_369' title='bbox 2304 900 2317 914; x_wconf 72' lang='lat'>’²</span> <span class='ocrx_word' id='word_1_370' title='bbox 2346 893 2514 942; x_wconf 87' lang='lat' dir='ltr'>intelligit</span> 
     </span>
     <span class='ocr_line' id='line_1_57' title="bbox 1445 943 2512 996; baseline 0.006 -18"><span class='ocrx_word' id='word_1_371' title='bbox 1445 943 1584 988; x_wconf 79' lang='lat' dir='ltr'>multa3</span> <span class='ocrx_word' id='word_1_372' title='bbox 1616 951 1652 979; x_wconf 89' lang='lat' dir='ltr'>et</span> <span class='ocrx_word' id='word_1_373' title='bbox 1679 955 1757 980; x_wconf 91' lang='lat' dir='ltr'>non</span> <span class='ocrx_word' id='word_1_374' title='bbox 1783 945 1908 980; x_wconf 89' lang='lat' dir='ltr'>solum</span> <span class='ocrx_word' id='word_1_375' title='bbox 1928 946 2142 983; x_wconf 90' lang='lat' dir='ltr'>secundum</span> <span class='ocrx_word' id='word_1_376' title='bbox 2171 945 2302 995; x_wconf 72' lang='lat' dir='ltr'>quod²</span> <span class='ocrx_word' id='word_1_377' title='bbox 2321 947 2359 984; x_wconf 91' lang='lat' dir='ltr'>in</span> <span class='ocrx_word' id='word_1_378' title='bbox 2379 947 2512 996; x_wconf 88' lang='lat' dir='ltr'>seipsis</span> 
     </span>
     <span class='ocr_line' id='line_1_58' title="bbox 1445 995 2510 1047; baseline 0.006 -16"><span class='ocrx_word' id='word_1_379' title='bbox 1445 1003 1543 1042; x_wconf 92' lang='lat' dir='ltr'>sunt,</span> <span class='ocrx_word' id='word_1_380' title='bbox 1564 995 1632 1032; x_wconf 91' lang='lat' dir='ltr'>sed</span> <span class='ocrx_word' id='word_1_381' title='bbox 1661 995 1776 1032; x_wconf 90' lang='lat' dir='ltr'>etiam</span> <span class='ocrx_word' id='word_1_382' title='bbox 1805 997 2017 1034; x_wconf 91' lang='lat' dir='ltr'>secundum</span> <span class='ocrx_word' id='word_1_383' title='bbox 2036 999 2142 1047; x_wconf 90' lang='lat' dir='ltr'>quod</span> <span class='ocrx_word' id='word_1_384' title='bbox 2165 999 2351 1036; x_wconf 88' lang='lat' dir='ltr'>intellecta</span> <span class='ocrx_word' id='word_1_385' title='bbox 2370 1007 2457 1036; x_wconf 90' lang='lat' dir='ltr'>sunt</span> <span class='ocrx_word' id='word_1_386' title='bbox 2475 1006 2510 1045; x_wconf 69' lang='lat'>‘⁴⁴3</span> 
     </span>
     <span class='ocr_line' id='line_1_59' title="bbox 1445 1048 2513 1098; baseline 0.004 -14"><span class='ocrx_word' id='word_1_387' title='bbox 1445 1048 1551 1096; x_wconf 93' lang='lat' dir='ltr'>quod</span> <span class='ocrx_word' id='word_1_388' title='bbox 1581 1056 1636 1085; x_wconf 93' lang='lat' dir='ltr'>est</span> <span class='ocrx_word' id='word_1_389' title='bbox 1663 1048 1866 1096; x_wconf 88' lang='lat' dir='ltr'>intelligere</span> <span class='ocrx_word' id='word_1_390' title='bbox 1894 1050 2022 1098; x_wconf 92' lang='lat' dir='ltr'>plures</span> <span class='ocrx_word' id='word_1_391' title='bbox 2051 1051 2215 1088; x_wconf 89' lang='lat' dir='ltr'>rationes</span> <span class='ocrx_word' id='word_1_392' title='bbox 2235 1065 2376 1089; x_wconf 91' lang='lat' dir='ltr'>rerum.</span> <span class='ocrx_word' id='word_1_393' title='bbox 2407 1052 2513 1090; x_wconf 91' lang='lat' dir='ltr'>Sicut</span> 
     </span>
     <span class='ocr_line' id='line_1_60' title="bbox 1445 1101 2510 1152; baseline 0.005 -15"><span class='ocrx_word' id='word_1_394' title='bbox 1445 1101 1586 1147; x_wconf 86' lang='lat' dir='ltr'>artifex,</span> <span class='ocrx_word' id='word_1_395' title='bbox 1609 1101 1702 1138; x_wconf 90' lang='lat' dir='ltr'>dum</span> <span class='ocrx_word' id='word_1_396' title='bbox 1722 1101 1890 1149; x_wconf 88' lang='lat' dir='ltr'>intelligit</span> <span class='ocrx_word' id='word_1_397' title='bbox 1917 1103 2082 1140; x_wconf 90' lang='lat' dir='ltr'>formam</span> <span class='ocrx_word' id='word_1_398' title='bbox 2106 1104 2246 1140; x_wconf 92' lang='lat' dir='ltr'>domus</span> <span class='ocrx_word' id='word_1_399' title='bbox 2274 1104 2313 1141; x_wconf 90' lang='lat' dir='ltr'>in</span> <span class='ocrx_word' id='word_1_400' title='bbox 2341 1105 2510 1152; x_wconf 90' lang='lat' dir='ltr'>materia,</span> 
     </span>
     <span class='ocr_line' id='line_1_61' title="bbox 1446 1154 2513 1206; baseline 0.004 -16"><span class='ocrx_word' id='word_1_401' title='bbox 1446 1154 1579 1191; x_wconf 92' lang='lat' dir='ltr'>dicitur</span> <span class='ocrx_word' id='word_1_402' title='bbox 1611 1154 1815 1202; x_wconf 88' lang='lat' dir='ltr'>intelligere</span> <span class='ocrx_word' id='word_1_403' title='bbox 1854 1155 2035 1192; x_wconf 91' lang='lat' dir='ltr'>domurn:</span> <span class='ocrx_word' id='word_1_404' title='bbox 2067 1156 2160 1193; x_wconf 90' lang='lat' dir='ltr'>dum</span> <span class='ocrx_word' id='word_1_405' title='bbox 2189 1164 2318 1194; x_wconf 89' lang='lat' dir='ltr'>autem</span> <span class='ocrx_word' id='word_1_406' title='bbox 2346 1157 2513 1206; x_wconf 86' lang='lat' dir='ltr'>intelligit</span> 
     </span>
     <span class='ocr_line' id='line_1_62' title="bbox 1444 1207 2512 1258; baseline 0.004 -15"><span class='ocrx_word' id='word_1_407' title='bbox 1444 1207 1609 1244; x_wconf 87' lang='lat' dir='ltr'>formam</span> <span class='ocrx_word' id='word_1_408' title='bbox 1640 1207 1780 1244; x_wconf 90' lang='lat' dir='ltr'>domus</span> <span class='ocrx_word' id='word_1_409' title='bbox 1807 1215 1850 1244; x_wconf 87' lang='lat' dir='ltr'>ut</span> <span class='ocrx_word' id='word_1_410' title='bbox 1868 1215 1879 1228; x_wconf 81' lang='grc'>’</span> <span class='ocrx_word' id='word_1_411' title='bbox 1903 1220 1925 1244; x_wconf 90' lang='lat' dir='ltr'>a</span> <span class='ocrx_word' id='word_1_412' title='bbox 1944 1220 1985 1245; x_wconf 92' lang='lat' dir='ltr'>se</span> <span class='ocrx_word' id='word_1_413' title='bbox 2005 1209 2250 1257; x_wconf 87' lang='lat' dir='ltr'>speculatam,</span> <span class='ocrx_word' id='word_1_414' title='bbox 2273 1221 2318 1246; x_wconf 89' lang='lat' dir='ltr'>ex</span> <span class='ocrx_word' id='word_1_415' title='bbox 2338 1221 2384 1246; x_wconf 91' lang='lat' dir='ltr'>eo</span> <span class='ocrx_word' id='word_1_416' title='bbox 2406 1210 2512 1258; x_wconf 93' lang='lat' dir='ltr'>quod</span> 
     </span>
     <span class='ocr_line' id='line_1_63' title="bbox 1443 1260 2512 1310; baseline 0.004 -14"><span class='ocrx_word' id='word_1_417' title='bbox 1443 1260 1611 1308; x_wconf 87' lang='lat' dir='ltr'>intelligit</span> <span class='ocrx_word' id='word_1_418' title='bbox 1643 1273 1684 1297; x_wconf 95' lang='lat' dir='ltr'>se</span> <span class='ocrx_word' id='word_1_419' title='bbox 1716 1260 1922 1308; x_wconf 88' lang='lat' dir='ltr'>intelligere</span> <span class='ocrx_word' id='word_1_420' title='bbox 1957 1274 2064 1309; x_wconf 88' lang='lat' dir='ltr'>eam,</span> <span class='ocrx_word' id='word_1_421' title='bbox 2094 1261 2262 1310; x_wconf 88' lang='lat' dir='ltr'>intelligit</span> <span class='ocrx_word' id='word_1_422' title='bbox 2293 1262 2420 1299; x_wconf 90' lang='lat' dir='ltr'>ideam</span> <span class='ocrx_word' id='word_1_423' title='bbox 2449 1263 2512 1300; x_wconf 85' lang='lat' dir='ltr'>vel</span> 
     </span>
     <span class='ocr_line' id='line_1_64' title="bbox 1444 1313 2512 1352; baseline 0.003 -3"><span class='ocrx_word' id='word_1_424' title='bbox 1444 1313 1633 1350; x_wconf 89' lang='lat' dir='ltr'>rationem</span> <span class='ocrx_word' id='word_1_425' title='bbox 1662 1313 1813 1350; x_wconf 92' lang='lat' dir='ltr'>domus.</span> <span class='ocrx_word' id='word_1_426' title='bbox 1848 1315 1955 1351; x_wconf 90' lang='lat' dir='ltr'>Deus</span> <span class='ocrx_word' id='word_1_427' title='bbox 1984 1322 2112 1351; x_wconf 91' lang='lat' dir='ltr'>autem</span> <span class='ocrx_word' id='word_1_428' title='bbox 2146 1327 2224 1351; x_wconf 92' lang='lat' dir='ltr'>non</span> <span class='ocrx_word' id='word_1_429' title='bbox 2253 1315 2378 1352; x_wconf 90' lang='lat' dir='ltr'>solum</span> <span class='ocrx_word' id='word_1_430' title='bbox 2405 1314 2512 1352; x_wconf 92' lang='lat' dir='ltr'>intel-</span> 
     </span>
     <span class='ocr_line' id='line_1_65' title="bbox 1443 1366 2512 1415; baseline 0.004 -13"><span class='ocrx_word' id='word_1_431' title='bbox 1443 1366 1520 1414; x_wconf 89' lang='lat' dir='ltr'>ligit</span> <span class='ocrx_word' id='word_1_432' title='bbox 1548 1367 1686 1403; x_wconf 89' lang='lat' dir='ltr'>multas</span> <span class='ocrx_word' id='word_1_433' title='bbox 1715 1379 1775 1403; x_wconf 91' lang='lat' dir='ltr'>res</span> <span class='ocrx_word' id='word_1_434' title='bbox 1802 1379 1872 1415; x_wconf 92' lang='lat' dir='ltr'>per</span> <span class='ocrx_word' id='word_1_435' title='bbox 1909 1367 2111 1404; x_wconf 90' lang='lat' dir='ltr'>essentiam</span> <span class='ocrx_word' id='word_1_436' title='bbox 2139 1380 2269 1414; x_wconf 87' lang='lat' dir='ltr'>suam,</span> <span class='ocrx_word' id='word_1_437' title='bbox 2299 1369 2367 1406; x_wconf 90' lang='lat' dir='ltr'>sed</span> <span class='ocrx_word' id='word_1_438' title='bbox 2395 1369 2512 1406; x_wconf 86' lang='lat' dir='ltr'>etiam</span> 
     </span>
     <span class='ocr_line' id='line_1_66' title="bbox 1444 1418 2509 1469; baseline 0.003 -14"><span class='ocrx_word' id='word_1_439' title='bbox 1444 1419 1612 1466; x_wconf 87' lang='lat' dir='ltr'>intelligit</span> <span class='ocrx_word' id='word_1_440' title='bbox 1631 1431 1671 1455; x_wconf 90' lang='lat' dir='ltr'>se</span> <span class='ocrx_word' id='word_1_441' title='bbox 1691 1418 1894 1467; x_wconf 88' lang='lat' dir='ltr'>intelligere</span> <span class='ocrx_word' id='word_1_442' title='bbox 1914 1421 2032 1457; x_wconf 89' lang='lat' dir='ltr'>multa</span> <span class='ocrx_word' id='word_1_443' title='bbox 2050 1432 2120 1469; x_wconf 92' lang='lat' dir='ltr'>per</span> <span class='ocrx_word' id='word_1_444' title='bbox 2136 1420 2339 1458; x_wconf 87' lang='lat' dir='ltr'>essentiam</span> <span class='ocrx_word' id='word_1_445' title='bbox 2358 1433 2468 1458; x_wconf 89' lang='lat' dir='ltr'>suam</span> <span class='ocrx_word' id='word_1_446' title='bbox 2482 1418 2509 1458; x_wconf 60' lang='grc' dir='ltr'>ε.</span> 
     </span>
     <span class='ocr_line' id='line_1_67' title="bbox 1445 1472 2509 1522; baseline 0.003 -14"><span class='ocrx_word' id='word_1_447' title='bbox 1445 1472 1522 1509; x_wconf 90' lang='lat' dir='ltr'>Sed</span> <span class='ocrx_word' id='word_1_448' title='bbox 1555 1472 1631 1508; x_wconf 92' lang='lat' dir='ltr'>hoc</span> <span class='ocrx_word' id='word_1_449' title='bbox 1669 1479 1725 1509; x_wconf 91' lang='lat' dir='ltr'>est</span> <span class='ocrx_word' id='word_1_450' title='bbox 1760 1472 1965 1521; x_wconf 86' lang='lat' dir='ltr'>intelligere</span> <span class='ocrx_word' id='word_1_451' title='bbox 2003 1473 2323 1522; x_wconf 69' lang='lat' dir='ltr'>pluresrationes</span> <span class='ocrx_word' id='word_1_452' title='bbox 2360 1486 2509 1520; x_wconf 82' lang='lat' dir='ltr'>rerum3</span> 
     </span>
     <span class='ocr_line' id='line_1_68' title="bbox 1443 1524 2510 1573; baseline 0.004 -12"><span class='ocrx_word' id='word_1_453' title='bbox 1443 1526 1522 1572; x_wconf 90' lang='lat' dir='ltr'>vel,</span> <span class='ocrx_word' id='word_1_454' title='bbox 1551 1525 1679 1573; x_wconf 89' lang='lat' dir='ltr'>plures</span> <span class='ocrx_word' id='word_1_455' title='bbox 1709 1524 1813 1562; x_wconf 88' lang='lat' dir='ltr'>ideas</span> <span class='ocrx_word' id='word_1_456' title='bbox 1834 1538 1916 1562; x_wconf 92' lang='lat' dir='ltr'>esse</span> <span class='ocrx_word' id='word_1_457' title='bbox 1945 1525 1983 1563; x_wconf 93' lang='lat' dir='ltr'>in</span> <span class='ocrx_word' id='word_1_458' title='bbox 2011 1526 2201 1564; x_wconf 89' lang='lat' dir='ltr'>intellectu</span> <span class='ocrx_word' id='word_1_459' title='bbox 2230 1526 2310 1564; x_wconf 89' lang='lat' dir='ltr'>eius</span> <span class='ocrx_word' id='word_1_460' title='bbox 2337 1534 2379 1564; x_wconf 92' lang='lat' dir='ltr'>ut</span> <span class='ocrx_word' id='word_1_461' title='bbox 2404 1527 2510 1565; x_wconf 90' lang='lat' dir='ltr'>intel-</span> 
     </span>
     <span class='ocr_line' id='line_1_69' title="bbox 1443 1578 1569 1615; baseline 0 -1"><span class='ocrx_word' id='word_1_462' title='bbox 1443 1578 1569 1615; x_wconf 90' lang='lat' dir='ltr'>lectas.</span> 
     </span>
    </p>

    <p class='ocr_par' dir='ltr' id='par_1_16' title="bbox 1443 1631 2510 1826">
     <span class='ocr_line' id='line_1_70' title="bbox 1496 1631 2509 1681; baseline 0.003 -15"><span class='ocrx_word' id='word_1_463' title='bbox 1496 1633 1555 1667; x_wconf 83' lang='lat' dir='ltr'>At&gt;</span> <span class='ocrx_word' id='word_1_464' title='bbox 1583 1642 1742 1667; x_wconf 76' lang='lat' dir='ltr'>TERTmM</span> <span class='ocrx_word' id='word_1_465' title='bbox 1771 1643 1956 1668; x_wconf 84' lang='lat' dir='ltr'>DICENDUM</span> <span class='ocrx_word' id='word_1_466' title='bbox 1984 1631 2090 1680; x_wconf 89' lang='lat' dir='ltr'>quod</span> <span class='ocrx_word' id='word_1_467' title='bbox 2123 1631 2345 1669; x_wconf 89' lang='lat' dir='ltr'>huiusmodi</span> <span class='ocrx_word' id='word_1_468' title='bbox 2382 1644 2509 1681; x_wconf 91' lang='lat' dir='ltr'>respe-</span> 
     </span>
     <span class='ocr_line' id='line_1_71' title="bbox 1445 1683 2510 1733; baseline 0.004 -14"><span class='ocrx_word' id='word_1_469' title='bbox 1445 1691 1536 1730; x_wconf 92' lang='lat' dir='ltr'>ctus,</span> <span class='ocrx_word' id='word_1_470' title='bbox 1566 1683 1705 1733; x_wconf 89' lang='lat' dir='ltr'>quibus</span> <span class='ocrx_word' id='word_1_471' title='bbox 1733 1684 2029 1733; x_wconf 89' lang='lat' dir='ltr'>multiplicantur</span> <span class='ocrx_word' id='word_1_472' title='bbox 2056 1684 2176 1732; x_wconf 91' lang='lat' dir='ltr'>ideae,</span> <span class='ocrx_word' id='word_1_473' title='bbox 2207 1697 2286 1722; x_wconf 92' lang='lat' dir='ltr'>non</span> <span class='ocrx_word' id='word_1_474' title='bbox 2307 1693 2510 1723; x_wconf 90' lang='lat' dir='ltr'>causantur</span> 
     </span>
     <span class='ocr_line' id='line_1_72' title="bbox 1443 1736 2509 1787; baseline 0.004 -15"><span class='ocrx_word' id='word_1_475' title='bbox 1443 1749 1466 1773; x_wconf 90' lang='lat' dir='ltr'>a</span> <span class='ocrx_word' id='word_1_476' title='bbox 1494 1736 1620 1783; x_wconf 90' lang='lat' dir='ltr'>rebus,</span> <span class='ocrx_word' id='word_1_477' title='bbox 1642 1736 1710 1773; x_wconf 90' lang='lat' dir='ltr'>sed</span> <span class='ocrx_word' id='word_1_478' title='bbox 1733 1737 1781 1773; x_wconf 92' lang='lat' dir='ltr'>ab</span> <span class='ocrx_word' id='word_1_479' title='bbox 1802 1736 1992 1774; x_wconf 91' lang='lat' dir='ltr'>intellectu</span> <span class='ocrx_word' id='word_1_480' title='bbox 2021 1737 2163 1785; x_wconf 88' lang='lat' dir='ltr'>divino,</span> <span class='ocrx_word' id='word_1_481' title='bbox 2186 1745 2432 1787; x_wconf 89' lang='lat' dir='ltr'>comparante</span> <span class='ocrx_word' id='word_1_482' title='bbox 2453 1751 2509 1776; x_wconf 91' lang='lat' dir='ltr'>es-</span> 
     </span>
     <span class='ocr_line' id='line_1_73' title="bbox 1443 1789 1918 1826; baseline 0 0"><span class='ocrx_word' id='word_1_483' title='bbox 1443 1789 1604 1826; x_wconf 89' lang='lat' dir='ltr'>sentiam</span> <span class='ocrx_word' id='word_1_484' title='bbox 1633 1801 1742 1826; x_wconf 89' lang='lat' dir='ltr'>suam</span> <span class='ocrx_word' id='word_1_485' title='bbox 1771 1789 1820 1826; x_wconf 91' lang='lat' dir='ltr'>ad</span> <span class='ocrx_word' id='word_1_486' title='bbox 1848 1802 1918 1826; x_wconf 91' lang='lat' dir='ltr'>res.</span> 
     </span>
    </p>

    <p class='ocr_par' dir='ltr' id='par_1_17' title="bbox 1442 1843 2511 2091">
     <span class='ocr_line' id='line_1_74' title="bbox 1495 1843 2508 1894; baseline 0.006 -17"><span class='ocrx_word' id='word_1_487' title='bbox 1495 1844 1554 1878; x_wconf 84' lang='lat' dir='ltr'>AD</span> <span class='ocrx_word' id='word_1_488' title='bbox 1584 1853 1757 1884; x_wconf 86' lang='lat' dir='ltr'><strong>QUARTUM</strong></span> <span class='ocrx_word' id='word_1_489' title='bbox 1786 1854 1970 1879; x_wconf 83' lang='lat' dir='ltr'>DICENDUM</span> <span class='ocrx_word' id='word_1_490' title='bbox 1995 1843 2100 1890; x_wconf 91' lang='lat' dir='ltr'>quod</span> <span class='ocrx_word' id='word_1_491' title='bbox 2120 1850 2313 1892; x_wconf 90' lang='lat' dir='ltr'>respectus</span> <span class='ocrx_word' id='word_1_492' title='bbox 2332 1844 2508 1894; x_wconf 85' lang='lat' dir='ltr'>multipli-</span> 
     </span>
     <span class='ocr_line' id='line_1_75' title="bbox 1443 1894 2510 1944; baseline 0.004 -13"><span class='ocrx_word' id='word_1_493' title='bbox 1443 1902 1571 1931; x_wconf 89' lang='lat' dir='ltr'>cantes</span> <span class='ocrx_word' id='word_1_494' title='bbox 1598 1894 1721 1940; x_wconf 86' lang='lat' dir='ltr'>ideas,</span> <span class='ocrx_word' id='word_1_495' title='bbox 1752 1907 1830 1932; x_wconf 90' lang='lat' dir='ltr'>non</span> <span class='ocrx_word' id='word_1_496' title='bbox 1860 1902 1947 1932; x_wconf 89' lang='lat' dir='ltr'>sunt</span> <span class='ocrx_word' id='word_1_497' title='bbox 1974 1894 2012 1932; x_wconf 89' lang='lat' dir='ltr'>in</span> <span class='ocrx_word' id='word_1_498' title='bbox 2041 1896 2155 1932; x_wconf 87' lang='lat' dir='ltr'>rebus</span> <span class='ocrx_word' id='word_1_499' title='bbox 2193 1896 2346 1944; x_wconf 88' lang='lat' dir='ltr'>creatis,</span> <span class='ocrx_word' id='word_1_500' title='bbox 2375 1898 2443 1935; x_wconf 91' lang='lat' dir='ltr'>sed</span> <span class='ocrx_word' id='word_1_501' title='bbox 2470 1898 2510 1935; x_wconf 88' lang='lat' dir='ltr'>in</span> 
     </span>
     <span class='ocr_line' id='line_1_76' title="bbox 1442 1948 2510 1997; baseline 0.005 -14"><span class='ocrx_word' id='word_1_502' title='bbox 1442 1949 1540 1984; x_wconf 91' lang='lat' dir='ltr'>Deo.</span> <span class='ocrx_word' id='word_1_503' title='bbox 1570 1948 1663 1984; x_wconf 91' lang='lat' dir='ltr'>Non</span> <span class='ocrx_word' id='word_1_504' title='bbox 1691 1955 1821 1984; x_wconf 90' lang='lat' dir='ltr'>tamen</span> <span class='ocrx_word' id='word_1_505' title='bbox 1850 1955 1936 1984; x_wconf 92' lang='lat' dir='ltr'>sunt</span> <span class='ocrx_word' id='word_1_506' title='bbox 1964 1949 2084 1985; x_wconf 90' lang='lat' dir='ltr'>reales</span> <span class='ocrx_word' id='word_1_507' title='bbox 2108 1957 2314 1997; x_wconf 90' lang='lat' dir='ltr'>respectus,</span> <span class='ocrx_word' id='word_1_508' title='bbox 2336 1949 2432 1988; x_wconf 92' lang='lat' dir='ltr'>sicut</span> <span class='ocrx_word' id='word_1_509' title='bbox 2458 1950 2510 1988; x_wconf 92' lang='lat' dir='ltr'>illi</span> 
     </span>
     <span class='ocr_line' id='line_1_77' title="bbox 1443 1999 2511 2052; baseline 0.005 -16"><span class='ocrx_word' id='word_1_510' title='bbox 1443 2001 1581 2050; x_wconf 84' lang='lat' dir='ltr'>quibus</span> <span class='ocrx_word' id='word_1_511' title='bbox 1610 1999 1889 2048; x_wconf 87' lang='lat' dir='ltr'>distinguuntur</span> <span class='ocrx_word' id='word_1_512' title='bbox 1916 2001 2122 2050; x_wconf 88' lang='lat' dir='ltr'>Personae,</span> <span class='ocrx_word' id='word_1_513' title='bbox 2152 2002 2219 2040; x_wconf 93' lang='lat' dir='ltr'>sed</span> <span class='ocrx_word' id='word_1_514' title='bbox 2245 2010 2437 2052; x_wconf 90' lang='lat' dir='ltr'>respectus</span> <span class='ocrx_word' id='word_1_515' title='bbox 2455 2003 2511 2041; x_wconf 90' lang='lat' dir='ltr'>in-</span> 
     </span>
     <span class='ocr_line' id='line_1_78' title="bbox 1442 2053 1754 2091; baseline 0 -1"><span class='ocrx_word' id='word_1_516' title='bbox 1442 2053 1577 2091; x_wconf 91' lang='lat' dir='ltr'>tellecti</span> <span class='ocrx_word' id='word_1_517' title='bbox 1605 2066 1627 2090; x_wconf 89' lang='lat' dir='ltr'>a</span> <span class='ocrx_word' id='word_1_518' title='bbox 1656 2054 1754 2090; x_wconf 91' lang='lat' dir='ltr'>Deo.</span> 
     </span>
    </p>
   </div>
   <div class='ocr_carea' id='block_1_9' title="bbox 1442 2194 2510 2332">
    <p class='ocr_par' dir='ltr' id='par_1_18' title="bbox 1442 2194 2510 2261">
     <span class='ocr_line' id='line_1_79' title="bbox 1496 2194 2510 2228; baseline 0.006 -10"><span class='ocrx_word' id='word_1_519' title='bbox 1496 2194 1524 2227; x_wconf 82' lang='grc' dir='ltr'>μ)</span> <span class='ocrx_word' id='word_1_520' title='bbox 1543 2194 1687 2219; x_wconf 81' lang='lat' dir='ltr'>secundum</span> <span class='ocrx_word' id='word_1_521' title='bbox 1702 2194 1775 2227; x_wconf 81' lang='lat' dir='ltr'><strong><em>quod</em></strong></span> <span class='ocrx_word' id='word_1_522' title='bbox 1789 2194 1921 2219; x_wconf 80' lang='lat' dir='ltr'>intellecta</span> <span class='ocrx_word' id='word_1_523' title='bbox 1933 2198 2003 2220; x_wconf 79' lang='lat' dir='ltr'>sunt.</span> <span class='ocrx_word' id='word_1_524' title='bbox 2020 2208 2040 2214; x_wconf 92' lang='lat'><em>-</em></span> <span class='ocrx_word' id='word_1_525' title='bbox 2051 2195 2195 2221; x_wconf 78' lang='lat' dir='ltr'>secundum</span> <span class='ocrx_word' id='word_1_526' title='bbox 2210 2196 2281 2228; x_wconf 83' lang='lat' dir='ltr'>quod</span> <span class='ocrx_word' id='word_1_527' title='bbox 2295 2197 2322 2222; x_wconf 82' lang='lat' dir='ltr'>in</span> <span class='ocrx_word' id='word_1_528' title='bbox 2336 2197 2388 2223; x_wconf 76' lang='lat' dir='ltr'>illis</span> <span class='ocrx_word' id='word_1_529' title='bbox 2402 2201 2465 2224; x_wconf 77' lang='lat' dir='ltr'>sunt</span> <span class='ocrx_word' id='word_1_530' title='bbox 2476 2198 2510 2224; x_wconf 89' lang='lat' dir='ltr'>G.</span> 
     </span>
     <span class='ocr_line' id='line_1_80' title="bbox 1442 2229 1818 2261; baseline 0 -8"><span class='ocrx_word' id='word_1_531' title='bbox 1442 2243 1460 2248; x_wconf 93' lang='lat'>—</span> <span class='ocrx_word' id='word_1_532' title='bbox 1474 2230 1567 2261; x_wconf 83' lang='lat' dir='ltr'>plures</span> <span class='ocrx_word' id='word_1_533' title='bbox 1585 2229 1679 2253; x_wconf 87' lang='lat' dir='ltr'>omittit</span> <span class='ocrx_word' id='word_1_534' title='bbox 1698 2229 1774 2254; x_wconf 88' lang='lat' dir='ltr'>editio</span> <span class='ocrx_word' id='word_1_535' title='bbox 1792 2236 1818 2254; x_wconf 83' lang='lat' dir='ltr'>a.</span> 
     </span>
    </p>

    <p class='ocr_par' dir='ltr' id='par_1_19' title="bbox 1496 2263 1930 2295">
     <span class='ocr_line' id='line_1_81' title="bbox 1496 2263 1930 2295; baseline 0.002 -7"><span class='ocrx_word' id='word_1_536' title='bbox 1496 2264 1520 2295; x_wconf 90' lang='grc' dir='ltr'>ν)</span> <span class='ocrx_word' id='word_1_537' title='bbox 1540 2267 1578 2289; x_wconf 81' lang='lat' dir='ltr'>ut.</span> <span class='ocrx_word' id='word_1_538' title='bbox 1595 2278 1615 2283; x_wconf 96' lang='lat'>—</span> <span class='ocrx_word' id='word_1_539' title='bbox 1633 2264 1694 2289; x_wconf 90' lang='lat' dir='ltr'>Om.</span> <span class='ocrx_word' id='word_1_540' title='bbox 1714 2265 1766 2295; x_wconf 84' lang='lat' dir='ltr'>sD;</span> <span class='ocrx_word' id='word_1_541' title='bbox 1785 2264 1818 2289; x_wconf 82' lang='lat' dir='ltr'>cf.</span> <span class='ocrx_word' id='word_1_542' title='bbox 1838 2269 1890 2289; x_wconf 88' lang='lat' dir='ltr'>not.</span> <span class='ocrx_word' id='word_1_543' title='bbox 1903 2263 1930 2289; x_wconf 88' lang='grc' dir='ltr'>λ.</span> 
     </span>
    </p>

    <p class='ocr_par' dir='ltr' id='par_1_20' title="bbox 1497 2297 2026 2332">
     <span class='ocr_line' id='line_1_82' title="bbox 1497 2297 2026 2332; baseline 0.004 -8"><span class='ocrx_word' id='word_1_544' title='bbox 1497 2297 1520 2331; x_wconf 82' lang='grc' dir='ltr'>ξ)</span> <span class='ocrx_word' id='word_1_545' title='bbox 1539 2299 1587 2324; x_wconf 84' lang='lat' dir='ltr'>sed</span> <span class='ocrx_word' id='word_1_546' title='bbox 1605 2299 1721 2324; x_wconf 84' lang='lat' dir='ltr'>etiam...</span> <span class='ocrx_word' id='word_1_547' title='bbox 1733 2307 1819 2324; x_wconf 81' lang='lat' dir='ltr'>suam.</span> <span class='ocrx_word' id='word_1_548' title='bbox 1837 2313 1856 2318; x_wconf 99' lang='lat'>-</span> <span class='ocrx_word' id='word_1_549' title='bbox 1874 2299 1936 2324; x_wconf 88' lang='lat' dir='ltr'>Om.</span> <span class='ocrx_word' id='word_1_550' title='bbox 1955 2300 2026 2332; x_wconf 90' lang='lat' dir='ltr'>BpD.</span> 
     </span>
    </p>
   </div>
   <div class='ocr_carea' id='block_1_10' title="bbox 1008 2421 1838 2455">
    <p class='ocr_par' dir='ltr' id='par_1_21' title="bbox 1008 2421 1838 2455">
     <span class='ocr_line' id='line_1_83' title="bbox 1008 2421 1838 2455; baseline 0 -1"><span class='ocrx_word' id='word_1_551' title='bbox 1008 2422 1341 2454; x_wconf 70' lang='lat' dir='ltr'>commentaria</span> <span class='ocrx_word' id='word_1_552' title='bbox 1364 2421 1614 2454; x_wconf 77' lang='lat' dir='ltr'>Cardinalis</span> <span class='ocrx_word' id='word_1_553' title='bbox 1637 2421 1838 2455; x_wconf 76' lang='lat' dir='ltr'>Caietani</span> 
     </span>
    </p>
   </div>
   <div class='ocr_carea' id='block_1_11' title="bbox 319 2518 1389 3661">
    <p class='ocr_par' dir='ltr' id='par_1_22' title="bbox 320 2518 1388 2694">
     <span class='ocr_line' id='line_1_84' title="bbox 380 2518 1388 2559; baseline 0 -9"><span class='ocrx_word' id='word_1_554' title='bbox 380 2530 486 2550; x_wconf 68' lang='lat' dir='ltr'>nunus</span> <span class='ocrx_word' id='word_1_555' title='bbox 504 2519 614 2550; x_wconf 90' lang='lat' dir='ltr'>clarus.</span> <span class='ocrx_word' id='word_1_556' title='bbox 636 2536 654 2543; x_wconf 92' lang='lat'>-</span> <span class='ocrx_word' id='word_1_557' title='bbox 675 2519 709 2549; x_wconf 92' lang='lat' dir='ltr'>In</span> <span class='ocrx_word' id='word_1_558' title='bbox 734 2528 866 2559; x_wconf 91' lang='lat' dir='ltr'>corpore</span> <span class='ocrx_word' id='word_1_559' title='bbox 887 2519 943 2550; x_wconf 89' lang='lat' dir='ltr'>tria</span> <span class='ocrx_word' id='word_1_560' title='bbox 967 2518 1055 2550; x_wconf 87' lang='lat' dir='ltr'>facit:</span> <span class='ocrx_word' id='word_1_561' title='bbox 1080 2518 1196 2559; x_wconf 88' lang='lat' dir='ltr'>primo,</span> <span class='ocrx_word' id='word_1_562' title='bbox 1218 2519 1388 2559; x_wconf 87' lang='lat' dir='ltr'>respondet</span> 
     </span>
     <span class='ocr_line' id='line_1_85' title="bbox 322 2532 1387 2605; baseline -0.001 -11"><span class='ocrx_word' id='word_1_563' title='bbox 322 2532 522 2605; x_wconf 85' lang='lat' dir='ltr'>Tquaesito</span> <span class='ocrx_word' id='word_1_564' title='bbox 549 2562 745 2599; x_wconf 87' lang='lat' dir='ltr'>affirmative;</span> <span class='ocrx_word' id='word_1_565' title='bbox 770 2563 920 2599; x_wconf 90' lang='lat' dir='ltr'>secundo,</span> <span class='ocrx_word' id='word_1_566' title='bbox 943 2562 1081 2594; x_wconf 86' lang='lat' dir='ltr'>ostendit</span> <span class='ocrx_word' id='word_1_567' title='bbox 1104 2563 1193 2603; x_wconf 92' lang='lat' dir='ltr'>quod</span> <span class='ocrx_word' id='word_1_568' title='bbox 1216 2563 1294 2593; x_wconf 91' lang='lat' dir='ltr'>haec</span> <span class='ocrx_word' id='word_1_569' title='bbox 1317 2562 1387 2603; x_wconf 91' lang='lat' dir='ltr'>plu-</span> 
     </span>
     <span class='ocr_line' id='line_1_86' title="bbox 320 2606 1387 2648; baseline -0.002 -9"><span class='ocrx_word' id='word_1_570' title='bbox 320 2608 423 2639; x_wconf 89' lang='lat' dir='ltr'>ralitas</span> <span class='ocrx_word' id='word_1_571' title='bbox 447 2618 513 2638; x_wconf 90' lang='lat' dir='ltr'>non</span> <span class='ocrx_word' id='word_1_572' title='bbox 537 2613 692 2648; x_wconf 86' lang='lat' dir='ltr'>repugnat</span> <span class='ocrx_word' id='word_1_573' title='bbox 715 2606 837 2637; x_wconf 90' lang='lat' dir='ltr'>divinae</span> <span class='ocrx_word' id='word_1_574' title='bbox 862 2606 1054 2647; x_wconf 84' lang='lat' dir='ltr'>simplicitati</span> <span class='ocrx_word' id='word_1_575' title='bbox 1070 2606 1100 2643; x_wconf 89' lang='lat'>*;</span> <span class='ocrx_word' id='word_1_576' title='bbox 1125 2606 1227 2643; x_wconf 89' lang='lat' dir='ltr'>tertio,</span> <span class='ocrx_word' id='word_1_577' title='bbox 1248 2606 1387 2638; x_wconf 87' lang='lat' dir='ltr'>ostendit</span> 
     </span>
     <span class='ocr_line' id='line_1_87' title="bbox 320 2648 1129 2694; baseline -0.001 -11"><span class='ocrx_word' id='word_1_578' title='bbox 320 2652 487 2694; x_wconf 90' lang='lat' dir='ltr'>quomodo</span> <span class='ocrx_word' id='word_1_579' title='bbox 511 2651 587 2682; x_wconf 87' lang='lat' dir='ltr'>haec</span> <span class='ocrx_word' id='word_1_580' title='bbox 610 2651 771 2691; x_wconf 82' lang='lat' dir='ltr'>pluralitas</span> <span class='ocrx_word' id='word_1_581' title='bbox 795 2658 841 2681; x_wconf 89' lang='lat' dir='ltr'>est</span> <span class='ocrx_word' id='word_1_582' title='bbox 855 2648 879 2682; x_wconf 88' lang='lat'>*.</span> <span class='ocrx_word' id='word_1_583' title='bbox 1124 2660 1129 2662; x_wconf 67' lang='grc'><strong><em>’</em></strong></span> 
     </span>
    </p>

    <p class='ocr_par' dir='ltr' id='par_1_23' title="bbox 320 2694 1389 2958">
     <span class='ocr_line' id='line_1_88' title="bbox 374 2694 1389 2736; baseline -0.002 -9"><span class='ocrx_word' id='word_1_584' title='bbox 374 2697 410 2727; x_wconf 92' lang='lat'>11.</span> <span class='ocrx_word' id='word_1_585' title='bbox 429 2696 546 2733; x_wconf 81' lang='lat' dir='ltr'>Quoad</span> <span class='ocrx_word' id='word_1_586' title='bbox 556 2696 712 2736; x_wconf 81' lang='lat' dir='ltr'>pr1&#39;mum,</span> <span class='ocrx_word' id='word_1_587' title='bbox 731 2695 894 2726; x_wconf 88' lang='lat' dir='ltr'>conclusio</span> <span class='ocrx_word' id='word_1_588' title='bbox 909 2694 1092 2735; x_wconf 83' lang='lat' dir='ltr'>responsiva</span> <span class='ocrx_word' id='word_1_589' title='bbox 1108 2701 1168 2726; x_wconf 89' lang='lat' dir='ltr'>est:</span> <span class='ocrx_word' id='word_1_590' title='bbox 1192 2695 1327 2725; x_wconf 88' lang='lat' dir='ltr'>Necesse</span> <span class='ocrx_word' id='word_1_591' title='bbox 1342 2701 1389 2725; x_wconf 90' lang='lat' dir='ltr'>est</span> 
     </span>
     <span class='ocr_line' id='line_1_89' title="bbox 321 2738 1388 2781; baseline -0.001 -10"><span class='ocrx_word' id='word_1_592' title='bbox 321 2750 438 2781; x_wconf 91' lang='lat' dir='ltr'>ponere</span> <span class='ocrx_word' id='word_1_593' title='bbox 461 2740 546 2770; x_wconf 83' lang='lat' dir='ltr'>ideas</span> <span class='ocrx_word' id='word_1_594' title='bbox 569 2740 684 2780; x_wconf 90' lang='lat' dir='ltr'>plures.</span> <span class='ocrx_word' id='word_1_595' title='bbox 703 2757 722 2762; x_wconf 96' lang='lat'>—</span> <span class='ocrx_word' id='word_1_596' title='bbox 739 2739 902 2770; x_wconf 90' lang='lat' dir='ltr'>Probatur.</span> <span class='ocrx_word' id='word_1_597' title='bbox 928 2739 1069 2770; x_wconf 90' lang='lat' dir='ltr'>Ultimus</span> <span class='ocrx_word' id='word_1_598' title='bbox 1092 2738 1164 2769; x_wconf 90' lang='lat' dir='ltr'>finis</span> <span class='ocrx_word' id='word_1_599' title='bbox 1187 2738 1220 2769; x_wconf 89' lang='lat' dir='ltr'>in</span> <span class='ocrx_word' id='word_1_600' title='bbox 1244 2738 1388 2779; x_wconf 91' lang='lat' dir='ltr'>quolibet</span> 
     </span>
     <span class='ocr_line' id='line_1_90' title="bbox 321 2783 1387 2824; baseline -0.002 -9"><span class='ocrx_word' id='word_1_601' title='bbox 321 2785 431 2815; x_wconf 87' lang='lat' dir='ltr'>effectu</span> <span class='ocrx_word' id='word_1_602' title='bbox 455 2790 501 2814; x_wconf 93' lang='lat' dir='ltr'>est</span> <span class='ocrx_word' id='word_1_603' title='bbox 524 2783 650 2824; x_wconf 88' lang='lat' dir='ltr'>proprie</span> <span class='ocrx_word' id='word_1_604' title='bbox 674 2783 813 2814; x_wconf 89' lang='lat' dir='ltr'>intentus</span> <span class='ocrx_word' id='word_1_605' title='bbox 830 2794 847 2813; x_wconf 91' lang='lat' dir='ltr'>a</span> <span class='ocrx_word' id='word_1_606' title='bbox 867 2783 1031 2824; x_wconf 87' lang='lat' dir='ltr'>principali</span> <span class='ocrx_word' id='word_1_607' title='bbox 1055 2789 1182 2822; x_wconf 82' lang='lat' dir='ltr'>agente:</span> <span class='ocrx_word' id='word_1_608' title='bbox 1207 2792 1282 2823; x_wconf 91' lang='lat' dir='ltr'>ergo</span> <span class='ocrx_word' id='word_1_609' title='bbox 1307 2783 1387 2813; x_wconf 92' lang='lat' dir='ltr'>ordo</span> 
     </span>
     <span class='ocr_line' id='line_1_91' title="bbox 321 2826 1387 2868; baseline -0.002 -9"><span class='ocrx_word' id='word_1_610' title='bbox 321 2828 457 2859; x_wconf 90' lang='lat' dir='ltr'>universi</span> <span class='ocrx_word' id='word_1_611' title='bbox 474 2835 520 2859; x_wconf 91' lang='lat' dir='ltr'>est</span> <span class='ocrx_word' id='word_1_612' title='bbox 532 2827 659 2868; x_wconf 89' lang='lat' dir='ltr'>proprie</span> <span class='ocrx_word' id='word_1_613' title='bbox 675 2827 823 2863; x_wconf 91' lang='lat' dir='ltr'>intentus,</span> <span class='ocrx_word' id='word_1_614' title='bbox 838 2834 868 2858; x_wconf 92' lang='lat' dir='ltr'>et</span> <span class='ocrx_word' id='word_1_615' title='bbox 884 2837 939 2867; x_wconf 92' lang='lat' dir='ltr'>per</span> <span class='ocrx_word' id='word_1_616' title='bbox 955 2837 988 2857; x_wconf 90' lang='lat' dir='ltr'>se</span> <span class='ocrx_word' id='word_1_617' title='bbox 1005 2827 1116 2863; x_wconf 86' lang='lat' dir='ltr'>factus,</span> <span class='ocrx_word' id='word_1_618' title='bbox 1128 2837 1146 2857; x_wconf 89' lang='lat' dir='ltr'>a</span> <span class='ocrx_word' id='word_1_619' title='bbox 1158 2827 1244 2857; x_wconf 88' lang='lat' dir='ltr'>Deo:</span> <span class='ocrx_word' id='word_1_620' title='bbox 1264 2837 1338 2867; x_wconf 91' lang='lat' dir='ltr'>ergo</span> <span class='ocrx_word' id='word_1_621' title='bbox 1354 2826 1387 2857; x_wconf 91' lang='lat' dir='ltr'>in</span> 
     </span>
     <span class='ocr_line' id='line_1_92' title="bbox 320 2871 1387 2911; baseline -0.001 -8"><span class='ocrx_word' id='word_1_622' title='bbox 320 2879 425 2904; x_wconf 87' lang='lat' dir='ltr'>mente</span> <span class='ocrx_word' id='word_1_623' title='bbox 442 2871 547 2902; x_wconf 88' lang='lat' dir='ltr'>divina</span> <span class='ocrx_word' id='word_1_624' title='bbox 567 2878 612 2902; x_wconf 93' lang='lat' dir='ltr'>est</span> <span class='ocrx_word' id='word_1_625' title='bbox 627 2871 696 2901; x_wconf 87' lang='lat' dir='ltr'>idea</span> <span class='ocrx_word' id='word_1_626' title='bbox 713 2872 831 2902; x_wconf 88' lang='lat' dir='ltr'>ordinis</span> <span class='ocrx_word' id='word_1_627' title='bbox 851 2871 1002 2902; x_wconf 87' lang='lat' dir='ltr'>universi:</span> <span class='ocrx_word' id='word_1_628' title='bbox 1029 2881 1103 2911; x_wconf 89' lang='lat' dir='ltr'>ergo</span> <span class='ocrx_word' id='word_1_629' title='bbox 1119 2871 1152 2901; x_wconf 92' lang='lat' dir='ltr'>in</span> <span class='ocrx_word' id='word_1_630' title='bbox 1172 2881 1208 2901; x_wconf 89' lang='lat' dir='ltr'>ea</span> <span class='ocrx_word' id='word_1_631' title='bbox 1224 2878 1298 2902; x_wconf 90' lang='lat' dir='ltr'>sunt</span> <span class='ocrx_word' id='word_1_632' title='bbox 1314 2881 1387 2911; x_wconf 86' lang='lat' dir='ltr'>pro-</span> 
     </span>
     <span class='ocr_line' id='line_1_93' title="bbox 320 2915 1386 2958; baseline -0.001 -11"><span class='ocrx_word' id='word_1_633' title='bbox 320 2917 405 2958; x_wconf 88' lang='lat' dir='ltr'>priae</span> <span class='ocrx_word' id='word_1_634' title='bbox 419 2916 555 2947; x_wconf 87' lang='lat' dir='ltr'>rationes</span> <span class='ocrx_word' id='word_1_635' title='bbox 572 2915 721 2946; x_wconf 88' lang='lat' dir='ltr'>omnium</span> <span class='ocrx_word' id='word_1_636' title='bbox 737 2924 858 2946; x_wconf 88' lang='lat' dir='ltr'>rerum:</span> <span class='ocrx_word' id='word_1_637' title='bbox 884 2926 958 2955; x_wconf 90' lang='lat' dir='ltr'>ergo</span> <span class='ocrx_word' id='word_1_638' title='bbox 975 2915 1007 2945; x_wconf 89' lang='lat' dir='ltr'>in</span> <span class='ocrx_word' id='word_1_639' title='bbox 1025 2925 1060 2946; x_wconf 89' lang='lat' dir='ltr'>ea</span> <span class='ocrx_word' id='word_1_640' title='bbox 1076 2922 1150 2946; x_wconf 90' lang='lat' dir='ltr'>sunt</span> <span class='ocrx_word' id='word_1_641' title='bbox 1166 2915 1272 2955; x_wconf 89' lang='lat' dir='ltr'>plures</span> <span class='ocrx_word' id='word_1_642' title='bbox 1288 2915 1386 2946; x_wconf 83' lang='lat' dir='ltr'>ideae.</span> 
     </span>
    </p>

    <p class='ocr_par' dir='ltr' id='par_1_24' title="bbox 319 2959 1388 3397">
     <span class='ocr_line' id='line_1_94' title="bbox 376 2959 1385 2992; baseline 0 -1"><span class='ocrx_word' id='word_1_643' title='bbox 376 2960 572 2992; x_wconf 87' lang='lat' dir='ltr'>Antecedens</span> <span class='ocrx_word' id='word_1_644' title='bbox 605 2959 823 2991; x_wconf 84' lang='lat' dir='ltr'>manifestatur</span> <span class='ocrx_word' id='word_1_645' title='bbox 852 2960 885 2990; x_wconf 89' lang='lat' dir='ltr'>in</span> <span class='ocrx_word' id='word_1_646' title='bbox 915 2959 1025 2990; x_wconf 86' lang='lat' dir='ltr'>ordine</span> <span class='ocrx_word' id='word_1_647' title='bbox 1057 2959 1207 2990; x_wconf 84' lang='lat' dir='ltr'>exercitus</span> <span class='ocrx_word' id='word_1_648' title='bbox 1237 2965 1268 2990; x_wconf 95' lang='lat' dir='ltr'>et</span> <span class='ocrx_word' id='word_1_649' title='bbox 1296 2960 1385 2991; x_wconf 88' lang='lat' dir='ltr'>duce.</span> 
     </span>
     <span class='ocr_line' id='line_1_95' title="bbox 319 3003 1387 3044; baseline -0.001 -9"><span class='ocrx_word' id='word_1_650' title='bbox 319 3005 425 3035; x_wconf 90' lang='lat' dir='ltr'>Prima</span> <span class='ocrx_word' id='word_1_651' title='bbox 440 3014 515 3035; x_wconf 85' lang='lat' dir='ltr'>vero</span> <span class='ocrx_word' id='word_1_652' title='bbox 540 3004 766 3044; x_wconf 84' lang='lat' dir='ltr'>consequentia</span> <span class='ocrx_word' id='word_1_653' title='bbox 787 3005 952 3044; x_wconf 86' lang='lat' dir='ltr'>probatur:</span> <span class='ocrx_word' id='word_1_654' title='bbox 977 3003 1052 3044; x_wconf 85' lang='lat' dir='ltr'>quia</span> <span class='ocrx_word' id='word_1_655' title='bbox 1069 3003 1230 3044; x_wconf 89' lang='lat' dir='ltr'>optimum</span> <span class='ocrx_word' id='word_1_656' title='bbox 1245 3003 1277 3034; x_wconf 90' lang='lat' dir='ltr'>in</span> <span class='ocrx_word' id='word_1_657' title='bbox 1294 3004 1387 3034; x_wconf 92' lang='lat' dir='ltr'>rebus</span> 
     </span>
     <span class='ocr_line' id='line_1_96' title="bbox 320 3047 1385 3088; baseline -0.001 -9"><span class='ocrx_word' id='word_1_658' title='bbox 320 3049 452 3080; x_wconf 87' lang='lat' dir='ltr'>existens</span> <span class='ocrx_word' id='word_1_659' title='bbox 477 3056 523 3079; x_wconf 89' lang='lat' dir='ltr'>est</span> <span class='ocrx_word' id='word_1_660' title='bbox 539 3049 635 3084; x_wconf 87' lang='lat' dir='ltr'>ordo;</span> <span class='ocrx_word' id='word_1_661' title='bbox 656 3048 745 3088; x_wconf 91' lang='lat' dir='ltr'>quod</span> <span class='ocrx_word' id='word_1_662' title='bbox 760 3047 902 3079; x_wconf 90' lang='lat' dir='ltr'>firmatur</span> <span class='ocrx_word' id='word_1_663' title='bbox 917 3058 953 3078; x_wconf 84' lang='lat' dir='ltr'>ex</span> <span class='ocrx_word' id='word_1_664' title='bbox 969 3048 1025 3078; x_wconf 87' lang='lat' dir='ltr'>XII</span> <span class='ocrx_word' id='word_1_665' title='bbox 1043 3048 1227 3088; x_wconf 78' lang='lat' dir='ltr'>Metaphys.</span> <span class='ocrx_word' id='word_1_666' title='bbox 1252 3048 1294 3079; x_wconf 92' lang='lat' dir='ltr'>Et</span> <span class='ocrx_word' id='word_1_667' title='bbox 1310 3058 1385 3078; x_wconf 94' lang='lat' dir='ltr'>con-</span> 
     </span>
     <span class='ocr_line' id='line_1_97' title="bbox 319 3091 1386 3133; baseline -0.001 -10"><span class='ocrx_word' id='word_1_668' title='bbox 319 3093 462 3124; x_wconf 88' lang='lat' dir='ltr'>firmatur</span> <span class='ocrx_word' id='word_1_669' title='bbox 475 3092 587 3123; x_wconf 90' lang='lat' dir='ltr'>veritas</span> <span class='ocrx_word' id='word_1_670' title='bbox 611 3092 832 3133; x_wconf 91' lang='lat' dir='ltr'>consequentis</span> <span class='ocrx_word' id='word_1_671' title='bbox 849 3102 886 3123; x_wconf 89' lang='lat' dir='ltr'>ex</span> <span class='ocrx_word' id='word_1_672' title='bbox 902 3092 1114 3122; x_wconf 85' lang='lat' dir='ltr'>destructione</span> <span class='ocrx_word' id='word_1_673' title='bbox 1137 3091 1298 3132; x_wconf 90' lang='lat' dir='ltr'>opinionis</span> <span class='ocrx_word' id='word_1_674' title='bbox 1313 3091 1386 3122; x_wconf 90' lang='lat' dir='ltr'>Avi-</span> 
     </span>
     <span class='ocr_line' id='line_1_98' title="bbox 321 3135 1387 3176; baseline -0.001 -9"><span class='ocrx_word' id='word_1_675' title='bbox 321 3147 450 3173; x_wconf 88' lang='lat' dir='ltr'>cennae,</span> <span class='ocrx_word' id='word_1_676' title='bbox 476 3143 534 3167; x_wconf 91' lang='lat' dir='ltr'>etc.</span> <span class='ocrx_word' id='word_1_677' title='bbox 559 3136 703 3167; x_wconf 89' lang='lat' dir='ltr'>Secunda</span> <span class='ocrx_word' id='word_1_678' title='bbox 730 3143 838 3167; x_wconf 85' lang='lat' dir='ltr'>autem</span> <span class='ocrx_word' id='word_1_679' title='bbox 861 3143 907 3167; x_wconf 90' lang='lat' dir='ltr'>est</span> <span class='ocrx_word' id='word_1_680' title='bbox 931 3146 986 3176; x_wconf 91' lang='lat' dir='ltr'>per</span> <span class='ocrx_word' id='word_1_681' title='bbox 1010 3146 1042 3166; x_wconf 92' lang='lat' dir='ltr'>se</span> <span class='ocrx_word' id='word_1_682' title='bbox 1066 3143 1151 3167; x_wconf 85' lang='lat' dir='ltr'>nota.</span> <span class='ocrx_word' id='word_1_683' title='bbox 1181 3135 1289 3167; x_wconf 85' lang='lat' dir='ltr'>Tertia</span> <span class='ocrx_word' id='word_1_684' title='bbox 1311 3145 1387 3166; x_wconf 89' lang='lat' dir='ltr'>vero</span> 
     </span>
     <span class='ocr_line' id='line_1_99' title="bbox 320 3179 1387 3221; baseline -0.001 -10"><span class='ocrx_word' id='word_1_685' title='bbox 320 3182 488 3221; x_wconf 83' lang='lat' dir='ltr'>probatur:</span> <span class='ocrx_word' id='word_1_686' title='bbox 521 3180 597 3221; x_wconf 88' lang='lat' dir='ltr'>quia</span> <span class='ocrx_word' id='word_1_687' title='bbox 626 3180 705 3211; x_wconf 89' lang='lat' dir='ltr'>ratio</span> <span class='ocrx_word' id='word_1_688' title='bbox 734 3180 832 3211; x_wconf 90' lang='lat' dir='ltr'>totius</span> <span class='ocrx_word' id='word_1_689' title='bbox 863 3180 969 3210; x_wconf 90' lang='lat' dir='ltr'>haberi</span> <span class='ocrx_word' id='word_1_690' title='bbox 1000 3190 1067 3210; x_wconf 92' lang='lat' dir='ltr'>non</span> <span class='ocrx_word' id='word_1_691' title='bbox 1095 3187 1218 3220; x_wconf 91' lang='lat' dir='ltr'>potest,</span> <span class='ocrx_word' id='word_1_692' title='bbox 1250 3179 1310 3210; x_wconf 90' lang='lat' dir='ltr'>nisi</span> <span class='ocrx_word' id='word_1_693' title='bbox 1333 3179 1387 3210; x_wconf 86' lang='lat' dir='ltr'>ha—</span> 
     </span>
     <span class='ocr_line' id='line_1_100' title="bbox 320 3223 1388 3265; baseline -0.001 -10"><span class='ocrx_word' id='word_1_694' title='bbox 320 3226 452 3256; x_wconf 86' lang='lat' dir='ltr'>beantur</span> <span class='ocrx_word' id='word_1_695' title='bbox 475 3224 611 3255; x_wconf 87' lang='lat' dir='ltr'>rationes</span> <span class='ocrx_word' id='word_1_696' title='bbox 635 3224 783 3255; x_wconf 90' lang='lat' dir='ltr'>omnium</span> <span class='ocrx_word' id='word_1_697' title='bbox 806 3235 842 3255; x_wconf 84' lang='lat' dir='ltr'>ex</span> <span class='ocrx_word' id='word_1_698' title='bbox 866 3224 982 3265; x_wconf 91' lang='lat' dir='ltr'>quibus</span> <span class='ocrx_word' id='word_1_699' title='bbox 1003 3230 1109 3254; x_wconf 89' lang='lat' dir='ltr'>totum</span> <span class='ocrx_word' id='word_1_700' title='bbox 1125 3223 1336 3260; x_wconf 89' lang='lat' dir='ltr'>constituitur,</span> <span class='ocrx_word' id='word_1_701' title='bbox 1352 3230 1388 3255; x_wconf 94' lang='lat' dir='ltr'>ut</span> 
     </span>
     <span class='ocr_line' id='line_1_101' title="bbox 321 3267 1387 3309; baseline -0.001 -10"><span class='ocrx_word' id='word_1_702' title='bbox 321 3276 406 3309; x_wconf 92' lang='lat' dir='ltr'>patet</span> <span class='ocrx_word' id='word_1_703' title='bbox 433 3269 465 3299; x_wconf 93' lang='lat' dir='ltr'>in</span> <span class='ocrx_word' id='word_1_704' title='bbox 491 3269 590 3299; x_wconf 93' lang='lat' dir='ltr'>domo</span> <span class='ocrx_word' id='word_1_705' title='bbox 621 3275 652 3299; x_wconf 90' lang='lat' dir='ltr'>et</span> <span class='ocrx_word' id='word_1_706' title='bbox 681 3268 749 3299; x_wconf 86' lang='lat' dir='ltr'>eius</span> <span class='ocrx_word' id='word_1_707' title='bbox 777 3268 928 3309; x_wconf 89' lang='lat' dir='ltr'>partibus.</span> <span class='ocrx_word' id='word_1_708' title='bbox 963 3267 1244 3309; x_wconf 89' lang='lat' dir='ltr'>Confirmaturque</span> <span class='ocrx_word' id='word_1_709' title='bbox 1274 3267 1387 3299; x_wconf 87' lang='lat' dir='ltr'>veritas</span> 
     </span>
     <span class='ocr_line' id='line_1_102' title="bbox 323 3312 1386 3353; baseline -0.001 -10"><span class='ocrx_word' id='word_1_710' title='bbox 323 3313 543 3353; x_wconf 90' lang='lat' dir='ltr'>consequentis</span> <span class='ocrx_word' id='word_1_711' title='bbox 567 3312 751 3343; x_wconf 87' lang='lat' dir='ltr'>auctoritate</span> <span class='ocrx_word' id='word_1_712' title='bbox 773 3312 953 3353; x_wconf 82' lang='lat' dir='ltr'>Augustini.</span> <span class='ocrx_word' id='word_1_713' title='bbox 980 3312 1099 3343; x_wconf 89' lang='lat' dir='ltr'>Ultima</span> <span class='ocrx_word' id='word_1_714' title='bbox 1122 3312 1254 3343; x_wconf 89' lang='lat' dir='ltr'>demum</span> <span class='ocrx_word' id='word_1_715' title='bbox 1277 3321 1386 3343; x_wconf 90' lang='lat' dir='ltr'>conse-</span> 
     </span>
     <span class='ocr_line' id='line_1_103' title="bbox 323 3356 840 3397; baseline 0.002 -10"><span class='ocrx_word' id='word_1_716' title='bbox 323 3357 451 3397; x_wconf 84' lang='lat' dir='ltr'>quentia</span> <span class='ocrx_word' id='word_1_717' title='bbox 469 3366 534 3387; x_wconf 88' lang='lat' dir='ltr'>non</span> <span class='ocrx_word' id='word_1_718' title='bbox 554 3363 623 3397; x_wconf 88' lang='lat' dir='ltr'>eget</span> <span class='ocrx_word' id='word_1_719' title='bbox 642 3356 840 3397; x_wconf 84' lang='lat' dir='ltr'>probatione.</span> 
     </span>
    </p>

    <p class='ocr_par' dir='ltr' id='par_1_25' title="bbox 323 3399 1387 3661">
     <span class='ocr_line' id='line_1_104' title="bbox 381 3399 1386 3442; baseline 0 -12"><span class='ocrx_word' id='word_1_720' title='bbox 381 3401 431 3431; x_wconf 86' lang='lat'>111.</span> <span class='ocrx_word' id='word_1_721' title='bbox 457 3401 591 3432; x_wconf 82' lang='lat' dir='ltr'>Adverte</span> <span class='ocrx_word' id='word_1_722' title='bbox 624 3401 713 3442; x_wconf 92' lang='lat' dir='ltr'>quod</span> <span class='ocrx_word' id='word_1_723' title='bbox 742 3407 886 3432; x_wconf 86' lang='lat' dir='ltr'>notanter</span> <span class='ocrx_word' id='word_1_724' title='bbox 909 3400 942 3430; x_wconf 91' lang='lat' dir='ltr'>in</span> <span class='ocrx_word' id='word_1_725' title='bbox 966 3399 1070 3440; x_wconf 88' lang='lat' dir='ltr'>primo</span> <span class='ocrx_word' id='word_1_726' title='bbox 1095 3400 1296 3431; x_wconf 89' lang='lat' dir='ltr'>antecedente</span> <span class='ocrx_word' id='word_1_727' title='bbox 1320 3409 1386 3430; x_wconf 89' lang='lat' dir='ltr'>non</span> 
     </span>
     <span class='ocr_line' id='line_1_105' title="bbox 323 3443 1387 3486; baseline 0 -12"><span class='ocrx_word' id='word_1_728' title='bbox 323 3444 435 3474; x_wconf 89' lang='lat' dir='ltr'>dicitur</span> <span class='ocrx_word' id='word_1_729' title='bbox 458 3444 588 3475; x_wconf 84' lang='lat' dir='ltr'>ultimus</span> <span class='ocrx_word' id='word_1_730' title='bbox 601 3445 703 3486; x_wconf 84' lang='lat' dir='ltr'>finis,</span> <span class='ocrx_word' id='word_1_731' title='bbox 727 3445 782 3475; x_wconf 93' lang='lat' dir='ltr'>sed</span> <span class='ocrx_word' id='word_1_732' title='bbox 806 3445 919 3475; x_wconf 90' lang='lat' dir='ltr'>dicitur</span> <span class='ocrx_word' id='word_1_733' title='bbox 943 3445 1074 3475; x_wconf 86' lang='lat' dir='ltr'>ultimus</span> <span class='ocrx_word' id='word_1_734' title='bbox 1087 3444 1172 3485; x_wconf 82' lang='lat' dir='ltr'>finis</span> <span class='ocrx_word' id='word_1_735' title='bbox 1195 3445 1227 3475; x_wconf 91' lang='lat' dir='ltr'>in</span> <span class='ocrx_word' id='word_1_736' title='bbox 1251 3443 1387 3485; x_wconf 81' lang='lat' dir='ltr'>quolibet</span> 
     </span>
     <span class='ocr_line' id='line_1_106' title="bbox 323 3487 1384 3528; baseline 0 -10"><span class='ocrx_word' id='word_1_737' title='bbox 323 3487 459 3528; x_wconf 86' lang='lat' dir='ltr'>effectu:</span> <span class='ocrx_word' id='word_1_738' title='bbox 483 3489 636 3528; x_wconf 89' lang='lat' dir='ltr'>quoniam</span> <span class='ocrx_word' id='word_1_739' title='bbox 653 3489 702 3519; x_wconf 87' lang='lat' dir='ltr'>hic</span> <span class='ocrx_word' id='word_1_740' title='bbox 722 3496 767 3520; x_wconf 89' lang='lat' dir='ltr'>est</span> <span class='ocrx_word' id='word_1_741' title='bbox 791 3498 894 3519; x_wconf 89' lang='lat' dir='ltr'>sermo</span> <span class='ocrx_word' id='word_1_742' title='bbox 919 3488 957 3519; x_wconf 92' lang='lat' dir='ltr'>de</span> <span class='ocrx_word' id='word_1_743' title='bbox 980 3487 1042 3519; x_wconf 90' lang='lat' dir='ltr'>fine</span> <span class='ocrx_word' id='word_1_744' title='bbox 1062 3488 1231 3519; x_wconf 88' lang='lat' dir='ltr'>intrinseco</span> <span class='ocrx_word' id='word_1_745' title='bbox 1248 3487 1384 3523; x_wconf 77' lang='lat' dir='ltr'>effectur»,</span> 
     </span>
     <span class='ocr_line' id='line_1_107' title="bbox 324 3531 1385 3573; baseline 0.001 -12"><span class='ocrx_word' id='word_1_746' title='bbox 324 3539 354 3562; x_wconf 89' lang='lat' dir='ltr'>et</span> <span class='ocrx_word' id='word_1_747' title='bbox 377 3541 442 3561; x_wconf 91' lang='lat' dir='ltr'>non</span> <span class='ocrx_word' id='word_1_748' title='bbox 467 3532 504 3562; x_wconf 87' lang='lat' dir='ltr'>de</span> <span class='ocrx_word' id='word_1_749' title='bbox 528 3531 589 3563; x_wconf 90' lang='lat' dir='ltr'>fine</span> <span class='ocrx_word' id='word_1_750' title='bbox 612 3533 667 3573; x_wconf 90' lang='lat' dir='ltr'>qui</span> <span class='ocrx_word' id='word_1_751' title='bbox 691 3539 737 3564; x_wconf 91' lang='lat' dir='ltr'>est</span> <span class='ocrx_word' id='word_1_752' title='bbox 761 3540 844 3563; x_wconf 86' lang='lat' dir='ltr'>extra</span> <span class='ocrx_word' id='word_1_753' title='bbox 868 3532 1024 3563; x_wconf 81' lang='lat' dir='ltr'>effectum.</span> <span class='ocrx_word' id='word_1_754' title='bbox 1050 3532 1093 3563; x_wconf 93' lang='lat' dir='ltr'>Ut</span> <span class='ocrx_word' id='word_1_755' title='bbox 1117 3531 1202 3563; x_wconf 88' lang='lat' dir='ltr'>enim</span> <span class='ocrx_word' id='word_1_756' title='bbox 1221 3538 1306 3572; x_wconf 89' lang='lat' dir='ltr'>patet</span> <span class='ocrx_word' id='word_1_757' title='bbox 1327 3531 1385 3562; x_wconf 89' lang='lat' dir='ltr'>XII</span> 
     </span>
     <span class='ocr_line' id='line_1_108' title="bbox 323 3575 1387 3617; baseline 0 -11"><span class='ocrx_word' id='word_1_758' title='bbox 323 3576 506 3616; x_wconf 80' lang='lat' dir='ltr'>Metaphys.</span> <span class='ocrx_word' id='word_1_759' title='bbox 523 3575 548 3612; x_wconf 85' lang='lat'>*,</span> <span class='ocrx_word' id='word_1_760' title='bbox 574 3583 645 3608; x_wconf 89' lang='lat' dir='ltr'>text.</span> <span class='ocrx_word' id='word_1_761' title='bbox 667 3578 716 3613; x_wconf 87' lang='lat'>52,</span> <span class='ocrx_word' id='word_1_762' title='bbox 738 3577 862 3607; x_wconf 91' lang='lat' dir='ltr'>bonum</span> <span class='ocrx_word' id='word_1_763' title='bbox 885 3576 1022 3607; x_wconf 88' lang='lat' dir='ltr'>universi</span> <span class='ocrx_word' id='word_1_764' title='bbox 1046 3583 1092 3608; x_wconf 90' lang='lat' dir='ltr'>est</span> <span class='ocrx_word' id='word_1_765' title='bbox 1116 3577 1245 3617; x_wconf 88' lang='lat' dir='ltr'>duplex:</span> <span class='ocrx_word' id='word_1_766' title='bbox 1271 3575 1387 3607; x_wconf 87' lang='lat' dir='ltr'>scilicet</span> 
     </span>
     <span class='ocr_line' id='line_1_109' title="bbox 324 3619 1386 3661; baseline 0 -11"><span class='ocrx_word' id='word_1_767' title='bbox 324 3619 356 3650; x_wconf 92' lang='lat' dir='ltr'>in</span> <span class='ocrx_word' id='word_1_768' title='bbox 380 3619 450 3660; x_wconf 91' lang='lat' dir='ltr'>ipso</span> <span class='ocrx_word' id='word_1_769' title='bbox 473 3620 620 3650; x_wconf 92' lang='lat' dir='ltr'>universo</span> <span class='ocrx_word' id='word_1_770' title='bbox 644 3631 792 3657; x_wconf 87' lang='lat' dir='ltr'>manens,</span> <span class='ocrx_word' id='word_1_771' title='bbox 824 3628 854 3652; x_wconf 89' lang='lat' dir='ltr'>et</span> <span class='ocrx_word' id='word_1_772' title='bbox 877 3621 963 3651; x_wconf 88' lang='lat' dir='ltr'>aliud</span> <span class='ocrx_word' id='word_1_773' title='bbox 987 3627 1071 3652; x_wconf 86' lang='lat' dir='ltr'>extra</span> <span class='ocrx_word' id='word_1_774' title='bbox 1094 3620 1210 3661; x_wconf 90' lang='lat' dir='ltr'>ipsum.</span> <span class='ocrx_word' id='word_1_775' title='bbox 1243 3619 1386 3651; x_wconf 87' lang='lat' dir='ltr'>Primum</span> 
     </span>
    </p>
   </div>
   <div class='ocr_carea' id='block_1_12' title="bbox 1440 2519 2511 3654">
    <p class='ocr_par' dir='ltr' id='par_1_26' title="bbox 1441 2519 2511 2814">
     <span class='ocr_line' id='line_1_110' title="bbox 1442 2519 2510 2562; baseline 0.005 -13"><span class='ocrx_word' id='word_1_776' title='bbox 1442 2525 1488 2550; x_wconf 90' lang='lat' dir='ltr'>est</span> <span class='ocrx_word' id='word_1_777' title='bbox 1512 2519 1610 2549; x_wconf 89' lang='lat' dir='ltr'>ordo:</span> <span class='ocrx_word' id='word_1_778' title='bbox 1643 2520 1821 2550; x_wconf 91' lang='lat' dir='ltr'>secundum</span> <span class='ocrx_word' id='word_1_779' title='bbox 1849 2526 1895 2550; x_wconf 91' lang='lat' dir='ltr'>est</span> <span class='ocrx_word' id='word_1_780' title='bbox 1918 2520 2024 2556; x_wconf 89' lang='lat' dir='ltr'>Deus,</span> <span class='ocrx_word' id='word_1_781' title='bbox 2056 2527 2186 2561; x_wconf 88' lang='lat' dir='ltr'>propter</span> <span class='ocrx_word' id='word_1_782' title='bbox 2209 2531 2306 2562; x_wconf 86' lang='lat' dir='ltr'>quem</span> <span class='ocrx_word' id='word_1_783' title='bbox 2337 2528 2383 2553; x_wconf 87' lang='lat' dir='ltr'>est</span> <span class='ocrx_word' id='word_1_784' title='bbox 2415 2522 2510 2554; x_wconf 85' lang='lat' dir='ltr'>etiam</span> 
     </span>
     <span class='ocr_line' id='line_1_111' title="bbox 1441 2562 2508 2605; baseline 0.004 -12"><span class='ocrx_word' id='word_1_785' title='bbox 1441 2562 1509 2603; x_wconf 90' lang='lat' dir='ltr'>ipse</span> <span class='ocrx_word' id='word_1_786' title='bbox 1533 2563 1623 2594; x_wconf 89' lang='lat' dir='ltr'>ordo.</span> <span class='ocrx_word' id='word_1_787' title='bbox 1649 2563 1738 2594; x_wconf 91' lang='lat' dir='ltr'>Ordo</span> <span class='ocrx_word' id='word_1_788' title='bbox 1763 2573 1837 2604; x_wconf 86' lang='lat' dir='ltr'>ergo</span> <span class='ocrx_word' id='word_1_789' title='bbox 1861 2563 2008 2600; x_wconf 82' lang='lat' dir='ltr'>universi,</span> <span class='ocrx_word' id='word_1_790' title='bbox 2033 2564 2108 2605; x_wconf 87' lang='lat' dir='ltr'>quia</span> <span class='ocrx_word' id='word_1_791' title='bbox 2131 2571 2178 2596; x_wconf 89' lang='lat' dir='ltr'>est</span> <span class='ocrx_word' id='word_1_792' title='bbox 2201 2565 2361 2605; x_wconf 88' lang='lat' dir='ltr'>optimum</span> <span class='ocrx_word' id='word_1_793' title='bbox 2385 2566 2418 2596; x_wconf 91' lang='lat' dir='ltr'>in</span> <span class='ocrx_word' id='word_1_794' title='bbox 2438 2572 2508 2598; x_wconf 90' lang='lat' dir='ltr'>toto</span> 
     </span>
     <span class='ocr_line' id='line_1_112' title="bbox 1441 2607 2511 2650; baseline 0.004 -13"><span class='ocrx_word' id='word_1_795' title='bbox 1441 2607 1599 2643; x_wconf 88' lang='lat' dir='ltr'>universo,</span> <span class='ocrx_word' id='word_1_796' title='bbox 1617 2614 1744 2647; x_wconf 92' lang='lat' dir='ltr'>oportet</span> <span class='ocrx_word' id='word_1_797' title='bbox 1763 2617 1829 2638; x_wconf 90' lang='lat' dir='ltr'>esse</span> <span class='ocrx_word' id='word_1_798' title='bbox 1853 2608 2005 2638; x_wconf 89' lang='lat' dir='ltr'>ultimum</span> <span class='ocrx_word' id='word_1_799' title='bbox 2027 2608 2060 2638; x_wconf 91' lang='lat' dir='ltr'>in</span> <span class='ocrx_word' id='word_1_800' title='bbox 2083 2608 2146 2639; x_wconf 90' lang='lat' dir='ltr'>hoc</span> <span class='ocrx_word' id='word_1_801' title='bbox 2169 2608 2280 2640; x_wconf 89' lang='lat' dir='ltr'>effectu</span> <span class='ocrx_word' id='word_1_802' title='bbox 2304 2609 2360 2650; x_wconf 90' lang='lat' dir='ltr'>qui</span> <span class='ocrx_word' id='word_1_803' title='bbox 2376 2616 2423 2641; x_wconf 88' lang='lat' dir='ltr'>est</span> <span class='ocrx_word' id='word_1_804' title='bbox 2438 2610 2511 2642; x_wconf 87' lang='lat' dir='ltr'>uni-</span> 
     </span>
     <span class='ocr_line' id='line_1_113' title="bbox 1441 2652 2511 2695; baseline 0.004 -14"><span class='ocrx_word' id='word_1_805' title='bbox 1441 2661 1578 2687; x_wconf 89' lang='lat' dir='ltr'>versum,</span> <span class='ocrx_word' id='word_1_806' title='bbox 1596 2659 1626 2682; x_wconf 89' lang='lat' dir='ltr'>et</span> <span class='ocrx_word' id='word_1_807' title='bbox 1642 2658 1872 2692; x_wconf 90' lang='lat' dir='ltr'>consequenter</span> <span class='ocrx_word' id='word_1_808' title='bbox 1885 2652 2076 2692; x_wconf 89' lang='lat' dir='ltr'>respondere</span> <span class='ocrx_word' id='word_1_809' title='bbox 2093 2652 2257 2693; x_wconf 87' lang='lat' dir='ltr'>principali</span> <span class='ocrx_word' id='word_1_810' title='bbox 2273 2653 2396 2693; x_wconf 89' lang='lat' dir='ltr'>agenti:</span> <span class='ocrx_word' id='word_1_811' title='bbox 2420 2654 2511 2695; x_wconf 89' lang='lat' dir='ltr'>quod</span> 
     </span>
     <span class='ocr_line' id='line_1_114' title="bbox 1442 2695 2510 2738; baseline 0.004 -13"><span class='ocrx_word' id='word_1_812' title='bbox 1442 2695 1656 2735; x_wconf 88' lang='lat' dir='ltr'>supponimus</span> <span class='ocrx_word' id='word_1_813' title='bbox 1685 2705 1751 2726; x_wconf 89' lang='lat' dir='ltr'>esse</span> <span class='ocrx_word' id='word_1_814' title='bbox 1775 2696 1891 2727; x_wconf 90' lang='lat' dir='ltr'>Deum.</span> <span class='ocrx_word' id='word_1_815' title='bbox 1924 2696 1965 2727; x_wconf 93' lang='lat' dir='ltr'>Et</span> <span class='ocrx_word' id='word_1_816' title='bbox 1987 2696 2031 2727; x_wconf 90' lang='lat' dir='ltr'>sic</span> <span class='ocrx_word' id='word_1_817' title='bbox 2054 2697 2141 2727; x_wconf 88' lang='lat' dir='ltr'>Deus</span> <span class='ocrx_word' id='word_1_818' title='bbox 2165 2703 2211 2728; x_wconf 90' lang='lat' dir='ltr'>est</span> <span class='ocrx_word' id='word_1_819' title='bbox 2234 2703 2321 2728; x_wconf 89' lang='lat' dir='ltr'>actor</span> <span class='ocrx_word' id='word_1_820' title='bbox 2343 2707 2400 2738; x_wconf 87' lang='lat' dir='ltr'>per</span> <span class='ocrx_word' id='word_1_821' title='bbox 2421 2708 2455 2729; x_wconf 84' lang='lat' dir='ltr'>se</span> <span class='ocrx_word' id='word_1_822' title='bbox 2478 2705 2510 2730; x_wconf 86' lang='lat' dir='ltr'>et</span> 
     </span>
     <span class='ocr_line' id='line_1_115' title="bbox 1441 2738 2510 2782; baseline 0.004 -13"><span class='ocrx_word' id='word_1_823' title='bbox 1441 2738 1513 2769; x_wconf 86' lang='lat' dir='ltr'>finis</span> <span class='ocrx_word' id='word_1_824' title='bbox 1540 2739 1639 2780; x_wconf 89' lang='lat' dir='ltr'>ipsius</span> <span class='ocrx_word' id='word_1_825' title='bbox 1664 2739 1801 2776; x_wconf 92' lang='lat' dir='ltr'>ordinis,</span> <span class='ocrx_word' id='word_1_826' title='bbox 1830 2740 2106 2781; x_wconf 86' lang='lat' dir='ltr'>quemadmodum</span> <span class='ocrx_word' id='word_1_827' title='bbox 2135 2740 2199 2771; x_wconf 89' lang='lat' dir='ltr'>dux</span> <span class='ocrx_word' id='word_1_828' title='bbox 2222 2747 2366 2782; x_wconf 89' lang='lat' dir='ltr'>respectu</span> <span class='ocrx_word' id='word_1_829' title='bbox 2389 2742 2510 2773; x_wconf 77' lang='lat' dir='ltr'>ordinis</span> 
     </span>
     <span class='ocr_line' id='line_1_116' title="bbox 1443 2783 1605 2814; baseline 0.006 -1"><span class='ocrx_word' id='word_1_830' title='bbox 1443 2783 1605 2814; x_wconf 86' lang='lat' dir='ltr'>exercitus.</span> 
     </span>
    </p>

    <p class='ocr_par' dir='ltr' id='par_1_27' title="bbox 1441 2827 2510 3221">
     <span class='ocr_line' id='line_1_117' title="bbox 1500 2827 2509 2868; baseline 0.004 -11"><span class='ocrx_word' id='word_1_831' title='bbox 1500 2827 1637 2859; x_wconf 85' lang='lat' dir='ltr'>Adverte</span> <span class='ocrx_word' id='word_1_832' title='bbox 1661 2827 1811 2863; x_wconf 87' lang='lat' dir='ltr'>secundo,</span> <span class='ocrx_word' id='word_1_833' title='bbox 1836 2827 1924 2868; x_wconf 91' lang='lat' dir='ltr'>quod</span> <span class='ocrx_word' id='word_1_834' title='bbox 1947 2827 2058 2865; x_wconf 89' lang='lat' dir='ltr'>littera,</span> <span class='ocrx_word' id='word_1_835' title='bbox 2076 2835 2112 2859; x_wconf 91' lang='lat' dir='ltr'>ut</span> <span class='ocrx_word' id='word_1_836' title='bbox 2130 2828 2309 2859; x_wconf 86' lang='lat' dir='ltr'>ostenderet</span> <span class='ocrx_word' id='word_1_837' title='bbox 2328 2828 2395 2860; x_wconf 85' lang='lat' dir='ltr'>vim</span> <span class='ocrx_word' id='word_1_838' title='bbox 2413 2829 2509 2861; x_wconf 79' lang='lat' dir='ltr'>huius</span> 
     </span>
     <span class='ocr_line' id='line_1_118' title="bbox 1442 2871 2510 2912; baseline 0.003 -11"><span class='ocrx_word' id='word_1_839' title='bbox 1442 2871 1538 2902; x_wconf 90' lang='lat' dir='ltr'>medii</span> <span class='ocrx_word' id='word_1_840' title='bbox 1562 2872 1602 2902; x_wconf 90' lang='lat' dir='ltr'>ad</span> <span class='ocrx_word' id='word_1_841' title='bbox 1617 2871 1813 2902; x_wconf 86' lang='lat' dir='ltr'>inferendam</span> <span class='ocrx_word' id='word_1_842' title='bbox 1837 2872 2048 2912; x_wconf 86' lang='lat' dir='ltr'>pluralitatem</span> <span class='ocrx_word' id='word_1_843' title='bbox 2071 2872 2214 2903; x_wconf 86' lang='lat' dir='ltr'>idearum</span> <span class='ocrx_word' id='word_1_844' title='bbox 2232 2872 2265 2903; x_wconf 89' lang='lat' dir='ltr'>in</span> <span class='ocrx_word' id='word_1_845' title='bbox 2281 2873 2361 2909; x_wconf 87' lang='lat' dir='ltr'>Deo,</span> <span class='ocrx_word' id='word_1_846' title='bbox 2378 2872 2510 2904; x_wconf 86' lang='lat' dir='ltr'>inseruit</span> 
     </span>
     <span class='ocr_line' id='line_1_119' title="bbox 1442 2915 2509 2957; baseline 0.003 -12"><span class='ocrx_word' id='word_1_847' title='bbox 1442 2915 1630 2955; x_wconf 89' lang='lat' dir='ltr'>opinionem</span> <span class='ocrx_word' id='word_1_848' title='bbox 1658 2915 1838 2946; x_wconf 85' lang='lat' dir='ltr'>Avicennae</span> <span class='ocrx_word' id='word_1_849' title='bbox 1866 2916 1905 2946; x_wconf 91' lang='lat' dir='ltr'>de</span> <span class='ocrx_word' id='word_1_850' title='bbox 1933 2916 2032 2946; x_wconf 90' lang='lat' dir='ltr'>modo</span> <span class='ocrx_word' id='word_1_851' title='bbox 2063 2926 2130 2957; x_wconf 92' lang='lat' dir='ltr'>quo</span> <span class='ocrx_word' id='word_1_852' title='bbox 2157 2916 2320 2957; x_wconf 85' lang='lat' dir='ltr'>pluralitas</span> <span class='ocrx_word' id='word_1_853' title='bbox 2350 2917 2509 2948; x_wconf 84' lang='lat' dir='ltr'>emanavit</span> 
     </span>
     <span class='ocr_line' id='line_1_120' title="bbox 1442 2959 2508 3000; baseline 0.002 -10"><span class='ocrx_word' id='word_1_854' title='bbox 1442 2966 1669 2990; x_wconf 86' lang='lat' dir='ltr'>creaturarum:</span> <span class='ocrx_word' id='word_1_855' title='bbox 1687 2959 1725 2990; x_wconf 92' lang='lat' dir='ltr'>de</span> <span class='ocrx_word' id='word_1_856' title='bbox 1742 2969 1805 3000; x_wconf 88' lang='lat' dir='ltr'>qua</span> <span class='ocrx_word' id='word_1_857' title='bbox 1821 2959 1951 2990; x_wconf 89' lang='lat' dir='ltr'>inferius</span> <span class='ocrx_word' id='word_1_858' title='bbox 1962 2960 1980 2979; x_wconf 85' lang='grc'><em>*</em></span> <span class='ocrx_word' id='word_1_859' title='bbox 1992 2959 2049 2991; x_wconf 89' lang='lat' dir='ltr'>erit</span> <span class='ocrx_word' id='word_1_860' title='bbox 2064 2970 2180 2991; x_wconf 90' lang='lat' dir='ltr'>sermo.</span> <span class='ocrx_word' id='word_1_861' title='bbox 2197 2959 2230 2991; x_wconf 92' lang='lat' dir='ltr'>Si</span> <span class='ocrx_word' id='word_1_862' title='bbox 2246 2960 2332 2990; x_wconf 87' lang='lat' dir='ltr'>enim</span> <span class='ocrx_word' id='word_1_863' title='bbox 2348 2960 2508 2992; x_wconf 88' lang='lat' dir='ltr'>distinctio</span> 
     </span>
     <span class='ocr_line' id='line_1_121' title="bbox 1443 3004 2508 3045; baseline 0.002 -11"><span class='ocrx_word' id='word_1_864' title='bbox 1443 3010 1656 3034; x_wconf 88' lang='lat' dir='ltr'>creaturarum</span> <span class='ocrx_word' id='word_1_865' title='bbox 1672 3013 1738 3034; x_wconf 92' lang='lat' dir='ltr'>non</span> <span class='ocrx_word' id='word_1_866' title='bbox 1754 3013 1810 3044; x_wconf 90' lang='lat' dir='ltr'>per</span> <span class='ocrx_word' id='word_1_867' title='bbox 1826 3014 1858 3034; x_wconf 89' lang='lat' dir='ltr'>se</span> <span class='ocrx_word' id='word_1_868' title='bbox 1874 3004 1995 3035; x_wconf 89' lang='lat' dir='ltr'>intenta</span> <span class='ocrx_word' id='word_1_869' title='bbox 2010 3011 2091 3035; x_wconf 86' lang='lat' dir='ltr'>esset</span> <span class='ocrx_word' id='word_1_870' title='bbox 2105 3014 2124 3034; x_wconf 89' lang='lat' dir='ltr'>a</span> <span class='ocrx_word' id='word_1_871' title='bbox 2137 3004 2217 3040; x_wconf 89' lang='lat' dir='ltr'>Deo,</span> <span class='ocrx_word' id='word_1_872' title='bbox 2231 3004 2285 3034; x_wconf 89' lang='lat' dir='ltr'>sed</span> <span class='ocrx_word' id='word_1_873' title='bbox 2300 3014 2337 3034; x_wconf 90' lang='lat' dir='ltr'>ex</span> <span class='ocrx_word' id='word_1_874' title='bbox 2349 3011 2436 3045; x_wconf 85' lang='lat' dir='ltr'>parte</span> <span class='ocrx_word' id='word_1_875' title='bbox 2448 3005 2508 3036; x_wconf 89' lang='lat' dir='ltr'>Dei</span> 
     </span>
     <span class='ocr_line' id='line_1_122' title="bbox 1442 3047 2507 3089; baseline 0.002 -11"><span class='ocrx_word' id='word_1_876' title='bbox 1442 3054 1523 3078; x_wconf 89' lang='lat' dir='ltr'>esset</span> <span class='ocrx_word' id='word_1_877' title='bbox 1541 3058 1597 3088; x_wconf 90' lang='lat' dir='ltr'>per</span> <span class='ocrx_word' id='word_1_878' title='bbox 1615 3047 1768 3083; x_wconf 85' lang='lat' dir='ltr'>accidens,</span> <span class='ocrx_word' id='word_1_879' title='bbox 1793 3047 1909 3078; x_wconf 88' lang='lat' dir='ltr'>scilicet</span> <span class='ocrx_word' id='word_1_880' title='bbox 1933 3055 2062 3088; x_wconf 87' lang='lat' dir='ltr'>propter</span> <span class='ocrx_word' id='word_1_881' title='bbox 2080 3047 2314 3079; x_wconf 89' lang='lat' dir='ltr'>successionem</span> <span class='ocrx_word' id='word_1_882' title='bbox 2335 3049 2507 3089; x_wconf 82' lang='lat' dir='ltr'>agentium,</span> 
     </span>
     <span class='ocr_line' id='line_1_123' title="bbox 1442 3091 2508 3132; baseline 0.002 -10"><span class='ocrx_word' id='word_1_883' title='bbox 1442 3101 1497 3122; x_wconf 89' lang='lat' dir='ltr'>seu</span> <span class='ocrx_word' id='word_1_884' title='bbox 1514 3091 1628 3132; x_wconf 89' lang='lat' dir='ltr'>quovis</span> <span class='ocrx_word' id='word_1_885' title='bbox 1646 3091 1708 3122; x_wconf 89' lang='lat' dir='ltr'>alio</span> <span class='ocrx_word' id='word_1_886' title='bbox 1728 3092 1842 3128; x_wconf 87' lang='lat' dir='ltr'>m0d0;</span> <span class='ocrx_word' id='word_1_887' title='bbox 1863 3102 1930 3122; x_wconf 91' lang='lat' dir='ltr'>non</span> <span class='ocrx_word' id='word_1_888' title='bbox 1946 3092 2132 3123; x_wconf 86' lang='lat' dir='ltr'>haberemus</span> <span class='ocrx_word' id='word_1_889' title='bbox 2149 3091 2234 3122; x_wconf 88' lang='lat' dir='ltr'>viam</span> <span class='ocrx_word' id='word_1_890' title='bbox 2250 3092 2460 3124; x_wconf 85' lang='lat' dir='ltr'>concludendi</span> <span class='ocrx_word' id='word_1_891' title='bbox 2474 3092 2508 3124; x_wconf 88' lang='lat' dir='ltr'>in</span> 
     </span>
     <span class='ocr_line' id='line_1_124' title="bbox 1441 3135 2508 3176; baseline 0.002 -10"><span class='ocrx_word' id='word_1_892' title='bbox 1441 3135 1511 3166; x_wconf 91' lang='lat' dir='ltr'>Deo</span> <span class='ocrx_word' id='word_1_893' title='bbox 1536 3135 1725 3176; x_wconf 84' lang='lat' dir='ltr'>exemplaria</span> <span class='ocrx_word' id='word_1_894' title='bbox 1743 3136 1929 3172; x_wconf 90' lang='lat' dir='ltr'>multorum,</span> <span class='ocrx_word' id='word_1_895' title='bbox 1950 3136 2005 3166; x_wconf 91' lang='lat' dir='ltr'>sed</span> <span class='ocrx_word' id='word_1_896' title='bbox 2021 3135 2116 3167; x_wconf 91' lang='lat' dir='ltr'>unius</span> <span class='ocrx_word' id='word_1_897' title='bbox 2130 3142 2264 3167; x_wconf 84' lang='lat' dir='ltr'>tanturn.</span> <span class='ocrx_word' id='word_1_898' title='bbox 2289 3136 2405 3167; x_wconf 86' lang='lat' dir='ltr'>Nullus</span> <span class='ocrx_word' id='word_1_899' title='bbox 2421 3137 2508 3168; x_wconf 89' lang='lat' dir='ltr'>enim</span> 
     </span>
     <span class='ocr_line' id='line_1_125' title="bbox 1442 3179 2384 3221; baseline 0.002 -12"><span class='ocrx_word' id='word_1_900' title='bbox 1442 3179 1547 3220; x_wconf 86' lang='lat' dir='ltr'>opifex</span> <span class='ocrx_word' id='word_1_901' title='bbox 1571 3179 1664 3220; x_wconf 88' lang='lat' dir='ltr'>exigit</span> <span class='ocrx_word' id='word_1_902' title='bbox 1687 3179 1791 3210; x_wconf 90' lang='lat' dir='ltr'>ideam</span> <span class='ocrx_word' id='word_1_903' title='bbox 1815 3190 1927 3210; x_wconf 86' lang='lat' dir='ltr'>eorum</span> <span class='ocrx_word' id='word_1_904' title='bbox 1950 3189 2032 3221; x_wconf 91' lang='lat' dir='ltr'>quae</span> <span class='ocrx_word' id='word_1_905' title='bbox 2055 3186 2129 3210; x_wconf 89' lang='lat' dir='ltr'>sunt</span> <span class='ocrx_word' id='word_1_906' title='bbox 2151 3189 2207 3220; x_wconf 89' lang='lat' dir='ltr'>per</span> <span class='ocrx_word' id='word_1_907' title='bbox 2230 3179 2384 3212; x_wconf 86' lang='lat' dir='ltr'>accidens.</span> 
     </span>
    </p>

    <p class='ocr_par' dir='ltr' id='par_1_28' title="bbox 1440 3223 2507 3654">
     <span class='ocr_line' id='line_1_126' title="bbox 1500 3223 2507 3264; baseline 0.002 -11"><span class='ocrx_word' id='word_1_908' title='bbox 1500 3223 1551 3254; x_wconf 91' lang='lat' dir='ltr'>1v.</span> <span class='ocrx_word' id='word_1_909' title='bbox 1570 3224 1687 3261; x_wconf 89' lang='lat' dir='ltr'>Quoad</span> <span class='ocrx_word' id='word_1_910' title='bbox 1702 3224 1877 3255; x_wconf 84' lang='lat' dir='ltr'>secundum</span> <span class='ocrx_word' id='word_1_911' title='bbox 1893 3224 1919 3260; x_wconf 69' lang='lat'>²⁸,</span> <span class='ocrx_word' id='word_1_912' title='bbox 1944 3223 2120 3254; x_wconf 91' lang='lat' dir='ltr'>ostenditur</span> <span class='ocrx_word' id='word_1_913' title='bbox 2139 3224 2228 3264; x_wconf 93' lang='lat' dir='ltr'>quod</span> <span class='ocrx_word' id='word_1_914' title='bbox 2247 3224 2408 3264; x_wconf 83' lang='lat' dir='ltr'>pluralitas</span> <span class='ocrx_word' id='word_1_915' title='bbox 2422 3224 2507 3256; x_wconf 85' lang='lat' dir='ltr'>idea-</span> 
     </span>
     <span class='ocr_line' id='line_1_127' title="bbox 1441 3266 2505 3310; baseline 0.001 -12"><span class='ocrx_word' id='word_1_916' title='bbox 1441 3277 1514 3298; x_wconf 87' lang='lat' dir='ltr'>rum</span> <span class='ocrx_word' id='word_1_917' title='bbox 1538 3277 1604 3298; x_wconf 88' lang='lat' dir='ltr'>non</span> <span class='ocrx_word' id='word_1_918' title='bbox 1627 3274 1781 3308; x_wconf 85' lang='lat' dir='ltr'>repugnat</span> <span class='ocrx_word' id='word_1_919' title='bbox 1804 3268 1927 3298; x_wconf 90' lang='lat' dir='ltr'>divinae</span> <span class='ocrx_word' id='word_1_920' title='bbox 1950 3266 2152 3307; x_wconf 83' lang='lat' dir='ltr'>simplicitati,</span> <span class='ocrx_word' id='word_1_921' title='bbox 2173 3277 2210 3298; x_wconf 86' lang='lat' dir='ltr'>ex</span> <span class='ocrx_word' id='word_1_922' title='bbox 2233 3267 2405 3299; x_wconf 84' lang='lat' dir='ltr'>differentia</span> <span class='ocrx_word' id='word_1_923' title='bbox 2423 3277 2505 3310; x_wconf 88' lang='lat' dir='ltr'>quae</span> 
     </span>
     <span class='ocr_line' id='line_1_128' title="bbox 1442 3310 2507 3353; baseline 0.002 -11"><span class='ocrx_word' id='word_1_924' title='bbox 1442 3318 1488 3342; x_wconf 90' lang='lat' dir='ltr'>est</span> <span class='ocrx_word' id='word_1_925' title='bbox 1510 3311 1591 3342; x_wconf 90' lang='lat' dir='ltr'>inter</span> <span class='ocrx_word' id='word_1_926' title='bbox 1613 3311 1697 3352; x_wconf 82' lang='lat' dir='ltr'>quod</span> <span class='ocrx_word' id='word_1_927' title='bbox 1719 3318 1750 3342; x_wconf 90' lang='lat' dir='ltr'>et</span> <span class='ocrx_word' id='word_1_928' title='bbox 1778 3322 1840 3352; x_wconf 82' lang='lat' dir='ltr'>quo</span> <span class='ocrx_word' id='word_1_929' title='bbox 1867 3311 1981 3353; x_wconf 90' lang='lat' dir='ltr'>aliquis</span> <span class='ocrx_word' id='word_1_930' title='bbox 2004 3310 2159 3351; x_wconf 88' lang='lat' dir='ltr'>intelligit.</span> <span class='ocrx_word' id='word_1_931' title='bbox 2190 3312 2359 3353; x_wconf 89' lang='lat' dir='ltr'>Utiturque</span> <span class='ocrx_word' id='word_1_932' title='bbox 2382 3311 2436 3344; x_wconf 88' lang='lat' dir='ltr'>tali</span> <span class='ocrx_word' id='word_1_933' title='bbox 2459 3322 2507 3343; x_wconf 81' lang='lat' dir='ltr'>ra-</span> 
     </span>
     <span class='ocr_line' id='line_1_129' title="bbox 1441 3355 2507 3397; baseline 0 -11"><span class='ocrx_word' id='word_1_934' title='bbox 1441 3355 1536 3386; x_wconf 89' lang='lat' dir='ltr'>tione.</span> <span class='ocrx_word' id='word_1_935' title='bbox 1572 3355 1781 3396; x_wconf 87' lang='lat' dir='ltr'>Multiplicare</span> <span class='ocrx_word' id='word_1_936' title='bbox 1813 3356 1897 3396; x_wconf 82' lang='lat' dir='ltr'>quod</span> <span class='ocrx_word' id='word_1_937' title='bbox 1924 3365 1990 3386; x_wconf 91' lang='lat' dir='ltr'>non</span> <span class='ocrx_word' id='word_1_938' title='bbox 2021 3362 2175 3396; x_wconf 87' lang='lat' dir='ltr'>repugnat</span> <span class='ocrx_word' id='word_1_939' title='bbox 2208 3355 2418 3397; x_wconf 84' lang='lat' dir='ltr'>simplicitati,</span> <span class='ocrx_word' id='word_1_940' title='bbox 2451 3356 2507 3387; x_wconf 88' lang='lat' dir='ltr'>sed</span> 
     </span>
     <span class='ocr_line' id='line_1_130' title="bbox 1440 3399 2507 3441; baseline 0.001 -12"><span class='ocrx_word' id='word_1_941' title='bbox 1440 3399 1649 3439; x_wconf 88' lang='lat' dir='ltr'>multiplicare</span> <span class='ocrx_word' id='word_1_942' title='bbox 1670 3407 1751 3440; x_wconf 86' lang='lat' dir='ltr'>quo:</span> <span class='ocrx_word' id='word_1_943' title='bbox 1774 3400 1828 3430; x_wconf 92' lang='lat' dir='ltr'>sed</span> <span class='ocrx_word' id='word_1_944' title='bbox 1843 3399 1913 3430; x_wconf 89' lang='lat' dir='ltr'>idea</span> <span class='ocrx_word' id='word_1_945' title='bbox 1929 3406 1975 3430; x_wconf 92' lang='lat' dir='ltr'>est</span> <span class='ocrx_word' id='word_1_946' title='bbox 1993 3399 2087 3439; x_wconf 83' lang='lat' dir='ltr'>quod,</span> <span class='ocrx_word' id='word_1_947' title='bbox 2105 3406 2135 3430; x_wconf 88' lang='lat' dir='ltr'>et</span> <span class='ocrx_word' id='word_1_948' title='bbox 2151 3410 2218 3430; x_wconf 91' lang='lat' dir='ltr'>non</span> <span class='ocrx_word' id='word_1_949' title='bbox 2231 3409 2307 3441; x_wconf 84' lang='lat' dir='ltr'>quo:</span> <span class='ocrx_word' id='word_1_950' title='bbox 2332 3409 2406 3441; x_wconf 89' lang='lat' dir='ltr'>ergo</span> <span class='ocrx_word' id='word_1_951' title='bbox 2423 3400 2507 3430; x_wconf 87' lang='lat' dir='ltr'>rnul-</span> 
     </span>
     <span class='ocr_line' id='line_1_131' title="bbox 1441 3442 2507 3484; baseline 0 -10"><span class='ocrx_word' id='word_1_952' title='bbox 1441 3443 1544 3474; x_wconf 89' lang='lat' dir='ltr'>titudo</span> <span class='ocrx_word' id='word_1_953' title='bbox 1567 3443 1710 3474; x_wconf 88' lang='lat' dir='ltr'>idearum</span> <span class='ocrx_word' id='word_1_954' title='bbox 1734 3453 1799 3474; x_wconf 90' lang='lat' dir='ltr'>non</span> <span class='ocrx_word' id='word_1_955' title='bbox 1823 3449 1977 3484; x_wconf 83' lang='lat' dir='ltr'>repugnat</span> <span class='ocrx_word' id='word_1_956' title='bbox 2000 3442 2191 3483; x_wconf 89' lang='lat' dir='ltr'>simplicitati</span> <span class='ocrx_word' id='word_1_957' title='bbox 2216 3443 2348 3475; x_wconf 87' lang='lat' dir='ltr'>divinae.</span> <span class='ocrx_word' id='word_1_958' title='bbox 2367 3461 2388 3467; x_wconf 93' lang='lat'>—</span> <span class='ocrx_word' id='word_1_959' title='bbox 2404 3443 2507 3474; x_wconf 90' lang='lat' dir='ltr'>Maior</span> 
     </span>
     <span class='ocr_line' id='line_1_132' title="bbox 1441 3486 2505 3528; baseline 0 -11"><span class='ocrx_word' id='word_1_960' title='bbox 1441 3487 1608 3527; x_wconf 88' lang='lat' dir='ltr'>probatur:</span> <span class='ocrx_word' id='word_1_961' title='bbox 1633 3487 1708 3528; x_wconf 87' lang='lat' dir='ltr'>quia</span> <span class='ocrx_word' id='word_1_962' title='bbox 1730 3487 1831 3518; x_wconf 88' lang='lat' dir='ltr'>multa</span> <span class='ocrx_word' id='word_1_963' title='bbox 1853 3486 2024 3527; x_wconf 86' lang='lat' dir='ltr'>intelligere</span> <span class='ocrx_word' id='word_1_964' title='bbox 2043 3497 2110 3517; x_wconf 91' lang='lat' dir='ltr'>non</span> <span class='ocrx_word' id='word_1_965' title='bbox 2129 3487 2221 3528; x_wconf 86' lang='lat' dir='ltr'>ponit</span> <span class='ocrx_word' id='word_1_966' title='bbox 2236 3487 2505 3528; x_wconf 88' lang='lat' dir='ltr'>compositionem</span> 
     </span>
     <span class='ocr_line' id='line_1_133' title="bbox 1440 3530 2505 3572; baseline 0.001 -11"><span class='ocrx_word' id='word_1_967' title='bbox 1440 3537 1495 3561; x_wconf 89' lang='lat' dir='ltr'>aut</span> <span class='ocrx_word' id='word_1_968' title='bbox 1518 3530 1800 3571; x_wconf 81' lang='lat' dir='ltr'>imperfectionem,</span> <span class='ocrx_word' id='word_1_969' title='bbox 1826 3537 1898 3567; x_wconf 89' lang='lat' dir='ltr'>etc.,</span> <span class='ocrx_word' id='word_1_970' title='bbox 1923 3531 1977 3561; x_wconf 88' lang='lat' dir='ltr'>sed</span> <span class='ocrx_word' id='word_1_971' title='bbox 2001 3531 2080 3562; x_wconf 88' lang='lat' dir='ltr'>bene</span> <span class='ocrx_word' id='word_1_972' title='bbox 2103 3531 2166 3562; x_wconf 92' lang='lat' dir='ltr'>hoc</span> <span class='ocrx_word' id='word_1_973' title='bbox 2189 3531 2281 3572; x_wconf 88' lang='lat' dir='ltr'>ponit</span> <span class='ocrx_word' id='word_1_974' title='bbox 2302 3530 2412 3562; x_wconf 85' lang='lat' dir='ltr'>multis</span> <span class='ocrx_word' id='word_1_975' title='bbox 2435 3541 2505 3572; x_wconf 88' lang='lat' dir='ltr'>spe-</span> 
     </span>
     <span class='ocr_line' id='line_1_134' title="bbox 1441 3574 2504 3615; baseline 0.001 -10"><span class='ocrx_word' id='word_1_976' title='bbox 1441 3574 1547 3605; x_wconf 90' lang='lat' dir='ltr'>ciebus</span> <span class='ocrx_word' id='word_1_977' title='bbox 1563 3574 1744 3615; x_wconf 78' lang='lat' dir='ltr'>intelligere.</span> <span class='ocrx_word' id='word_1_978' title='bbox 1769 3574 1875 3605; x_wconf 91' lang='lat' dir='ltr'>Minor</span> <span class='ocrx_word' id='word_1_979' title='bbox 1898 3575 2049 3615; x_wconf 85' lang='lat' dir='ltr'>probatur</span> <span class='ocrx_word' id='word_1_980' title='bbox 2071 3575 2231 3606; x_wconf 89' lang='lat' dir='ltr'>inductive</span> <span class='ocrx_word' id='word_1_981' title='bbox 2250 3585 2287 3606; x_wconf 86' lang='lat' dir='ltr'>ex</span> <span class='ocrx_word' id='word_1_982' title='bbox 2301 3575 2372 3606; x_wconf 91' lang='lat' dir='ltr'>idea</span> <span class='ocrx_word' id='word_1_983' title='bbox 2388 3575 2504 3606; x_wconf 89' lang='lat' dir='ltr'>domus</span> 
     </span>
     <span class='ocr_line' id='line_1_135' title="bbox 1441 3617 1843 3654; baseline 0 -5"><span class='ocrx_word' id='word_1_984' title='bbox 1441 3618 1473 3649; x_wconf 91' lang='lat' dir='ltr'>in</span> <span class='ocrx_word' id='word_1_985' title='bbox 1497 3626 1602 3650; x_wconf 90' lang='lat' dir='ltr'>mente</span> <span class='ocrx_word' id='word_1_986' title='bbox 1626 3617 1761 3654; x_wconf 88' lang='lat' dir='ltr'>artificis,</span> <span class='ocrx_word' id='word_1_987' title='bbox 1786 3625 1843 3649; x_wconf 90' lang='lat' dir='ltr'>etc.</span> 
     </span>
    </p>
   </div>
   <div class='ocr_carea' id='block_1_13' title="bbox 2536 2965 2751 2994">
    <p class='ocr_par' dir='ltr' id='par_1_29' title="bbox 2536 2965 2751 2994">
     <span class='ocr_line' id='line_1_136' title="bbox 2536 2965 2751 2994; baseline 0 -6"><span class='ocrx_word' id='word_1_988' title='bbox 2536 2966 2545 2976; x_wconf 75' lang='lat'>‘¹</span> <span class='ocrx_word' id='word_1_989' title='bbox 2555 2965 2604 2994; x_wconf 85' lang='lat' dir='ltr'>Qu.</span> <span class='ocrx_word' id='word_1_990' title='bbox 2611 2971 2679 2994; x_wconf 70' lang='lat' dir='ltr'>nvn,</span> <span class='ocrx_word' id='word_1_991' title='bbox 2687 2969 2751 2989; x_wconf 69' lang='lat' dir='ltr'>mn.</span> 
     </span>
    </p>
   </div>
   <div class='ocr_carea' id='block_1_14' title="bbox 2533 3229 2707 3253">
    <p class='ocr_par' dir='ltr' id='par_1_30' title="bbox 2533 3229 2707 3253">
     <span class='ocr_line' id='line_1_137' title="bbox 2533 3229 2707 3253; baseline -0.006 0"><span class='ocrx_word' id='word_1_992' title='bbox 2533 3229 2546 3242; x_wconf 79' lang='lat'>⁸</span> <span class='ocrx_word' id='word_1_993' title='bbox 2559 3229 2596 3253; x_wconf 77' lang='lat' dir='ltr'>Cf.</span> <span class='ocrx_word' id='word_1_994' title='bbox 2610 3235 2674 3253; x_wconf 80' lang='lat' dir='ltr'>aum.</span> <span class='ocrx_word' id='word_1_995' title='bbox 2690 3235 2707 3252; x_wconf 87' lang='lat'>1.</span> 
     </span>
    </p>
   </div>
  </div>
 </body>
</html>
