2768 4178
39 401 49 412 ¹
64 400 101 422 De
114 399 191 421 Duab.
205 398 255 420 Na-

40 428 96 453 tum,
111 430 162 453 cap.
176 430 208 447 m.

45 1735 235 1760 ‘Chanmau-

13 1782 15 1787 '
46 1779 248 1804 'G-mam.

17 3281 19 3285 ’
53 3275 62 3287 ·
75 3274 173 3303 Ibidem,
188 3275 261 3297 Gom-

14 3324 17 3329 ,
51 3305 124 3325 ment.
137 3308 161 3324 n.
170 3308 187 3324 x
200 3308 253 3330 sqq.

982 255 1248 303 QUAESTIO
1278 255 1363 302 XL,
1394 256 1690 293 ARTICULUS
1720 257 1770 292 ΙΙΙ

281 335 495 384 hypostasis
523 342 679 372 naturae
709 335 900 372 rationalis
929 343 984 372 est
1011 346 1187 383 persona,
1215 342 1258 371 ut
1284 346 1349 383 pa-

281 395 334 425 tet
360 400 430 437 per
458 387 722 425 definitionem
745 387 877 435 Boetii,
908 387 1065 437 dicentis
1084 387 1104 409 *
1131 387 1237 435 quod
1265 399 1349 435 per-

283 453 378 478 sona
407 448 462 477 est
490 441 684 478 rationalis
716 446 876 477 naturae
908 441 1100 477 individua
1132 440 1348 477 substantia.

282 494 406 541 Unde,
437 494 486 531 ad
513 494 587 530 hoc
616 493 722 542 quod
751 501 849 529 esset
875 493 1089 542 hypostasis
1114 500 1151 530 et
1170 505 1248 529 non
1266 504 1351 541 per-

283 559 399 594 sona,
429 554 622 595 oporteret
649 545 815 582 abstrahi
843 557 888 582 ex
914 554 1021 594 parte
1049 553 1205 582 naturae
1240 545 1350 581 ratio-

283 599 495 645 nalitatem;
525 611 604 636 non
633 605 761 635 autem
783 610 828 634 ex
845 605 951 647 parte
970 610 1157 647 personae
1180 597 1351 646 proprie-

284 660 412 689 tatem.

336 706 395 742 AD
425 716 561 741 PRIMUM
589 714 687 740 ERGO
720 714 905 740 melerinum
933 703 1039 752 quod
1074 715 1239 752 persona
1271 715 1350 740 non

283 757 388 794 addit
416 769 531 805 supra
558 756 795 805 hypostasim
823 755 1093 805 proprietatem
1122 756 1350 804 distinguen-

283 818 361 847 tem
389 810 573 856 absolute,
595 809 663 846 sed
684 810 954 858 proprietatem
988 809 1272 858 distinguentem
1301 810 1352 846 ad

283 863 502 912 dignitatem
524 863 795 910 pertinentem:
823 869 946 899 toturn
976 862 1078 898 enim
1106 862 1180 898 hoc
1208 870 1264 898 >est
1290 875 1350 898 ac-

284 915 501 964 cipiendum
530 915 615 951 loco
639 914 752 952 unius
777 915 1019 952 differentiae.
1049 914 1111 951 Ad
1131 914 1349 962 dignitatem

283 975 412 1005 autem
435 967 598 1016 pertinet
624 969 835 1018 proprietas
863 968 1107 1016 distinguens,
1138 968 1350 1004 secundum

284 1021 389 1070 quod
426 1021 640 1069 intelligitur
676 1021 882 1058 subsistens
919 1021 957 1057 in
995 1028 1129 1057 natura
1166 1020 1348 1057 rationali.

284 1073 408 1120 Unde,
438 1081 586 1111 remota
604 1074 834 1123 proprietate
864 1073 1113 1121 distinguente
1132 1086 1154 1109 a
1173 1085 1348 1121 persona,

284 1138 363 1163 non
392 1134 562 1164 remanet
591 1127 824 1176 hypostasis:
855 1127 922 1164 sed
950 1133 1172 1173 remaneret,
1194 1126 1223 1162 si
1246 1126 1350 1162 tolle-

285 1186 387 1216 retur
427 1179 655 1217 rationalitas
691 1187 860 1217 naturae.
903 1180 1005 1216 Tam
1045 1178 1148 1215 enim
1185 1190 1349 1227 persona

285 1243 403 1281 quam
431 1232 644 1282 hypostasis
678 1240 735 1270 est
762 1232 968 1270 substantia
1001 1230 1218 1268 individua:
1247 1231 1349 1267 unde

339 1354 364 1389 θ)
383 1356 474 1381 Pater.
491 1369 510 1374 -
528 1355 589 1380 Om.
603 1355 783 1385 ACDEFGab,
799 1359 858 1388 post
871 1355 956 1380 solum
975 1354 1048 1387 ponit
1066 1354 1095 1378 Β.
1112 1368 1131 1373 -
1149 1355 1199 1378 Pro
1218 1354 1284 1386 quis,
1299 1354 1349 1379 ali-

284 1391 343 1424 quis
361 1389 446 1423 primo
464 1391 522 1415 loco
540 1391 594 1421 BG,
614 1391 695 1415 altero
712 1390 790 1415 ACE.

338 1426 357 1460 ι)
377 1433 429 1451 non
447 1433 526 1451 omne
543 1425 692 1459 ingenitum
706 1429 746 1451 est
757 1425 848 1450 Pater.
864 1438 883 1445 -
902 1429 953 1450 non
972 1431 1028 1450 esse
1047 1423 1195 1457 ingenitum
1214 1427 1253 1449 est
1267 1424 1349 1449 Pater

2387 269 2464 306 417

1403 334 1442 370 in
1472 334 1608 371 divinis
1638 334 1684 372 de
1715 334 1858 372 ratione
1887 335 2081 385 utriusque
2110 343 2165 372 est
2184 336 2313 373 relatio
2343 337 2469 374 distin-

1404 399 1535 434 guens.

1457 441 1515 476 AD
1545 451 1733 478 SECUNDUM
1757 452 1940 478 mcannun
1961 442 2064 490 quod
2091 441 2312 491 paternitate
2332 440 2470 479 Pater⁰

1404 504 1483 529 non
1516 493 1639 529 solum
1669 501 1724 530 est
1743 494 1866 541 Pater,
1893 494 1961 531 sed
1981 502 2036 531 est
2053 507 2229 543 persona,
2260 502 2296 531 et
2316 503 2371 532 est
2389 496 2470 543 quis

1405 545 1484 582 sive
1513 546 1739 594 hypostasis.
1770 547 1854 583 Nec
1881 554 2011 583 tamen
2034 547 2202 596 sequitur
2231 548 2334 595 quod
2354 548 2469 585 Filius

1404 610 1483 634 non
1511 598 1557 634 sit
1584 598 1668 646 quis
1697 599 1778 636 sive
1806 599 2038 648 hypostasis;
2067 600 2161 637 sicut
2189 612 2267 637 non
2300 601 2470 649 sequitur

1405 651 1510 698 quod
1538 662 1616 687 non
1645 651 1691 688 sit
1716 664 1894 700 persona.

1457 705 1516 740 AD
1544 715 1703 741 TERTuJM
1731 716 1914 742 DICENDUM
1947 705 2051 754 quod
2083 705 2237 742 intentio
2270 706 2468 754 Augustini

1404 768 1483 793 non
1511 756 1578 793 fuit
1607 757 1732 794 dicere
1761 757 1865 806 quod
1894 758 2107 806 hypostasis
2131 758 2250 795 Patris
2275 767 2470 796 remaneat

1404 808 1586 856 ingenita,
1621 817 1768 846 remota
1795 810 2038 859 paternitate,
2069 811 2176 858 quasi
2203 810 2468 849 innascibilitas

1406 861 1607 899 constituat
1641 870 1677 899 et
1712 862 1911 910 distinguat
1947 863 2183 911 hypostasim
2218 864 2358 900 Patris:
2394 865 2468 901 hoc

1405 914 1508 951 enim
1529 927 1610 951 esse
1631 927 1709 952 non
1728 922 1863 963 potest,
1885 928 1973 952 cum
1993 916 2199 965 ingenitum
2223 916 2314 952 nihil
2338 925 2466 965 ponat,

1405 967 1471 1004 sed
1499 967 1675 1015 negative
1704 967 1859 1015 dicatur,
1888 975 1928 1004 ut
1956 968 2116 1017 ipsemet
2144 969 2232 1006 dicit
2249 968 2279 1005 ²¹⁸.
2311 969 2386 1006 Sed
2415 971 2469 1006 lo-

1405 1020 1531 1067 quitur
1549 1020 1588 1057 in
1608 1021 1815 1067 communi,
1845 1021 1932 1070 quia
1952 1033 2030 1058 non
2050 1033 2166 1058 omne
2185 1021 2392 1070 ingenitum
2414 1030 2469 1059 est

1404 1073 1516 1109 Pater
1534 1079 1553 1109 ‘.
1581 1074 1744 1110 Remota
1763 1085 1852 1121 ergo
1872 1074 2105 1122 paternitate,
2135 1087 2214 1111 non
2242 1083 2411 1112 remanet
2429 1075 2468 1112 in

1405 1125 1541 1162 divinis
1569 1126 1782 1175 hypostasis
1811 1127 1947 1173 Patris,
1977 1135 2018 1163 ut
2046 1127 2280 1175 distinguitur
2312 1128 2360 1164 ab
2389 1128 2468 1165 aliis

1403 1178 1595 1226 personis;
1625 1179 1692 1216 sed
1719 1186 1760 1215 ut
1779 1179 2014 1227 distinguitur
2034 1192 2055 1216 a
2075 1180 2263 1227 creaturis,
2293 1180 2387 1217 sicut
2409 1182 2468 1218 Iu-

1406 1230 1490 1267 daei
1517 1230 1736 1279 intelligunt.

1400 1354 1502 1385 ACEG,
1521 1361 1576 1379 esse
1595 1354 1743 1387 ingenitum
1763 1362 1814 1379 non
1834 1357 1874 1379 est
1892 1354 1974 1379 Pater
1991 1355 2020 1386 B,
2039 1362 2094 1380 esse
2117 1356 2263 1388 ingenitum
2282 1359 2321 1381 est
2339 1357 2421 1381 Pater
2433 1357 2463 1390 F,

1403 1395 1455 1414 non
1475 1392 1515 1414 est
1534 1389 1683 1422 ingenitum
1703 1392 1743 1414 est
1761 1390 1843 1414 Pater
1862 1391 1902 1414 vel
1925 1397 1981 1415 esse
2006 1390 2151 1423 ingenitum
2174 1398 2225 1415 non
2245 1394 2285 1416 est
2302 1391 2384 1416 Pater
2400 1392 2432 1417 D.
2449 1406 2468 1412 -

1402 1424 1454 1448 Pro
1471 1427 1599 1455 remanet,
1618 1428 1769 1450 remaneret
1786 1425 1908 1450 ABCDE.

965 1511 1299 1546 Commentaria
1321 1511 1572 1546 Oarfflnalis
1594 1511 1794 1545 Caietam

314 1611 336 1632 u
353 1601 457 1637 titulo,
476 1601 510 1642 ly
527 1601 707 1638 abstractis,
732 1601 820 1641 quod
839 1600 1099 1640 distinguendum
1117 1607 1190 1636 erat,
1210 1599 1243 1629 in
1266 1599 1350 1641 prin-

288 1613 400 1686 Icipio
423 1645 565 1686 corporis
585 1644 797 1685 distinguitur.
821 1645 880 1675 Per
896 1645 1114 1685 proprietates
1134 1650 1243 1675 autem
1258 1644 1350 1675 intel-

284 1689 353 1730 tigit
374 1688 533 1726 notiones,
557 1689 622 1720 sive
645 1689 827 1729 personales
850 1689 915 1720 sive
938 1699 1014 1720 non.

343 1733 380 1764 ln
395 1743 529 1774 corpore
552 1733 611 1764 tria
633 1733 720 1764 facit:
740 1733 856 1773 primo,
877 1733 1041 1773 distinguit
1058 1732 1301 1764 abstractionem
1316 1732 1350 1762 in

283 1777 378 1810 titulo
397 1777 550 1818 positam
567 1777 718 1814 secundo,
738 1777 908 1818 respondet
926 1777 1070 1818 quaesito
1080 1777 1109 1813 *;
1123 1776 1225 1813 tertio,
1241 1783 1351 1807 tractat

247 1834 249 1836 ·
284 1821 447 1863 quandam
470 1821 650 1862 oppositam
675 1821 863 1862 opinionem
877 1821 903 1852 *.

343 1865 380 1898 11.
401 1865 519 1904 Quoad
535 1867 693 1906 primum,
713 1864 878 1905 distinguit
896 1864 1147 1901 abstractionem,
1168 1871 1198 1895 et
1214 1864 1350 1905 applicat

285 1919 356 1941 eam
371 1909 412 1940 ad
427 1909 542 1940 divina.
567 1909 740 1950 Distinguit
755 1909 886 1950 quidem
904 1909 938 1940 in
955 1909 1196 1940 abstractionem
1220 1909 1348 1939 totalem

285 1960 317 1986 et
330 1954 530 1996 fhrmalem:
551 1954 641 1990 idest,
667 1964 732 1994 qua
753 1960 860 1985 totum
882 1953 1058 1987 universale
1078 1953 1228 1984 abstrahit
1247 1963 1266 1983 a
1280 1962 1350 1992 par-

284 1998 370 2030 tibus
385 1998 575 2035 subiectivis;
593 2004 624 2029 et
639 2008 703 2038 qua
719 1997 822 2028 forma
837 1997 987 2029 abstrahit
1002 2008 1020 2028 a
1037 1997 1175 2028 materia.
1192 1997 1350 2037 Ponitque

284 2042 365 2074 inter
388 2052 440 2073 eas
465 2042 593 2074 unicam
616 2041 836 2073 differentiam:
857 2042 973 2073 scilicet
1001 2042 1090 2083 quod
1111 2041 1145 2072 in
1169 2041 1272 2077 totali,
1297 2041 1350 2071 ab-

285 2086 390 2118 stracti
406 2093 530 2118 tantum
547 2093 719 2127 conceptus
734 2092 887 2123 remanet;
903 2086 936 2116 in
949 2085 1075 2117 formali
1087 2095 1161 2116 vero
1174 2085 1348 2126 utriusque,

285 2130 403 2162 scilicet
421 2130 566 2162 abstracti
582 2136 613 2161 et
629 2130 696 2161 eius
712 2141 730 2161 a
746 2140 812 2171 quo
829 2129 1031 2167 abstrahitun
1049 2137 1084 2161 ut
1099 2136 1184 2170 patet
1198 2129 1231 2159 in
1246 2139 1350 2160 exem-

284 2174 346 2215 plis
368 2175 497 2206 litterae.
521 2175 563 2205 Et
581 2174 607 2204 si
625 2174 672 2205 vis
696 2173 807 2205 diffuse
829 2174 885 2204 has
909 2174 1132 2205 abstractiones
1150 2173 1265 2210 videre,
1282 2173 1350 2213 lege

286 2218 524 2251 Commentaria
537 2224 645 2249 nostra
659 2218 692 2248 in
701 2219 752 2249 De
765 2219 850 2249 Ente
864 2223 895 2249 et
905 2218 1066 2256 Essentia,
1081 2218 1114 2248 in
1130 2228 1140 2248 r
1154 2217 1349 2258 quaestione.

285 2263 465 2305 ·Applicat
485 2273 561 2293 vero
584 2262 624 2292 ad
645 2262 760 2299 divina,
779 2272 846 2293 non
861 2262 1039 2293 secundum
1059 2272 1136 2298 rem,
1161 2262 1215 2292 sed
1239 2271 1350 2292 secun-

286 2307 366 2338 dum
387 2307 524 2338 modum
546 2306 750 2347 significandi,
775 2306 959 2337 auctoritate
983 2313 1074 2337 utens
1097 2305 1295 2336 Damasceni.

345 2350 398 2382 111.
416 2350 534 2388 Quoad
548 2351 736 2389 secundum,
760 2350 930 2391 respondet
948 2350 1091 2391 quaesito
1108 2349 1207 2381 tribus
1224 2349 1351 2380 conclu-

285 2394 438 2426 sionibus.
449 2394 564 2432 Prima‚
577 2395 662 2426 iuxta
674 2394 914 2426 abstractionem
931 2394 1076 2425 totalem:
1092 2394 1263 2425 Abstractis
1278 2403 1351 2434 pro-

285 2439 479 2480 prietatibuS,
503 2449 570 2470 non
594 2445 757 2470 remanent
779 2448 941 2479 personae,
966 2439 1021 2469 sed
1036 2438 1105 2469 sola
1124 2438 1267 2469 essentia.
1281 2455 1299 2460 -
1311 2438 1352 2468 Et

285 2484 451 2524 probatur:
471 2483 547 2524 quia
569 2493 722 2524 personae
746 2492 779 2513 se
797 2482 914 2513 habent
936 2489 972 2513 ut
994 2482 1202 2523 particularia,
1219 2482 1352 2512 essentia

285 2533 323 2558 ut
341 2527 527 2558 universale.
551 2527 643 2564 Idest,
667 2533 808 2557 remanet
830 2526 933 2563 Deus,
958 2533 989 2557 et
1011 2536 1077 2557 non
1099 2532 1240 2556 remanet
1262 2526 1353 2556 Pater

287 2577 319 2602 et
339 2571 438 2602 Filius
462 2577 493 2601 et
515 2571 649 2612 Spiritus
669 2571 819 2602 Sanctus:
843 2570 938 2602 habet
961 2570 1047 2601 enim
1065 2580 1098 2601 se
1112 2571 1203 2601 Deus
1225 2570 1266 2600 ad
1283 2580 1352 2610 per-

287 2625 381 2646 sonas
395 2621 433 2650 ut
448 2615 623 2646 universale
639 2615 679 2645 ad
695 2613 903 2655 particularia,
920 2621 956 2645 ut
970 2614 1185 2645 Damascenus
1203 2613 1288 2645 dixit.

345 2659 398 2690 IV.
423 2659 568 2690 Secunda
591 2659 770 2695 conclusio,
794 2658 880 2689 iuxta
902 2658 1145 2690 abstractionem
1169 2658 1351 2694 formalem,

287 2709 349 2734 est:
374 2702 545 2733 Abstractis
568 2703 811 2744 proprietatibus
835 2712 902 2732 non
924 2702 1159 2743 personalibus,
1190 2709 1355 2733 remanent

280 2756 449 2788 personae.
466 2764 487 2769 —
501 2747 543 2778 Et
559 2747 732 2778 declaratur
747 2747 780 2777 in
797 2746 960 2783 ambabus,
980 2746 1097 2778 scilicet
1114 2746 1354 2777 innascibilitate

287 2798 318 2823 et
341 2790 521 2831 spiratione.

346 2835 385 2866 V.
415 2834 508 2866 Circa
533 2835 616 2866 hanc
646 2834 885 2866 conclusionem
915 2834 1050 2865 dubium
1080 2834 1224 2866 occurrit.
1259 2835 1351 2871 Quo-

288 2879 375 2910 niam
398 2879 609 2910 contradicere
631 2878 756 2910 videtur
773 2878 934 2910 doctrinae
952 2879 1080 2910 traditae
1096 2879 1128 2909 in
1148 2888 1203 2919 qu.
1220 2888 1312 2908 xxxw
1323 2878 1351 2915 *,

288 2923 343 2955 ubi
359 2923 480 2954 dictum
504 2930 550 2954 est
573 2924 671 2965 quod,
696 2923 848 2954 abstracta
870 2922 1040 2963 spiratione
1064 2933 1082 2953 a
1104 2922 1196 2959 Filio,
1221 2931 1287 2952 non
1307 2922 1353 2952 di-

289 2967 499 3007 stingueretur
514 2967 719 3008 personaliter
734 2978 752 2997 a
767 2967 884 3008 Spiritu
897 2967 1023 2998 Sancto.
1039 2966 1183 3003 Shenim,
1201 2966 1353 2997 abstracta

289 3011 468 3052 spiratione,
491 3012 591 3042 Filius
610 3017 751 3042 remanet
772 3020 916 3052 persona,
940 3018 976 3042 ut
997 3010 1048 3041 hic
1065 3010 1186 3047 dicitur,
1211 3020 1284 3050 ergo
1305 3020 1352 3040 re-

289 3061 396 3086 manet
417 3055 596 3096 hypostasis
619 3055 763 3086 distincta
779 3065 797 3085 a
811 3054 954 3095 personis
977 3064 1058 3095 quae
1082 3064 1148 3084 esse
1168 3060 1304 3094 possunt
1319 3054 1352 3084 in

289 3105 401 3130 natura
417 3099 537 3129 divina:
558 3106 589 3130 et
604 3105 833 3140 consequenter
848 3109 914 3129 non
930 3098 1132 3138 distinguitur
1147 3098 1352 3138 personaliter

290 3153 308 3173 a
327 3142 445 3183 Spiritu
461 3143 576 3174 Sancto
598 3136 655 3184 p‘er
678 3143 802 3183 spirare.
827 3143 868 3173 Et
891 3152 907 3173 e
924 3152 1086 3179 converso,
1111 3142 1136 3172 si
1153 3141 1353 3182 distinguitur

290 3187 494 3228 personaliter
516 3197 572 3227 per
595 3188 725 3228 spirare,
756 3196 830 3226 ergo
854 3196 920 3216 non
942 3193 1083 3217 remanet
1105 3186 1284 3227 hypostasis
1307 3186 1352 3216 di-

291 3230 411 3267 stincta,
428 3231 580 3262 abstracta
595 3231 779 3271 spiratione:
800 3230 889 3261 cuius
905 3231 1092 3271 oppositum
1106 3230 1157 3260 hic
1174 3229 1296 3261 dicitur.

348 3275 399 3305 Ad
421 3274 484 3306 hoc
506 3274 648 3312 breviter,
668 3285 704 3306 ex
721 3274 928 3305 fundamento
953 3273 1079 3315 supra*
1101 3274 1217 3315 posite,
1241 3274 1354 3304 dicitur

291 3319 380 3359 quod
399 3324 582 3359 utrumque,
601 3329 676 3350 sane
693 3318 897 3355 intellectum,
923 3325 969 3349 est
990 3328 1113 3349 verum.
1132 3318 1295 3348 Abstracta
1314 3318 1354 3348 si-

290 3362 423 3404 quidem
445 3362 625 3403 spiratione,
649 3369 790 3394 remanet
807 3362 985 3404 hypostasis
1004 3361 1085 3399 Filii,
1102 3369 1138 3393 ut
1156 3361 1207 3392 hic
1226 3361 1353 3392 dicitur:

291 3413 323 3437 et
337 3413 452 3442 tamen,
469 3406 622 3437 abstracta
639 3407 818 3446 spiratione,
842 3417 908 3437 non
926 3412 1067 3437 remanet
1089 3405 1248 3436 distinctio
1269 3405 1354 3436 illius

291 3450 469 3492 hypostasis
486 3461 504 3480 a
519 3450 636 3490 Spiritu
652 3451 778 3488 Sancto,
801 3457 838 3482 ut
855 3451 899 3481 ibi
918 3450 1039 3481 dicitur.
1059 3450 1147 3480 Haec
1166 3456 1272 3480 autem
1288 3459 1355 3479 non

292 3495 525 3526 contradicunt:
549 3500 580 3525 et
602 3494 680 3525 ratio
705 3501 764 3531 est,
789 3495 864 3535 quia
885 3494 1064 3536 hypostasis
1082 3493 1135 3524 illa
1151 3500 1197 3524 est
1212 3493 1353 3529 relativa;

292 3546 323 3570 et
346 3539 397 3569 cui
419 3549 486 3570 non
509 3544 683 3569 remaneret
704 3538 848 3575 relativa,
879 3539 917 3569 ab
940 3538 993 3569 illa
1021 3548 1087 3568 non
1110 3543 1284 3568 remaneret
1307 3537 1352 3567 di-

293 3583 412 3614 stincta.
437 3583 568 3613 Falsum
590 3582 676 3613 enim
699 3588 745 3613 est
767 3583 855 3623 quod
878 3592 1014 3623 persona
1036 3581 1150 3618 divina,
1176 3589 1205 3612 et
1229 3581 1353 3612 univer·

434 3646 543 3670 Summae
561 3644 662 3668 Tuam..
682 3644 712 3668 D.
727 3643 840 3668 'snorum
854 3643 886 3668 T.
905 3644 924 3668 1.

1404 1599 1508 1630 saliter
1523 1609 1571 1630 res
1594 1600 1731 1637 relativa,
1749 1611 1805 1641 per
1818 1610 1921 1631 unum
1934 1607 1964 1631 et
1981 1600 2066 1631 idem
2090 1601 2297 1632 constituatur
2311 1608 2341 1632 et
2359 1602 2467 1633 distin-

1404 1650 1518 1683 guatur
1541 1644 1667 1675 relative
1684 1655 1702 1675 a
1718 1645 1835 1681 ceteris,
1852 1645 1947 1676 etiam
1968 1645 2001 1675 in
2023 1645 2133 1675 eadem
2151 1653 2271 1682 natura,
2288 1652 2324 1676 ut
2339 1656 2434 1687 supra
2449 1646 2467 1664 ⁴²

1405 1694 1569 1718 ostensum
1592 1695 1647 1719 est.

1462 1732 1515 1763 Vl.
1540 1732 1646 1763 Tertia
1668 1743 1744 1763 vero
1764 1733 1926 1764 conclusio
1947 1739 2001 1769 est,
2025 1733 2111 1763 iuxta
2134 1733 2266 1763 eandem
2289 1734 2467 1765 abstractio-

1405 1785 1480 1806 nem
1494 1775 1677 1807 formalem:
1702 1777 1873 1808 Abstractis
1892 1776 2135 1818 proprietatibus
2155 1778 2381 1817 personalibus,
2401 1788 2467 1808 non

1404 1827 1567 1851 remanent
1589 1820 1784 1862 hypostases.
1803 1838 1821 1844 -
1845 1821 1885 1851 Et
1908 1821 2059 1861 probatur
2081 1831 2118 1851 ex
2140 1828 2276 1861 utroque
2299 1828 2370 1852 actu
2393 1832 2466 1862 pro·
2489 1833 2491 1835 ·

1404 1864 1543 1904 prietatis
1567 1865 1757 1904 personalis,
1783 1865 1900 1896 scilicet
1923 1865 2121 1901 constituere,
2146 1872 2176 1896 et
2198 1865 2395 1905 distinguere.
2420 1867 2467 1896 Ex

1405 1908 1595 1939 constituere
1614 1908 1760 1949 quidem:
1786 1909 1991 1950 proprietates
2010 1909 2190 1949 personales
2209 1919 2275 1939 non
2297 1909 2467 1940 adveniunt

1404 1952 1683 1992 praeexistentibus
1705 1953 1946 1994 hypostasibus,
1974 1953 2028 1983 sed
2052 1952 2156 1983 ferunt
2179 1963 2287 1983 secum
2309 1964 2366 1984 sua
2389 1964 2465 1993 sup-

1404 1997 1526 2036 posita,
1557 1997 1749 2037 inquantum
1772 2004 1846 2028 sunt
1873 1997 1954 2037 ipsa;
1986 2006 2074 2036 ergo,
2099 1997 2175 2037 ipsis
2197 1997 2375 2034 abstractis,
2399 2008 2466 2028 non

1404 2048 1566 2072 remanent
1595 2041 1768 2081 supposita.
1800 2041 1847 2071 Ex
1878 2040 2066 2081 distinguere
2094 2049 2187 2071 vero:
2219 2041 2397 2082 hypostasis
2421 2049 2467 2072 est

1405 2084 1578 2115 substantia
1596 2085 1757 2116 individua
1763 2094 1771 2121 ;
1789 2095 1863 2125 ergo
1884 2091 1929 2115 est
1947 2084 2067 2125 aliquid
2087 2084 2269 2116 distinctum
2287 2085 2319 2115 in
2339 2085 2465 2122 divinis;

1405 2139 1490 2168 erg0,
1515 2135 1638 2159 remota
1660 2129 1809 2159 relatione
1833 2129 2000 2169 personali,
2025 2138 2091 2158 non
2114 2135 2254 2159 remanet
2277 2129 2465 2170 hypostasis.

1404 2173 1446 2203 Et
1460 2179 1545 2204 tenet
1567 2173 1643 2203 haec
1658 2173 1770 2204 ultima
1784 2173 1921 2213 sequela,
1940 2172 2015 2213 quia
2029 2172 2096 2202 sola
2111 2172 2220 2202 relatio
2236 2173 2279 2203 ibi
2295 2173 2465 2212 distinguit.

1463 2217 1531 2247 VII.
1556 2217 1647 2247 Circa
1669 2217 1750 2247 hanc
1778 2223 1913 2256 partem,
1938 2216 2062 2247 adverte
2093 2217 2181 2257 quod
2208 2216 2262 2247 illa
2290 2217 2467 2256 propositio

1405 2260 1523 2301 pluries
1537 2260 1668 2300 repetita
1677 2260 1705 2297 *,
1721 2260 1847 2297 scilicet,
1858 2262 2074 2301 proprietates
2096 2261 2290 2291 constituunt
2297 2270 2466 2300 personas,

1406 2315 1461 2335 seu
1467 2304 1589 2346 ferunt
1603 2314 1710 2335 secum
1725 2306 1900 2344 supposita,
1918 2306 2106 2345 inquantum
2122 2309 2198 2335 sunt
2213 2305 2302 2344 ipsae
2308 2314 2469 2344 personae

1406 2359 1472 2379 non
1496 2355 1543 2379 est
1565 2348 1748 2388 singularis,
1782 2348 1836 2379 sed
1864 2348 1896 2378 in
1924 2347 2074 2378 omnibus
2102 2348 2189 2388 puris
2220 2355 2250 2379 et
2273 2348 2468 2388 simplicibus

1407 2393 1598 2423 communis.
1628 2392 1735 2423 Deitas
1759 2391 1844 2422 enim
1873 2392 2034 2423 constituit
2056 2392 2180 2428 Deum,
2209 2391 2399 2432 inquantum
2422 2399 2468 2423 est

1406 2437 1474 2477 ipse
1487 2437 1591 2467 Deus:
1608 2443 1639 2467 et
1651 2437 1840 2477 gabrielitas
1855 2436 2042 2471 Gabrielem,
2059 2436 2249 2476 inquantum
2268 2443 2314 2466 est
2332 2436 2466 2473 Gabriel,

1407 2481 1433 2511 si
1452 2487 1526 2511 sunt
1544 2480 1677 2511 omnino
1696 2480 1791 2511 idem.
1814 2481 1855 2510 Et
1873 2479 2048 2520 significant
2069 2479 2128 2510 hae
2146 2480 2380 2520 propositiones
2399 2491 2467 2520 spe-

1408 2525 1519 2556 cialem
1534 2524 1670 2554 modum
1686 2524 1907 2555 constituendi.
1927 2523 2102 2564 Dupliciter
2116 2523 2201 2554 enim
2218 2534 2292 2554 curn
2309 2524 2468 2564 contingat

1407 2569 1614 2606 constituere,
1635 2568 1739 2608 primo
1764 2568 1845 2598 sicut
1863 2567 1966 2598 forma
1989 2567 2152 2598 constituit
2175 2567 2399 2607 compositum,
2423 2578 2468 2598 se-

1408 2613 1514 2644 cundo
1545 2612 1626 2643 sicut
1657 2612 1790 2652 simplex
1821 2611 1983 2642 constituit
2015 2611 2164 2651 simplex;
2198 2621 2272 2641 cum
2300 2612 2338 2641 de
2361 2611 2466 2652 primo

1408 2657 1507 2687 modo
1539 2655 1749 2687 constituendi
1778 2655 1958 2696 loquimur,
1988 2655 2141 2696 quoniam
2164 2655 2254 2685 realis
2282 2662 2328 2686 est
2351 2656 2467 2686 consti-

1408 2701 1489 2732 tutio
1501 2724 1508 2737 ,
1533 2700 1715 2741 simpliciter
1735 2699 1868 2730 dicimus
1887 2699 1975 2740 quod
1994 2699 2100 2729 anima
2124 2699 2284 2730 rationalis
2307 2699 2468 2730 constituit

1408 2745 1583 2781 hominem,
1600 2751 1658 2775 etc.
1678 2745 1719 2774 Et
1734 2744 1778 2774 sic
1794 2743 1987 2774 constituens
2003 2753 2069 2773 non
2085 2749 2131 2773 est
2146 2743 2364 2774 constitutum.
2382 2743 2467 2774 Cum

1408 2795 1516 2820 autem
1531 2789 1570 2819 de
1591 2788 1730 2819 secundo
1755 2787 1966 2818 constituendi
1989 2787 2088 2817 modo
2112 2793 2158 2818 est
2181 2797 2294 2823 sermo,
2319 2787 2359 2817 ad
2382 2787 2467 2817 diffe-

1407 2833 1541 2864 rentiam
1563 2832 1666 2872 primi,
1692 2831 1803 2862 dicitur
1826 2841 1900 2862 cum
1923 2831 2098 2867 additione,
2123 2831 2212 2871 quod
2235 2830 2396 2861 constituit
2419 2832 2484 2866 ἰη-ν

1407 2882 1561 2918 quantum
1590 2882 1637 2907 est
1668 2877 1768 2916 ipsum
1800 2876 2004 2906 constitutum
2012 2882 2026 2912 ,⁰
2053 2875 2131 2905 nihil
2160 2874 2246 2905 aliud
2274 2874 2466 2904 intendendo

1407 2931 1464 2962 per
1486 2921 1566 2957 hoc,
1595 2920 1655 2950 nisi
1678 2919 1766 2960 quod
1790 2919 2030 2950 constitutivum
2059 2929 2117 2958 pro
2142 2925 2229 2949 tanto
2258 2918 2371 2948 dicitur
2393 2928 2468 2948 con-

1408 2966 1544 3000 stituere,
1561 2974 1620 3004 pro
1637 2970 1757 3004 quanto
1777 2963 1869 3003 ponit
1887 2971 1935 2993 se:
1961 2963 2111 3003 ponendo
2136 2962 2220 2994 enim
2236 2972 2277 2998 se,
2295 2962 2466 2998 constituit,

1408 3010 1482 3050 quia
1498 3009 1531 3049 ly
1545 3018 1580 3039 se
1594 3014 1749 3038 monstrat
1765 3006 1983 3037 constitutum.
1996 3007 2036 3037 Et
2047 3006 2110 3037 hoc
2126 3005 2278 3045 significat
2288 3006 2321 3046 ly
2333 3007 2468 3046 inquan-

1408 3059 1474 3084 tum
1496 3057 1543 3083 est
1563 3053 1675 3092 ipsum.
1692 3068 1711 3074 -
1731 3051 1839 3091 Itaque
1861 3050 2041 3087 Paternitas,
2066 3050 2216 3090 ponendo
2240 3059 2282 3086 se,
2307 3049 2469 3080 constituit

1407 3098 1544 3132 Patrem,
1569 3096 1653 3136 quia.
1666 3095 1735 3135 ipsa
1757 3101 1804 3125 est
1825 3095 1924 3125 Pater.
1949 3095 1990 3125 Et
2012 3094 2055 3124 sic
2078 3094 2110 3134 ly
2134 3095 2321 3134 inquantum
2345 3099 2468 3124 tenetur

1407 3140 1643 3180 reduplicative,
1675 3139 1875 3179 modumque
1899 3138 2109 3168 constituendi
2132 3137 2314 3177 reduplicat,
2336 3137 2370 3166 in
2393 3136 2467 3166 sim-

1407 3185 1550 3225 plicibus.
1582 3183 1675 3214 Unde
1708 3192 1746 3213 ex
1775 3182 1838 3213 hoc
1867 3181 1963 3212 habes
1992 3181 2115 3212 facilem
2142 3181 2227 3211 viam
2257 3180 2467 3221 respondendi

1408 3228 1627 3260 obiicientibus
1652 3233 1759 3257 contra
1782 3226 1968 3256 huiusmodi
1992 3225 2235 3265 propositiones.

1465 3272 1546 3303 VIII.
1572 3271 1690 3308 Quoad
1713 3271 1840 3301 tertium
1864 3269 1896 3306 ⁴²,
1921 3269 2030 3305 refert,
2054 3276 2086 3299 et
2112 3268 2254 3299 confutat
2281 3268 2467 3308 opinionem

1407 3317 1576 3357 quandam,
1602 3315 1758 3345 dicentem
1780 3314 1878 3355 quod,
1899 3313 2058 3344 abstractis
2073 3312 2286 3348 relationibus,
2306 3319 2469 3343 remanent

1407 3361 1602 3401 hypostases,
1627 3359 1682 3389 sed
1705 3368 1771 3388 non
1794 3367 1957 3398 personae.
1981 3357 2022 3387 Et
2044 3356 2122 3387 ratio
2146 3356 2239 3396 primi
2256 3362 2311 3391 est,
2328 3356 2403 3395 quia
2419 3366 2467 3386 re-

1409 3410 1537 3434 manent
1565 3403 1700 3442 origines
1730 3402 1964 3442 distinguentes.
1995 3401 2087 3431 Ratio
2116 3409 2190 3430 vero
2221 3400 2365 3435 secundi,
2393 3399 2468 3440 quia

1408 3448 1574 3479 relationes
1597 3446 1752 3487 pertinent
1771 3446 1811 3475 ad
1830 3445 2022 3485 dignitatem,
2040 3454 2122 3485 quae
2140 3450 2186 3474 est
2204 3443 2243 3473 de
2258 3443 2379 3474 ratione
2398 3453 2468 3484 per-

1408 3501 1513 3527 sonae,
1538 3501 1603 3520 non
1627 3497 1734 3521 autern
1756 3489 1943 3530 hypostasis.

1466 3535 1658 3566 Confutatur
1681 3540 1787 3564 autem
1811 3532 1985 3573 dupliciter.
2009 3531 2134 3567 Primo,
2158 3531 2237 3561 ratio
2260 3530 2354 3571 primi
2378 3531 2466 3561 dicti:

1409 3580 1483 3620 quia
1506 3578 1671 3609 relationes
1695 3577 1864 3617 probatum
1888 3582 1934 3606 est
1956 3586 2022 3606 esse
2046 3575 2146 3615 prima
2170 3575 2354 3605 distinctiva.
2371 3592 2389 3597 -
2411 3575 2466 3605 Se-

2291 3635 2321 3661 53

2494 983 2505 994 ⁶
2519 982 2582 1004 Loco
2598 983 2637 1005 cit.

2494 1654 2502 1662 ·
2518 1653 2578 1675 Ibid.

2494 2268 2503 2276 '¹
2512 2266 2547 2288 Cf.
2555 2270 2597 2288 art.
2604 2273 2624 2293 2,
2634 2267 2707 2288 Com-

2495 2297 2565 2315 ment.
2572 2299 2660 2315 num.x1
2666 2299 2703 2321 sq.

2492 3278 2502 3289 “
2517 3277 2554 3299 cf.
2569 3283 2634 3299 num.
2650 3283 2667 3299 1.
