2768 4178
584 597 802 638 EORUM
836 596 1008 648 QUAE
1040 596 1101 636 IN
1135 596 1261 636 HOC
1294 596 1617 638 VOLUMINE
1651 597 2088 639 CONTINENTUR

1008 418 1563 553 INDEX

240 867 367 899 Litterae
387 867 524 895 LEONlS
544 867 606 895 XIII
628 868 712 895 Pont.
735 868 810 901 Max„
841 888 1120 896 ..........
1146 876 1220 906 pag.
1271 875 1313 895 vn
1337 866 1341 907 Ι
1367 867 1509 896 Praefatio
1513 889 2246 897 .........................
2274 878 2347 908 pag.
2397 878 2428 898 1x

1179 985 1338 1018 PRIMA
1361 985 1495 1018 PARS

1021 1077 1255 1119 SUMMAE
1283 1077 1656 1120 THEOLOGIAE

757 1183 1047 1236 SANCTI
1096 1182 1432 1234 THOMAE
1479 1183 1920 1248 AQUINATIS

239 1600 385 1631 Praefatio
399 1600 430 1628 in
444 1599 655 1636 expositionem
671 1598 785 1626 Primae
800 1597 891 1626 Partis
905 1598 1044 1625 Summae
1058 1597 1132 1624 San-

521 1639 559 1668 cti
579 1639 714 1667 Thomae
734 1637 898 1675 Aquinatis,
919 1637 1025 1665 Fratris
1050 1637 1131 1664 Tho-

523 1687 588 1707 mae
609 1679 646 1706 de
667 1678 723 1706 Vio
745 1677 884 1706 Caietani.
908 1699 914 1706 .
938 1699 944 1705 .

240 1720 384 1759 Prologus
391 1738 946 1749 ...................

1162 1294 1234 1318 CUM
1254 1293 1516 1318 COMMENTARIIS

1092 1371 1350 1403 CARDINALIS
1374 1371 1580 1402 CAIETANI

969 1698 1128 1706 ......
1150 1685 1224 1741 pa?
1294 1676 1308 1743 Ξ

971 1738 1128 1745 ......
1199 1727 1207 1742 )

1717 1697 1910 1731 QUAESTIO
1933 1697 2078 1731 QUINTA

1367 1605 1533 1625 ARTICULUS
1547 1606 1579 1626 111
1620 1598 1723 1625 Utrum
1745 1597 1842 1634 aliqua
1869 1603 1999 1626 creatura
2019 1597 2110 1634 possit
2130 1607 2192 1626 esse
2214 1598 2251 1626 si-

1647 1637 1721 1665 milis
1747 1639 1810 1665 Deo
1814 1658 2249 1667 ...............
2270 1648 2343 1677 pag.

239 1927 405 1949 Ani-tenuis
419 1927 431 1947 1
487 1918 592 1946 Utrum
614 1916 650 1944 sit
669 1914 882 1950 necessarium,
902 1920 1016 1950 praeter
1035 1913 1130 1950 philo-

524 1956 661 1993 sophicas
675 1955 850 1991 disciplinas,
861 1954 947 1983 aliam
966 1953 1129 1982 doctrinam

523 1996 623 2025 haberi
631 2015 1128 2024 .................

421 2047 444 2066 11
493 2038 598 2066 Utrum
625 2045 708 2065 sacra
729 2035 861 2064 doctrina
882 2034 918 2063 sit
939 2034 1066 2062 scientia.
1090 2055 1096 2062 .
1121 2055 1128 2062 .

421 2086 455 2107 111
492 2079 597 2106 Utrum
611 2086 693 2105 sacra
706 2075 839 2104 doctrina
853 2075 889 2103 sit
902 2084 962 2103 una
975 2074 1104 2103 scientia.
1122 2095 1128 2102 .

421 2127 452 2147 1v
491 2119 595 2146 Utrum
611 2126 692 2145 sacra
712 2116 846 2144 doctrina
866 2114 903 2143 sit
924 2115 1044 2143 scientia
1064 2123 1129 2151 pra-

242 2727 407 2748 Anncums
423 2727 435 2746 1
490 2719 595 2746 Utrum
616 2718 712 2744 Deum
733 2725 795 2743 esse
816 2715 852 2742 sit
872 2723 924 2751 per
943 2722 974 2741 se
988 2719 1102 2740 notum.
1126 2734 1132 2740 .

424 2767 446 2786 11
494 2759 599 2786 Utrum
614 2758 710 2784 Deum
731 2765 793 2784 esse
815 2755 855 2783 sit'
865 2752 1100 2782 demonstrabile.
1125 2773 1131 2779 .

425 2807 458 2826 m
495 2798 599 2826 Utrum
621 2798 700 2824 Deus
722 2796 757 2824 sit
760 2814 1131 2823 .............

326 2771 341 2785 )>

327 2810 342 2826 ))

245 2961 411 2988 ARTICULUS
425 2966 436 2986 1
492 2957 596 2985 Utrum
618 2957 698 2983 Deus
718 2954 755 2982 sit
775 2963 881 2990 corpus
884 2973 1133 2982 .........

427 3006 449 3026 11
500 2997 603 3024 Utrum
628 2995 659 3023 in
680 2997 743 3022 Deo
765 2994 802 3022 sit
822 2993 997 3030 compositio
1022 2993 1133 3020 formae

329 3010 344 3024 )>

329 3089 344 3104 5>

331 3169 346 3183 )>

331 3209 346 3223 )>

330 3249 345 3264 2>

330 3289 345 3303 >>

248 3524 412 3545 mucuns
426 3524 438 3544 1
495 3515 599 3543 Utrum
621 3515 700 3542 Deus
721 3514 757 3542 sit
773 3514 915 3550 perfectus
918 3533 1135 3541 ........

429 3563 451 3583 11
502 3555 606 3583 Utrum
618 3554 648 3582 in
657 3555 720 3582 Deo
731 3554 788 3582 sint
799 3553 990 3590 perfectiones
1003 3551 1136 3580 omnium

332 3567 347 3582 >>

611 1770 805 1806 QUAESTIO
827 1770 945 1798 PRIMA

657 1873 697 1894 se
718 1864 894 1894 extendat.
916 1867 925 1876 ·

360 1829 412 1858 De
433 1835 539 1857 sacra
558 1826 740 1859 Doctrina,
762 1824 875 1861 qualis
897 1825 958 1859 sit,
979 1825 1015 1853 et
1035 1823 1080 1852 ad
1101 1831 1190 1860 quae

524 2164 597 2186 cuca
625 2175 1129 2185 .................
1174 2165 1188 2179 »

421 2207 443 2227 v
491 2199 595 2227 Utrum
618 2206 700 2226 sacra
721 2196 854 2225 doctrina
875 2195 911 2223 sit
933 2194 1048 2231 dignior
1069 2194 1131 2222 aliis

522 2237 648 2266 scientiis
668 2256 1129 2265 ................

422 2287 453 2307 vt
489 2280 595 2307 Utrum
616 2278 688 2305 haec
709 2276 842 2304 doctrina
862 2275 899 2304 sit
920 2274 1069 2312 sapientia.
1092 2296 1099 2302 .
1122 2295 1129 2302 .

422 2328 464 2347 vn
493 2320 598 2347 Utrum
611 2319 691 2345 Deus
702 2317 738 2344 sit
759 2317 921 2344 subiectum
936 2315 1022 2343 huius
1039 2313 1132 2342 scien-

523 2358 580 2386 tiae
600 2375 1130 2386 ..................

422 2407 474 2427 vm
493 2399 597 2427 Utrum
612 2398 684 2426 haec
699 2396 832 2425 doctrina
846 2396 882 2424 sit
891 2393 1129 2433 argumentativa.

423 2447 455 2467 1x
494 2440 599 2467 Utrum
620 2447 703 2469 sacra
723 2437 871 2473 Scriptura
892 2437 996 2464 debeat
1009 2435 1051 2462 uti
1072 2442 1132 2461 me-

524 2477 655 2514 taphoris
659 2494 1129 2505 ................

422 2527 443 2546 x
493 2519 598 2546 Utrum
619 2526 701 2545 sacra
721 2517 869 2553 Scriptura
889 2516 942 2544 sub
963 2523 1023 2542 una
1040 2513 1133 2541 littera

525 2559 631 2586 habeat
657 2557 754 2594 plures
775 2565 877 2584 sensus
881 2575 1131 2583 .........

583 2608 778 2644 QUAESTIO
801 2607 979 2635 SECUNDA

557 2665 608 2693 De
633 2665 724 2698 Deo,
750 2671 796 2691 an
821 2663 915 2691 Deus
944 2661 999 2689 sit.

600 2848 794 2884 QUAESTIO
816 2848 959 2875 TERTIA

587 2904 638 2932 De
658 2903 721 2932 Dei
741 2902 972 2938 simplicitate.

529 3042 557 3064 et
583 3035 728 3064 materiae.

427 3086 460 3105 m
495 3078 600 3105 Utrum
622 3076 657 3103 sit
677 3075 755 3102 idem
776 3076 854 3102 Deus
870 3074 951 3111 quod
972 3082 1024 3101 sua
1038 3082 1134 3100 essen-

529 3116 570 3145 tia
595 3116 640 3144 vel
662 3121 766 3143 natura
788 3133 1132 3142 ............

429 3165 458 3185 1v
499 3157 602 3184 Utrum
618 3156 647 3183 in
661 3157 724 3184 Deo
740 3155 776 3183 sit
789 3154 867 3182 idem
882 3153 1006 3193 essentia
1020 3159 1048 3180 et
1063 3161 1134 3180 esse.

429 3206 448 3225 v
499 3198 602 3225 Utrum
623 3198 702 3223 Deus
723 3195 759 3223 sit
784 3194 814 3222 in
840 3203 944 3231 genere
966 3193 1073 3229 aliquo.
1098 3214 1104 3220 .
1128 3213 1134 3220 .

427 3245 458 3265 vl
497 3238 601 3264 Utrum
616 3236 646 3263 in
661 3237 724 3263 Deo
744 3234 801 3263 sint
821 3234 920 3271 aliqua
935 3232 1103 3262 accidentia.
1127 3253 1134 3260 .

427 3285 469 3304 vn
499 3277 603 3304 Utrum
625 3277 703 3303 Deus
720 3275 756 3303 sit
778 3274 900 3302 omnino
922 3271 1052 3310 simplex.
1097 3294 1103 3300 .
1127 3293 1133 3301 .

428 3325 480 3344 vm
500 3317 603 3344 Utrum
619 3317 697 3343 Deus
713 3315 742 3343 in
757 3314 1000 3351 compositionem
1012 3313 1136 3341 aliorum

529 3362 625 3384 vemat
640 3373 1135 3383 .................

597 3409 791 3443 QUAESTIO
815 3408 974 3443 QUARTA

593 3463 643 3491 De
664 3462 726 3491 Dei
746 3461 968 3498 perfectione.

530 3604 637 3622 rerum.

393 3654 503 3678 Sume
522 3652 623 3677 ΤΗΕοι.
643 3652 674 3677 D.
689 3651 804 3676 Tuom
823 3651 854 3675 T.
874 3650 892 3674 1.

669 3613 1134 3622 ................

1175 2484 1189 2498 »

1176 2563 1190 2577 »

1178 3043 1192 3057 »

1180 3522 1195 3537 )>

1366 1819 1531 1839 ARTICULUS
1545 1819 1556 1838 1

1448 1902 1463 1917 »
1545 1899 1567 1918 11

1546 1978 1579 1998 m

1546 2018 1576 2038 tv

1449 2101 1464 2116 »
1546 2098 1566 2117 V

1449 2181 1464 2195 >0
1546 2178 1577 2197 VI

1368 2403 1534 2428 ARTICULUS
1548 2404 1559 2423 1

1452 2447 1467 2461 >>
1549 2443 1572 2463 Π

1451 2486 1466 2501 >>
1548 2483 1580 2503 ΙΙΙ

1451 2565 1466 2579 »
1547 2561 1578 2581 1v

1369 2747 1532 2768 ARTICULUS
1547 2747 1558 2767 1

1452 2790 1467 2805 »
1548 2787 1570 2806 Π

1453 2870 1467 2885 »
1549 2866 1581 2886 III

1452 2949 1466 2964 »
1549 2946 1580 2966 1v

1370 3171 1532 3191 ARTICULUS
1546 3171 1558 3190 1

1549 3210 1571 3229 11

1452 3254 1467 3268 »
1549 3250 1581 3269 111

1453 3332 1467 3347 »
1549 3328 1581 3348 1v

1371 3518 1533 3538 ARTICULUS
1548 3517 1559 3538 1

1551 3557 1573 3578 11

1683 1752 1736 1780 ‘De
1756 1752 1850 1780 bono
1871 1751 1906 1780 in
1931 1752 2111 1781 communi.

1613 1811 1716 1838 Utrum
1743 1811 1855 1837 bonum
1877 1809 1989 1838 differat
2008 1811 2166 1838 secundum
2188 1820 2250 1838 rem

1647 1851 1683 1878 ab
1714 1856 1779 1877 ente
1812 1871 1818 1877 .

1616 1891 1719 1918 Utrum
1741 1891 1853 1917 bonum
1874 1890 2034 1918 secundum
2053 1890 2194 1918 rationem
2216 1891 2252 1919 sit

1646 1930 1725 1966 prius
1745 1938 1832 1966 quam
1854 1938 1915 1957 ens.
1940 1952 1946 1957 .
1970 1924 1989 1957 ,⁸
2000 1951 2248 1958 .........

1618 1971 1721 1998 Utrum
1743 1978 1831 1997 omne
1852 1978 1903 1997 ens
1924 1969 1960 1997 sit
1985 1970 2096 1997 bonum
2124 1992 2249 1998 .....

1615 2010 1718 2037 Utrum
1746 2010 1858 2037 bonum
1888 2010 1993 2037 habeat
2012 2010 2155 2038 rationem
2183 2019 2251 2038 cau-

1647 2059 1694 2077 sae
1720 2049 1821 2077 finalis.
1851 2071 2248 2078 ..............

1616 2090 1720 2117 Utrum
1748 2089 1821 2117 ratio
1842 2089 1914 2117 boni
1939 2089 2077 2117 consistat
2097 2089 2128 2117 in
2148 2090 2248 2123 modo,

1648 2129 1743 2166 specie
1762 2135 1789 2157 et
1804 2129 1915 2157 ordine.
1930 2139 1934 2142 ·
1939 2150 2248 2157 ...........

1615 2170 1718 2197 Utrum
1748 2169 1952 2197 convenienter
1973 2168 2116 2196 dividatur
2139 2170 2251 2197 bonum

1646 2219 1698 2246 per
1718 2210 1882 2243 honesturn,
1903 2209 1972 2236 utile
1997 2215 2025 2236 et
2046 2209 2219 2237 delectabile.
2243 2230 2249 2236 .

1729 2275 1921 2309 QUAESTIO
1943 2275 2069 2302 SEXTA

1741 2335 1791 2364 De
1810 2335 1966 2364 bonitate
1985 2335 2056 2363 Dei.

1616 2395 1719 2423 Utrum
1741 2403 1803 2422 esse
1823 2394 1934 2421 bonum
1956 2395 2019 2421 Deo
2040 2392 2192 2420 conveniat
2213 2414 2220 2421 .
2242 2413 2250 2422 .

1621 2435 1723 2462 Utrum
1745 2435 1823 2461 Deus
1845 2433 1880 2461 sit
1900 2442 2047 2461 summum
2069 2434 2189 2460 bonum.
2213 2454 2220 2460 .
2243 2454 2250 2461 .

1619 2475 1722 2502 Utrum
1743 2482 1806 2501 esse
1831 2473 1942 2501 bonum
1963 2482 2014 2508 per
2039 2472 2194 2500 essentiam
2215 2472 2251 2500 sit

1649 2513 1798 2549 proprium
1827 2512 1880 2540 Dei
1884 2533 2250 2540 .............

1618 2554 1721 2581 Utrum
1732 2552 1831 2580 omnia
1842 2552 1899 2580 sint
1912 2553 1991 2580 bona
2004 2551 2132 2579 bonitate
2146 2551 2250 2579 divina.

1709 2616 1901 2651 QUAESTIO
1924 2616 2090 2643 SEPTIMA

1736 2679 1786 2707 De
1806 2677 1974 2706 infinitate
1993 2676 2065 2705 Dei.

1614 2739 1717 2766 Utrum
1745 2738 1823 2764 Deus
1844 2736 1879 2764 sit
1900 2735 2028 2763 infinitus
2032 2756 2251 2763 ........

1620 2779 1724 2806 Utrum
1745 2776 1854 2813 aliquid
1876 2776 1954 2803 aliud
1975 2785 2063 2812 quam
2084 2776 2162 2802 Deus
2183 2784 2252 2811 pos-

1649 2817 1684 2845 sit
1705 2826 1767 2844 esse
1787 2815 1931 2844 infinitum
1953 2825 2005 2852 per
2029 2814 2191 2842 essentiam.
2214 2836 2221 2842 .
2245 2836 2252 2842 .
2297 2826 2311 2840 »

1619 2858 1723 2885 Utrum
1753 2856 1844 2893 possit
1876 2865 1938 2883 esse
1968 2854 2078 2892 aliquid
2109 2854 2254 2882 infinitum

1649 2903 1715 2925 actu
1736 2896 1894 2924 secundum
1921 2894 2158 2932 magnitudinem.
2182 2916 2188 2922 .
2213 2915 2220 2922 .
2245 2915 2251 2921 .

1614 2938 1721 2965 Utrum
1742 2936 1833 2972 possit
1859 2943 1922 2963 esse
1947 2934 2091 2962 infinitum
2113 2934 2143 2962 in
2168 2934 2254 2961 rebus

1651 2976 1810 3005 secundum
1841 2974 2052 3003 multitudinem
2063 2995 2250 3001 .......

1716 3040 1908 3076 QUAESTIO
1931 3039 2093 3068 OCTAVA·

1636 3103 1686 3131 De
1707 3101 1893 3130 existentia
1912 3100 1975 3129 Dei
1994 3100 2028 3129 in
2048 3099 2165 3128 rebus.

1614 3162 1718 3190 Utrum
1738 3162 1816 3188 Deus
1838 3160 1874 3188 sit
1891 3159 1920 3187 in
1939 3158 2075 3187 omnibus
2097 3158 2191 3186 rebus.
2215 3178 2222 3185 .
2245 3178 2252 3185 .

1621 3202 1723 3229 Utrum
1746 3202 1823 3228 Deus
1838 3199 1874 3227 sit
1894 3199 2003 3235 ubique
2006 3218 2252 3226 .........

1620 3242 1723 3269 Utrum
1744 3241 1823 3268 Deus
1837 3239 1873 3267 sit
1892 3239 2000 3275 ubique
2021 3247 2072 3274 per
2091 3236 2253 3270 essentiam,

1650 3280 1842 3317 praesentiam
1864 3285 1892 3307 et
1912 3278 2070 3315 potentiam
2088 3297 2252 3304 ......

1619 3320 1722 3348 Utrum
1744 3329 1806 3348 esse
1819 3319 1928 3355 ubique
1943 3318 1978 3346 sit
1996 3316 2146 3355 proprium
2161 3315 2223 3344 Dei.
2246 3337 2253 3343 .

1741 3385 1933 3421 QUAESTIO
1955 3384 2062 3412 NONA

1688 3449 1739 3477 De
1752 3447 1814 3477 Dei
1831 3445 2114 3476 immutabilitate.

1614 3509 1718 3536 Utrum
1739 3509 1817 3535 Deus
1832 3506 1868 3534 sit
1886 3505 2007 3534 omnino
2027 3502 2223 3532 immutabilis.
2246 3523 2253 3529 .

1623 3549 1726 3576 Utrum
1748 3556 1810 3575 esse
1837 3545 2016 3575 immutabile
2044 3544 2079 3572 sit
2104 3542 2158 3570 Dei
2184 3550 2253 3578 pro-

1654 3597 1749 3624 prium
1765 3602 2252 3615 .................

2252 3638 2287 3670 64

2297 3592 2311 3607 3>

2393 1640 2427 1667 53
