2768 4178
74 944 83 954 '¹
100 944 151 965 Art.
168 949 184 965 1.

71 2292 80 2301 “’
98 2291 143 2318 Qu.
153 2298 205 2318 xm,
215 2295 285 2319 art.5.

70 2511 118 2532 'in
131 2510 283 2539 perfectissi-

68 2542 105 2558 mo
115 2538 129 2558 Ρ

319 281 393 317 332

317 360 366 396 ad
394 359 433 396 id
461 359 509 395 acl
529 357 634 406 quod
654 357 944 405 significandum
974 357 1192 406 imponitur,
1214 357 1381 394 maxime

317 414 401 449 Deo
432 411 619 447 convenit.
660 410 760 457 Quia
789 410 891 447 enim
929 410 967 447 in
1006 410 1216 446 comoediis
1245 418 1282 446 et
1308 418 1381 446 tra-

316 464 461 513 goediis
489 463 870 512 repraesentabantur
896 463 1009 511 aliqui
1033 462 1210 499 homines
1230 463 1379 510 famosi,

316 517 537 566 impositum
567 523 622 553 est
648 517 723 553 hoc
742 528 887 553 nomen
908 527 1072 564 persona
1101 515 1150 552 ad
1170 515 1382 563 significan-

317 571 409 607 dum
429 569 575 618 aliquos
590 576 598 589 ⁸
618 569 838 617 dignitatem
863 570 1058 606 habentes.
1088 568 1200 605 Unde
1221 580 1380 604 consue-

315 631 452 660 verunt
481 622 553 659 dici
572 634 760 671 personae
779 623 816 658 in
837 622 1014 667 eeclesiis,
1037 633 1134 669 quae
1153 621 1296 657 habent
1315 620 1381 658 ali-

316 688 433 724 quam
454 675 683 723 dignitatem.
714 676 875 724 Propter
895 675 998 723 quod
1018 673 1175 722 quidam
1197 674 1382 711 definiunt

314 741 534 789 personam,
565 728 732 766 dicentes
766 729 868 776 quod
896 739 1061 776 persona
1091 734 1146 763 est
1171 727 1382 786 hypostasis

309 782 540 841 proprietate
567 781 736 818 distincta
764 781 816 817 ad
841 781 1059 830 dignitatem
1081 779 1301 827 pertinente.
1333 780 1382 815 Et

315 834 405 893 quia
424 847 584 882 magnae
604 833 791 881 dignitatis
816 841 872 870 est
890 833 928 870 in
948 831 1120 869 rationali
1139 839 1274 868 natura
1293 832 1380 868 sub-

315 887 457 934 sistere,
478 887 594 924 ideo’e
614 899 730 924 omne
751 886 991 923 individuum
1011 885 1204 922 rationalis
1224 892 1380 922 naturae

316 941 450 978 dicitur
468 952 644 989 persona,
664 947 706 976 ut
724 939 867 976 dictum
888 947 944 975 est
957 938 988 975 ²³⁶.
1011 938 1088 975 Sed
1108 938 1267 986 dignitas
1287 937 1381 975 divi-

315 1006 388 1030 nae
416 1001 571 1030 naturae
593 992 738 1029 excedit
757 1004 915 1028 omnem
936 991 1170 1039 dignitatem:
1192 998 1228 1027 et
1247 1002 1381 1027 secun-

315 1046 407 1083 dum
426 1047 501 1082 hoc
521 1045 686 1082 maxime
707 1044 888 1093 competit
911 1045 996 1081 Deo
1016 1057 1160 1081 nomen
1179 1055 1378 1092 personae.

367 1101 426 1135 AD
455 1110 613 1136 TERTmM
642 1110 825 1135 mei-:NDUM
861 1097 966 1146 quod
1000 1110 1144 1134 nomen
1171 1097 1381 1145 hypostasis

315 1164 393 1188 non
423 1151 604 1200 competit
632 1152 716 1187 Deo
747 1158 934 1198 quantum
964 1150 1012 1187 ad
1037 1150 1076 1187 id
1096 1163 1118 1186 a
1138 1162 1215 1198 quo
1238 1157 1293 1186 est
1311 1149 1382 1186 im-

314 1204 482 1253 positum
511 1200 667 1251 nomen,
698 1216 786 1240 cum
813 1216 892 1240 non
921 1203 1066 1240 substet
1100 1202 1380 1240 accidentibus:

315 1257 495 1306 competit
528 1265 656 1294 autem
686 1257 719 1293 ei
747 1255 759 1277 λ
788 1264 972 1305 quantum
1011 1256 1059 1294 ad
1094 1256 1152 1303 id,
1192 1256 1298 1304 quod
1326 1263 1382 1293 est

313 1310 535 1359 impositum
555 1310 603 1347 ad
632 1310 923 1358 significandum
945 1322 1026 1346 rem
1055 1309 1334 1346 subsistentem.
1355 1330 1379 1336 -

315 1364 574 1410 Hieronymus
603 1371 731 1400 autem
758 1362 846 1400 dicit
874 1363 945 1399 sub
975 1363 1050 1399 hoc
1078 1362 1236 1399 nomine
1263 1374 1381 1399 vene-

314 1429 407 1453 num
436 1417 564 1463 latere,
586 1417 675 1466 quia
703 1423 907 1465 antequam
929 1415 1153 1463 significatio
1181 1415 1294 1452 huius
1313 1428 1381 1452 no-

366 1548 385 1581 ι)
404 1548 516 1580 aliquos.
533 1561 552 1567 —
569 1547 687 1573 homines
706 1548 803 1572 addunt
821 1547 899 1572 ABD.

365 1584 390 1617 κ)
411 1584 478 1609 ideo.
495 1597 514 1603 -·
533 1583 594 1608 Om.
614 1583 716 1608 codices
735 1588 761 1607 et
779 1583 820 1608 ed.
834 1590 860 1607 a.

365 1618 392 1651 λ)
412 1623 501 1644 autem
515 1619 547 1644 ei.
559 1632 579 1638 -—
591 1619 616 1643 ei
629 1618 723 1643 omittit
736 1618 764 1643 Ρ.
775 1632 795 1638 -
809 1622 867 1643 ante
881 1617 953 1650 quod
967 1618 1024 1643 add.
1042 1617 1080 1642 ad
1093 1617 1231 1648 PBDEsC;
1251 1622 1311 1650 post
1330 1618 1378 1643 im-

308 1656 427 1687 positum
446 1655 503 1679 BsC
523 1655 619 1679 addunt
637 1654 744 1679 scilicet.

993 279 1259 325 QUAESTIO
1289 279 1431 326 XXIX,
1461 278 1756 315 ARTICULUS
1787 279 1837 315 III
1878 288 1882 294 ·

1436 358 1549 394 minis
1578 365 1676 394 esset
1703 357 1815 406 plene
1848 365 1938 394 nota
1975 357 2079 406 apud
2116 358 2292 405 Latinos,
2321 359 2500 396 haeretici

1435 422 1505 459 per
1531 411 1607 447 hoc
1634 422 1779 447 nomen
1807 410 1996 459 simplices
2026 410 2285 459 decipiebant,
2314 418 2356 447 ut
2384 412 2503 449 confi-

1435 470 1603 500 terentur
1621 464 1749 512 plures
1769 463 1962 510 essentias,
1979 463 2075 500 sicut
2095 464 2324 500 confitentur
2336 470 2358 492 ι’*
2374 465 2502 512 plures

1435 517 1677 565 hypostases;
1706 524 1864 565 propter
1881 517 1956 553 hoc
1976 516 2080 564 quod
2100 528 2245 553 nomen
2263 517 2502 563 substantiae,

1437 569 1496 606 cui
1525 569 1732 618 respondet
1760 569 1798 606 in
1826 581 1962 617 graeco
1982 581 2126 606 nomen
2145 570 2366 618 hypostasis,
2397 581 2503 606 corn-

1435 622 1601 659 munitet
1629 622 1809 671 accipitur
1837 622 1939 671 apud
1968 634 2039 659 nos
2067 634 2138 671 pro
2168 621 2343 659 essentia.

1488 676 1547 711 An
1577 687 1750 718 QUARTUM
1778 687 1961 712 DICENDUM
1999 675 2105 723 quod
2134 676 2241 711 Deus
2274 682 2400 723 potest
2429 674 2502 711 dici

1435 727 1630 764 rationalis
1657 734 1827 774 naturae,
1848 729 2062 764 secundum
2091 728 2195 776 quod
2221 728 2314 764 ratio
2335 740 2414 764 non
2433 727 2502 764 im-

1434 787 1560 828 portat
1580 780 1803 826 discursum,
1824 781 1892 817 sed
1912 781 2164 818 communiter
2183 778 2475 817 intellectualem
2492 786 2503 801 ⁸

1435 839 1623 869 naturam.
1652 833 1893 870 Indiuiduum
1923 841 2050 870 autern
2076 835 2161 871 Deo
2183 841 2401 882 competere
2422 845 2501 870 non

1434 892 1561 933 potest
1580 892 1764 933 quantum
1783 885 1832 923 ad
1851 886 1926 923 hoc
1946 887 2050 934 quod
2069 886 2381 924 individuationis
2400 886 2502 935 prin-

1436 937 1577 986 cipium
1608 945 1664 974 est
1691 938 1871 975 materia:
1901 939 1969 975 sed
1997 940 2122 976 solum
2156 941 2367 978 secundum
2395 939 2502 988 quod

1434 990 1615 1039 importat
1646 990 2126 1028 incommunicabilitatem.
2161 993 2374 1029 Substantia
2405 1004 2500 1030 vero

1436 1043 1614 1080 convenit
1642 1044 1740 1090 Deo,
1762 1044 1974 1092 secundum
2000 1044 2106 1093 quod
2135 1044 2320 1092 significat
2343 1045 2501 1082 existere

1435 1109 1504 1145 per
1524 1109 1576 1133 se.
1594 1118 1617 1124 -
1634 1096 1803 1143 Quidam
1823 1104 1952 1134 tamen
1972 1097 2101 1134 dicunt
2124 1098 2231 1145 quod
2251 1098 2420 1135 definitio
2441 1111 2501 1135 su-

1434 1149 1563 1199 perius
1584 1162 1606 1186 a
1625 1150 1759 1186 Boetio
1790 1149 1892 1196 data,
1923 1162 2002 1187 non
2032 1158 2087 1187 est
2115 1150 2285 1187 definitio
2313 1163 2501 1199 personae

1436 1203 1650 1240 secundum
1680 1202 1784 1251 quod
1812 1215 1997 1251 personas
2025 1203 2063 1240 in
2091 1204 2176 1240 Deo
2207 1203 2379 1241 dicimus.
2408 1204 2501 1240 Pro-

1434 1263 1519 1305 pter
1545 1255 1650 1304 quod
1679 1255 1865 1293 Ricardus
1891 1256 1937 1293 de
1958 1257 2098 1293 Sancto
2118 1256 2284 1303 Victore,
2314 1256 2500 1304 corrigere

1434 1310 1570 1346 volens
1598 1309 1698 1346 hanc
1727 1309 2002 1356 definitionem,
2034 1309 2124 1347 dixit
2141 1309 2162 1331 ²¹⁸
2190 1309 2295 1358 quod
2323 1321 2499 1358 persona,

1436 1362 1647 1399 secundum
1677 1362 1782 1409 quod
1811 1362 1858 1399 de
1887 1363 1972 1399 Deo
2002 1362 2148 1410 dicitur,
2175 1370 2230 1399 est
2257 1362 2406 1399 divinae
2434 1374 2501 1399 na-

1436 1421 1544 1452 turae
1572 1415 1932 1452 incommunicabilis
1959 1416 2164 1452 existentia.

1486 1547 1515 1581 μ)
1529 1547 1599 1572 sicut
1611 1547 1782 1580 confitentur.
1798 1560 1818 1566 -
1834 1547 1904 1572 sicut
1917 1547 2073 1580 confitemur
2087 1546 2181 1571 EFGa.
2195 1560 2215 1566 -
2233 1547 2285 1571 Pro
2293 1547 2395 1579 plures,
2406 1545 2503 1580 plure³

1433 1583 1744 1651 ³⁸⁸ev)B}nteztectuatem.
1761 1631 1780 1636 -
1798 1617 1990 1651 intelligibilem
2009 1617 2071 1642 rab.

998 1743 1328 1782 Commentariis
1351 1749 1600 1782 cardinalis
1622 1749 1822 1783 Caietam

343 1861 363 1880 N
379 1850 483 1886 titulo,
497 1849 657 1890 quaeritur
674 1854 781 1879 utrum
798 1849 839 1879 sit
854 1847 1038 1879 formaliter.
1050 1865 1070 1870 —
1084 1847 1119 1877 In
1136 1857 1269 1887 corpore
1286 1847 1379 1878 unica

316 1863 390 1925 Iest
417 1893 597 1928 conclusio,
621 1893 739 1922 habens
763 1892 841 1922 duas
865 1898 984 1932 partes:
1009 1892 1152 1922 Persona
1176 1891 1214 1922 de
1238 1891 1308 1921 Deo
1332 1890 1376 1921 di-

312 1938 391 1969 citur
414 1936 623 1968 excellentiori
647 1937 745 1966 modo
770 1946 868 1976 quam
892 1936 930 1966 de
954 1935 1111 1966 creaturis.

369 1982 525 2012 Probatur
547 1981 655 2022 quoad
679 1980 815 2020 primam
838 1986 969 2020 partem.
995 1979 1139 2010 Essentia
1154 1979 1213 2010 Dei
1237 1978 1378 2010 continet

311 2027 344 2057 in
367 2036 399 2056 se
423 2035 555 2056 omnem
582 2024 828 2065 perfectionem:
862 2034 937 2064 ergo
962 2034 1058 2054 omne
1089 2024 1177 2064 quod
1207 2030 1254 2054 est
1276 2023 1376 2064 perfe-

312 2071 434 2107 ctionis,
460 2077 506 2100 est
528 2070 598 2100 Deo
621 2069 873 2100 attribuendum:
899 2078 974 2108 ergo
997 2068 1030 2098 id
1051 2068 1141 2109 quod
1157 2074 1203 2098 est
1218 2067 1377 2108 perfectis-

312 2114 431 2145 simum
453 2114 485 2144 in
508 2121 574 2144 tota
603 2120 728 2144 natura:
761 2123 835 2154 ergo
862 2122 1013 2153 persona.
1039 2112 1080 2143 Et
1103 2112 1277 2142 declaratur
1299 2112 1376 2142 haec

312 2159 423 2189 ultima
447 2157 688 2199 consequentia:
715 2157 790 2197 quia
813 2156 966 2197 significat
988 2156 1160 2187 subsistens
1178 2156 1211 2186 in
1231 2155 1377 2187 rationali

312 2209 432 2234 natura.
449 2220 469 2224 -
484 2202 601 2239 Quoad
624 2201 796 2231 secundam
811 2211 887 2231 vero
903 2208 1040 2240 partem:
1066 2200 1141 2241 quia
1165 2199 1224 2230 alia
1245 2200 1376 2230 nomina

312 2245 495 2276 communia
511 2246 580 2276 Deo
599 2251 630 2275 et
648 2245 806 2281 creaturis,
823 2244 1034 2276 excellentiori
1050 2244 1149 2275 modo
1166 2244 1322 2280 dicuntur,
1340 2251 1376 2275 ut

312 2297 397 2331 patet
420 2300 457 2320 ex
479 2288 665 2330 supradictis
680 2289 707 2319 *.

370 2335 406 2366 11.
432 2334 523 2364 Circa
539 2334 624 2364 hunc
639 2343 834 2373 processum,
860 2332 995 2363 dubium
1013 2339 1060 2364 est
1075 2331 1243 2373 quomodo
1267 2331 1307 2362 sit
1324 2341 1375 2362 ve-

310 2388 383 2409 rum
407 2377 495 2419 quod
514 2388 649 2418 persona
668 2376 820 2417 significet
840 2376 1104 2417 perfectissimum
1120 2375 1152 2406 in
1168 2382 1234 2406 tota
1253 2382 1373 2406 natura.

310 2423 399 2453 Tum
431 2421 505 2463 quia
533 2429 645 2453 natura
673 2419 817 2461 specifica
848 2420 1015 2461 perfectior
1044 2420 1168 2451 videtur
1197 2419 1373 2450 individuo.

309 2467 398 2497 Tum
421 2467 496 2507 quia
520 2472 702 2506 sequeretur
724 2465 813 2506 quod
835 2465 869 2495 in
893 2464 1005 2494 divinis
1030 2471 1111 2495 esset
1133 2463 1292 2494 distinctio
1316 2463 1374 2494 im-

309 2510 534 2551 perfectissima
547 2510 574 2540 *.

367 2555 417 2585 111.
442 2555 493 2585 Ad
515 2554 634 2584 horum
657 2552 855 2589 evidentiam,
875 2552 1040 2583 sciendum
1055 2558 1102 2583 est
1121 2552 1210 2593 quod
1228 2561 1373 2592 persona,

308 2599 341 2629 in
365 2598 531 2629 communi
558 2597 740 2638 loquendo,
772 2595 925 2637 significat
955 2595 1222 2637 perfectissimum
1251 2595 1284 2626 in
1308 2602 1374 2627 tota

254 2649 256 2651 ’
307 2650 426 2678 natura,
447 2652 513 2673 1¹10ss
536 2642 611 2683 qnia
634 2641 840 2682 personalitas
864 2640 904 2671 Sit
927 2640 1192 2681 perfeetiSSltnum
1209 2639 1372 2677 omnium;

308 2687 362 2717 sed
386 2686 460 2728 quia
484 2693 594 2716 natura
617 2685 843 2721 inteHectualis,
868 2695 949 2725 quae
974 2691 1020 2715 est
1043 2685 1191 2715 omnium
1214 2683 1374 2724 perfectis-

308 2731 396 2767 sima,
414 2730 446 2760 in
462 2740 521 2760 suo
540 2729 701 2770 completo
717 2739 783 2760 esse
800 2736 846 2760 est
861 2739 916 2759 ens
933 2728 1198 2780 perfectissimum
1213 2727 1372 2759 omnium.

308 2775 442 2806 Constat
472 2781 578 2805 autem
609 2773 698 2814 quod
728 2773 787 2803 nisi
810 2783 866 2813 per
899 2773 1035 2813 seipsam
1062 2773 1096 2803 in
1125 2782 1232 2804 rerum
1262 2779 1373 2803 natura

308 2819 455 2850 subsistat
479 2817 800 2868 (quomodocumque
819 2817 882 2848 hoc
905 2816 976 2860 sit),
1002 2817 1138 2858 perfecta
1161 2827 1228 2847 non
1252 2824 1308 2848 est.
1332 2817 1374 2848 Et

307 2870 482 2904 propterea,
507 2862 583 2903 quia
606 2871 741 2902 persona
764 2860 916 2901 significat
941 2861 1126 2901 dignitatem
1148 2860 1218 2892 talis
1242 2867 1372 2891 naturae

306 2906 510 2943 subsistentis,
535 2906 607 2936 ideo
631 2905 896 2946 perfectissimum
919 2905 951 2935 in
976 2912 1043 2936 tota
1066 2913 1177 2936 natura
1200 2904 1313 2936 merito
1333 2905 1372 2935 si-

305 2950 441 2990 gnificat.
458 2969 477 2973 —
494 2950 586 2981 Unde
602 2959 667 2980 non
692 2950 795 2980 obstat
811 2949 835 2979 si
852 2949 1015 2980 individua
1035 2948 1207 2981 materialia
1222 2949 1284 2980 sint
1299 2958 1373 2990 pro-

305 3002 374 3035 pter
396 3001 550 3026 naturam.
576 2994 664 3024 Tum
687 2993 762 3034 quia
786 3003 852 3023 non
875 2993 911 3024 fit
929 2993 979 3024 hic
999 2993 1195 3034 comparatio
1219 3002 1372 3034 personne

1433 1847 1472 1877 ad
1495 1854 1656 1878 naturam:
1685 1847 1752 1877 imo
1772 1854 1884 1878 natura
1908 1846 2063 1878 clauditur
2085 1846 2118 1876 in
2142 1856 2287 1887 persona.
2312 1847 2400 1879 Tum
2423 1848 2499 1889 quia

1432 1900 1537 1921 sermo
1553 1900 1700 1931 praesens
1716 1891 1755 1921 de
1779 1901 1914 1932 persona
1936 1891 1970 1920 in
1994 1890 2170 1930 communi,
2188 1898 2218 1922 et
2232 1900 2299 1922 non
2322 1891 2355 1922 in
2378 1891 2498 1923 naturis

1432 1935 1655 1971 materialibus,
1680 1942 1735 1966 est.

1489 1979 1635 2010 Secunda
1657 1989 1733 2010 vero
1757 1979 1894 2010 obiectio
1913 1979 2046 2010 solvitur
2061 1988 2117 2019 per
2132 1979 2204 2015 hoc,
2221 1980 2310 2020 quod
2329 1979 2362 2010 in
2375 1979 2498 2011 ratione

1431 2033 1585 2063 personae
1600 2023 1632 2054 in
1650 2023 1824 2059 communi,
1841 2023 1897 2054 etsi
1914 2023 2078 2054 claudatur
2096 2023 2217 2064 aliquid
2232 2023 2498 2065 perfectissimum

1431 2068 1464 2098 in
1487 2074 1554 2099 tota
1578 2075 1705 2104 natura,
1730 2067 1887 2098 clauditur
1910 2074 2016 2098 tamen
2039 2067 2160 2109 aliquid
2182 2068 2364 2099 abstrahens
2387 2078 2407 2099 a
2428 2078 2498 2110 per-

1431 2111 1566 2143 fectione
1590 2119 1620 2142 et
1642 2111 1891 2153 imperfectione.
1917 2110 2076 2151 Significat
2099 2111 2186 2142 enim
2208 2122 2276 2143 rem
2299 2119 2430 2143 naturae
2449 2111 2497 2143 in—

1430 2155 1614 2187 tellectualis
1641 2156 1864 2187 subsistentem
1893 2155 2250 2187 incommunicabiliter:
2283 2155 2496 2187 incommuni-

1432 2200 1570 2231 cabilitas
1595 2200 1680 2230 enirn
1704 2210 1761 2230 nec
1784 2199 2012 2240 perfectionem
2036 2209 2093 2230 nec
2115 2200 2391 2240 imperfectionem
2412 2200 2497 2233 dicit.

1430 2245 1471 2275 Et
1493 2244 1602 2284 quoad
1625 2244 1687 2274 hoc
1710 2244 1947 2283 distinguuntur
1970 2253 2124 2284 personae
2148 2244 2280 2281 divinae,
2305 2254 2371 2275 non
2389 2251 2498 2276 autem

1430 2288 1539 2328 quoad
1562 2297 1599 2318 ea
1628 2297 1710 2328 quae
1738 2287 1938 2327 perfectionis
1962 2294 2046 2319 sunt.
2074 2288 2116 2318 Et
2139 2288 2182 2319 sic
2210 2289 2355 2329 neganda
2377 2296 2424 2320 est
2445 2298 2495 2320 se-

1430 2331 1543 2373 quela:
1566 2331 1616 2362 vel
1639 2331 1899 2371 distinguendum
1923 2337 1978 2368 est,
2003 2338 2039 2362 ut
2062 2331 2210 2364 diximus.

1488 2375 1540 2406 1v.
1565 2375 1627 2406 Sed
1655 2375 1758 2406 adhuc
1786 2382 1880 2406 restat
1911 2375 2053 2406 dubium.
2087 2375 2269 2413 Quoniam,
2303 2376 2329 2407 si
2361 2386 2497 2417 persona

1429 2419 1537 2460 quoad
1561 2419 1679 2460 aliquid
1702 2419 1852 2450 abstrahit
1874 2429 1893 2449 a
1915 2418 2116 2460 perfectione,
2142 2427 2324 2461 sequeretur
2347 2420 2436 2462 quod
2459 2429 2497 2451 ex

1429 2463 1460 2493 vi
1483 2473 1649 2504 processus
1677 2463 1749 2494 facti
1777 2463 1810 2493 in
1833 2463 1953 2500 littera,
1985 2463 2106 2504 integra
2137 2463 2216 2494 ratio
2247 2474 2401 2505 personae
2428 2473 2496 2495 non

1430 2508 1671 2538 concluderetur
1693 2507 1726 2538 in
1754 2507 1843 2538 Deo:
1874 2507 2029 2548 quoniam
2057 2517 2095 2539 ex
2121 2507 2314 2548 perfectione
2343 2508 2495 2540 essentiae

1429 2551 1562 2588 divinae,
1586 2551 1688 2583 littera
1710 2551 1804 2582 infert
1818 2551 1975 2582 rationem
1993 2562 2156 2592 personae,
2173 2558 2327 2593 tanquam
2341 2562 2409 2584 rem
2424 2562 2495 2593 per-

1429 2595 1641 2633 fectissimam,
1665 2595 1698 2626 in
1721 2595 1792 2626 Deo
1815 2595 1952 2636 reperiri.

1485 2639 1537 2670 Ad
1559 2639 1621 2670 hoc
1644 2639 1774 2676 dicitur,
1803 2639 1893 2680 quod
1916 2649 1954 2670 ex
1976 2639 2168 2680 perfectione
2197 2639 2320 2671 divinae
2344 2639 2495 2671 essentiae

1428 2683 1583 2724 provenit,
1608 2693 1672 2714 non
1698 2683 1805 2714 solum
1829 2684 1917 2724 quod
1941 2683 1981 2715 sit
2004 2684 2109 2714 omnis
2132 2684 2299 2725 perfectio,
2324 2685 2379 2716 sed
2402 2683 2496 2726 quid-

1428 2727 1506 2769 quid
1538 2727 1713 2759 necessario
1741 2727 1822 2758 inest
1851 2727 1900 2758 his
1928 2738 2010 2769 quae
2037 2727 2266 2768 perfectionem
2295 2728 2421 2765 dicum
2455 2728 2494 2759 de

1428 2781 1569 2813 quorum
1592 2781 1726 2802 numero
1750 2779 1798 2802 est
1823 2772 2173 2804 incommunicabilims.
2203 2773 2246 2804 Et
2267 2779 2435 2813 propterea
2457 2781 2494 2804 ex

1428 2815 1619 2857 perfectione
1643 2815 1794 2847 essentiae
1818 2816 1942 2847 divinae
1965 2823 2028 2854 est,
2053 2817 2142 2858 quod
2165 2816 2205 2848 sit
2226 2826 2362 2857 persona
2385 2816 2494 2858 quoad

1428 2860 1537 2891 omnia
1559 2870 1641 2902 quae
1665 2860 1855 2897 clauduntur
1877 2860 1910 2891 in
1933 2861 2055 2892 ratione
2078 2870 2241 2902 personae.
2271 2861 2358 2898 Imo,
2382 2867 2419 2892 ut
2441 2869 2492 2891 su-

1426 2904 1533 2945 perius
1548 2904 1566 2923 *
1588 2904 1732 2935 habitum
1762 2911 1825 2941 est,
1851 2905 1889 2934 de
1917 2904 2038 2935 ratione
2062 2904 2262 2945 perfectionis
2288 2903 2411 2935 divinae
2435 2910 2490 2940 est,

1426 2949 1515 2990 quod
1542 2949 1628 2979 Deus
1657 2948 1724 2989 ipse
1755 2948 1794 2979 sit
1816 2948 1917 2979 trinus
1948 2949 2126 2980 secundum
2154 2947 2340 2979 huiusmodi
2368 2958 2416 2979 res
2443 2947 2492 2979 in-

1427 2992 1708 3023 communicabiles
1731 3002 1810 3034 quas
1833 3002 1983 3032 personas
2007 2992 2152 3024 dicimus.

2529 1319 2539 1328 '
2553 1317 2590 1341 De
2605 1318 2681 1346 Tria„
2699 1319 2741 1342 lib.

2528 1344 2570 1372 lv,
2585 1350 2636 1373 etp.
2651 1351 2708 1369 xxn.

2519 2942 2540 2963 2,
2519 2909 2581 2959 ἳιι
2583 2914 2733 2965 51ωὲἒὲ-

2519 2966 2591 2986 mult·
2606 2969 2671 2986 num
2679 2969 2710 2986 11.
