2768 4178
85 1366 94 1374 ·
109 1364 134 1385 S.
144 1363 189 1385 Th.
204 1363 255 1384 lect.
267 1369 282 1384 ι.

85 1688 95 1697 “
105 1687 155 1708 Lib.
166 1686 187 1707 11
198 1686 227 1707 de
240 1685 299 1707 Fide

90 1714 166 1740 Orth„
183 1719 235 1740 cap.
248 1719 282 1734 111.

186 1842 197 1872 Ε

321 277 370 312 92

320 354 382 382 tur
415 343 599 394 principia
637 342 848 380 essentialia
877 343 1056 391 subiecti,
1094 343 1257 392 privatio
1297 343 1393 380 illius

321 398 525 436 accidentis
552 408 632 433 non
660 403 786 445 potest
814 403 913 434 stare
943 408 1032 433 cum
1066 396 1259 433 subiecto:
1289 396 1393 433 unde

322 452 534 489 subiectum
564 462 644 486 non
663 457 788 499 potest
807 449 945 488 mutari
974 449 1188 486 secundum
1217 449 1310 486 illud
1333 462 1392 486 ac-

323 505 464 552 cidens,
485 504 580 541 sicut
607 503 670 540 nix
694 515 774 540 non
798 510 924 552 potest
942 502 1026 539 fieri
1054 502 1171 550 nigra.
1193 523 1217 529 -
1239 504 1281 539 ln
1310 514 1395 539 cor-

321 558 479 608 poribus
498 570 593 594 vero
615 556 852 604 caelestibus,
873 555 1033 593 materia
1057 568 1136 592 non
1165 555 1394 604 compatitur

323 624 454 649 secum
483 610 739 660 privationem
766 610 935 655 formae,
966 609 1056 657 quia
1093 609 1217 645 forma
1244 608 1394 657 p'erficit

322 673 441 702 totam
467 663 778 713 potentialitatem
799 662 997 699 materiae:
1026 668 1063 698 et
1082 661 1170 698 ideo
1199 673 1279 698 non
1307 669 1395 698 sunt

323 718 520 755 mutabilia
543 717 758 754 secundum
779 728 862 753 esse
881 714 1141 760 substantiale3
1172 714 1241 751 sed
1260 726 1394 751 secun-

325 772 418 809 dum
447 783 530 808 esse
559 771 692 818 locale,
722 769 812 819 quia
837 769 1050 806 subiectum
1080 767 1310 816 compatitur
1337 780 1394 804 se·

325 836 414 862 cum
442 824 699 874 privationem
727 822 840 860 huius
859 822 933 859 loci
951 822 1014 859 vel
1038 821 1146 858 illius.
1167 841 1191 847 —
1213 821 1395 857 Substan-

323 878 397 915 tiae
425 890 519 915 vero
548 877 814 925 incorporeae,
845 875 935 924 quia
963 882 1050 911 sunt
1077 874 1182 923 ipsae
1210 873 1358 910 formae
1376 879 1395 900 ‘¹‘

325 931 582 978 subsistentes,
612 942 711 979 quae
740 939 869 966 tamen
895 940 934 965 se
955 928 1098 964 habent
1116 927 1165 964 ad
1186 939 1267 963 esse
1296 926 1394 975 ipsa-

325 997 410 1022 rum
437 984 533 1022 sicut
559 983 729 1033 potentia
757 983 805 1019 ad
835 989 974 1028 actum,
1004 993 1083 1018 non
1112 979 1396 1029 compatiuntur

325 1050 456 1075 secum
482 1036 738 1086 privationem
757 1034 871 1071 huius
892 1041 1017 1071 actus:
1048 1033 1139 1082 quia
1158 1045 1242 1070 esse
1262 1045 1394 1070 conse-

326 1091 450 1140 quitur
468 1091 647 1134 formam,
678 1096 714 1125 et
741 1087 832 1125 nihil
861 1087 1116 1135 corrumpitur
1144 1086 1215 1123 nisi
1232 1098 1302 1135 per
1320 1086 1395 1123 hoc

325 1144 430 1193 quod
459 1143 594 1180 amittit
626 1142 804 1178 formam.
842 1140 954 1178 Unde
982 1140 1022 1177 in
1050 1140 1132 1189 ipsa
1165 1140 1288 1176 forma
1316 1151 1395 1176 non

325 1205 381 1234 est
409 1196 578 1246 potentia
597 1195 646 1232 ad
666 1207 745 1232 non
766 1206 869 1231 esse:
900 1202 935 1230 et
955 1193 1042 1230 ideo
1067 1193 1289 1230 huiusmodi
1309 1193 1396 1230 sub-

325 1250 481 1287 stantiae
511 1257 598 1286 sunt
625 1247 881 1285 immutabiles
916 1254 952 1283 et
985 1246 1228 1284 invariabiles
1262 1258 1396 1283 secun-

327 1304 420 1341 dum
441 1316 535 1340 esse.
558 1303 606 1339 Et
625 1303 700 1339 hoc
721 1309 775 1338 est
795 1300 900 1350 quod
921 1300 1010 1338 dicit
1023 1300 1244 1349 Dionysius,
1262 1312 1296 1336 1v
1312 1312 1393 1348 cap.

326 1358 371 1394 de
398 1357 485 1393 Div.
512 1357 629 1394 Nom.
659 1355 695 1403 ²¹²,
732 1354 838 1403 quod
874 1354 1102 1391 substantiae
1135 1353 1397 1390 intellectuales

327 1416 476 1447 creatae
509 1409 675 1446 mundae
706 1413 793 1445 sunt
818 1419 841 1444 a
869 1407 1116 1458 generatione
1149 1413 1186 1444 et
1217 1408 1266 1443 ab
1293 1407 1400 1443 omni

326 1463 548 1508 variatione,
568 1462 664 1499 sicut
681 1461 938 1510 incorporales
957 1466 994 1497 et
1010 1460 1287 1498 immateriales.
1319 1461 1397 1497 Sed

326 1525 456 1554 tamen
484 1523 656 1553 remanet
674 1521 686 1535 ⁹
715 1515 751 1552 in
782 1514 835 1551 eis
869 1514 1008 1563 duplex
1036 1513 1277 1551 mutabilitas.
1312 1514 1398 1551 Una

327 1570 541 1608 secundum
576 1569 682 1617 quod
715 1575 803 1606 sunt
836 1567 876 1605 in
909 1567 1079 1617 potentia
1108 1567 1156 1604 ad
1185 1567 1326 1604 finem:
1363 1574 1399 1604 et

326 1624 380 1661 sic
408 1630 463 1661 est
490 1623 529 1660 in
565 1622 618 1660 eis
653 1621 884 1659 mutabilitas
919 1621 1133 1658 secundum
1171 1621 1397 1657 electionem

327 1678 375 1715 de
403 1677 509 1714 bono
534 1676 572 1714 in
591 1676 752 1723 malum,
782 1683 824 1712 ut
851 1675 1118 1712 Damascenus
1148 1673 1237 1711 dicit
1254 1673 1285 1711 *.
1315 1673 1400 1711 Alia

327 1730 540 1768 secundum
574 1730 726 1776 locum,
755 1729 985 1776 inquantum
1017 1727 1156 1764 virtute
1191 1740 1261 1764 sua
1293 1727 1399 1764 finita

326 1791 487 1833 possunt
515 1783 696 1832 attingere
725 1782 919 1830 quaedam
948 1782 1034 1818 loca
1061 1793 1160 1830 quae
1188 1780 1293 1830 prius
1321 1793 1399 1818 non

327 1837 580 1885 attingebant:
611 1837 718 1885 quod
743 1835 789 1873 de
810 1836 896 1872 Deo
928 1834 1001 1872 dici
1030 1846 1109 1871 non
1138 1841 1274 1883 potest,
1303 1834 1368 1883 qui
1388 1831 1401 1858 ε

381 1952 409 1986 μ)
422 1951 541 1985 formae.
560 1965 579 1969 -
598 1950 660 1975 Om.
673 1950 750 1975 ACF..

379 1988 403 2020 ν)
423 1989 552 2012 remanet.
571 2000 590 2005 -
607 1988 699 2010 manet
717 1985 817 2010 ACDE.
1080 2012 1083 2017 ξ

381 2021 404 2055 ξ)
423 2022 478 2055 qui.
496 2036 514 2042 -
532 2022 595 2055 quia
613 2020 760 2045 ABDEFG.
778 2033 798 2039 -
816 2021 875 2045 loca
893 2027 946 2044 om.
962 2019 1085 2045 ABCDE.

381 2059 406 2090 ο)
427 2061 541 2083 tantum.
559 2070 577 2077 —
596 2056 658 2082 Om.
674 2055 796 2081 ABCDE.

1045 264 1314 311 QUAESTIO
1345 266 1415 313 IX,

1444 266 1744 304 ARTICULUS
1774 267 1805 303 II

1448 357 1518 381 sua
1551 344 1737 382 infinitate
1771 345 1901 382 omnia
1934 346 2019 382 loca
2048 346 2187 394 replet,
2217 353 2258 382 ut
2285 358 2400 395 supra
2418 345 2439 368 *
2468 345 2522 383 di·
2551 350 2765 379 ⁸Qu·v¹¹¹›³“·²·

1450 405 1554 434 ctum
1584 406 1650 435 est.

1503 450 1566 487 Sic
1585 451 1694 499 igitur
1713 451 1752 488 in
1771 451 1879 488 omni
1899 459 2072 488 creatura
2092 458 2148 488 est
2174 451 2344 500 potentia
2367 452 2418 489 ad
2436 465 2521 490 mu-

1448 503 1652 541 tationem:
1682 505 1745 541 vel
1774 505 1987 542 secundum
2021 517 2104 541 esse
2134 504 2396 553 substantiale,
2426 506 2522 543 sicut

1449 569 1612 605 corpora
1642 557 1920 606 corruptibilia;
1949 559 2013 595 vel
2041 558 2255 595 secundum
2284 570 2367 595 esse
2400 559 2521 595 locale

1449 617 1597 653 tantum
1622 616 1645 657 ⁰,
1676 611 1773 647 sicut
1801 623 1964 660 corpora
1993 611 2188 656 caelestia3
2217 611 2280 647 vel
2309 611 2521 648 secundum
2645 620 2659 637 ⁰

1449 663 1623 700 ordinem
1662 664 1711 701 ad
1748 664 1867 701 finem
1899 672 1934 701 et
1962 664 2257 713 applicationem
2291 663 2439 701 virtutis
2473 666 2521 702 ad

1450 715 1613 764 diversa,
1639 716 1735 754 sicut
1758 717 1797 754 in
1832 717 1985 766 angelis.
2013 719 2062 754 Et
2090 717 2352 755 universaliter
2385 729 2522 754 omnes

1450 776 1644 806 creaturae
1670 771 1925 807 communiter
1953 779 2040 807 sunt
2076 771 2278 808 mutabiles
2307 771 2520 808 seeundum

1448 822 1661 870 potentiam
1691 823 1876 870 Creantis‚
1897 823 1937 861 in
1955 824 2064 861 cuius
2083 831 2270 873 potestate
2300 832 2356 861 est
2380 837 2465 862 esse
2486 832 2523 861 et

1449 887 1528 911 non
1549 887 1633 912 esse
1653 887 1799 913 earum.
1829 877 1954 925 Unde,
1980 889 2068 914 cum
2097 879 2202 914 Deus
2228 878 2332 914 nullo
2361 877 2522 915 istorum

1450 928 1659 965 modorum
1679 928 1726 965 sit
1743 929 1948 977 mutabilis,
1964 931 2165 980 proprium
2185 931 2266 969 eius
2286 938 2343 967 est
2362 931 2521 968 omnino

1450 981 1732 1018 immutabilem
1752 987 1771 1003 π
1801 993 1895 1019 esse.
2645 989 2664 1007 ⁷²

1503 1036 1563 1071 An
1592 1046 1730 1072 ptumum
1767 1046 1866 1072 ERGO
1895 1047 2081 1074 mcaNDUM
2119 1036 2224 1085 quod
2263 1036 2427 1074 obiectio
2460 1037 2523 1074 illa

1449 1087 1624 1136 procedit
1651 1088 1699 1125 de
1720 1097 1768 1125 eo
1797 1089 1903 1136 quod
1928 1097 1984 1126 est
2002 1089 2184 1126 mutabile
2204 1090 2418 1128 secundum
2439 1102 2522 1128 esse

1450 1141 1696 1178 substantiale
1725 1142 1787 1178 vel
1816 1141 2068 1182 accidentale:
2104 1143 2151 1179 de
2179 1142 2244 1179 tali
2277 1143 2380 1180 enim
2413 1151 2523 1181 motu

1450 1194 1669 1244 philosophi
1698 1202 1967 1232 tractaverunt.

1503 1251 1562 1285 An
1578 1259 1768 1286 SECUNDUM
1788 1260 1973 1285 DICENDUM
1989 1248 2097 1296 quod
2113 1249 2236 1297 angeli
2252 1249 2344 1286 boni
2358 1255 2386 1295 Ρ,
2408 1261 2523 1298 supra
2651 1254 2665 1279 Ρ

1450 1300 1797 1338 immutabilitatem
1836 1301 2007 1349 essendi,
2046 1314 2145 1351 quae
2175 1301 2356 1351 competit
2383 1301 2438 1339 eis
2466 1314 2524 1340 se—

1451 1356 1621 1393 cundum
1656 1362 1854 1402 naturam,
1893 1355 2036 1392 habent
2073 1355 2422 1393 immutabilitatem
2451 1357 2525 1394 ele-

1452 1408 1586 1445 ctionis
1615 1420 1662 1444 ex
1691 1407 1822 1445 divina
1848 1408 2006 1445 virtute:
2036 1415 2166 1446 tamen
2204 1416 2375 1446 remanet
2402 1409 2442 1446 in
2471 1408 2524 1446 eis

1452 1461 1682 1499 mutabilitas
1710 1461 1924 1499 secundum
1953 1462 2096 1499 locum.

1506 1517 1564 1551 An
1597 1526 1757 1552 Tannum
1786 1527 1970 1552 DICENDUM
2000 1515 2107 1563 'quod
2135 1515 2283 1552 formae
2313 1515 2492 1560 dicuntur
2509 1521 2525 1537 ²
2651 1518 2668 1535 ⁶

1452 1567 1716 1616 invariabiles,
1752 1568 1841 1617 quia
1873 1580 1953 1606 non
1990 1576 2152 1618 possunt
2189 1581 2271 1606 esse
2309 1568 2524 1607 subiectum

1451 1621 1690 1659 variationis:
1712 1621 1963 1659 subiiciuntur
1981 1629 2112 1659 tamen
2130 1622 2344 1670 variationi,
2364 1621 2526 1672 inquan-

1453 1682 1535 1712 tum
1579 1675 1795 1712 subiectum
1835 1675 2051 1713 secundum
2089 1687 2154 1713 eas
2190 1675 2369 1714 variatur.
2412 1674 2525 1716 Unde

1453 1735 1557 1777 patet
1585 1728 1693 1777 quod
1721 1729 1936 1766 secundum
1965 1728 2071 1778 quod
2100 1736 2204 1776 sunt,
2230 1729 2284 1766 sic
2311 1728 2525 1777 variantur:

1454 1794 1533 1819 non
1571 1781 1674 1819 enim
1712 1781 1889 1820 dicuntur
1927 1782 2027 1819 entia
2061 1782 2170 1830 quasi
2204 1782 2278 1820 sint
2310 1782 2525 1821 subiectum

1455 1834 1618 1881 essendi,
1647 1834 1717 1872 sed
1744 1834 1835 1883 quia
1864 1835 1918 1872 eis
1945 1834 2089 1884 aliquid
2119 1843 2185 1873 est.

1509 1950 1538 1981 π)
1559 1949 1758 1974 immutabilem.
1776 1964 1795 1968 -
1814 1949 1978 1974 immutabile
1997 1949 2143 1974 ABCDFG.

1508 1986 1533 2018 ρ)
1553 1985 1623 2010 boni.
1641 1999 1660 2004 —
1679 1985 1750 2010 beati
1767 1985 1868 2010 AEFG.

1508 2021 1534 2052 σ)
1555 2021 1691 2046 dicuntur.
1708 2034 1729 2040 -
1747 2027 1803 2045 esse
1818 2020 1915 2045 addunt
1928 2019 2076 2045 ABCDEG.
2093 2033 2113 2040 -
2131 2020 2159 2045 ln
2171 2019 2223 2046 fine
2237 2025 2284 2046 art.
2296 2019 2400 2046 PDGab
2413 2020 2527 2047 addunt:

1455 2055 1492 2081 Ee
1509 2056 1548 2082 εἰσ
1563 2059 1640 2088 patet
1658 2056 1756 2082 solutio
1775 2056 1923 2088 (responsio
1942 2056 1977 2088 G)
1996 2056 2033 2080 ad
2051 2055 2162 2081 obiecta.

1003 2133 1338 2166 Commentario.
1360 2133 1612 2166 Cardinalis
1635 2134 1836 2167 Caietani

359 2229 379 2249 N
403 2218 514 2253 titulo,
534 2217 704 2257 proprium
729 2215 866 2246 sumitur
885 2222 920 2246 ut
949 2215 1155 2256 distinguitur
1178 2222 1288 2246 contra
1311 2224 1396 2245 com-

332 2231 475 2292 Imune:
498 2260 695 2291 immutabile
718 2259 856 2290 sumitur
870 2258 1025 2300 negative,
1051 2266 1087 2290 ut
1104 2265 1197 2299 negat
1213 2268 1310 2289 omne
1329 2268 1399 2289 inu-

330 2305 489 2338 tabilitatis
511 2314 621 2346 genus.

385 2351 423 2381 11.
454 2351 488 2380 In
517 2358 649 2389 corpore
679 2347 802 2378 articuli
833 2357 897 2377 una
926 2353 972 2377 est
999 2347 1182 2383 conclusio,
1215 2347 1398 2388 responsiva

330 2395 475 2437 quaesito
491 2392 691 2424 affirmative:
717 2391 811 2423 Solus
827 2391 915 2422 Deus
932 2398 978 2422 est
993 2391 1128 2466 offnino
1144 2391 1361 2422 immutabilis.
1379 2409 1399 2414 —

331 2440 419 2470 Haec
443 2437 615 2473 conclusio,
633 2446 708 2468 cum
731 2436 771 2467 sit
793 2435 960 2471 exclusiva,
978 2436 1019 2466 ha
1041 2443 1072 2467 et
1087 2442 1299 2476 exponentem
1318 2435 1399 2466 affir-

331 2483 492 2519 mativam,
505 2483 596 2513 Deus
612 2487 658 2512 est
672 2482 802 2512 omnino
817 2479 1036 2518 immutabilis,
1048 2481 1215 2520 probatam
1227 2479 1260 2510 in
1274 2490 1399 2520 praece-

333 2529 425 2559 dente
449 2526 598 2562 articulo;
623 2532 654 2556 et
677 2525 865 2565 negativam,
883 2525 963 2555 nihil
980 2525 1072 2555 aliud
1085 2535 1105 2556 a
1122 2525 1191 2555 Deo
1207 2530 1254 2556 est
1269 2526 1399 2556 omnino

333 2571 530 2603 immutabile
535 2581 548 2609 ;
578 2570 629 2601 cui
647 2569 823 2611 aequivalet
839 2568 1023 2600 universalis
1040 2568 1224 2600 affirmativa
1249 2569 1287 2599 de
1311 2579 1400 2610 prae—

334 2617 437 2647 dicato
460 2615 561 2652 finito,
581 2625 637 2645 seu
657 2613 818 2655 opposito,
839 2612 964 2649 scilicet,
989 2623 1082 2644 omne
1103 2613 1195 2644 aliud
1217 2623 1237 2644 a
1260 2613 1331 2644 Deo
1354 2619 1400 2644 est

333 2662 441 2701 aliquo
458 2659 550 2690 modo
566 2659 726 2690 mutabile.
752 2658 792 2689 Et
815 2664 982 2698 propterea
1006 2657 1039 2688 in
1062 2657 1164 2689 littera
1179 2657 1256 2689 haec
1276 2658 1399 2689 univer-

335 2705 406 2735 salis
430 2703 615 2735 affirmastva
631 2703 782 2743 probatur
797 2702 917 2742 primo:
943 2702 1066 2738 deinde,
1085 2702 1287 2743 epilogando,
1312 2703 1399 2733 colli-

335 2749 418 2790 gitur
440 2747 586 2788 probatio
609 2747 708 2778 totius
731 2746 904 2778 exclusivae
928 2747 1129 2787 responsivae
1151 2746 1306 2788 quaesito.

392 2793 443 2824 111.
467 2791 615 2823 Probatio
635 2798 742 2822 autem
764 2791 848 2822 illius
872 2791 1055 2822 universalis
1074 2790 1277 2822 affirmativae
1293 2790 1327 2822 fit
1343 2791 1400 2822 du-

335 2837 472 2879 pliciter:
497 2836 616 2877 primo,
641 2836 748 2877 quoad
777 2845 875 2865 unam
902 2845 1109 2866 communem
1137 2835 1275 2876 speciem
1299 2843 1400 2867 muta-

335 2881 444 2917 tionis;
470 2881 620 2916 secundo,
645 2880 752 2921 quoad
776 2879 913 2919 singulas
937 2879 1073 2910 universi
1094 2886 1206 2920 partes,
1224 2880 1402 2911 secundum

336 2926 472 2956 diversas
501 2924 703 2955 mutationes.
737 2924 891 2954 Probatur
919 2934 993 2964 ergo
1019 2925 1144 2965 primo,
1177 2924 1267 2965 quod
1296 2925 1402 2955 omnis

336 2977 476 3001 creatura
493 2976 539 3000 est
557 2968 718 2999 mutabilis
736 2978 798 3008 per
815 2969 992 3008 potentiam
1015 2970 1047 2999 in
1067 2969 1181 3006 altero,
1207 2969 1260 3000 sic.
1286 2968 1401 3000 Omnis

335 3021 476 3046 creatura
504 3021 550 3045 est
573 3012 733 3044 mutabilis
762 3012 800 3042 de
830 3012 929 3043 nihilo
957 3013 989 3043 in
1020 3013 1155 3054 aliquid,
1181 3020 1211 3044 et
1234 3023 1342 3045 rursus
1365 3024 1401 3044 ex

335 3059 444 3100 aliquo
467 3058 500 3088 in
529 3057 624 3088 nihil:
655 3066 739 3097 ergo.
765 3074 784 3079 -—
807 3057 1005 3087 Antecedens
1035 3064 1128 3098 patet.
1163 3057 1402 3099 Consequentia

336 3104 502 3144 probatur:
528 3102 603 3143 quia
627 3111 663 3132 ex
687 3101 823 3141 simplici
838 3101 1001 3132 voluntate
1022 3102 1080 3132 Dei
1096 3102 1214 3143 pendet
1237 3101 1352 3134 creatio
1373 3109 1403 3133 et

337 3146 542 3178 conservatio.

389 3191 546 3228 Secundo,
571 3189 660 3231 quod
684 3189 789 3219 omnis
806 3196 946 3220 creatura
970 3197 1015 3220 est
1039 3190 1199 3221 mutabilis
1216 3199 1280 3231 per
1289 3195 1401 3231 poten-

337 3237 412 3266 tiam
438 3237 469 3265 in
493 3245 537 3274 se,
561 3234 611 3265 vel
635 3234 812 3264 secundum
836 3243 902 3264 esse
930 3235 1131 3265 substantiale
1148 3241 1179 3265 et
1194 3234 1401 3270 accidentale;

337 3279 385 3310 vel
409 3279 585 3311 secundum
609 3288 676 3309 esse
699 3277 900 3313 accidentale,
921 3286 998 3317 puta
1014 3279 1136 3314 locum;
1160 3279 1210 3310 vel
1226 3278 1403 3310 secundum

338 3324 459 3353 malum
483 3330 513 3354 et
536 3324 668 3358 bonum,
695 3330 724 3353 et
748 3322 993 3363 applicationem
1018 3323 1056 3352 ad
1080 3323 1211 3354 diversa.
1236 3323 1401 3354 Probatur.

339 3368 373 3397 ln
397 3368 485 3397 omni
510 3375 649 3398 creatura
673 3373 719 3397 est
742 3366 862 3407 aliquid
889 3373 1002 3407 potens
1026 3374 1105 3398 stare
1130 3377 1204 3398 cum
1228 3367 1402 3408 privatione

339 3421 405 3442 esse
429 3411 650 3447 substantialis,
667 3411 716 3441 vel
735 3410 855 3446 localis,
876 3411 926 3441 vel
950 3410 1035 3445 boni,
1054 3418 1083 3442 et
1103 3417 1266 3443 contactus
1280 3411 1404 3442 virtutis

339 3455 449 3485 huius:
475 3465 558 3495 ergo.
580 3473 598 3478 -
618 3448 815 3486 ssntecedens
835 3462 930 3494 patet,
949 3455 1173 3495 distinguendo
1189 3463 1251 3487 tres
1267 3454 1403 3486 universi

340 3506 459 3538 partes:
486 3499 650 3540 sphaeram
674 3499 906 3530 elementorum
936 3509 1010 3529 curn
1034 3499 1153 3535 mixtis,
1179 3509 1312 3541 corpora
1337 3509 1403 3530 cae-

340 3543 446 3579 lestia,
479 3551 508 3574 et
532 3543 719 3574 substantias
749 3543 934 3584 spirituales.
967 3543 1204 3585 Consequentia
1234 3544 1402 3586 probatur:

340 3587 415 3628 quia
429 3587 533 3618 omnis
550 3587 683 3619 mutatio
709 3588 885 3619 secundum
909 3588 1085 3629 potentiam
1104 3588 1135 3618 in
1152 3598 1194 3625 se,
1211 3595 1258 3620 est
1277 3598 1313 3619 ex
1329 3597 1402 3628 pos-

341 3631 421 3662 sibili
445 3641 511 3662 esse
536 3641 608 3662 cum
634 3639 769 3672 utroque
793 3632 1017 3673 oppositorum
1042 3633 1223 3663 successive.

1506 2214 1558 2246 IV.
1577 2214 1670 2246 Circa
1686 2225 1722 2246 ea
1737 2225 1818 2256 quae
1835 2215 1886 2246 hic
1902 2215 2060 2251 dicuntur,
2077 2215 2203 2246 adverte
2212 2217 2322 2256 primo
2338 2216 2438 2256 quod,
2451 2225 2527 2252 cum

1454 2258 1485 2288 in
1502 2259 1604 2290 littera
1620 2259 1824 2300 distinguitur
1842 2259 1985 2300 potentia
2006 2259 2131 2300 passiva
2149 2259 2181 2289 in
2199 2260 2376 2300 potentiam
2399 2260 2439 2291 ad
2457 2269 2527 2292 esse

1454 2309 1485 2334 et
1508 2303 1547 2333 ad
1571 2305 1824 2335 consecutionem
1834 2304 1927 2344 finis,
1946 2313 2012 2334 non
2034 2303 2238 2344 distinguitur
2254 2303 2439 2335 consecutio
2454 2303 2526 2336 finis

1454 2355 1563 2378 contra
1587 2357 1653 2378 esse
1677 2348 1709 2378 in
1734 2348 1915 2383 communi,
1940 2357 1975 2378 ac
2000 2347 2024 2378 si
2049 2347 2176 2378 nullum
2205 2354 2338 2389 poneret
2361 2352 2444 2379 esse:
2470 2349 2525 2380 sed

1454 2399 1564 2423 contra
1587 2402 1653 2422 esse
1677 2392 1832 2428 absolute.
1850 2392 1939 2433 quod
1964 2399 2010 2423 est
2033 2402 2100 2423 esse
2118 2391 2332 2428 substantiale,
2349 2399 2386 2423 ut
2409 2391 2525 2424 dicitur

1454 2436 1510 2467 Vll
1534 2437 1764 2477 Metaphys.*;
1789 2437 1840 2468 vel
1859 2443 1969 2468 contra
1992 2446 2069 2473 esse,
2093 2443 2129 2468 ut
2153 2443 2199 2468 est
2222 2436 2372 2478 proprius
2396 2435 2524 2469 effectus

1454 2487 1542 2512 actus
1562 2480 1671 2520 primi;
1696 2481 1880 2512 consecutio
1898 2490 2038 2522 namque
2060 2480 2132 2512 finis
2150 2481 2185 2512 in
2202 2488 2274 2512 actu
2289 2481 2432 2513 secundo
2449 2491 2524 2513 con-

1455 2525 1543 2556 sistit.
1561 2543 1581 2547 -
1596 2525 1733 2557 Adverte
1757 2526 1907 2563 secundo,
1928 2525 2019 2567 quod
2040 2525 2073 2555 in
2097 2525 2207 2563 littera,
2233 2525 2273 2556 ad
2297 2525 2524 2566 perfectionem

1455 2569 1625 2605 doctrinae,
1650 2580 1716 2600 non
1740 2570 1847 2601 solum
1870 2577 2036 2610 ponuntur
2059 2579 2095 2600 ea
2115 2579 2197 2611 quae
2221 2569 2261 2600 ad
2284 2569 2525 2601 conclusionem

1455 2620 1596 2655 spectant
1615 2613 1740 2650 directe,
1754 2624 1835 2655 quae
1851 2613 1968 2645 scilicet
1984 2614 2228 2646 mutabilitatem
2244 2613 2350 2645 omnis
2366 2620 2525 2647 creaturae

1456 2658 1615 2699 pandunt;
1640 2658 1695 2688 sed
1719 2658 1814 2689 etiam
1839 2669 1875 2689 ea
1898 2668 1980 2699 quae
2004 2658 2043 2688 ad
2070 2658 2362 2690 immutabilitatem
2385 2658 2525 2700 aliquam

1456 2712 1565 2733 earum
1588 2709 1739 2743 spectant.
1764 2703 1805 2734 Et
1820 2703 1975 2743 quoniam
1991 2703 2030 2733 de
2046 2702 2095 2734 his
2111 2702 2242 2734 inferius
2257 2701 2272 2718 ¹*
2297 2713 2333 2734 ex
2356 2703 2525 2744 proposito

1455 2747 1511 2778 erit
1536 2757 1651 2783 sermo,
1672 2747 1705 2777 in
1729 2747 1807 2778 locis
1825 2747 1971 2788 propriis,
1990 2757 2064 2778 cum
2088 2748 2126 2778 de
2143 2747 2261 2788 angelis
2280 2758 2316 2779 ac
2340 2748 2526 2781 caelestibus

1455 2791 1646 2828 tractabitur,
1668 2801 1753 2822 nunc
1774 2792 2060 2832 pertranseundum
2084 2799 2139 2823 est.
2164 2792 2212 2823 De
2236 2791 2304 2823 aliis
2327 2799 2435 2824 autem
2454 2802 2525 2824 mu-

1455 2835 1641 2867 tabilitatem
1664 2836 1926 2867 concernentibus
1950 2836 2050 2866 modo
2074 2836 2274 2868 tractandum
2297 2842 2353 2868 est.

1509 2874 1547 2911 V.
1573 2879 1665 2911 Circa
1688 2879 1829 2921 primum
1853 2881 2034 2911 membrum
2054 2879 2273 2916 distinctionis,
2297 2880 2329 2910 in
2345 2879 2450 2911 littera
2468 2890 2522 2922 ap-

1456 2924 1610 2966 plicatum
1633 2924 1672 2954 ad
1695 2924 1907 2955 mutationem
1931 2935 1967 2955 ex
1990 2924 2091 2956 nihilo
2115 2931 2146 2955 et
2168 2924 2201 2954 in
2225 2924 2317 2960 nihil,
2343 2930 2400 2955 etc.
2415 2922 2447 2960 ¹⁹¹,
2471 2934 2523 2956 oc-

1457 2969 1551 3000 currit
1574 2969 1666 2999 turba
1685 2969 1787 3000 multa
1810 2969 2038 3006 invehentium,
2056 2968 2284 3008 exvignorantia
2303 2968 2524 3009 peripateticae

1456 3013 1687 3054 philosophiae.
1711 3013 1786 3044 Non
1812 3021 1945 3054 possunt
1968 3013 2135 3054 siquidem,
2155 3019 2209 3044 aut
2228 3012 2343 3044 nolunt
2364 3013 2525 3054 percipere

1456 3058 1545 3099 quod
1565 3057 1684 3098 aliquid
1703 3065 1845 3088 creatum
1868 3058 1907 3089 sit
1923 3058 2099 3089 secundum
2118 3067 2151 3088 se
2166 3056 2364 3088 immutabile
2380 3056 2525 3089 substan-

1455 3101 1578 3138 tialiter,
1596 3109 1626 3133 et
1645 3108 1752 3133 tamen
1774 3102 1925 3133 mutabile
1949 3112 2005 3142 per
2027 3101 2203 3144 potentiam
2219 3100 2251 3131 in
2267 3101 2347 3132 alio:
2373 3101 2525 3140 mutabile

1457 3146 1538 3181 dico,
1557 3146 1656 3176 modo
1674 3145 1827 3187 exposito.
1852 3146 1892 3177 Et
1908 3146 1979 3177 licet
1998 3146 2134 3177 rationes
2151 3155 2185 3176 ac
2203 3145 2297 3176 verba
2314 3155 2427 3177 eorum
2441 3145 2525 3177 mul·

1456 3190 1638 3231 tiplicentur
1656 3199 1691 3221 ac
1711 3189 1889 3226 dilatentur,
1906 3190 1992 3221 radix
2007 3197 2113 3221 tamen
2133 3189 2249 3230 duplex
2274 3197 2337 3221 est:
2362 3189 2459 3222 altera
2477 3199 2524 3222 ra·

1457 3234 1560 3270 tionis,
1579 3234 1675 3266 altera
1698 3235 1932 3265 auctoritatum.
1957 3234 2050 3266 Ratio
2069 3240 2115 3265 est
2138 3234 2222 3275 quia,
2247 3242 2376 3275 accepto
2399 3235 2523 3275 angelo,

1457 3278 1633 3319 quaeritur:
1658 3280 1723 3309 Aut
1748 3286 1793 3310 est
1817 3289 1871 3310 ens
1895 3278 2054 3319 possibile,
2079 3285 2134 3309 aut
2153 3279 2374 3310 necessarium.
2399 3278 2433 3310 Si
2449 3289 2524 3320 pos-

1458 3323 1563 3359 sibile,
1588 3323 1720 3353 habetur
1748 3323 1924 3354 intentum:
1949 3332 2023 3352 nam
2043 3322 2193 3363 possibile
2225 3332 2293 3354 esse
2316 3328 2346 3353 et
2370 3332 2432 3353 non
2457 3332 2525 3354 esse

1458 3377 1523 3397 non
1548 3374 1593 3398 est
1617 3367 1832 3407 praedicatum
1856 3366 2055 3401 accidentale,
2076 3374 2130 3397 aut
2149 3374 2342 3403 extraneum,
2361 3373 2396 3398 ut
2412 3367 2525 3398 dicitur

1458 3411 1487 3442 X
1510 3411 1743 3452 Metaphys.-*;
1769 3412 1823 3442 sed
1852 3417 1897 3441 est
1925 3411 2113 3447 substantia,
2138 3411 2187 3441 vel
2216 3411 2248 3441 in
2278 3410 2460 3442 substantia.
2492 3411 2525 3443 Si
2552 3415 2768 3465 {·{³⁸ng¹¹¹··⁰*‘¹2

1459 3455 1678 3491 necessarium,
1704 3465 1778 3495 ergo
1799 3462 1845 3485 est
1867 3454 2063 3495 impossibile
2079 3465 2145 3486 non
2169 3464 2252 3486 esse:
2277 3465 2352 3496 ergo
2376 3464 2432 3495 per
2454 3455 2524 3486 nul·
2552 3449 2609 3492 ἐξ,
2646 3459 2653 3470 ‘
2671 3449 2764 3471 ‘²⁸⁹⁴’

1458 3499 1522 3529 lam
1551 3499 1727 3539 potentiam
1757 3505 1861 3539 potest
1890 3508 1956 3529 non
1985 3509 2069 3536 esse;
2103 3500 2190 3530 nulla
2221 3508 2359 3540 namque
2384 3499 2525 3539 potentia
2567 3523 2570 3527 .

1459 3550 1563 3583 potest
1586 3543 1790 3583 impossibile.
1808 3561 1827 3565 -
1843 3543 2023 3574 Auctoritas
2040 3551 2085 3575 est
2106 3544 2263 3580 Averrois,
2285 3543 2296 3574 l
2319 3543 2420 3580 Caeli,
2436 3553 2525 3574 com-

1459 3594 1555 3618 ment.
1573 3597 1671 3623 cxxxv,
1694 3593 1724 3617 et
1737 3587 1794 3617 ΧΠ
1810 3588 2004 3628 Metaphys.,
2023 3594 2194 3619 comment.
2211 3598 2270 3619 xm.
2295 3586 2424 3627 Algazel
2445 3597 2525 3628 quo·
2553 3612 2562 3622 .
2584 3611 2663 3633 mm
2686 3611 2718 3633 ,ib
2741 3611 2751 3633 ¹

1459 3641 1521 3672 que
1538 3630 1611 3661 dicit
1623 3630 1641 3648 ⁴‘
1661 3630 1809 3671 possibile
1826 3641 1891 3661 esse
1906 3632 2004 3672 quod,
2019 3632 2081 3662 alio
2097 3642 2162 3663 non
2180 3631 2340 3669 existente,
2357 3641 2423 3662 non
2438 3639 2493 3663 est.
2505 3650 2525 3656 -
2553 3641 2618 3660 met.
2629 3627 2672 3659 n.'
2722 3627 2727 3634 ”
2758 3626 2766 3638 '

2551 2439 2615 2488 nib‘f'
2634 2440 2765 2495 :nab-nid.

2552 2710 2562 2721 ⁶
2578 2709 2628 2738 Qu.
2642 2716 2668 2737 ι,
2682 2714 2725 2732 art.
2740 2716 2766 2739 53

2551 2743 2614 2765 uvi,
2629 2740 2672 2759 art.
2683 2743 2707 2759 ιι.

2551 2931 2562 2942 ’
2577 2930 2613 2952 cf.
2628 2936 2693 2953 num.
2703 2937 2737 2953 ιιι.
