2768 4178
6 1282 35 1306 ,u'
47 1285 86 1314 U.
98 1297 165 1314 nm.
178 1297 203 1315 u.

21 1336 234 1367 'mammaea

0 2619 7 2653 Ἰ
22 2617 36 2630 ⁸
44 2616 105 2639 vide
117 2616 236 2644 Metaph„

0 2659 5 2681 [K
25 2647 92 2666 met.
101 2643 141 2670 m.
152 2649 203 2671 etp.
213 2649 236 2665 x.

0 2775 11 2818 ζ’
25 2779 39 2792 ⁸
49 2779 97 2808 Qu.
111 2785 150 2807 xv,
160 2782 203 2802 art.
217 2785 238 2801 2.

0 2831 10 2907 ἱ

0 2912 11 2999 ἓ,

25 931 158 982 &aasz
166 936 235 982 2¹1}ss

24 991 59 1008 vu
72 992 125 1015 sqq.

22 1361 157 1386 &umenti
171 1369 196 1386 n.
207 1369 226 1387 ι.

121 2565 139 2592 Υ

122 2671 137 2697 ὃ

124 2839 136 2856 ε

26 2886 37 2897 ·
52 2885 111 2908 naid.

918 285 1185 331 QUAESTIO
1215 286 1392 332 XXVIII,
1422 286 1717 323 ARTICULUS
1747 287 1798 322 1V

324 363 374 393 111.
399 362 490 393 Circa
505 363 671 404 praedicta,
689 363 806 404 duplex
829 374 992 394 occurrere
1011 371 1116 404 potest
1132 364 1253 394 novitio
1271 364 1329 394 du-

265 406 364 437 bium.
380 407 500 445 Primo,
519 407 598 438 circa
614 407 701 438 illam
718 408 898 438 maximam.
919 408 1004 445 Quia
1019 419 1085 438 non
1102 408 1225 438 videtur
1239 417 1328 438 vera:

265 451 419 491 quoniam
442 451 542 482 multa
558 452 772 482 attribuuntur
786 451 866 488 Deo,
885 452 1002 492 absque
1026 452 1073 482 his
1098 462 1178 493 quae
1202 459 1276 482 sunt
1290 453 1328 482 de

265 493 448 525 definitione
468 505 590 531 eorum,
615 502 650 526 ut
673 502 759 535 patet
782 495 820 525 de
844 495 996 535 sapientia
1020 503 1050 526 et
1072 496 1199 532 iustitia,
1216 503 1246 526 et
1262 496 1328 526 aliis

264 538 460 570 huiusmodi.

320 583 477 621 Secundo,
503 583 583 614 circa
605 583 693 613 illam
716 583 990 623 consequentiam:
1015 593 1094 624 ergo
1111 585 1144 614 in
1160 593 1197 614 eo
1214 589 1260 614 est
1275 593 1328 623 op-

259 628 377 667 positio
401 628 548 658 relativa.
573 627 737 664 Quoniam
761 637 824 657 non
849 627 944 663 valet,
975 628 1006 657 in
1031 627 1164 658 Socrate
1186 628 1258 658 albo
1282 633 1329 658 est

265 676 427 711 respectus
450 671 549 702 realis
570 671 789 702 similitudinis
819 671 952 701 relative
979 673 1160 711 oppositus,
1192 681 1271 712 ergo
1295 673 1326 702 in

266 724 302 744 eo
327 720 374 745 est
397 716 550 755 oppositio
573 715 729 745 relativa:
752 715 816 751 sed,
842 724 921 755 ergo
940 716 971 745 in
989 725 1025 746 eo
1043 721 1089 746 est
1109 716 1247 746 alterum
1274 725 1328 745 ex-

265 763 401 789 tremum
426 759 632 799 oppositionis
655 759 819 789 relativae.
844 759 886 789 Et
909 767 1137 800 consequenter
1160 770 1225 790 non
1246 760 1328 791 valet

265 801 397 832 ulterior
418 802 518 833 illatio
541 802 676 838 litterae,
701 812 781 843 ergo
805 804 836 833 in
861 812 898 833 eo
921 809 967 834 est
990 803 1149 834 distinctio
1173 805 1329 835 relativa:

265 846 328 882 sed,
354 856 433 887 ergo
450 847 483 876 in
500 856 536 876 eo
553 851 599 877 est
615 856 714 877 unum
732 852 910 877 extremum
932 847 1142 879 distinctionis
1162 849 1325 879 relativae.

264 889 305 920 Et
326 889 372 920 sic
395 890 459 920 ruit
480 897 568 921 totus
591 900 758 931 processus
780 891 909 922 litterae.

325 933 376 964 IV.
401 934 453 964 Ad
468 933 609 974 primum
637 935 754 965 horum
779 935 926 966 facillime
943 945 980 966 ex
999 936 1184 976 supradictis
1202 936 1220 955 *
1242 943 1328 976 patet

263 977 443 1017 responsio:
468 978 558 1019 quod
581 978 698 1010 scilicet
713 979 765 1009 illa
788 979 925 1010 maxima
940 980 1124 1020 intelligitur
1147 981 1185 1011 de
1206 980 1327 1011 ratione

263 1020 390 1052 formali
413 1023 521 1062 quoad
539 1022 572 1052 id
595 1023 684 1063 quod
708 1031 753 1055 est
776 1023 821 1053 illi
844 1023 1020 1063 proprium,
1041 1034 1106 1054 non
1131 1024 1326 1055 excludendo

264 1066 449 1096 communia
468 1067 734 1098 transcendentia:
759 1067 916 1108 quidquid
940 1068 1026 1098 enim
1049 1068 1204 1099 clauditur
1222 1067 1254 1098 in
1271 1068 1327 1099 hu-

262 1109 403 1140 iusmodi
418 1110 539 1141 ratione
555 1110 680 1142 formali
697 1111 740 1142 rei
756 1111 921 1142 attributae
940 1112 1019 1148 Deo,
1037 1112 1174 1143 salvatur
1193 1113 1224 1143 in
1245 1112 1325 1142 Deo.

263 1153 465 1185 Obiectiones
489 1161 596 1185 autem
615 1155 851 1197 in-oppositum
873 1165 998 1197 semper
1012 1163 1178 1187 assumunt
1193 1156 1325 1186 falsum:

263 1204 341 1238 puta
364 1199 453 1239 quod
472 1199 510 1229 de
529 1199 582 1229 tali
607 1200 728 1231 ratione
751 1199 887 1230 iustitiae
912 1210 967 1230 seu
992 1199 1161 1240 sapientiae
1185 1200 1224 1231 sit
1249 1210 1327 1240 qua-

261 1241 331 1272 litas
355 1248 410 1273 aut
432 1242 566 1279 habitus,
592 1250 650 1274 etc.

317 1286 369 1317 Ad
388 1287 565 1319 secundum
578 1297 653 1318 vero
670 1287 792 1324 dicitur,
810 1287 899 1328 quod
913 1287 947 1317 in
961 1287 1066 1327 primo
1083 1287 1285 1318 antecedente
1299 1287 1325 1324 *‚

263 1332 300 1360 e‘x
315 1340 411 1370 supra
425 1330 444 1350 *
467 1330 556 1362 dictis
572 1341 607 1362 ac
623 1331 839 1368 manifestatis,
863 1331 1035 1361 includitur
1049 1331 1082 1371 ly
1096 1331 1140 1361 acl
1156 1332 1263 1368 intra;
1285 1332 1327 1362 ita

262 1374 352 1415 quod
370 1375 556 1405 antecedens
579 1382 685 1406 totum
701 1382 762 1406 est:
787 1376 819 1406 in
842 1375 913 1405 Deo
936 1380 983 1406 est
1005 1375 1137 1406 realiter
1152 1375 1267 1406 relatio
1283 1376 1327 1406 ad

262 1419 358 1449 intra.
382 1419 424 1449 Et
446 1425 522 1450 tunc
545 1419 666 1459 optime
689 1419 794 1449 valent
817 1419 1077 1459 consequentiae:
1102 1419 1256 1459 quoniam
1280 1429 1326 1449 se-

261 1462 370 1503 quitur
392 1470 564 1504 utrumque
589 1470 764 1494 extremum
788 1470 933 1503 oportere
950 1472 1017 1493 esse
1037 1462 1069 1493 in
1092 1463 1163 1502 ipso
1180 1464 1261 1497 Deo.
1286 1463 1327 1494 Et

261 1515 318 1547 per
335 1506 397 1537 hoc
417 1513 538 1538 cessant
561 1506 753 1537 obiectiones
769 1507 809 1537 ad
826 1507 1013 1547 oppositum
1029 1513 1144 1537 tactae:
1171 1507 1325 1548 quoniam

261 1551 438 1591 procedunt
460 1551 499 1581 de
522 1550 656 1581 relativis
681 1551 721 1581 ad
744 1557 837 1581 extra.

2372 286 2444 323 325

1442 365 1479 396 V.
1505 365 1540 395 In
1563 364 1769 405 responsione
1797 365 1838 395 ad
1866 365 2023 405 primum,
2053 366 2177 396 adverte
2200 365 2331 396 Aureoli
2359 364 2445 395 obie-

1384 409 1538 445 ctionem,
1570 409 1655 450 apud
1682 409 1892 450 Capreolum,
1916 410 1949 440 in
1975 410 2004 446 1,
2030 410 2099 441 dist.
2124 419 2163 446 11,
2189 420 2243 450 qu.
2266 420 2312 446 111,
2340 416 2394 439 art.
2419 419 2444 440 1.

1383 453 1470 483 Talis
1495 460 1541 483 est
1564 453 1709 483 identitas
1735 460 1946 484 extremorum
1973 454 2053 484 inter
2075 464 2117 490 se,
2143 453 2244 494 qualis
2268 460 2314 484 est
2333 463 2446 483 eorum

1383 497 1415 527 in
1445 497 1550 528 tertio:
1583 497 1637 527 sed
1666 497 1725 527 ista
1747 497 1780 527 in
1804 497 1970 537 proposito
2002 505 2048 529 est
2077 497 2185 528 realis:
2217 507 2290 537 ergo
2322 504 2352 528 et
2381 497 2444 528 illa.

1382 541 1485 571 Maior
1507 541 1672 581 probatur:
1698 540 1773 581 quia
1796 541 1884 572 aliter
1909 548 2011 572 rueret
2033 541 2277 572 fundamentum
2301 541 2446 582 syllogis-

1383 594 1527 621 morum,
1552 595 1589 615 ex
1611 585 1730 615 unitate
1754 585 1850 615 medii
1873 585 2009 616 inferens
2038 593 2174 616 extrema
2203 585 2370 616 coniuncta
2395 585 2446 616 vel

1383 629 1490 659 divisa.

1440 673 1493 703 VI.
1518 673 1569 703 Ad
1591 673 1669 709 hoc,
1694 673 1844 709 breviter,
1869 680 2000 714 negatur
2030 673 2211 713 simpliciter
2239 674 2348 704 maior.
2378 674 2445 704 Nec

1383 727 1477 757 super
1499 717 1552 746 illa
1582 716 1754 748 fundantur
1777 717 1951 758 syllogismi
1979 717 2012 747 in
2036 718 2047 747 1
2075 718 2242 754 Priorum,
2268 718 2322 748 sed
2350 727 2445 757 super

1382 761 1456 797 ista,
1482 761 1589 791 eadem
1615 761 1717 791 medio
1747 766 1823 791 sunt
1852 761 1961 792 eadem
1991 762 2075 791 inter
2096 770 2154 792 se:
2180 762 2265 792 aliud
2290 768 2336 792 est
2358 761 2444 791 enim

1381 805 1471 845 loqui
1495 805 1533 835 de
1557 805 1732 840 identitate,
1757 811 1787 835 et
1810 805 1895 835 aliud
1919 805 1957 835 de
1981 805 2130 846 qualitate
2153 805 2331 836 identitatis.
2356 806 2443 836 Haec

1382 856 1488 879 autem
1512 849 1688 889 propositio
1713 848 1887 889 dupliciter,
1908 856 2064 889 quantum
2087 850 2127 879 ad
2150 849 2351 890 propositum
2374 859 2443 889 spe-

1382 899 1459 929 ctat,
1483 893 1648 933 glossatur.
1674 893 1781 923 Primo
1794 915 1801 928 ,
1825 900 1861 923 ut
1883 893 1984 924 littera
2007 893 2095 930 dicit,
2119 894 2208 934 quod
2231 900 2277 924 est
2300 893 2443 923 absolute

1381 947 1469 973 vera,
1494 937 1623 977 quando
1648 944 1722 967 sunt
1744 938 1873 967 omnino
1898 938 2007 967 eadem
2032 937 2142 974 tertio,
2167 937 2246 968 idest
2269 937 2390 968 realiter
2413 943 2446 967 et

1382 980 1570 1011 formaliter:
1596 980 1736 1022 alioquin
1757 981 1919 1021 sophisma
1942 981 2119 1011 Accidentis
2143 991 2210 1011 non
2233 981 2443 1012 committere-

1381 1031 1432 1055 tur
1450 1025 1482 1054 in
1502 1025 1691 1065 syllogismis
1708 1035 1744 1055 ex
1760 1025 1944 1056 huiusmodi
1959 1025 2139 1056 variatione.
2152 1043 2172 1047 -
2184 1025 2341 1061 Secundo,
2354 1025 2443 1065 quod

1382 1075 1428 1099 est
1449 1078 1522 1099 vera
1549 1069 1657 1109 quoad
1680 1069 1712 1099 id
1743 1069 1918 1100 secundum
1941 1069 2030 1109 quod
2053 1068 2285 1100 identificantur
2316 1069 2441 1105 medio,

1382 1122 1436 1143 seu
1460 1113 1566 1153 quoad
1579 1114 1735 1143 rationem
1751 1113 2006 1154 identificationis
2021 1113 2054 1143 in
2069 1113 2192 1144 medio:
2218 1113 2395 1144 secundum
2409 1112 2442 1142 id

1382 1156 1483 1192 enim,
1508 1157 1618 1187 eadem
1641 1157 1758 1193 medio,
1783 1164 1856 1188 sunt
1880 1157 1974 1188 etiam
1997 1157 2108 1188 eadem
2130 1157 2210 1188 inter
2232 1167 2275 1187 se.
2304 1157 2345 1187 Et
2365 1157 2442 1187 haec

1382 1207 1427 1231 est
1444 1200 1557 1230 directe
1581 1210 1670 1230 mens
1687 1201 1871 1237 Aristotelis,
1892 1208 1928 1231 ut
1946 1208 2043 1241 puto;
2069 1208 2099 1231 et
2122 1201 2360 1240 comprehendit
2383 1201 2441 1231 sub

1381 1254 1413 1274 se
1433 1244 1569 1283 primam
1588 1244 1744 1283 glossam;
1769 1251 1799 1275 et
1822 1245 1865 1275 sic
1885 1244 2098 1275 universaliter
2119 1244 2243 1276 videtur
2260 1255 2343 1275 vera.
2367 1245 2441 1275 Non

1381 1294 1487 1318 autem
1508 1294 1634 1327 oportet
1650 1288 1759 1318 eadem
1782 1289 1888 1319 medio
1912 1288 2094 1319 identificari
2116 1288 2196 1319 inter
2215 1298 2247 1318 se
2266 1289 2442 1319 secundum

1381 1331 1413 1361 id
1436 1331 1469 1361 in
1493 1341 1559 1372 quo
1590 1341 1655 1361 non
1687 1332 1918 1363 identificantur
1941 1332 2064 1368 medio,
2092 1332 2173 1363 idest
2195 1333 2283 1373 quod
2306 1342 2373 1362 non
2395 1339 2442 1363 est

1381 1375 1460 1406 ratio
1484 1374 1736 1406 identificationis
1760 1375 1819 1416 ipsi
1843 1376 1959 1407 medio.
1984 1377 2024 1407 Et
2043 1383 2171 1417 propter
2193 1376 2254 1406 hoc
2277 1376 2377 1407 multa
2392 1386 2441 1407 ac-

1381 1419 1490 1450 cidunt
1521 1419 1715 1459 sophismata
1738 1420 1770 1450 in
1793 1420 1841 1450 his
1864 1430 1946 1460 quae
1969 1420 2076 1460 aliquo
2108 1420 2207 1450 modo
2235 1420 2388 1451 uniuntur
2411 1427 2443 1450 et

1381 1463 1489 1503 aliquo
1506 1464 1605 1493 modo
1625 1473 1700 1494 non.
1726 1464 1765 1495 Et
1784 1464 1828 1494 sic
1844 1471 1889 1494 est
1903 1464 1935 1494 in
1950 1464 2126 1504 proposito,
2145 1471 2179 1495 ut
2195 1474 2232 1494 ex
2246 1464 2441 1504 praecedenti

1381 1513 1466 1548 patet
1488 1507 1630 1538 articulo.

1043 1715 1359 1757 ARTICULUS
1390 1715 1660 1767 QUARTUS

626 1817 782 1847 UTRUM
814 1817 856 1846 IN
887 1816 976 1847 DEO
1008 1816 1104 1847 SINT
1136 1817 1323 1847 TANTUM
1355 1816 1570 1854 QUATUOR
1599 1817 1871 1848 RELATIONES
1902 1818 2080 1854 REALES,

707 1868 903 1900 SCILICET
927 1869 1209 1908 PATERNITAS,
1234 1869 1433 1906 FILIATIO,
1459 1869 1655 1901 SPIRATIO
1679 1870 1736 1900 ET
1760 1869 1994 1901 PROCESSIO

296 1986 361 2029 >5252
384 1996 436 2023 13<
475 1987 497 2012 D
518 1986 691 2017 QUARTUM
711 1987 764 2011 Sic
784 1987 1022 2012 PRocamTun.
1043 1974 1202 2011 Videtur
1221 1975 1326 2023 quod

288 2014 514 2085 ‘vid
542 2029 626 2064 Deo
655 2040 735 2064 non
763 2027 835 2064 sint
862 2035 1009 2065 tantum
1043 2036 1205 2076 quatuor
1233 2029 1325 2064 rela-

282 2082 403 2136 ’δάε
436 2098 444 2122 1
475 2081 597 2118 tiones
626 2081 756 2127 reales,
778 2080 915 2118 scilicet
942 2081 1157 2129 paternitas,
1182 2081 1324 2128 filiatio,

321 2106 419 2166 *ἐξ-’Ἀ
434 2124 630 2183 spiratio
652 2141 687 2170 et
705 2133 911 2182 processio.
933 2134 1002 2171 Est
1030 2134 1129 2171 enirn
1156 2134 1327 2171 conside-

264 2199 346 2225 rare
373 2187 411 2224 in
445 2189 529 2224 Deo
565 2187 764 2224 relationes
791 2193 808 2208 0‘
837 2187 1073 2235 intelligentis
1110 2187 1158 2224 ad
1186 2187 1326 2224 intelle-

265 2249 380 2287 ctum,
402 2248 438 2277 et
454 2240 618 2277 volentis
638 2240 687 2277 ad
704 2239 884 2277 volitum:
915 2252 1012 2289 quae
1040 2240 1217 2278 videntur
1245 2253 1327 2277 esse

262 2293 464 2332 relationes
493 2294 624 2340 reales,
645 2305 772 2341 neque
800 2294 871 2330 sub
899 2293 1099 2342 praedictis
1133 2294 1327 2330 continen-

262 2355 333 2384 tur.
354 2347 446 2383 Non
467 2358 556 2394 ergo
585 2354 672 2383 sunt
691 2347 816 2383 solum
835 2354 999 2395 quatuor
1027 2345 1226 2384 relationes
1247 2359 1326 2384 rea-

262 2401 318 2438 les
344 2397 362 2428 Ρ
389 2399 429 2437 in
455 2401 553 2436 Deo.

317 2465 352 2490 2.
374 2454 611 2500 PRAETEREA,
642 2452 840 2489 relationes
874 2453 993 2490 reales
1028 2453 1262 2501 accipiuntur
1289 2453 1328 2490 in

263 2507 349 2543 Deo
369 2506 581 2543 secundum
610 2505 895 2554 processionem
919 2505 1188 2554 intelligibilem
1205 2506 1325 2543 verbi.

265 2559 343 2596 Sed
370 2559 570 2596 relationes
598 2558 844 2606 intelligibiles
862 2564 878 2585 Ἰ
898 2559 1191 2608 multiplicantur
1218 2559 1255 2596 in
1274 2559 1327 2596 in-

264 2612 427 2658 finitum,
461 2619 502 2648 ut
529 2611 728 2648 Avicenna
757 2611 845 2648 dicit
866 2611 898 2648 ²¹³.
933 2613 1034 2660 Ergo
1059 2612 1099 2650 in
1127 2614 1212 2650 Deo
1242 2620 1327 2650 sunt

265 2664 433 2703 infinitae
462 2664 662 2701 relationes
691 2665 810 2701 reales
830 2662 854 2701 ὃ.

321 2719 355 2755 3.
377 2719 615 2764 PRAETEREA,
644 2717 752 2754 ideae
780 2726 867 2754 sunt
893 2717 931 2754 in
959 2719 1044 2755 Deo
1073 2719 1121 2756 ab
1151 2726 1325 2766 aeterne,

264 2778 307 2808 ut
335 2783 449 2819 supra
476 2770 496 2792 '¹‘
524 2770 667 2807 dictum
697 2778 762 2807 est.
785 2771 876 2807 Non
895 2778 1023 2808 autem
1052 2772 1329 2820 distinguuntur

266 2825 313 2861 ab
342 2823 507 2861 invicem
536 2823 607 2861 nisi
634 2823 847 2860 secundum
875 2831 886 2848 ε
912 2832 1124 2873 respectum
1162 2825 1210 2862 ad
1247 2838 1327 2872 reS,

265 2884 308 2914 ut
335 2890 448 2926 supra
467 2877 487 2899 ²¹⁸
516 2877 658 2914 dictum
688 2884 752 2914 est.
783 2878 884 2925 Ergo
914 2877 952 2914 in
979 2879 1064 2914 Deo
1094 2886 1181 2915 sunt
1208 2879 1328 2915 multo

265 2931 393 2980 plures
422 2930 621 2967 relationes
649 2936 836 2967 aeternae.

280 3005 285 3010 -
319 2996 357 3031 4.
379 2985 611 3031 PRAETEREA,
632 2982 838 3032 aequalitas
866 2990 903 3020 et
926 2983 1132 3020 similitudo
1162 2991 1198 3020 et
1225 2983 1330 3020 iden-

267 3036 351 3073 titas
380 3044 466 3073 sunt
495 3036 693 3073 relationes
722 3036 932 3084 quaedam;
960 3044 996 3072 et
1023 3044 1109 3074 sunt
1137 3036 1150 3063 t
1178 3037 1215 3073 in
1244 3038 1328 3073 Deo

268 3090 316 3126 ab
354 3097 521 3126 aeterno,
548 3090 650 3137 Ergo
688 3090 814 3138 plures
843 3089 1050 3140 relationes¹
1071 3097 1157 3126 sunt
1190 3090 1239 3127 ab
1268 3102 1329 3127 ae-

267 3149 375 3179 terno
404 3142 442 3179 in
469 3143 567 3189 Deo,
589 3155 705 3191 quam
734 3154 831 3191 quae
861 3142 980 3180 dictae
1009 3150 1106 3179 sunt.

323 3196 397 3232 SED
418 3207 574 3241 CONTRA,
594 3195 745 3232 videtur
772 3195 878 3243 quod
898 3195 971 3232 sint
989 3195 1200 3244 pauciores.
1231 3196 1331 3243 Quia

237 3270 243 3276 ·
269 3248 480 3285 secundum
509 3249 804 3297 Philosophum,
834 3248 872 3285 in
901 3250 951 3284 III
970 3249 1118 3299 Physic.
1140 3247 1170 3294 ³¹⁶,
1201 3250 1330 3286 eadem

269 3302 332 3338 via
370 3307 424 3338 est
449 3301 494 3337 de
520 3301 673 3338 Athenis
701 3302 752 3338 ad
782 3302 945 3347 Thebas,
985 3307 1020 3338 et
1046 3302 1091 3338 de
1124 3302 1255 3338 Thebis
1282 3302 1333 3338 ad

268 3355 446 3391 Athenas.
476 3354 578 3402 Ergo
606 3354 756 3391 videtur
784 3354 889 3403 quod
916 3354 998 3403 pari
1027 3354 1170 3391 ratione
1195 3354 1331 3391 eadem

323 3484 351 3516 α)
371 3483 521 3508 relationes.
538 3496 558 3501 —
575 3483 730 3508 relationem
750 3483 884 3508 BDFGab.

324 3518 349 3552 β)
369 3520 461 3544 reales.
478 3532 498 3537 —
515 3518 577 3543 Om.
595 3518 649 3543 AC.

323 3554 350 3587 γ)
370 3554 555 3586 intelligibiles.
572 3567 591 3573 -
609 3553 670 3578 Om.
690 3553 787 3579 CEFG.

323 3589 347 3622 δ)
368 3590 461 3614 reales.
479 3603 498 3607 —
517 3589 578 3614 Om.
596 3589 781 3621 ACDEFGpB.

324 3626 347 3658 ε)
366 3625 519 3650 secundum.
536 3638 554 3643 —
567 3631 620 3656 per
639 3624 749 3649 codices.
766 3638 785 3643 —
803 3624 854 3649 Pro
873 3625 968 3655 multo,
988 3625 1087 3649 multae
1106 3624 1159 3649 FG.

1380 1974 1425 2011 sit
1453 1975 1582 2011 relatio
1603 1975 1649 2012 de
1678 1982 1782 2023 patre
1803 1975 1852 2012 ad
1879 1975 2012 2022 filium,
2034 1987 2132 2024 quae
2157 1975 2290 2012 dicitur
2316 1983 2437 2024 pater-

1380 2027 1487 2074 nitas,
1509 2035 1545 2064 et
1573 2027 1620 2064 de
1649 2028 1728 2065 filio
1757 2028 1805 2065 ad
1833 2035 1992 2076 patrem,
2013 2040 2110 2076 quae
2136 2028 2269 2066 dicitur
2296 2029 2436 2066 filiatio.

1380 2081 1429 2117 Et
1456 2081 1508 2117 sic
1535 2093 1614 2117 non
1642 2089 1728 2118 sunt
1755 2089 1918 2129 quatuor
1946 2082 2143 2118 relationes
2170 2081 2207 2118 in
2235 2083 2332 2119 Deo.

1433 2135 1657 2170 RESPONDEO
1686 2146 1869 2171 DtCENDUM
1898 2134 2014 2183 quod,
2036 2134 2246 2171 secundum
2266 2134 2437 2172 Philoso-

1380 2187 1513 2235 phum,
1543 2187 1582 2223 in
1608 2187 1643 2223 V
1661 2187 1923 2235 Metaphys.*,
1954 2187 2082 2224 relatio
2112 2187 2235 2224 omnis
2263 2188 2440 2225 fundatur

1379 2240 1441 2276 vel
1470 2252 1584 2288 supra
1612 2240 1868 2288 quantitatem,
1898 2247 1940 2276 ut
1967 2240 2124 2288 duplum
2153 2248 2189 2277 et
2218 2240 2437 2286 dimidium3

1380 2293 1443 2329 vel
1472 2304 1586 2341 supra
1614 2293 1803 2329 actionem
1833 2300 1868 2329 et
1894 2293 2131 2341 passionem,
2161 2300 2203 2330 ut
2234 2293 2375 2330 faciens
2405 2301 2440 2330 et

1382 2346 1537 2391 factum,
1557 2353 1663 2394 pater
1692 2353 1727 2382 et
1755 2346 1867 2394 filius,
1889 2346 2067 2383 dominus
2096 2353 2132 2382 et
2151 2358 2294 2393 servus,
2317 2354 2352 2383 et
2370 2348 2440 2383 hu-

1381 2398 1557 2436 iusmodi.
1589 2399 1689 2436 Cum
1717 2406 1845 2436 autem
1874 2399 2061 2448 quantitas
2089 2411 2168 2436 non
2195 2399 2240 2436 sit
2259 2399 2297 2436 in
2316 2401 2400 2436 Deo
2419 2399 2440 2421 ‘¹‘

1383 2454 1454 2499 (est
1482 2453 1583 2489 enim
1609 2453 1688 2489 sine
1715 2453 1917 2500 quantitate
1943 2463 2117 2501 magnus,
2146 2460 2187 2488 ut
2207 2452 2293 2489 dicit
2310 2454 2438 2500 Augu-

1382 2505 1499 2542 stinus
1517 2505 1569 2552 ³¹⁴),
1600 2505 1820 2552 relinquitur
1856 2517 1945 2552 ergo
1975 2505 2079 2552 quod
2107 2505 2216 2541 realis
2244 2505 2372 2542 relatio
2400 2505 2439 2542 in

1381 2559 1465 2594 Deo
1486 2570 1567 2594 esse
1587 2570 1666 2594 non
1693 2558 1822 2606 possit,
1843 2557 1911 2594 nisi
1931 2570 2044 2606 super
2063 2557 2250 2594 actionem
2271 2558 2436 2595 fundata.

1382 2611 1472 2647 Non
1501 2618 1629 2647 autem
1658 2623 1771 2659 super
1799 2610 1964 2647 actiones
1992 2610 2202 2648 secundum
2231 2623 2324 2659 quas
2351 2624 2439 2660 pro-

1382 2664 1480 2700 cedit
1507 2663 1647 2712 aliquid
1676 2664 1926 2700 extrinsecum
1947 2675 1970 2699 a
1989 2664 2094 2700 Deo:
2125 2663 2212 2712 quia
2239 2664 2439 2701 relationes

1382 2717 1454 2753 Dei
1482 2717 1529 2754 ad
1559 2724 1746 2753 creaturas
1784 2729 1862 2753 non
1890 2724 1976 2753 sunt
2012 2716 2158 2753 realiter
2190 2716 2228 2753 in
2266 2717 2369 2766 ipso,
2399 2725 2440 2754 ut

1382 2782 1495 2819 supra
1521 2769 1541 2791 ²¹⁵
1570 2770 1712 2806 dictum
1742 2777 1807 2806 est.
1828 2769 1939 2806 Unde
1968 2769 2190 2817 relinquitur
2212 2770 2318 2818 quod
2346 2771 2438 2807 rela-

1382 2823 1504 2860 tiones
1533 2823 1651 2859 reales
1679 2831 1693 2853 η
1723 2823 1760 2859 in
1789 2824 1873 2859 Deo
1908 2834 1986 2859 non
2014 2830 2172 2871 possunt
2205 2823 2341 2872 accipi,
2371 2823 2440 2860 nisi

1383 2875 1594 2913 secundum
1618 2876 1787 2912 actiones
1815 2875 2025 2912 secundum
2046 2888 2140 2924 quas
2165 2884 2220 2912 est
2246 2876 2439 2924 processio

1383 2929 1421 2966 in
1449 2930 1546 2975 Deo,
1576 2941 1654 2965 non
1685 2936 1797 2975 extra,
1827 2928 1895 2965 sed
1922 2928 2018 2965 intra
2036 2926 2059 2964 θ.

1437 2981 1666 3019 Huiusmodi
1695 2989 1821 3018 autem
1849 2981 2113 3030 processiones
2138 2989 2224 3018 sunt
2244 2981 2342 3018 duae
2360 2989 2440 3018 tan-

1384 3043 1476 3082 tum,
1496 3042 1537 3071 ut
1556 3047 1670 3083 supra
1684 3034 1704 3056 ’¹‘
1724 3034 1866 3071 dictum
1888 3041 1957 3071 est:
1985 3046 2144 3084 quarum
2165 3047 2242 3071 una
2262 3034 2443 3083 accipitur

1384 3088 1595 3125 secundum
1625 3087 1814 3124 actionem
1842 3087 2060 3133 intellectus,
2082 3100 2180 3135 quae
2209 3095 2264 3124 est
2290 3100 2442 3136 proces-

1385 3141 1440 3178 sio
1468 3140 1596 3186 verbi;
1636 3140 1707 3177 alia
1744 3140 1954 3177 secundum
1990 3140 2178 3177 actionem
2215 3140 2440 3188 voluntatis,

1385 3206 1484 3243 quae
1504 3201 1559 3230 est
1580 3193 1774 3242 processio
1803 3192 1954 3230 amoris.
1986 3193 2206 3230 Secundum
2235 3193 2443 3241 quamlibet

1385 3255 1513 3284 autem
1541 3246 1827 3295 processionem
1857 3253 2006 3295 oportet
2033 3246 2126 3283 duas
2159 3245 2329 3294 accipere
2350 3247 2443 3283 rela-

1385 3301 1507 3337 tiones
1536 3299 1751 3348 oppositas,
1786 3312 1947 3348 quarum
1975 3311 2051 3335 una
2080 3299 2125 3336 sit
2151 3299 2391 3347 procedentis
2421 3312 2443 3336 a

1385 3352 1582 3402 principiO,
1605 3360 1639 3388 et
1659 3352 1728 3389 alia
1747 3352 1861 3401 ipsius
1889 3351 2071 3401 principii.
2096 3351 2293 3389 Processio
2314 3359 2442 3389 autern

1439 3482 1464 3515 ζ)
1483 3485 1553 3507 sunt.
1571 3496 1589 3500 -
1607 3482 1733 3506 dicuntur
1751 3482 1860 3506 codices.

1439 3518 1465 3550 η)
1486 3517 1578 3542 reales.
1596 3531 1614 3535 -
1633 3517 1698 3542 tales
1716 3517 1751 3545 Α,
1770 3524 1822 3541 om.
1841 3517 1918 3541 DFG.

1440 3551 1464 3585 θ)
1484 3560 1535 3577 non
1554 3555 1648 3582 extra,
1667 3552 1714 3577 sed
1733 3552 1814 3577 intra.
1832 3565 1851 3571 -
1869 3552 1941 3577 intra
1965 3551 2012 3576 sed
2031 3559 2082 3576 non
2102 3554 2184 3576 extra
2202 3552 2230 3583 P,
2250 3553 2287 3577 ad
2306 3553 2379 3578 intra
2397 3553 2444 3578 sed

1388 3596 1438 3614 non
1458 3591 1540 3613 extra
1558 3588 1598 3612 ed.
1613 3588 1636 3612 b.

2467 2199 2476 2208 ⁶
2484 2197 2554 2220 S.Th.
2561 2197 2612 2219 lect.
2618 2203 2675 2219 xvir.

2466 2236 2475 2240 -
2497 2224 2549 2245 Did.
2569 2223 2609 2245 lib.
2628 2223 2675 2251 IV,

2466 2256 2516 2279 cap.
2531 2257 2568 2277 xv,
2583 2256 2606 2271 n.
2621 2256 2637 2272 1.

2465 2409 2476 2420 ³
2489 2409 2518 2430 D.
2534 2414 2579 2437 555,
2594 2409 2658 2430 1080.

2465 2510 2476 2521 ⁸
2491 2509 2579 2531 Contra
2598 2509 2673 2537 Epist.

2466 2536 2601 2557 Manichaei
2606 2542 2675 2564 quam

2465 2564 2550 2583 vocant
2583 2562 2673 2589 Fumi„

2466 2595 2517 2616 cap.
2531 2595 2569 2610 xv.

2466 2773 2477 2783 ⁸
2495 2772 2546 2793 Art.
2561 2778 2583 2799 1,
2603 2772 2631 2794 ad
2652 2778 2676 2800 3;

2467 2805 2505 2826 qu.
2520 2805 2571 2825 xm,
2586 2802 2627 2820 art.
2638 2805 2659 2827 7.

2565 2836 2580 2859 ⁷1

2568 2926 2581 2951 θ

2467 3040 2599 3067 *Qu.xxvn,
2608 3042 2649 3061 art.
2658 3045 2678 3067 5.
