2696 4094
0 1998 2 2005 ⁸
18 1996 83 2017 Vers.
99 2002 131 2017 22.

0 2589 3 2595 '
19 2585 111 2608 Comm.
125 2586 150 2608 S.
160 2586 204 2607 Th.

3 2616 47 2634 eet.
67 2619 82 2634 1.
103 2624 113 2628 -
135 2612 205 2634 Didot

0 2639 36 2660 lib.
47 2639 76 2666 V,
92 2645 112 2660 c.
124 2645 139 2666 1,
150 2645 172 2661 n.
185 2645 207 2666 7.

93 2685 108 2714 ζ

0 2743 4 2750 ·
21 2740 89 2762 Vers.
104 2741 134 2762 16.

971 296 1240 344 QUAESTIO
1272 297 1305 343 1,
1335 267 1634 332 ARTicULU's
1666 295 1678 329 1

971 520 1385 598 QUAESTIO
1423 520 1684 575 PRIMA

321 653 405 693 DE
437 651 640 693 SACRA
674 650 1008 698 DOCTRINA,
1044 648 1269 702 QUALIS
1304 647 1415 696 SIT,
1450 647 1530 688 ET
1564 647 1650 687 AD
1686 646 1857 699 QUAE
1891 645 1965 686 SE
1998 643 2337 686 EXTENDAT

1042 756 1077 781 IN
1106 755 1228 780 DECEM
1256 754 1460 780 ARTICULOS
1487 754 1605 779 D1V1SA

293 866 316 891 T
343 861 385 890 ut
412 853 569 890 intentio
599 859 727 890 nostra
753 852 824 888 sub
854 850 1043 898 aliquibus
1068 849 1177 886 certis
1203 849 1298 885 limi-

230 864 392 946 Etibus
417 905 779 955 comprehendatur,
805 903 1063 941 necessarium
1093 910 1147 940 est
1164 899 1296 952 *primo

228 960 453 1008 investigare
482 959 529 996 de
557 959 639 1008 ipsa
667 970 774 995 sacra
803 957 989 1004 doctrina,
1020 956 1141 1004 qualis
1170 955 1230 1003 sit,
1262 963 1298 992 et

230 1014 278 1051 ad
307 1025 406 1062 quae
435 1024 475 1049 se
504 1011 690 1048 extendat.
779 1013 785 1017 '

231 1067 342 1103 Circa
370 1078 467 1114 quae
487 1071 504 1086 α
532 1064 752 1114 quaerenda
780 1070 867 1100 sunt
895 1063 1041 1100 decem.

283 1119 433 1156 Primo:
464 1118 510 1155 de
538 1117 759 1154 necessitate
787 1116 900 1153 huius
929 1115 1135 1153 doctrinae.

284 1172 484 1209 Secundo:
513 1178 640 1207 utrum
670 1170 715 1207 sit
743 1169 910 1206 scientia.

283 1224 432 1262 Tertio:
461 1231 589 1261 utrum
619 1223 664 1261 sit
690 1235 767 1260 una
794 1223 857 1260 vel
884 1223 1024 1271 plures.

284 1279 452 1325 Quarto:
481 1285 610 1314 utrum
639 1277 685 1313 sit
713 1275 947 1326 speculativa
973 1276 1036 1312 vel
1064 1274 1243 1324 practica.

1406 847 1570 894 Quinto:
1601 847 1649 884 de
1679 847 1965 896 comparatione
1995 847 2076 884 eius
2105 847 2153 885 ad
2183 847 2287 893 aliass
2306 846 2426 884 scien-

1459 901 1540 937 tias.

1407 955 1544 991 Sexto:
1573 961 1702 990 utrum
1732 953 1778 990 sit
1806 952 2002 1002 sapientia.

1406 1007 1601 1056 Septimo:
1632 1006 1725 1055 quid
1753 1006 1800 1043 sit
1827 1006 2042 1043 subiectum
2071 1006 2165 1044 eius.

1406 1061 1576 1098 Octavo:
1606 1066 1735 1096 utrum
1765 1059 1811 1096 sit
1838 1060 2154 1107 argumentativa.

1405 1115 1540 1151 Nono:
1570 1120 1699 1150 utrum
1719 1112 1773 1150 uti
1793 1113 1932 1150 debeat
1950 1112 2223 1162 metaphoricis
2241 1113 2305 1151 vel
2323 1125 2427 1162 sym-

1459 1165 1591 1203 bolicis
1619 1165 1890 1203 locutionibus.

1405 1219 1581 1257 Decimo:
1598 1227 1727 1257 utrum
1740 1219 1932 1269 Scriptura
1944 1219 2062 1256 Sacra
2071 1219 2186 1256 huius
2202 1219 2398 1257 doctrinae
2407 1217 2426 1248 Ρ

1459 1274 1506 1311 sit
1533 1273 1747 1311 secundum
1775 1274 1903 1322 plures
1931 1285 2065 1310 sensus
2095 1272 2335 1322 exponenda.

1045 1365 1364 1426 A‘Rncums
1396 1382 1601 1425 PR1Mus

586 1479 742 1511 UTRUM
766 1479 832 1510 SIT
855 1478 1171 1514 NECESSARIUM,
1195 1476 1398 1507 PRAETER
1421 1474 1765 1507 PHILOSOPHICAS
1789 1474 2066 1512 DISCIPLINAS,

1026 1522 1160 1553 ALIAM
1183 1520 1446 1552 DOCTRINAM
1469 1519 1629 1550 HABERI

773 1611 804 1635 11·
825 1611 876 1642 11⁰,
896 1619 941 1644 qu.
955 1618 982 1641 11,
1001 1615 1047 1635 art.
1064 1610 1088 1642 3,
1100 1618 1132 1641 4;
1152 1610 1161 1634 1
1181 1610 1265 1639 Sent„
1283 1609 1363 1640 Proh,
1383 1613 1430 1634 art.
1449 1616 1470 1639 15
1491 1608 1501 1633 1
1523 1608 1599 1633 Cont.
1622 1609 1710 1637 Geni„
1731 1615 1785 1640 cap.
1798 1615 1832 1639 ιν,
1847 1614 1877 1637 ν;

831 1664 834 1665 ⁷
1120 1645 1162 1670 De
1185 1645 1274 1674 Ver-it„
1295 1652 1340 1677 qu.
1359 1651 1409 1674 xxv,
1429 1649 1475 1668 art.
1500 1651 1537 1668 10.

282 1747 326 1763 «ι
352 1768 361 1776 Μ
384 1753 401 1763 Α-
443 1738 465 1763 ι)
495 1738 632 1763 PRIMUM
660 1738 713 1763 sic
743 1738 987 1764 PROCEDlTUR.
1013 1726 1173 1764 Videtur
1192 1724 1298 1773 quod

257 1765 320 1826 §53¹7
372 1782 416 1843 χ’,ἢ
444 1791 522 1816 non
541 1779 587 1816 sit
606 1779 874 1827 necessarium,
894 1787 1045 1828 praeter
1063 1777 1298 1828 philosophi-

252 1835 299 1893 δ’)
330 1866 348 1875 ,,
373 1826 506 1883 ’ἦεειε
520 1838 535 1859 ⁷
551 1832 777 1881 disciplinas,
799 1832 911 1870 aliam
926 1832 1138 1870 doctrinam
1152 1831 1295 1869 haberi.

290 1863 386 1920 ἑῷ)
403 1880 504 1923 &Ad
529 1898 573 1923 ea
597 1886 699 1923 enirn
719 1898 818 1934 quae
838 1898 953 1935 supra
982 1886 1169 1923 rationem
1198 1891 1295 1930 sunt,

231 1941 351 1976 homo
384 1951 464 1976 non
493 1939 607 1976 debet
635 1939 782 1986 conari,
813 1939 1025 1976 secundum
1061 1939 1151 1976 illud
1178 1937 1294 1975 Eccli.

232 2005 266 2030 111
290 1992 331 2029 *ε
364 1992 501 2029 altiora
529 1998 564 2029 te
591 2004 637 2029 ne
669 1992 883 2041 quaesieris.
920 1993 996 2030 Sed
1031 2003 1210 2041 ea·quae
1239 2003 1296 2028 ra-

229 2046 322 2083 tioni
356 2045 588 2092 subduntur,
618 2045 850 2083 sufficienter
881 2045 1080 2083 traduntur
1107 2045 1146 2082 in
1174 2043 1295 2094 philo-

230 2098 394 2148 sophicis
430 2098 647 2148 disciplinis.
687 2099 935 2149 Superfluum
972 2099 1084 2147 igitur
1123 2098 1295 2146 videtur,

228 2159 379 2202 praeter
397 2152 680 2202 philosophicas
700 2152 927 2202 disciplinas,
949 2152 1061 2190 aliam
1083 2150 1296 2189 doctrinam

230 2205 372 2243 haberi.
399 2204 401 2210 '

286 2270 320 2296 2.
350 2259 585 2306 PRAETEREA,
616 2258 788 2296 doctrina
808 2270 886 2295 non
904 2265 1032 2307 potest
1051 2270 1134 2295 esse
1158 2257 1229 2295 nisi
1250 2257 1297 2294 de

231 2320 337 2349 ente:
371 2311 461 2348 nihil
496 2311 598 2349 enirn
632 2311 746 2353 scitur
778 2311 849 2348 nisi
881 2323 1039 2359 verum,
1074 2312 1179 2361 quod
1208 2322 1296 2347 cum

233 2373 318 2403 ente
347 2365 589 2402 convertitur.
622 2366 698 2403 Sed
728 2364 776 2402 de
805 2364 986 2402 omnibus
1016 2364 1165 2402 entibus
1186 2361 1200 2385 ⁸
1225 2371 1297 2401 tra-

233 2426 352 2456 ctatur
370 2419 408 2456 in
427 2418 700 2468 philosophicis
715 2417 931 2467 disciplinis,
950 2425 986 2455 et
1001 2418 1114 2456 etiam
1135 2418 1183 2455 de
1197 2418 1296 2455 Deo:

231 2472 335 2510 unde
363 2473 554 2521 quaedam
573 2484 661 2522 pars
679 2471 945 2522 philosophiae
968 2477 980 2492 ⁸
1004 2470 1139 2509 dicitur
1161 2470 1298 2508 theolo-

231 2526 319 2575 gia,
350 2525 430 2562 sive
460 2526 614 2563 scientia
643 2525 789 2572 divina,
825 2532 867 2562 ut
893 2531 997 2574 patet
1027 2537 1098 2574 per
1125 2523 1298 2562 Philoso-

231 2579 352 2628 phum
381 2579 419 2616 in
447 2579 497 2616 VI
526 2580 742 2629 Metaphys.
766 2578 788 2601 *
815 2579 907 2615 Non
936 2578 1004 2615 fuit
1031 2578 1141 2626 igitur
1167 2590 1297 2615 neces—

233 2632 392 2679 sarium,
422 2640 571 2681 praeter
598 2632 882 2683 philosophicas
916 2631 1154 2682 disciplinas,
1185 2631 1298 2669 aliam

234 2685 445 2723 doctrinam
466 2685 479 2712 ς
507 2686 650 2723 haberi.

288 2740 362 2776 SED
392 2750 538 2776 CONTRA
566 2751 632 2776 EST
660 2739 765 2787 quod
796 2738 930 2776 dicitur
950 2740 981 2776 11
1010 2739 1063 2776 ad
1092 2739 1188 2776 Tim.
1210 2737 1296 2775 111*:

234 2792 355 2829 omnis
385 2792 571 2840 scriptura
606 2793 780 2830 divinitus
818 2792 999 2841 inspirata
1034 2791 1131 2831 utilis
1165 2797 1218 2830 est
1248 2792 1301 2828 ad

233 2845 453 2891 docendum,
482 2846 534 2882 ad
559 2846 815 2895 arguendum,
845 2846 896 2882 ad
922 2845 1219 2894 corripiendum,
1248 2845 1300 2882 ad

233 2898 477 2935 erudiendum
510 2899 561 2935 ad
596 2899 783 2936 iustitiam.
821 2898 1013 2947 Scriptura
1041 2905 1168 2936 autem
1204 2897 1298 2935 divi-

233 2951 331 2989 nitus
358 2951 538 3000 inspirata
566 2964 645 2989 non
672 2951 833 3001 pertinet
860 2951 909 2989 ad
937 2952 1220 3001 philosophicas
1245 2951 1298 2990 di-

233 3004 422 3054 sciplinas,
438 3017 537 3054 quae
553 3012 640 3043 sunt
659 3005 870 3043 seeundum
886 3005 1071 3042 rationem
1087 3006 1298 3043 humanam

189 3085 191 3087 .
233 3058 423 3095 inventae.
453 3058 552 3096 Utile
580 3058 690 3107 igitur
719 3066 791 3105 est,
829 3066 978 3108 praeter
1013 3058 1299 3108 philosophicas

235 3110 461 3160 disciplinas,
493 3124 574 3149 esse
595 3111 707 3149 aliam
725 3117 740 3135 '⁹
760 3111 955 3149 scientiam
980 3111 1158 3150 divinitus
1172 3111 1300 3161 'inspi-

234 3172 366 3202 ratam.

289 3294 316 3326 α)
338 3294 416 3319 Circa
434 3301 510 3327 quae.
527 3307 547 3315 ·-
567 3294 645 3320 Circa
663 3295 735 3328 quod
753 3295 806 3320 FG.

289 3327 314 3361 β)
334 3329 410 3354 huius
430 3329 576 3355 doctrinae.
585 3343 604 3349 -
613 3329 674 3355 Om.
687 3330 716 3355 B.
730 3344 749 3349 —
758 3331 794 3356 sit
812 3338 865 3356 om.
880 3331 927 3364 pn.
941 3337 1000 3364 post
1013 3335 1102 3358 utrum
1118 3337 1219 3366 ponunt
1233 3331 1299 3357 ACE

235 3363 348 3396 FGpDa,
367 3369 425 3389 ante
443 3365 604 3397 exponenda
623 3365 691 3390 sBD.

288 3399 315 3432 γ)
330 3399 537 3431 philosophicas.
548 3413 567 3420 ·-
576 3400 680 3433 phi'cas
696 3402 797 3427 codices
812 3407 837 3426 et
856 3402 915 3427 edd.
934 3403 974 3427 ab
980 3409 987 3432 ;
1006 3402 1078 3434 infra,
1092 3403 1115 3428 G
1128 3404 1208 3436 vulgo
1224 3403 1300 3436 plene

235 3439 264 3459 ut
275 3434 308 3465 P;
323 3434 342 3459 F
354 3435 435 3460 semel
446 3436 575 3468 phy'cas‚·
589 3436 664 3469 plene
673 3437 811 3470 physicas,
822 3436 945 3470 physicis
955 3442 1012 3468 etc„
1023 3439 1112 3463 nullus
1125 3438 1175 3464 nisi
1189 3443 1300 3464 notatur.

288 3468 313 3502 ὃ)
333 3469 443 3495 entibus.
462 3484 479 3489 —
493 3471 618 3503 partibus
636 3472 704 3496 entis
719 3471 748 3497 C.
765 3485 784 3492 —
803 3471 854 3497 Pro
870 3475 1012 3502 tractatur,
1027 3474 1147 3500 traditur
1159 3477 1186 3500 et
1200 3476 1301 3499 tracea-

236 3507 282 3528 tur
299 3505 330 3529 Α.
348 3518 367 3524 -
385 3508 411 3530 et
429 3513 482 3530 orn.
494 3506 656 3535 ABCEFGa.
675 3507 755 3532 etiam
774 3515 827 3532 om.
842 3507 874 3532 D.

289 3540 311 3571 s)
326 3539 519 3573 philosophiae.
537 3555 556 3561 -
570 3541 657 3574 phi'ce
675 3543 706 3567 B.
722 3556 743 3562 -
761 3546 791 3568 ut
804 3546 884 3575 patet
893 3550 946 3576 per·
960 3543 1148 3576 Philosophum
1166 3551 1220 3570 om.
1235 3544 1264 3570 C.

288 3574 314 3607 ζ)
333 3575 414 3600 aliam
434 3575 591 3602 doctrinam.
604 3591 623 3597 -
637 3578 753 3610 aliquam
772 3578 909 3604 scientiam
923 3579 951 3603 Β.
964 3593 984 3599 -
997 3579 1048 3604 Pro
1062 3580 1161 3609 haberi,
1167 3579 1234 3613 fleri
1246 3579 1302 3606 sive

237 3610 288 3642 (vel
307 3610 376 3641 BFa)
396 3611 488 3636 haberi
507 3612 607 3637 codices
627 3619 652 3638 et
670 3614 710 3638 ed.
724 3621 749 3638 a.

290 3645 316 3677 η)
335 3646 426 3671 aliam.
444 3660 462 3665 -
481 3647 542 3672 Om.
557 3647 585 3672 Ε.
603 3662 622 3667 -
639 3649 777 3673 scientiam
797 3657 851 3674 om.
866 3649 894 3674 F.

1406 1724 1634 1760 stponmzo
1663 1720 1849 1760 DiCENDuM
1879 1723 1986 1773 quod
2006 1724 2270 1762 necessarium
2289 1725 2359 1763 fuit
2377 1726 2428 1764 ad

1350 1777 1562 1814 humanam
1592 1777 1769 1825 salutem,
1800 1789 1882 1813 esse
1913 1776 2127 1814 doctrinam
2151 1778 2350 1828 quandam
2369 1791 2428 1816 se-

1351 1830 1522 1867 cundum
1552 1829 1827 1867 revelationem
1857 1830 2045 1879 divinam,
2078 1839 2230 1880 praeter
2254 1832 2427 1882 philoso-

1349 1883 1482 1932 phicas
1512 1882 1742 1932 disciplinas,
1773 1895 1872 1932 quae
1900 1883 2048 1923 ratione
2076 1884 2248 1924 humana
2272 1885 2427 1925 investi-

1349 1943 1496 1984 gantur.
1526 1935 1658 1972 Primo
1687 1935 1860 1985 quidem,
1895 1936 1985 1987 quia
2011 1938 2134 1975 homo
2158 1937 2427 1987 ordinaturad

1349 1989 1478 2026 Deum
1503 1988 1599 2026 sicut
1618 1989 1668 2026 ad
1685 1987 1699 2010 ⁰
1719 1988 1916 2039 quendam
1937 1989 2057 2028 finem
2077 1991 2143 2040 qui
2171 1989 2427 2042 comprehen-

1349 2042 1501 2080 sionem
1534 2042 1690 2080 rationis
1725 2042 1893 2091 excedit,
1927 2044 2142 2083 secundum
2179 2044 2273 2084 illud
2306 2045 2428 2100 Iasiae

1350 2107 1433 2133 inv
1457 2095 1496 2132 *ε
1531 2095 1662 2133 oculus
1699 2108 1774 2133 non
1812 2096 1906 2134 vidit
1935 2097 2041 2134 Deus
2072 2099 2214 2148 absque
2241 2104 2296 2147 te,
2329 2108 2429 2151 qm
2454 2109 2466 2121 ⁸

1344 2149 1590 2198 praeparasti
1616 2149 1856 2200 diligentibus
1885 2155 1928 2186 te.
1961 2149 2097 2188 Finem
2124 2158 2255 2190 autem
2274 2151 2429 2203 oportet

1351 2213 1432 2239 esse
1460 2202 1752 2252 praecognitum
1780 2203 2016 2252 hominibus,
2046 2204 2111 2255 qui
2139 2217 2228 2243 suas
2251 2205 2426 2244 intentio-

1350 2268 1418 2292 nes
1448 2263 1484 2292 et
1511 2255 1681 2293 actiones
1699 2263 1708 2276 ·
1733 2255 1875 2294 debent
1894 2256 2071 2295 ordinare
2091 2257 2130 2295 in
2149 2258 2281 2296 finem.
2311 2258 2427 2298 Unde

1350 2309 1610 2346 necessarium
1629 2309 1698 2346 fuit
1717 2309 1866 2348 homini
1886 2310 1935 2348 ad
1954 2311 2130 2358 salutem,
2151 2313 2259 2361 quod
2278 2313 2313 2350 ei
2333 2320 2426 2352 nota

1350 2363 1486 2400 fierent
1505 2362 1697 2412 quaedam
1711 2368 1725 2383 '¹
1742 2375 1813 2412 per
1831 2363 2106 2402 revelationem
2127 2365 2311 2415 divinam,
2327 2378 2427 2417 quae

1352 2416 1540 2454 rationem
1569 2417 1782 2454 humanam
1812 2417 2012 2455 excedunt.

1405 2469 1465 2507 Ad
1505 2482 1550 2507 ea
1587 2469 1701 2507 etiam
1736 2482 1834 2520 quae
1869 2470 1917 2508 de
1950 2471 2036 2509 Deo
2073 2472 2219 2511 ratione
2254 2473 2427 2513 humana

1351 2523 1568 2572 investigari
1605 2531 1787 2573 possunt,
1827 2525 2085 2563 necessarium
2119 2526 2188 2564 fuit
2226 2526 2427 2566 hominem

1351 2577 1482 2614 instrui
1511 2577 1744 2614 revelatione
1774 2577 1914 2615 divina.
1946 2578 2048 2626 Quia
2078 2579 2221 2618 veritas
2249 2581 2297 2619 de
2325 2580 2425 2630 Deo,

1351 2642 1419 2679 per
1448 2630 1635 2668 rationem
1665 2631 1907 2680 investigata,
1937 2644 1959 2670 a
1987 2633 2120 2682 paucis
2138 2631 2163 2681 ³,
2194 2642 2230 2671 et
2247 2646 2318 2685 per
2345 2635 2427 2674 lon-

1350 2696 1443 2732 gum
1471 2692 1636 2734 tempuS‚
1667 2692 1703 2722 et
1723 2697 1811 2722 cum
1836 2685 2070 2724 admixtione
2091 2688 2304 2726 multorum
2323 2700 2426 2727 erro-

1353 2750 1450 2785 rum,
1480 2738 1626 2775 homini
1654 2738 1896 2787 proveniret:
1921 2752 1944 2777 a
1964 2739 2071 2777 cuius
2099 2749 2230 2779 tamen
2257 2741 2427 2782 veritatis

1353 2791 1567 2840 cognitione
1606 2791 1797 2841 dependet
1833 2800 1912 2830 tota
1948 2793 2117 2832 hominis
2155 2796 2256 2832 salus
2273 2825 2282 2843 ‚
2325 2807 2426 2845 quae

1351 2845 1390 2882 in
1418 2845 1503 2882 Deo
1533 2853 1599 2882 est.
1631 2846 1680 2883 Ut
1707 2845 1819 2894 igitur
1847 2847 1948 2884 salus
1976 2839 2198 2886 hominibus
2227 2856 2264 2886 et
2284 2861 2426 2888 conve-

1351 2898 1515 2936 nientius
1544 2906 1580 2935 et
1608 2898 1744 2936 certius
1772 2899 1992 2949 proveniat,
2029 2901 2291 2940 necessarium
2320 2902 2388 2941 fuit
2406 2910 2427 2931 μ

1346 2951 1459 3001 quod
1495 2952 1542 2989 de
1579 2952 1716 2990 divinis
1750 2965 1819 3002 per
1853 2954 2023 2991 divinam
2057 2955 2333 2994 revelationem
2369 2956 2425 2995 in-

1352 3012 1554 3043 struantur.

1406 3058 1676 3096 Necessarium
1695 3058 1805 3107 igitur
1824 3060 1903 3107 fuit,
1931 3068 2083 3111 praeter
2101 3066 2113 3081 “
2139 3061 2426 3112 philosophicas
2460 3097 2466 3106 .

1354 3111 1584 3162 disciplinaS,
1615 3124 1712 3162 quae
1741 3125 1809 3162 per
1837 3114 2026 3152 rationem
2054 3114 2338 3165 investigantur,
2368 3129 2426 3156 sa-

1353 3177 1459 3203 cram
1488 3165 1702 3203 doctrinam
1731 3179 1800 3215 per
1828 3167 2105 3206 revelationem
2134 3169 2278 3207 haberi.

1407 3296 1431 3329 0)
1450 3298 1488 3323 ad
1508 3298 1593 3323 Deum
1612 3299 1682 3324 sicut
1705 3299 1750 3324 ad.
1769 3314 1787 3318 -
1805 3307 1823 3324 a
1847 3299 1906 3326 Deo
1923 3300 1962 3325 ad
1979 3299 2158 3334 BCDEFGpA
2179 3306 2205 3326 et
2225 3302 2265 3327 ed.
2283 3309 2309 3332 a,
2328 3309 2346 3328 a
2366 3302 2425 3332 Deo

1354 3336 1384 3358 ut
1402 3333 1440 3402 (δά
1447 3334 1607 3394 ἰῗιῗέηείοηεε
1626 3373 1653 3395 et
1671 3370 1797 3396 actiones.
1814 3383 1834 3389 -
1851 3373 1878 3396 et
1896 3370 2016 3396 actiones
2034 3378 2088 3396 om.
2103 3372 2132 3397 E.

1407 3404 1432 3436 κ)
1452 3404 1591 3437 quaedam.
1610 3418 1629 3424 -
1648 3405 1751 3431 Omittit
1769 3406 1801 3430 Α.

1406 3437 1434 3472 λ)
1454 3439 1623 3473 investigata,
1642 3448 1660 3465 a
1675 3441 1779 3472 paucis.
1792 3441 1988 3475 -investigata
2001 3442 2098 3474 paucis
2115 3443 2146 3475 E,
2166 3443 2331 3477 investigata
2347 3446 2388 3472 eat
2405 3451 2424 3469 a

1349 3474 1445 3507 paucis
1460 3475 1527 3535 stEt.
1543 3489 1564 3535 ἓ
1583 3475 1633 3500 Pro
1652 3475 1754 3502 homini
1767 3477 1932 3508 proveniret,
1946 3477 2047 3503 homini
2059 3479 2188 3511 provenit
2205 3479 2259 3511 BD,
2273 3478 2424 3506 hominibus

1348 3516 1494 3579 prossmcen
1513 3528 1634 3579 igitur..
1647 3546 1712 3580 suit.
1731 3560 1750 3566 -
1768 3547 1954 3573 Necessarium
1969 3551 2009 3574 est
2027 3549 2120 3583 igitur,
2141 3553 2171 3575 ut
2185 3549 2259 3575 salus
2271 3549 2424 3576 hominibus

1354 3583 1380 3606 et
1397 3581 1564 3622 communius
1582 3585 1608 3607 et
1626 3582 1727 3623 certius
1738 3583 1885 3615 proveniat
1902 3584 1936 3616 B;
1956 3585 2033 3610 ceteri
2053 3593 2100 3618 pro
2115 3585 2315 3612 convenientius
2334 3585 2424 3619 legunt

1354 3623 1528 3646 communius,
1549 3621 1574 3642 et
1593 3625 1641 3650 pro
1659 3620 1766 3647 certms,
1786 3619 1917 3649 securius;
1937 3621 2103 3647 communius
2122 3621 2199 3646 etiam
2219 3621 2277 3647 edd.
2291 3628 2308 3646 a
2320 3620 2343 3646 b.

1409 3652 1432 3683 ν)
1447 3655 1569 3684 praeter.
1588 3665 1607 3672 ·-
1625 3653 1706 3678 etiam
1720 3657 1834 3686 praeter
1852 3654 1999 3680 ACDEFG.
