<?xml version="1.0" encoding="UTF-8"?>
<!DOCTYPE html PUBLIC "-//W3C//DTD XHTML 1.0 Transitional//EN"
    "http://www.w3.org/TR/xhtml1/DTD/xhtml1-transitional.dtd">
<html xmlns="http://www.w3.org/1999/xhtml" xml:lang="en" lang="en">
 <head>
  <title>
</title>
<meta http-equiv="Content-Type" content="text/html;charset=utf-8" />
  <meta name='ocr-system' content='tesseract 3.04.00' />
  <meta name='ocr-capabilities' content='ocr_page ocr_carea ocr_par ocr_line ocrx_word'/>
</head>
<body>
  <div class='ocr_page' id='page_1' title='image "./operaomniaiussui04thom_0216.png"; bbox 0 0 2768 4178; ppageno 0'>
   <div class='ocr_carea' id='block_1_1' title="bbox 40 373 249 419">
    <p class='ocr_par' dir='ltr' id='par_1_1' title="bbox 40 373 249 419">
     <span class='ocr_line' id='line_1_1' title="bbox 40 373 249 397; baseline 0 -6"><span class='ocrx_word' id='word_1_1' title='bbox 40 373 49 381; x_wconf 90' lang='grc'>·</span> <span class='ocrx_word' id='word_1_2' title='bbox 92 377 115 392; x_wconf 87' lang='lat' dir='ltr'>u.</span> <span class='ocrx_word' id='word_1_3' title='bbox 131 376 150 397; x_wconf 83' lang='grc' dir='ltr'>ι,</span> <span class='ocrx_word' id='word_1_4' title='bbox 166 373 208 391; x_wconf 85' lang='lat' dir='ltr'>art.</span> <span class='ocrx_word' id='word_1_5' title='bbox 223 376 249 396; x_wconf 82' lang='lat'>4;</span> 
     </span>
     <span class='ocr_line' id='line_1_2' title="bbox 41 398 216 419; baseline -0.006 0"><span class='ocrx_word' id='word_1_6' title='bbox 41 398 72 419; x_wconf 84' lang='lat' dir='ltr'>cf.</span> <span class='ocrx_word' id='word_1_7' title='bbox 104 400 216 419; x_wconf 86' lang='lat' dir='ltr'>omment.</span> 
     </span>
    </p>
   </div>
   <div class='ocr_carea' id='block_1_2' title="bbox 41 723 240 797">
    <p class='ocr_par' dir='ltr' id='par_1_2' title="bbox 41 723 240 797">
     <span class='ocr_line' id='line_1_3' title="bbox 45 723 227 746; baseline -0.011 -1"><span class='ocrx_word' id='word_1_8' title='bbox 45 725 54 734; x_wconf 68' lang='lat'>⁹</span> <span class='ocrx_word' id='word_1_9' title='bbox 71 723 107 746; x_wconf 81' lang='lat' dir='ltr'>Cf.</span> <span class='ocrx_word' id='word_1_10' title='bbox 123 729 187 746; x_wconf 88' lang='lat' dir='ltr'>num.</span> <span class='ocrx_word' id='word_1_11' title='bbox 197 729 227 744; x_wconf 82' lang='lat' dir='ltr'>iv.</span> 
     </span>
     <span class='ocr_line' id='line_1_4' title="bbox 41 769 240 797; baseline 0 -7"><span class='ocrx_word' id='word_1_12' title='bbox 41 771 50 779; x_wconf 87' lang='grc'>·</span> <span class='ocrx_word' id='word_1_13' title='bbox 67 769 117 797; x_wconf 90' lang='lat' dir='ltr'>Qu.</span> <span class='ocrx_word' id='word_1_14' title='bbox 127 775 156 796; x_wconf 77' lang='lat' dir='ltr'>tv,</span> <span class='ocrx_word' id='word_1_15' title='bbox 172 772 214 791; x_wconf 82' lang='lat' dir='ltr'>art.</span> <span class='ocrx_word' id='word_1_16' title='bbox 224 774 240 790; x_wconf 85' lang='grc' dir='ltr'>ι.</span> 
     </span>
    </p>
   </div>
   <div class='ocr_carea' id='block_1_3' title="bbox 44 985 256 1041">
    <p class='ocr_par' dir='ltr' id='par_1_3' title="bbox 44 985 256 1041">
     <span class='ocr_line' id='line_1_5' title="bbox 44 985 256 1008; baseline 0.005 -1"><span class='ocrx_word' id='word_1_17' title='bbox 44 988 53 996; x_wconf 86' lang='grc'>·</span> <span class='ocrx_word' id='word_1_18' title='bbox 69 985 105 1008; x_wconf 84' lang='lat' dir='ltr'>Cf.</span> <span class='ocrx_word' id='word_1_19' title='bbox 117 986 186 1008; x_wconf 82' lang='lat' dir='ltr'>etiam</span> <span class='ocrx_word' id='word_1_20' title='bbox 199 986 256 1008; x_wconf 85' lang='lat' dir='ltr'>Pro—</span> 
     </span>
     <span class='ocr_line' id='line_1_6' title="bbox 44 1013 255 1041; baseline 0 -7"><span class='ocrx_word' id='word_1_21' title='bbox 44 1013 100 1040; x_wconf 65' lang='lat' dir='ltr'>log„</span> <span class='ocrx_word' id='word_1_22' title='bbox 110 1016 255 1041; x_wconf 78' lang='lat' dir='ltr'>qu.1v‚art.2.</span> 
     </span>
    </p>
   </div>
   <div class='ocr_carea' id='block_1_4' title="bbox 42 1655 241 1683">
    <p class='ocr_par' dir='ltr' id='par_1_4' title="bbox 42 1655 241 1683">
     <span class='ocr_line' id='line_1_7' title="bbox 42 1655 241 1683; baseline 0 -6"><span class='ocrx_word' id='word_1_23' title='bbox 42 1656 53 1666; x_wconf 77' lang='lat'>⁸</span> <span class='ocrx_word' id='word_1_24' title='bbox 68 1655 116 1683; x_wconf 90' lang='lat' dir='ltr'>Qu.</span> <span class='ocrx_word' id='word_1_25' title='bbox 127 1661 158 1683; x_wconf 76' lang='lat' dir='ltr'>iv,</span> <span class='ocrx_word' id='word_1_26' title='bbox 169 1659 212 1677; x_wconf 85' lang='lat' dir='ltr'>art.</span> <span class='ocrx_word' id='word_1_27' title='bbox 220 1661 241 1677; x_wconf 89' lang='lat'>2.</span> 
     </span>
    </p>
   </div>
   <div class='ocr_carea' id='block_1_5' title="bbox 42 1878 230 1906">
    <p class='ocr_par' dir='ltr' id='par_1_5' title="bbox 42 1878 230 1906">
     <span class='ocr_line' id='line_1_8' title="bbox 42 1878 230 1906; baseline 0.005 -6"><span class='ocrx_word' id='word_1_28' title='bbox 42 1880 51 1889; x_wconf 82' lang='lat'>&#39;</span> <span class='ocrx_word' id='word_1_29' title='bbox 71 1878 119 1906; x_wconf 82' lang='lat' dir='ltr'>Qu.</span> <span class='ocrx_word' id='word_1_30' title='bbox 129 1884 144 1906; x_wconf 82' lang='lat'>1,</span> <span class='ocrx_word' id='word_1_31' title='bbox 155 1882 198 1901; x_wconf 85' lang='lat' dir='ltr'>art.</span> <span class='ocrx_word' id='word_1_32' title='bbox 207 1885 230 1906; x_wconf 91' lang='lat'>4.</span> 
     </span>
    </p>
   </div>
   <div class='ocr_carea' id='block_1_6' title="bbox 283 285 355 333">
    <p class='ocr_par' dir='ltr' id='par_1_6' title="bbox 283 285 355 333">
     <span class='ocr_line' id='line_1_9' title="bbox 283 285 355 333; baseline -0.014 -11"><span class='ocrx_word' id='word_1_33' title='bbox 283 285 355 333; x_wconf 86' lang='lat'>198</span> 
     </span>
    </p>
   </div>
   <div class='ocr_carea' id='block_1_7' title="bbox 279 363 1355 2051">
    <p class='ocr_par' dir='ltr' id='par_1_7' title="bbox 279 363 1354 715">
     <span class='ocr_line' id='line_1_10' title="bbox 279 363 1353 405; baseline 0 -10"><span class='ocrx_word' id='word_1_34' title='bbox 279 365 365 396; x_wconf 84' lang='lat' dir='ltr'>iuxta</span> <span class='ocrx_word' id='word_1_35' title='bbox 389 374 425 395; x_wconf 88' lang='lat' dir='ltr'>ea</span> <span class='ocrx_word' id='word_1_36' title='bbox 449 374 530 405; x_wconf 91' lang='lat' dir='ltr'>quae</span> <span class='ocrx_word' id='word_1_37' title='bbox 554 363 587 394; x_wconf 92' lang='lat' dir='ltr'>in</span> <span class='ocrx_word' id='word_1_38' title='bbox 611 364 748 404; x_wconf 87' lang='lat' dir='ltr'>prologo</span> <span class='ocrx_word' id='word_1_39' title='bbox 773 364 856 395; x_wconf 86' lang='lat' dir='ltr'>dicta</span> <span class='ocrx_word' id='word_1_40' title='bbox 879 371 953 395; x_wconf 91' lang='lat' dir='ltr'>sunt</span> <span class='ocrx_word' id='word_1_41' title='bbox 968 363 995 395; x_wconf 86' lang='lat'>*.</span> <span class='ocrx_word' id='word_1_42' title='bbox 1019 364 1093 395; x_wconf 89' lang='lat' dir='ltr'>Alio</span> <span class='ocrx_word' id='word_1_43' title='bbox 1108 364 1220 401; x_wconf 90' lang='lat' dir='ltr'>mod0,</span> <span class='ocrx_word' id='word_1_44' title='bbox 1244 365 1277 395; x_wconf 90' lang='lat' dir='ltr'>in</span> <span class='ocrx_word' id='word_1_45' title='bbox 1302 374 1353 395; x_wconf 91' lang='lat' dir='ltr'>re-</span> 
     </span>
     <span class='ocr_line' id='line_1_11' title="bbox 280 408 1353 450; baseline -0.001 -10"><span class='ocrx_word' id='word_1_46' title='bbox 280 414 389 450; x_wconf 78' lang='lat' dir='ltr'>spectu</span> <span class='ocrx_word' id='word_1_47' title='bbox 414 409 490 439; x_wconf 87' lang='lat' dir='ltr'>talis</span> <span class='ocrx_word' id='word_1_48' title='bbox 513 409 605 439; x_wconf 85' lang='lat' dir='ltr'>sciti:</span> <span class='ocrx_word' id='word_1_49' title='bbox 629 415 659 439; x_wconf 91' lang='lat' dir='ltr'>et</span> <span class='ocrx_word' id='word_1_50' title='bbox 683 408 726 439; x_wconf 88' lang='lat' dir='ltr'>sic</span> <span class='ocrx_word' id='word_1_51' title='bbox 751 408 865 439; x_wconf 90' lang='lat' dir='ltr'>dicitur</span> <span class='ocrx_word' id='word_1_52' title='bbox 887 408 940 439; x_wconf 91' lang='lat' dir='ltr'>hic</span> <span class='ocrx_word' id='word_1_53' title='bbox 957 409 995 439; x_wconf 90' lang='lat' dir='ltr'>de</span> <span class='ocrx_word' id='word_1_54' title='bbox 1012 419 1047 439; x_wconf 88' lang='lat' dir='ltr'>ea</span> <span class='ocrx_word' id='word_1_55' title='bbox 1064 409 1154 449; x_wconf 88' lang='lat' dir='ltr'>quod</span> <span class='ocrx_word' id='word_1_56' title='bbox 1173 415 1219 439; x_wconf 89' lang='lat' dir='ltr'>est</span> <span class='ocrx_word' id='word_1_57' title='bbox 1242 419 1353 450; x_wconf 89' lang='lat' dir='ltr'>specu-</span> 
     </span>
     <span class='ocr_line' id='line_1_12' title="bbox 280 452 1353 494; baseline 0 -10"><span class='ocrx_word' id='word_1_58' title='bbox 280 453 375 484; x_wconf 88' lang='lat' dir='ltr'>lativa</span> <span class='ocrx_word' id='word_1_59' title='bbox 399 459 453 483; x_wconf 89' lang='lat' dir='ltr'>aut</span> <span class='ocrx_word' id='word_1_60' title='bbox 476 452 622 493; x_wconf 84' lang='lat' dir='ltr'>practica.</span> <span class='ocrx_word' id='word_1_61' title='bbox 647 453 806 493; x_wconf 90' lang='lat' dir='ltr'>Respectu</span> <span class='ocrx_word' id='word_1_62' title='bbox 830 452 962 494; x_wconf 90' lang='lat' dir='ltr'>quidem</span> <span class='ocrx_word' id='word_1_63' title='bbox 987 453 1083 483; x_wconf 92' lang='lat' dir='ltr'>huius</span> <span class='ocrx_word' id='word_1_64' title='bbox 1107 452 1175 483; x_wconf 92' lang='lat' dir='ltr'>sciti</span> <span class='ocrx_word' id='word_1_65' title='bbox 1198 453 1288 493; x_wconf 92' lang='lat' dir='ltr'>quod</span> <span class='ocrx_word' id='word_1_66' title='bbox 1308 459 1353 484; x_wconf 92' lang='lat' dir='ltr'>est</span> 
     </span>
     <span class='ocr_line' id='line_1_13' title="bbox 282 495 1354 539; baseline -0.001 -11"><span class='ocrx_word' id='word_1_67' title='bbox 282 497 416 528; x_wconf 89' lang='lat' dir='ltr'>essentia</span> <span class='ocrx_word' id='word_1_68' title='bbox 444 507 501 527; x_wconf 90' lang='lat' dir='ltr'>sua</span> <span class='ocrx_word' id='word_1_69' title='bbox 524 495 615 539; x_wconf 91' lang='lat' dir='ltr'>(non</span> <span class='ocrx_word' id='word_1_70' title='bbox 643 503 680 528; x_wconf 93' lang='lat' dir='ltr'>ut</span> <span class='ocrx_word' id='word_1_71' title='bbox 703 497 837 528; x_wconf 85' lang='lat' dir='ltr'>essentia</span> <span class='ocrx_word' id='word_1_72' title='bbox 867 503 913 528; x_wconf 92' lang='lat' dir='ltr'>est</span> <span class='ocrx_word' id='word_1_73' title='bbox 945 497 1159 538; x_wconf 88' lang='lat' dir='ltr'>adaequatum</span> <span class='ocrx_word' id='word_1_74' title='bbox 1190 497 1354 528; x_wconf 91' lang='lat' dir='ltr'>obiectum</span> 
     </span>
     <span class='ocr_line' id='line_1_14' title="bbox 282 541 1353 582; baseline 0 -10"><span class='ocrx_word' id='word_1_75' title='bbox 282 541 447 578; x_wconf 88' lang='lat' dir='ltr'>scientiae,</span> <span class='ocrx_word' id='word_1_76' title='bbox 472 541 515 572; x_wconf 90' lang='lat' dir='ltr'>sic</span> <span class='ocrx_word' id='word_1_77' title='bbox 539 541 626 572; x_wconf 89' lang='lat' dir='ltr'>enim</span> <span class='ocrx_word' id='word_1_78' title='bbox 641 541 777 582; x_wconf 83' lang='lat' dir='ltr'>pertinet</span> <span class='ocrx_word' id='word_1_79' title='bbox 799 542 840 572; x_wconf 89' lang='lat' dir='ltr'>ad</span> <span class='ocrx_word' id='word_1_80' title='bbox 855 541 1019 572; x_wconf 84' lang='lat' dir='ltr'>scientiam</span> <span class='ocrx_word' id='word_1_81' title='bbox 1035 541 1094 572; x_wconf 90' lang='lat' dir='ltr'>Dei</span> <span class='ocrx_word' id='word_1_82' title='bbox 1118 541 1277 578; x_wconf 81' lang='lat' dir='ltr'>absolute3</span> <span class='ocrx_word' id='word_1_83' title='bbox 1298 542 1353 572; x_wconf 88' lang='lat' dir='ltr'>sed</span> 
     </span>
     <span class='ocr_line' id='line_1_15' title="bbox 282 584 1352 627; baseline 0 -11"><span class='ocrx_word' id='word_1_84' title='bbox 282 593 318 617; x_wconf 94' lang='lat' dir='ltr'>ut</span> <span class='ocrx_word' id='word_1_85' title='bbox 334 593 380 616; x_wconf 91' lang='lat' dir='ltr'>est</span> <span class='ocrx_word' id='word_1_86' title='bbox 394 586 560 626; x_wconf 83' lang='lat' dir='ltr'>quoddam</span> <span class='ocrx_word' id='word_1_87' title='bbox 576 584 711 627; x_wconf 79' lang='lat' dir='ltr'>speciale</span> <span class='ocrx_word' id='word_1_88' title='bbox 731 586 847 618; x_wconf 91' lang='lat' dir='ltr'>scitum</span> <span class='ocrx_word' id='word_1_89' title='bbox 863 586 1048 617; x_wconf 90' lang='lat' dir='ltr'>distinctum</span> <span class='ocrx_word' id='word_1_90' title='bbox 1063 592 1173 616; x_wconf 89' lang='lat' dir='ltr'>contra</span> <span class='ocrx_word' id='word_1_91' title='bbox 1187 585 1248 616; x_wconf 85' lang='lat' dir='ltr'>alia</span> <span class='ocrx_word' id='word_1_92' title='bbox 1266 586 1352 622; x_wconf 87' lang='lat' dir='ltr'>scita,</span> 
     </span>
     <span class='ocr_line' id='line_1_16' title="bbox 282 629 1352 673; baseline 0 -12"><span class='ocrx_word' id='word_1_93' title='bbox 282 630 399 661; x_wconf 89' lang='lat' dir='ltr'>scilicet</span> <span class='ocrx_word' id='word_1_94' title='bbox 417 630 477 660; x_wconf 84' lang='lat' dir='ltr'>alia</span> <span class='ocrx_word' id='word_1_95' title='bbox 494 641 511 660; x_wconf 88' lang='lat' dir='ltr'>a</span> <span class='ocrx_word' id='word_1_96' title='bbox 527 629 622 673; x_wconf 85' lang='lat' dir='ltr'>Deo),</span> <span class='ocrx_word' id='word_1_97' title='bbox 647 637 694 662; x_wconf 90' lang='lat' dir='ltr'>est</span> <span class='ocrx_word' id='word_1_98' title='bbox 717 630 925 671; x_wconf 88' lang='lat' dir='ltr'>speculativa:</span> <span class='ocrx_word' id='word_1_99' title='bbox 952 636 1095 671; x_wconf 90' lang='lat' dir='ltr'>respectu</span> <span class='ocrx_word' id='word_1_100' title='bbox 1111 640 1187 660; x_wconf 87' lang='lat' dir='ltr'>vero</span> <span class='ocrx_word' id='word_1_101' title='bbox 1204 630 1352 668; x_wconf 90' lang='lat' dir='ltr'>aliorum,</span> 
     </span>
     <span class='ocr_line' id='line_1_17' title="bbox 282 674 975 715; baseline 0 -9"><span class='ocrx_word' id='word_1_102' title='bbox 282 682 328 706; x_wconf 90' lang='lat' dir='ltr'>est</span> <span class='ocrx_word' id='word_1_103' title='bbox 351 674 488 715; x_wconf 83' lang='lat' dir='ltr'>practica</span> <span class='ocrx_word' id='word_1_104' title='bbox 510 682 585 711; x_wconf 90' lang='lat' dir='ltr'>etc.,</span> <span class='ocrx_word' id='word_1_105' title='bbox 610 681 647 706; x_wconf 91' lang='lat' dir='ltr'>ut</span> <span class='ocrx_word' id='word_1_106' title='bbox 669 675 702 706; x_wconf 92' lang='lat' dir='ltr'>in</span> <span class='ocrx_word' id='word_1_107' title='bbox 726 675 828 707; x_wconf 88' lang='lat' dir='ltr'>littera</span> <span class='ocrx_word' id='word_1_108' title='bbox 852 674 975 706; x_wconf 89' lang='lat' dir='ltr'>dicitur.</span> 
     </span>
    </p>

    <p class='ocr_par' dir='ltr' id='par_1_8' title="bbox 282 718 1355 1159">
     <span class='ocr_line' id='line_1_18' title="bbox 336 718 1352 760; baseline 0 -10"><span class='ocrx_word' id='word_1_109' title='bbox 336 719 390 750; x_wconf 92' lang='lat' dir='ltr'>VI.</span> <span class='ocrx_word' id='word_1_110' title='bbox 403 718 495 750; x_wconf 89' lang='lat' dir='ltr'>Circa</span> <span class='ocrx_word' id='word_1_111' title='bbox 507 719 627 760; x_wconf 88' lang='lat' dir='ltr'>positas</span> <span class='ocrx_word' id='word_1_112' title='bbox 640 719 862 750; x_wconf 88' lang='lat' dir='ltr'>conclusiones</span> <span class='ocrx_word' id='word_1_113' title='bbox 872 719 890 738; x_wconf 88' lang='grc'><strong>*</strong></span> <span class='ocrx_word' id='word_1_114' title='bbox 900 719 1035 749; x_wconf 89' lang='lat' dir='ltr'>dubium</span> <span class='ocrx_word' id='word_1_115' title='bbox 1048 718 1184 749; x_wconf 89' lang='lat' dir='ltr'>occurrit</span> <span class='ocrx_word' id='word_1_116' title='bbox 1196 728 1233 749; x_wconf 85' lang='lat' dir='ltr'>ex</span> <span class='ocrx_word' id='word_1_117' title='bbox 1245 718 1352 751; x_wconf 86' lang='lat' dir='ltr'>Scoto.</span> 
     </span>
     <span class='ocr_line' id='line_1_19' title="bbox 282 762 1354 804; baseline 0 -11"><span class='ocrx_word' id='word_1_118' title='bbox 282 763 352 804; x_wconf 90' lang='lat' dir='ltr'>Ipse</span> <span class='ocrx_word' id='word_1_119' title='bbox 376 763 535 804; x_wconf 91' lang='lat' dir='ltr'>siquidem</span> <span class='ocrx_word' id='word_1_120' title='bbox 558 763 592 794; x_wconf 92' lang='lat' dir='ltr'>in</span> <span class='ocrx_word' id='word_1_121' title='bbox 614 764 755 804; x_wconf 88' lang='lat' dir='ltr'>Prologo</span> <span class='ocrx_word' id='word_1_122' title='bbox 778 763 876 795; x_wconf 87' lang='lat' dir='ltr'>Primi</span> <span class='ocrx_word' id='word_1_123' title='bbox 896 763 1136 794; x_wconf 83' lang='lat' dir='ltr'>Sententiarum</span> <span class='ocrx_word' id='word_1_124' title='bbox 1149 762 1175 799; x_wconf 89' lang='lat'>*,</span> <span class='ocrx_word' id='word_1_125' title='bbox 1196 769 1282 794; x_wconf 90' lang='lat' dir='ltr'>tenet</span> <span class='ocrx_word' id='word_1_126' title='bbox 1296 773 1354 803; x_wconf 87' lang='lat' dir='ltr'>op-</span> 
     </span>
     <span class='ocr_line' id='line_1_20' title="bbox 282 807 1354 849; baseline -0.001 -11"><span class='ocrx_word' id='word_1_127' title='bbox 282 807 426 848; x_wconf 89' lang='lat' dir='ltr'>positum</span> <span class='ocrx_word' id='word_1_128' title='bbox 444 808 567 849; x_wconf 80' lang='lat' dir='ltr'>primae</span> <span class='ocrx_word' id='word_1_129' title='bbox 586 808 810 845; x_wconf 88' lang='lat' dir='ltr'>conclusionis,</span> <span class='ocrx_word' id='word_1_130' title='bbox 829 809 907 839; x_wconf 92' lang='lat' dir='ltr'>dum</span> <span class='ocrx_word' id='word_1_131' title='bbox 927 807 1037 838; x_wconf 89' lang='lat' dir='ltr'>definit</span> <span class='ocrx_word' id='word_1_132' title='bbox 1055 807 1220 838; x_wconf 89' lang='lat' dir='ltr'>scientiam</span> <span class='ocrx_word' id='word_1_133' title='bbox 1239 807 1298 838; x_wconf 91' lang='lat' dir='ltr'>Dei</span> <span class='ocrx_word' id='word_1_134' title='bbox 1315 807 1354 838; x_wconf 90' lang='lat' dir='ltr'>de</span> 
     </span>
     <span class='ocr_line' id='line_1_21' title="bbox 283 851 1354 894; baseline 0 -12"><span class='ocrx_word' id='word_1_135' title='bbox 283 852 388 893; x_wconf 91' lang='lat' dir='ltr'>seipso</span> <span class='ocrx_word' id='word_1_136' title='bbox 413 862 479 883; x_wconf 91' lang='lat' dir='ltr'>esse</span> <span class='ocrx_word' id='word_1_137' title='bbox 494 853 679 893; x_wconf 85' lang='lat' dir='ltr'>simpliciter</span> <span class='ocrx_word' id='word_1_138' title='bbox 693 853 881 894; x_wconf 85' lang='lat' dir='ltr'>practicam:</span> <span class='ocrx_word' id='word_1_139' title='bbox 907 859 962 884; x_wconf 89' lang='lat' dir='ltr'>aut</span> <span class='ocrx_word' id='word_1_140' title='bbox 977 852 1056 882; x_wconf 88' lang='lat' dir='ltr'>nihil</span> <span class='ocrx_word' id='word_1_141' title='bbox 1075 851 1134 882; x_wconf 89' lang='lat' dir='ltr'>sibi</span> <span class='ocrx_word' id='word_1_142' title='bbox 1150 852 1258 882; x_wconf 89' lang='lat' dir='ltr'>deesse</span> <span class='ocrx_word' id='word_1_143' title='bbox 1274 851 1354 893; x_wconf 91' lang='lat' dir='ltr'>quin</span> 
     </span>
     <span class='ocr_line' id='line_1_22' title="bbox 283 896 1354 939; baseline -0.001 -12"><span class='ocrx_word' id='word_1_144' title='bbox 283 897 322 927; x_wconf 93' lang='lat' dir='ltr'>sit</span> <span class='ocrx_word' id='word_1_145' title='bbox 345 897 499 937; x_wconf 88' lang='lat' dir='ltr'>practica,</span> <span class='ocrx_word' id='word_1_146' title='bbox 524 897 584 928; x_wconf 89' lang='lat' dir='ltr'>nisi</span> <span class='ocrx_word' id='word_1_147' title='bbox 612 898 702 939; x_wconf 92' lang='lat' dir='ltr'>quod</span> <span class='ocrx_word' id='word_1_148' title='bbox 724 898 872 928; x_wconf 89' lang='lat' dir='ltr'>voluntas</span> <span class='ocrx_word' id='word_1_149' title='bbox 895 897 955 928; x_wconf 90' lang='lat' dir='ltr'>Dei</span> <span class='ocrx_word' id='word_1_150' title='bbox 978 906 1045 927; x_wconf 91' lang='lat' dir='ltr'>non</span> <span class='ocrx_word' id='word_1_151' title='bbox 1068 903 1115 927; x_wconf 89' lang='lat' dir='ltr'>est</span> <span class='ocrx_word' id='word_1_152' title='bbox 1138 896 1223 926; x_wconf 88' lang='lat' dir='ltr'>bona</span> <span class='ocrx_word' id='word_1_153' title='bbox 1247 906 1284 927; x_wconf 86' lang='lat' dir='ltr'>ex</span> <span class='ocrx_word' id='word_1_154' title='bbox 1307 906 1354 927; x_wconf 92' lang='lat' dir='ltr'>re-</span> 
     </span>
     <span class='ocr_line' id='line_1_23' title="bbox 282 940 1354 982; baseline 0 -11"><span class='ocrx_word' id='word_1_155' title='bbox 282 941 373 981; x_wconf 88' lang='lat' dir='ltr'>gula,</span> <span class='ocrx_word' id='word_1_156' title='bbox 404 941 460 972; x_wconf 91' lang='lat' dir='ltr'>sed</span> <span class='ocrx_word' id='word_1_157' title='bbox 487 942 668 973; x_wconf 79' lang='lat' dir='ltr'>naturaliter</span> <span class='ocrx_word' id='word_1_158' title='bbox 691 952 728 972; x_wconf 85' lang='lat' dir='ltr'>ex</span> <span class='ocrx_word' id='word_1_159' title='bbox 755 941 867 982; x_wconf 89' lang='lat' dir='ltr'>seipsa.</span> <span class='ocrx_word' id='word_1_160' title='bbox 892 942 933 973; x_wconf 90' lang='lat' dir='ltr'>Et</span> <span class='ocrx_word' id='word_1_161' title='bbox 955 941 988 972; x_wconf 93' lang='lat' dir='ltr'>in</span> <span class='ocrx_word' id='word_1_162' title='bbox 1011 951 1126 972; x_wconf 84' lang='lat' dir='ltr'>xxxvm</span> <span class='ocrx_word' id='word_1_163' title='bbox 1154 940 1354 972; x_wconf 88' lang='lat' dir='ltr'>distinctione</span> 
     </span>
     <span class='ocr_line' id='line_1_24' title="bbox 282 984 1354 1027; baseline 0 -12"><span class='ocrx_word' id='word_1_164' title='bbox 282 985 380 1016; x_wconf 90' lang='lat' dir='ltr'>Primi</span> <span class='ocrx_word' id='word_1_165' title='bbox 402 986 433 1022; x_wconf 84' lang='grc'>*,</span> <span class='ocrx_word' id='word_1_166' title='bbox 463 993 549 1017; x_wconf 90' lang='lat' dir='ltr'>tenet</span> <span class='ocrx_word' id='word_1_167' title='bbox 578 986 766 1027; x_wconf 90' lang='lat' dir='ltr'>oppositum</span> <span class='ocrx_word' id='word_1_168' title='bbox 795 987 951 1017; x_wconf 90' lang='lat' dir='ltr'>secundae</span> <span class='ocrx_word' id='word_1_169' title='bbox 979 984 1214 1021; x_wconf 81' lang='lat' dir='ltr'>conclusionis,</span> <span class='ocrx_word' id='word_1_170' title='bbox 1246 985 1354 1026; x_wconf 89' lang='lat' dir='ltr'>quoad</span> 
     </span>
     <span class='ocr_line' id='line_1_25' title="bbox 282 1029 1355 1071; baseline 0.001 -11"><span class='ocrx_word' id='word_1_171' title='bbox 282 1030 345 1060; x_wconf 92' lang='lat' dir='ltr'>hoc</span> <span class='ocrx_word' id='word_1_172' title='bbox 360 1031 449 1071; x_wconf 93' lang='lat' dir='ltr'>quod</span> <span class='ocrx_word' id='word_1_173' title='bbox 463 1031 551 1061; x_wconf 92' lang='lat' dir='ltr'>Deus</span> <span class='ocrx_word' id='word_1_174' title='bbox 567 1030 662 1062; x_wconf 86' lang='lat' dir='ltr'>habet</span> <span class='ocrx_word' id='word_1_175' title='bbox 676 1030 839 1061; x_wconf 89' lang='lat' dir='ltr'>scientiam</span> <span class='ocrx_word' id='word_1_176' title='bbox 858 1030 1029 1071; x_wconf 83' lang='lat' dir='ltr'>practicam</span> <span class='ocrx_word' id='word_1_177' title='bbox 1046 1030 1084 1061; x_wconf 91' lang='lat' dir='ltr'>de</span> <span class='ocrx_word' id='word_1_178' title='bbox 1101 1029 1168 1060; x_wconf 89' lang='lat' dir='ltr'>aliis</span> <span class='ocrx_word' id='word_1_179' title='bbox 1185 1039 1203 1059; x_wconf 89' lang='lat' dir='ltr'>a</span> <span class='ocrx_word' id='word_1_180' title='bbox 1219 1038 1268 1060; x_wconf 87' lang='lat' dir='ltr'>se:</span> <span class='ocrx_word' id='word_1_181' title='bbox 1286 1030 1355 1061; x_wconf 91' lang='lat' dir='ltr'>vult</span> 
     </span>
     <span class='ocr_line' id='line_1_26' title="bbox 283 1074 1353 1116; baseline 0 -12"><span class='ocrx_word' id='word_1_182' title='bbox 283 1074 370 1105; x_wconf 89' lang='lat' dir='ltr'>enim</span> <span class='ocrx_word' id='word_1_183' title='bbox 392 1075 482 1115; x_wconf 92' lang='lat' dir='ltr'>quod</span> <span class='ocrx_word' id='word_1_184' title='bbox 505 1085 572 1105; x_wconf 92' lang='lat' dir='ltr'>non</span> <span class='ocrx_word' id='word_1_185' title='bbox 595 1074 709 1106; x_wconf 90' lang='lat' dir='ltr'>habeat</span> <span class='ocrx_word' id='word_1_186' title='bbox 732 1075 896 1106; x_wconf 80' lang='lat' dir='ltr'>scientiam</span> <span class='ocrx_word' id='word_1_187' title='bbox 919 1075 1091 1116; x_wconf 85' lang='lat' dir='ltr'>practicam</span> <span class='ocrx_word' id='word_1_188' title='bbox 1115 1074 1153 1105; x_wconf 93' lang='lat' dir='ltr'>de</span> <span class='ocrx_word' id='word_1_189' title='bbox 1177 1074 1245 1104; x_wconf 89' lang='lat' dir='ltr'>aliis</span> <span class='ocrx_word' id='word_1_190' title='bbox 1269 1084 1287 1105; x_wconf 87' lang='lat' dir='ltr'>a</span> <span class='ocrx_word' id='word_1_191' title='bbox 1311 1084 1353 1111; x_wconf 87' lang='lat' dir='ltr'>se,</span> 
     </span>
     <span class='ocr_line' id='line_1_27' title="bbox 283 1119 596 1159; baseline 0.006 -11"><span class='ocrx_word' id='word_1_192' title='bbox 283 1119 338 1149; x_wconf 92' lang='lat' dir='ltr'>sed</span> <span class='ocrx_word' id='word_1_193' title='bbox 362 1119 596 1159; x_wconf 85' lang='lat' dir='ltr'>speculativam.</span> 
     </span>
    </p>

    <p class='ocr_par' dir='ltr' id='par_1_9' title="bbox 281 1162 1355 1461">
     <span class='ocr_line' id='line_1_28' title="bbox 341 1162 1353 1203; baseline 0.001 -10"><span class='ocrx_word' id='word_1_194' title='bbox 341 1163 434 1194; x_wconf 90' lang='lat' dir='ltr'>Ratio</span> <span class='ocrx_word' id='word_1_195' title='bbox 452 1163 519 1194; x_wconf 87' lang='lat' dir='ltr'>eius</span> <span class='ocrx_word' id='word_1_196' title='bbox 535 1170 645 1194; x_wconf 88' lang='lat' dir='ltr'>contra</span> <span class='ocrx_word' id='word_1_197' title='bbox 659 1163 797 1203; x_wconf 87' lang='lat' dir='ltr'>primam</span> <span class='ocrx_word' id='word_1_198' title='bbox 813 1163 1055 1194; x_wconf 89' lang='lat' dir='ltr'>conclusionem</span> <span class='ocrx_word' id='word_1_199' title='bbox 1071 1162 1214 1195; x_wconf 89' lang='lat' dir='ltr'>consistit</span> <span class='ocrx_word' id='word_1_200' title='bbox 1228 1163 1262 1194; x_wconf 92' lang='lat' dir='ltr'>in</span> <span class='ocrx_word' id='word_1_201' title='bbox 1281 1163 1353 1194; x_wconf 90' lang='lat' dir='ltr'>hoc.</span> 
     </span>
     <span class='ocr_line' id='line_1_29' title="bbox 283 1207 1354 1249; baseline 0.001 -11"><span class='ocrx_word' id='word_1_202' title='bbox 283 1207 419 1238; x_wconf 89' lang='lat' dir='ltr'>Scientia</span> <span class='ocrx_word' id='word_1_203' title='bbox 442 1207 481 1238; x_wconf 90' lang='lat' dir='ltr'>de</span> <span class='ocrx_word' id='word_1_204' title='bbox 505 1207 640 1238; x_wconf 82' lang='lat' dir='ltr'>essentia</span> <span class='ocrx_word' id='word_1_205' title='bbox 662 1207 721 1238; x_wconf 93' lang='lat' dir='ltr'>Dei</span> <span class='ocrx_word' id='word_1_206' title='bbox 746 1214 792 1238; x_wconf 89' lang='lat' dir='ltr'>est</span> <span class='ocrx_word' id='word_1_207' title='bbox 820 1207 909 1249; x_wconf 90' lang='lat' dir='ltr'>prior</span> <span class='ocrx_word' id='word_1_208' title='bbox 932 1207 1114 1239; x_wconf 84' lang='lat' dir='ltr'>naturaliter</span> <span class='ocrx_word' id='word_1_209' title='bbox 1138 1218 1247 1239; x_wconf 90' lang='lat' dir='ltr'>amore</span> <span class='ocrx_word' id='word_1_210' title='bbox 1269 1208 1354 1239; x_wconf 91' lang='lat' dir='ltr'>illius</span> 
     </span>
     <span class='ocr_line' id='line_1_30' title="bbox 283 1251 1355 1293; baseline 0.002 -11"><span class='ocrx_word' id='word_1_211' title='bbox 283 1251 449 1288; x_wconf 86' lang='lat' dir='ltr'>essentiae,</span> <span class='ocrx_word' id='word_1_212' title='bbox 479 1259 510 1283; x_wconf 88' lang='lat' dir='ltr'>et</span> <span class='ocrx_word' id='word_1_213' title='bbox 531 1251 731 1283; x_wconf 88' lang='lat' dir='ltr'>rectificativa</span> <span class='ocrx_word' id='word_1_214' title='bbox 753 1252 855 1283; x_wconf 89' lang='lat' dir='ltr'>illius:</span> <span class='ocrx_word' id='word_1_215' title='bbox 881 1262 956 1293; x_wconf 90' lang='lat' dir='ltr'>ergo</span> <span class='ocrx_word' id='word_1_216' title='bbox 981 1259 1028 1283; x_wconf 90' lang='lat' dir='ltr'>est</span> <span class='ocrx_word' id='word_1_217' title='bbox 1051 1252 1197 1293; x_wconf 88' lang='lat' dir='ltr'>practica.</span> <span class='ocrx_word' id='word_1_218' title='bbox 1215 1270 1234 1276; x_wconf 96' lang='lat'><em>-</em></span> <span class='ocrx_word' id='word_1_219' title='bbox 1250 1253 1291 1284; x_wconf 94' lang='lat' dir='ltr'>Et</span> <span class='ocrx_word' id='word_1_220' title='bbox 1314 1254 1355 1284; x_wconf 88' lang='lat' dir='ltr'>ad</span> 
     </span>
     <span class='ocr_line' id='line_1_31' title="bbox 282 1295 1354 1339; baseline 0.003 -13"><span class='ocrx_word' id='word_1_221' title='bbox 282 1295 439 1326; x_wconf 84' lang='lat' dir='ltr'>rationem</span> <span class='ocrx_word' id='word_1_222' title='bbox 462 1306 522 1337; x_wconf 89' lang='lat' dir='ltr'>pro</span> <span class='ocrx_word' id='word_1_223' title='bbox 547 1297 753 1328; x_wconf 87' lang='lat' dir='ltr'>conclusione</span> <span class='ocrx_word' id='word_1_224' title='bbox 776 1297 810 1327; x_wconf 89' lang='lat' dir='ltr'>in</span> <span class='ocrx_word' id='word_1_225' title='bbox 833 1296 935 1329; x_wconf 89' lang='lat' dir='ltr'>littera</span> <span class='ocrx_word' id='word_1_226' title='bbox 958 1297 1114 1338; x_wconf 88' lang='lat' dir='ltr'>positam,</span> <span class='ocrx_word' id='word_1_227' title='bbox 1140 1297 1256 1329; x_wconf 90' lang='lat' dir='ltr'>scilicet</span> <span class='ocrx_word' id='word_1_228' title='bbox 1279 1298 1354 1339; x_wconf 85' lang='lat' dir='ltr'>quia</span> 
     </span>
     <span class='ocr_line' id='line_1_32' title="bbox 281 1340 1354 1383; baseline 0.002 -12"><span class='ocrx_word' id='word_1_229' title='bbox 281 1340 369 1371; x_wconf 90' lang='lat' dir='ltr'>Deus</span> <span class='ocrx_word' id='word_1_230' title='bbox 393 1351 460 1371; x_wconf 90' lang='lat' dir='ltr'>non</span> <span class='ocrx_word' id='word_1_231' title='bbox 484 1348 531 1372; x_wconf 91' lang='lat' dir='ltr'>est</span> <span class='ocrx_word' id='word_1_232' title='bbox 554 1341 733 1382; x_wconf 90' lang='lat' dir='ltr'>operabilis,</span> <span class='ocrx_word' id='word_1_233' title='bbox 758 1342 930 1382; x_wconf 86' lang='lat' dir='ltr'>respondet</span> <span class='ocrx_word' id='word_1_234' title='bbox 953 1342 1043 1383; x_wconf 94' lang='lat' dir='ltr'>quod</span> <span class='ocrx_word' id='word_1_235' title='bbox 1066 1342 1154 1373; x_wconf 88' lang='lat' dir='ltr'>Deus</span> <span class='ocrx_word' id='word_1_236' title='bbox 1177 1348 1225 1373; x_wconf 90' lang='lat' dir='ltr'>est</span> <span class='ocrx_word' id='word_1_237' title='bbox 1243 1352 1354 1383; x_wconf 89' lang='lat' dir='ltr'>opera-</span> 
     </span>
     <span class='ocr_line' id='line_1_33' title="bbox 282 1385 1354 1428; baseline 0.003 -13"><span class='ocrx_word' id='word_1_238' title='bbox 282 1385 362 1422; x_wconf 88' lang='lat' dir='ltr'>bilis,</span> <span class='ocrx_word' id='word_1_239' title='bbox 382 1385 463 1416; x_wconf 90' lang='lat' dir='ltr'>idest</span> <span class='ocrx_word' id='word_1_240' title='bbox 482 1385 663 1427; x_wconf 85' lang='lat' dir='ltr'>attingibilis</span> <span class='ocrx_word' id='word_1_241' title='bbox 686 1396 743 1427; x_wconf 90' lang='lat' dir='ltr'>per</span> <span class='ocrx_word' id='word_1_242' title='bbox 762 1386 983 1428; x_wconf 90' lang='lat' dir='ltr'>operationem</span> <span class='ocrx_word' id='word_1_243' title='bbox 1006 1386 1246 1424; x_wconf 82' lang='lat' dir='ltr'>immanentem,</span> <span class='ocrx_word' id='word_1_244' title='bbox 1268 1397 1354 1418; x_wconf 90' lang='lat' dir='ltr'>amo-</span> 
     </span>
     <span class='ocr_line' id='line_1_34' title="bbox 282 1429 779 1461; baseline 0.006 -1"><span class='ocrx_word' id='word_1_245' title='bbox 282 1429 324 1460; x_wconf 90' lang='lat' dir='ltr'>ris</span> <span class='ocrx_word' id='word_1_246' title='bbox 348 1429 473 1461; x_wconf 89' lang='lat' dir='ltr'>scilicet.</span> <span class='ocrx_word' id='word_1_247' title='bbox 777 1455 779 1458; x_wconf 86' lang='lat'>-</span> 
     </span>
    </p>

    <p class='ocr_par' dir='ltr' id='par_1_10' title="bbox 281 1474 1355 1826">
     <span class='ocr_line' id='line_1_35' title="bbox 337 1474 1354 1512; baseline 0.002 -7"><span class='ocrx_word' id='word_1_248' title='bbox 337 1474 432 1505; x_wconf 91' lang='lat' dir='ltr'>Ratio</span> <span class='ocrx_word' id='word_1_249' title='bbox 455 1484 531 1505; x_wconf 91' lang='lat' dir='ltr'>vero</span> <span class='ocrx_word' id='word_1_250' title='bbox 556 1481 667 1506; x_wconf 87' lang='lat' dir='ltr'>contra</span> <span class='ocrx_word' id='word_1_251' title='bbox 682 1475 864 1512; x_wconf 88' lang='lat' dir='ltr'>secundam,</span> <span class='ocrx_word' id='word_1_252' title='bbox 885 1474 1029 1506; x_wconf 88' lang='lat' dir='ltr'>consistit</span> <span class='ocrx_word' id='word_1_253' title='bbox 1043 1474 1076 1506; x_wconf 93' lang='lat' dir='ltr'>in</span> <span class='ocrx_word' id='word_1_254' title='bbox 1095 1475 1166 1507; x_wconf 81' lang='lat' dir='ltr'>hoc.</span> <span class='ocrx_word' id='word_1_255' title='bbox 1184 1476 1281 1507; x_wconf 88' lang='lat' dir='ltr'>Nulla</span> <span class='ocrx_word' id='word_1_256' title='bbox 1295 1486 1354 1507; x_wconf 89' lang='lat' dir='ltr'>no-</span> 
     </span>
     <span class='ocr_line' id='line_1_36' title="bbox 282 1517 1355 1552; baseline 0.002 -3"><span class='ocrx_word' id='word_1_257' title='bbox 282 1517 349 1549; x_wconf 87' lang='lat' dir='ltr'>titia</span> <span class='ocrx_word' id='word_1_258' title='bbox 372 1519 411 1549; x_wconf 93' lang='lat' dir='ltr'>de</span> <span class='ocrx_word' id='word_1_259' title='bbox 433 1519 528 1550; x_wconf 91' lang='lat' dir='ltr'>rebus</span> <span class='ocrx_word' id='word_1_260' title='bbox 551 1526 623 1550; x_wconf 88' lang='lat' dir='ltr'>ante</span> <span class='ocrx_word' id='word_1_261' title='bbox 647 1519 945 1551; x_wconf 86' lang='lat' dir='ltr'>determinationem</span> <span class='ocrx_word' id='word_1_262' title='bbox 969 1519 1093 1550; x_wconf 88' lang='lat' dir='ltr'>divinae</span> <span class='ocrx_word' id='word_1_263' title='bbox 1115 1519 1288 1552; x_wconf 86' lang='lat' dir='ltr'>voluntatis</span> <span class='ocrx_word' id='word_1_264' title='bbox 1310 1520 1355 1551; x_wconf 92' lang='lat' dir='ltr'>di-</span> 
     </span>
     <span class='ocr_line' id='line_1_37' title="bbox 283 1563 1354 1605; baseline 0.003 -12"><span class='ocrx_word' id='word_1_265' title='bbox 283 1569 345 1594; x_wconf 87' lang='lat' dir='ltr'>ctat</span> <span class='ocrx_word' id='word_1_266' title='bbox 367 1573 415 1594; x_wconf 92' lang='lat' dir='ltr'>res</span> <span class='ocrx_word' id='word_1_267' title='bbox 432 1573 499 1594; x_wconf 90' lang='lat' dir='ltr'>esse</span> <span class='ocrx_word' id='word_1_268' title='bbox 523 1563 675 1604; x_wconf 88' lang='lat' dir='ltr'>agendas:</span> <span class='ocrx_word' id='word_1_269' title='bbox 701 1573 776 1605; x_wconf 88' lang='lat' dir='ltr'>ergo</span> <span class='ocrx_word' id='word_1_270' title='bbox 800 1564 889 1595; x_wconf 91' lang='lat' dir='ltr'>nulla</span> <span class='ocrx_word' id='word_1_271' title='bbox 910 1571 957 1596; x_wconf 86' lang='lat' dir='ltr'>est</span> <span class='ocrx_word' id='word_1_272' title='bbox 975 1564 1019 1595; x_wconf 89' lang='lat' dir='ltr'>ibi</span> <span class='ocrx_word' id='word_1_273' title='bbox 1035 1564 1148 1596; x_wconf 88' lang='lat' dir='ltr'>notitia</span> <span class='ocrx_word' id='word_1_274' title='bbox 1162 1565 1298 1605; x_wconf 89' lang='lat' dir='ltr'>practica</span> <span class='ocrx_word' id='word_1_275' title='bbox 1315 1566 1354 1596; x_wconf 94' lang='lat' dir='ltr'>de</span> 
     </span>
     <span class='ocr_line' id='line_1_38' title="bbox 282 1608 1354 1651; baseline 0.002 -13"><span class='ocrx_word' id='word_1_276' title='bbox 282 1608 385 1639; x_wconf 90' lang='lat' dir='ltr'>rebus.</span> <span class='ocrx_word' id='word_1_277' title='bbox 409 1609 608 1639; x_wconf 89' lang='lat' dir='ltr'>Antecedens</span> <span class='ocrx_word' id='word_1_278' title='bbox 639 1614 734 1649; x_wconf 87' lang='lat' dir='ltr'>patet.</span> <span class='ocrx_word' id='word_1_279' title='bbox 762 1609 804 1640; x_wconf 93' lang='lat' dir='ltr'>Et</span> <span class='ocrx_word' id='word_1_280' title='bbox 825 1608 1053 1650; x_wconf 85' lang='lat' dir='ltr'>consequentia</span> <span class='ocrx_word' id='word_1_281' title='bbox 1079 1609 1247 1651; x_wconf 87' lang='lat' dir='ltr'>probatur:</span> <span class='ocrx_word' id='word_1_282' title='bbox 1278 1609 1354 1651; x_wconf 92' lang='lat' dir='ltr'>quia</span> 
     </span>
     <span class='ocr_line' id='line_1_39' title="bbox 282 1651 1354 1695; baseline 0.002 -12"><span class='ocrx_word' id='word_1_283' title='bbox 282 1651 411 1684; x_wconf 88' lang='lat' dir='ltr'>scientia</span> <span class='ocrx_word' id='word_1_284' title='bbox 434 1652 570 1693; x_wconf 87' lang='lat' dir='ltr'>practica</span> <span class='ocrx_word' id='word_1_285' title='bbox 585 1659 632 1684; x_wconf 89' lang='lat' dir='ltr'>est</span> <span class='ocrx_word' id='word_1_286' title='bbox 648 1653 794 1684; x_wconf 84' lang='lat' dir='ltr'>dictativa</span> <span class='ocrx_word' id='word_1_287' title='bbox 808 1653 849 1684; x_wconf 90' lang='lat' dir='ltr'>ad</span> <span class='ocrx_word' id='word_1_288' title='bbox 864 1653 1076 1694; x_wconf 88' lang='lat' dir='ltr'>operandum.</span> <span class='ocrx_word' id='word_1_289' title='bbox 1095 1672 1114 1677; x_wconf 91' lang='lat'>-</span> <span class='ocrx_word' id='word_1_290' title='bbox 1130 1654 1165 1684; x_wconf 93' lang='lat' dir='ltr'>In</span> <span class='ocrx_word' id='word_1_291' title='bbox 1183 1654 1325 1695; x_wconf 85' lang='lat' dir='ltr'>Prologo</span> <span class='ocrx_word' id='word_1_292' title='bbox 1336 1654 1354 1674; x_wconf 89' lang='lat'><strong>*</strong></span> 
     </span>
     <span class='ocr_line' id='line_1_40' title="bbox 282 1696 1353 1739; baseline 0.003 -12"><span class='ocrx_word' id='word_1_293' title='bbox 282 1703 390 1727; x_wconf 88' lang='lat' dir='ltr'>autem</span> <span class='ocrx_word' id='word_1_294' title='bbox 414 1696 526 1728; x_wconf 89' lang='lat' dir='ltr'>fundat</span> <span class='ocrx_word' id='word_1_295' title='bbox 549 1708 582 1728; x_wconf 89' lang='lat' dir='ltr'>se</span> <span class='ocrx_word' id='word_1_296' title='bbox 606 1707 701 1739; x_wconf 90' lang='lat' dir='ltr'>super</span> <span class='ocrx_word' id='word_1_297' title='bbox 723 1697 895 1738; x_wconf 76' lang='lat' dir='ltr'>prioritate,</span> <span class='ocrx_word' id='word_1_298' title='bbox 912 1698 967 1729; x_wconf 90' lang='lat' dir='ltr'>sic.</span> <span class='ocrx_word' id='word_1_299' title='bbox 991 1698 1088 1729; x_wconf 90' lang='lat' dir='ltr'>Nulla</span> <span class='ocrx_word' id='word_1_300' title='bbox 1110 1698 1223 1729; x_wconf 90' lang='lat' dir='ltr'>notitia</span> <span class='ocrx_word' id='word_1_301' title='bbox 1246 1699 1285 1730; x_wconf 90' lang='lat' dir='ltr'>de</span> <span class='ocrx_word' id='word_1_302' title='bbox 1306 1709 1353 1730; x_wconf 93' lang='lat' dir='ltr'>re-</span> 
     </span>
     <span class='ocr_line' id='line_1_41' title="bbox 281 1741 1354 1784; baseline 0.003 -13"><span class='ocrx_word' id='word_1_303' title='bbox 281 1741 341 1771; x_wconf 93' lang='lat' dir='ltr'>bus</span> <span class='ocrx_word' id='word_1_304' title='bbox 365 1748 438 1778; x_wconf 92' lang='lat' dir='ltr'>etc.,</span> <span class='ocrx_word' id='word_1_305' title='bbox 463 1748 510 1773; x_wconf 91' lang='lat' dir='ltr'>est</span> <span class='ocrx_word' id='word_1_306' title='bbox 532 1741 621 1782; x_wconf 88' lang='lat' dir='ltr'>prior</span> <span class='ocrx_word' id='word_1_307' title='bbox 643 1748 715 1774; x_wconf 82' lang='lat' dir='ltr'>actu</span> <span class='ocrx_word' id='word_1_308' title='bbox 739 1742 912 1775; x_wconf 84' lang='lat' dir='ltr'>voluntatis</span> <span class='ocrx_word' id='word_1_309' title='bbox 937 1742 1061 1774; x_wconf 86' lang='lat' dir='ltr'>divinae</span> <span class='ocrx_word' id='word_1_310' title='bbox 1085 1749 1162 1784; x_wconf 78' lang='lat' dir='ltr'>etc.:</span> <span class='ocrx_word' id='word_1_311' title='bbox 1188 1753 1263 1784; x_wconf 84' lang='lat' dir='ltr'>ergo</span> <span class='ocrx_word' id='word_1_312' title='bbox 1287 1753 1354 1774; x_wconf 92' lang='lat' dir='ltr'>non</span> 
     </span>
     <span class='ocr_line' id='line_1_42' title="bbox 282 1786 495 1826; baseline 0.005 -10"><span class='ocrx_word' id='word_1_313' title='bbox 282 1792 328 1816; x_wconf 88' lang='lat' dir='ltr'>est</span> <span class='ocrx_word' id='word_1_314' title='bbox 350 1786 495 1826; x_wconf 87' lang='lat' dir='ltr'>practica.</span> 
     </span>
    </p>

    <p class='ocr_par' dir='ltr' id='par_1_11' title="bbox 280 1830 1353 1960">
     <span class='ocr_line' id='line_1_43' title="bbox 337 1830 1353 1874; baseline 0.002 -13"><span class='ocrx_word' id='word_1_315' title='bbox 337 1830 405 1861; x_wconf 87' lang='lat' dir='ltr'><strong>VII.</strong></span> <span class='ocrx_word' id='word_1_316' title='bbox 425 1831 477 1861; x_wconf 90' lang='lat' dir='ltr'>Ad</span> <span class='ocrx_word' id='word_1_317' title='bbox 500 1830 556 1861; x_wconf 88' lang='lat' dir='ltr'>has</span> <span class='ocrx_word' id='word_1_318' title='bbox 580 1837 689 1862; x_wconf 87' lang='lat' dir='ltr'>autem</span> <span class='ocrx_word' id='word_1_319' title='bbox 712 1831 924 1868; x_wconf 74' lang='lat' dir='ltr'>obiecfiones,</span> <span class='ocrx_word' id='word_1_320' title='bbox 945 1831 1119 1872; x_wconf 88' lang='lat' dir='ltr'>suppositis</span> <span class='ocrx_word' id='word_1_321' title='bbox 1142 1831 1191 1863; x_wconf 92' lang='lat' dir='ltr'>his</span> <span class='ocrx_word' id='word_1_322' title='bbox 1214 1842 1297 1874; x_wconf 88' lang='lat' dir='ltr'>quae</span> <span class='ocrx_word' id='word_1_323' title='bbox 1320 1831 1353 1862; x_wconf 92' lang='lat' dir='ltr'>in</span> 
     </span>
     <span class='ocr_line' id='line_1_44' title="bbox 280 1872 1351 1917; baseline 0.004 -13"><span class='ocrx_word' id='word_1_324' title='bbox 280 1874 418 1915; x_wconf 89' lang='lat' dir='ltr'>prologo</span> <span class='ocrx_word' id='word_1_325' title='bbox 434 1872 450 1890; x_wconf 83' lang='lat'><strong>*</strong></span> <span class='ocrx_word' id='word_1_326' title='bbox 474 1875 556 1906; x_wconf 87' lang='lat' dir='ltr'>dicta</span> <span class='ocrx_word' id='word_1_327' title='bbox 579 1882 671 1912; x_wconf 88' lang='lat' dir='ltr'>sunt,</span> <span class='ocrx_word' id='word_1_328' title='bbox 696 1882 726 1906; x_wconf 93' lang='lat' dir='ltr'>et</span> <span class='ocrx_word' id='word_1_329' title='bbox 749 1876 782 1906; x_wconf 88' lang='lat' dir='ltr'>in</span> <span class='ocrx_word' id='word_1_330' title='bbox 806 1876 993 1917; x_wconf 86' lang='lat' dir='ltr'>quaestione</span> <span class='ocrx_word' id='word_1_331' title='bbox 1017 1876 1144 1917; x_wconf 89' lang='lat' dir='ltr'>speciali</span> <span class='ocrx_word' id='word_1_332' title='bbox 1167 1877 1207 1908; x_wconf 86' lang='lat' dir='ltr'>de</span> <span class='ocrx_word' id='word_1_333' title='bbox 1228 1878 1351 1915; x_wconf 85' lang='lat' dir='ltr'>Praxi,</span> 
     </span>
     <span class='ocr_line' id='line_1_45' title="bbox 280 1918 791 1960; baseline 0.004 -11"><span class='ocrx_word' id='word_1_334' title='bbox 280 1928 347 1949; x_wconf 92' lang='lat' dir='ltr'>non</span> <span class='ocrx_word' id='word_1_335' title='bbox 372 1925 418 1950; x_wconf 92' lang='lat' dir='ltr'>est</span> <span class='ocrx_word' id='word_1_336' title='bbox 441 1918 566 1950; x_wconf 84' lang='lat' dir='ltr'>difficile</span> <span class='ocrx_word' id='word_1_337' title='bbox 591 1920 791 1960; x_wconf 89' lang='lat' dir='ltr'>respondere.</span> 
     </span>
    </p>

    <p class='ocr_par' dir='ltr' id='par_1_12' title="bbox 280 1964 1355 2051">
     <span class='ocr_line' id='line_1_46' title="bbox 335 1964 1355 2006; baseline 0.002 -12"><span class='ocrx_word' id='word_1_338' title='bbox 335 1964 387 1994; x_wconf 83' lang='lat' dir='ltr'>Ad</span> <span class='ocrx_word' id='word_1_339' title='bbox 403 1964 547 2004; x_wconf 83' lang='lat' dir='ltr'>primam</span> <span class='ocrx_word' id='word_1_340' title='bbox 573 1964 669 2001; x_wconf 88' lang='lat' dir='ltr'>enirn,</span> <span class='ocrx_word' id='word_1_341' title='bbox 694 1965 838 2005; x_wconf 87' lang='lat' dir='ltr'>neganda</span> <span class='ocrx_word' id='word_1_342' title='bbox 861 1971 909 1996; x_wconf 88' lang='lat' dir='ltr'>est</span> <span class='ocrx_word' id='word_1_343' title='bbox 933 1964 1176 2006; x_wconf 84' lang='lat' dir='ltr'>consequentia,</span> <span class='ocrx_word' id='word_1_344' title='bbox 1197 1965 1355 2006; x_wconf 90' lang='lat' dir='ltr'>quidquid</span> 
     </span>
     <span class='ocr_line' id='line_1_47' title="bbox 280 2007 1354 2051; baseline 0.003 -13"><span class='ocrx_word' id='word_1_345' title='bbox 280 2007 319 2038; x_wconf 94' lang='lat' dir='ltr'>sit</span> <span class='ocrx_word' id='word_1_346' title='bbox 343 2008 381 2038; x_wconf 92' lang='lat' dir='ltr'>de</span> <span class='ocrx_word' id='word_1_347' title='bbox 405 2008 625 2040; x_wconf 87' lang='lat' dir='ltr'>antecedente:</span> <span class='ocrx_word' id='word_1_348' title='bbox 650 2009 723 2049; x_wconf 89' lang='lat' dir='ltr'>plus</span> <span class='ocrx_word' id='word_1_349' title='bbox 747 2009 833 2040; x_wconf 90' lang='lat' dir='ltr'>enim</span> <span class='ocrx_word' id='word_1_350' title='bbox 858 2008 992 2050; x_wconf 85' lang='lat' dir='ltr'>exigitur</span> <span class='ocrx_word' id='word_1_351' title='bbox 1007 2010 1047 2040; x_wconf 88' lang='lat' dir='ltr'>ad</span> <span class='ocrx_word' id='word_1_352' title='bbox 1071 2009 1218 2041; x_wconf 87' lang='lat' dir='ltr'>notitiam</span> <span class='ocrx_word' id='word_1_353' title='bbox 1241 2010 1354 2051; x_wconf 83' lang='lat' dir='ltr'>practi-</span> 
     </span>
    </p>
   </div>
   <div class='ocr_carea' id='block_1_8' title="bbox 968 284 1813 332">
    <p class='ocr_par' dir='ltr' id='par_1_13' title="bbox 968 284 1813 332">
     <span class='ocr_line' id='line_1_48' title="bbox 968 284 1813 332; baseline 0 -10"><span class='ocrx_word' id='word_1_354' title='bbox 968 285 1237 332; x_wconf 88' lang='lat' dir='ltr'>QUAESTIO</span> <span class='ocrx_word' id='word_1_355' title='bbox 1267 284 1367 332; x_wconf 85' lang='lat' dir='ltr'>XIV,</span> <span class='ocrx_word' id='word_1_356' title='bbox 1398 285 1695 322; x_wconf 89' lang='lat' dir='ltr'>ARTICULUS</span> <span class='ocrx_word' id='word_1_357' title='bbox 1726 285 1813 322; x_wconf 93' lang='lat' dir='ltr'>XVI</span> 
     </span>
    </p>
   </div>
   <div class='ocr_carea' id='block_1_9' title="bbox 1407 363 2486 2052">
    <p class='ocr_par' dir='ltr' id='par_1_14' title="bbox 1407 363 2483 850">
     <span class='ocr_line' id='line_1_49' title="bbox 1409 363 2482 404; baseline 0.001 -10"><span class='ocrx_word' id='word_1_358' title='bbox 1409 373 1488 400; x_wconf 92' lang='lat' dir='ltr'>cam,</span> <span class='ocrx_word' id='word_1_359' title='bbox 1506 370 1543 394; x_wconf 90' lang='lat' dir='ltr'>ut</span> <span class='ocrx_word' id='word_1_360' title='bbox 1565 363 1608 394; x_wconf 91' lang='lat' dir='ltr'>ibi</span> <span class='ocrx_word' id='word_1_361' title='bbox 1632 363 1744 404; x_wconf 90' lang='lat' dir='ltr'>patuit.</span> <span class='ocrx_word' id='word_1_362' title='bbox 1760 363 1918 395; x_wconf 89' lang='lat' dir='ltr'>-Solutio</span> <span class='ocrx_word' id='word_1_363' title='bbox 1943 363 2073 394; x_wconf 90' lang='lat' dir='ltr'>rationis</span> <span class='ocrx_word' id='word_1_364' title='bbox 2089 369 2215 394; x_wconf 89' lang='lat' dir='ltr'>nostrae</span> <span class='ocrx_word' id='word_1_365' title='bbox 2238 373 2256 394; x_wconf 90' lang='lat' dir='ltr'>a</span> <span class='ocrx_word' id='word_1_366' title='bbox 2279 363 2375 395; x_wconf 90' lang='lat' dir='ltr'>Scoto</span> <span class='ocrx_word' id='word_1_367' title='bbox 2400 364 2482 401; x_wconf 89' lang='lat' dir='ltr'>data,</span> 
     </span>
     <span class='ocr_line' id='line_1_50' title="bbox 1407 408 2481 449; baseline 0.002 -11"><span class='ocrx_word' id='word_1_368' title='bbox 1407 408 1525 439; x_wconf 84' lang='lat' dir='ltr'>valeret</span> <span class='ocrx_word' id='word_1_369' title='bbox 1547 408 1698 449; x_wconf 91' lang='lat' dir='ltr'>quidem,</span> <span class='ocrx_word' id='word_1_370' title='bbox 1726 408 1752 439; x_wconf 93' lang='lat' dir='ltr'>si</span> <span class='ocrx_word' id='word_1_371' title='bbox 1775 409 1880 445; x_wconf 86' lang='lat' dir='ltr'>Deus,</span> <span class='ocrx_word' id='word_1_372' title='bbox 1903 408 1966 439; x_wconf 82' lang='lat' dir='ltr'>aut·</span> <span class='ocrx_word' id='word_1_373' title='bbox 1982 408 2126 448; x_wconf 86' lang='lat' dir='ltr'>operatio</span> <span class='ocrx_word' id='word_1_374' title='bbox 2154 418 2219 449; x_wconf 90' lang='lat' dir='ltr'>qua</span> <span class='ocrx_word' id='word_1_375' title='bbox 2241 418 2260 438; x_wconf 91' lang='lat' dir='ltr'>a</span> <span class='ocrx_word' id='word_1_376' title='bbox 2282 418 2317 439; x_wconf 89' lang='lat' dir='ltr'>se</span> <span class='ocrx_word' id='word_1_377' title='bbox 2340 416 2481 446; x_wconf 85' lang='lat' dir='ltr'>amatur,</span> 
     </span>
     <span class='ocr_line' id='line_1_51' title="bbox 1408 451 2482 493; baseline 0.001 -10"><span class='ocrx_word' id='word_1_378' title='bbox 1408 451 1504 490; x_wconf 88' lang='lat' dir='ltr'>fieret,</span> <span class='ocrx_word' id='word_1_379' title='bbox 1521 452 1572 483; x_wconf 88' lang='lat' dir='ltr'>vel</span> <span class='ocrx_word' id='word_1_380' title='bbox 1587 452 1683 484; x_wconf 88' lang='lat' dir='ltr'>etiam</span> <span class='ocrx_word' id='word_1_381' title='bbox 1706 453 1901 493; x_wconf 90' lang='lat' dir='ltr'>regularetur</span> <span class='ocrx_word' id='word_1_382' title='bbox 1917 452 2046 483; x_wconf 90' lang='lat' dir='ltr'>scientia</span> <span class='ocrx_word' id='word_1_383' title='bbox 2061 452 2206 493; x_wconf 91' lang='lat' dir='ltr'>practica.</span> <span class='ocrx_word' id='word_1_384' title='bbox 2232 452 2369 493; x_wconf 89' lang='lat' dir='ltr'>Oportet</span> <span class='ocrx_word' id='word_1_385' title='bbox 2392 463 2482 484; x_wconf 88' lang='lat' dir='ltr'>nam-</span> 
     </span>
     <span class='ocr_line' id='line_1_52' title="bbox 1408 496 2482 538; baseline 0 -10"><span class='ocrx_word' id='word_1_386' title='bbox 1408 507 1471 538; x_wconf 90' lang='lat' dir='ltr'>que</span> <span class='ocrx_word' id='word_1_387' title='bbox 1494 507 1626 528; x_wconf 89' lang='lat' dir='ltr'>omnem</span> <span class='ocrx_word' id='word_1_388' title='bbox 1650 507 1780 528; x_wconf 89' lang='lat' dir='ltr'>causam</span> <span class='ocrx_word' id='word_1_389' title='bbox 1803 507 1870 528; x_wconf 92' lang='lat' dir='ltr'>esse</span> <span class='ocrx_word' id='word_1_390' title='bbox 1895 507 2023 528; x_wconf 88' lang='lat' dir='ltr'>causam</span> <span class='ocrx_word' id='word_1_391' title='bbox 2046 498 2097 528; x_wconf 84' lang='lat' dir='ltr'>vel</span> <span class='ocrx_word' id='word_1_392' title='bbox 2121 496 2314 537; x_wconf 87' lang='lat' dir='ltr'>operationis</span> <span class='ocrx_word' id='word_1_393' title='bbox 2337 497 2388 528; x_wconf 88' lang='lat' dir='ltr'>vel</span> <span class='ocrx_word' id='word_1_394' title='bbox 2411 497 2482 528; x_wconf 86' lang='lat' dir='ltr'>effe-</span> 
     </span>
     <span class='ocr_line' id='line_1_53' title="bbox 1409 541 2482 583; baseline 0 -11"><span class='ocrx_word' id='word_1_395' title='bbox 1409 549 1496 572; x_wconf 89' lang='lat' dir='ltr'>ctus:</span> <span class='ocrx_word' id='word_1_396' title='bbox 1522 541 1651 573; x_wconf 88' lang='lat' dir='ltr'>scientia</span> <span class='ocrx_word' id='word_1_397' title='bbox 1681 549 1790 573; x_wconf 90' lang='lat' dir='ltr'>autem</span> <span class='ocrx_word' id='word_1_398' title='bbox 1822 542 1958 583; x_wconf 81' lang='lat' dir='ltr'>practica</span> <span class='ocrx_word' id='word_1_399' title='bbox 1981 551 2113 573; x_wconf 85' lang='lat' dir='ltr'>causam</span> <span class='ocrx_word' id='word_1_400' title='bbox 2138 548 2244 578; x_wconf 89' lang='lat' dir='ltr'>sonat,</span> <span class='ocrx_word' id='word_1_401' title='bbox 2270 548 2306 573; x_wconf 93' lang='lat' dir='ltr'>ut</span> <span class='ocrx_word' id='word_1_402' title='bbox 2336 548 2422 582; x_wconf 85' lang='lat' dir='ltr'>patet</span> <span class='ocrx_word' id='word_1_403' title='bbox 2445 552 2482 572; x_wconf 88' lang='lat' dir='ltr'>ex</span> 
     </span>
     <span class='ocr_line' id='line_1_54' title="bbox 1408 586 2483 628; baseline 0.001 -12"><span class='ocrx_word' id='word_1_404' title='bbox 1408 586 1550 623; x_wconf 82' lang='lat' dir='ltr'>nomine,</span> <span class='ocrx_word' id='word_1_405' title='bbox 1568 593 1599 617; x_wconf 90' lang='lat' dir='ltr'>et</span> <span class='ocrx_word' id='word_1_406' title='bbox 1614 587 1656 617; x_wconf 89' lang='lat' dir='ltr'>IX</span> <span class='ocrx_word' id='word_1_407' title='bbox 1670 587 1847 628; x_wconf 79' lang='lat' dir='ltr'>Metaphys</span> <span class='ocrx_word' id='word_1_408' title='bbox 1858 587 1885 618; x_wconf 89' lang='lat'>*.</span> <span class='ocrx_word' id='word_1_409' title='bbox 1902 587 1944 618; x_wconf 93' lang='lat' dir='ltr'>Et</span> <span class='ocrx_word' id='word_1_410' title='bbox 1960 593 2104 627; x_wconf 88' lang='lat' dir='ltr'>respectu</span> <span class='ocrx_word' id='word_1_411' title='bbox 2121 586 2251 627; x_wconf 91' lang='lat' dir='ltr'>quidem</span> <span class='ocrx_word' id='word_1_412' title='bbox 2268 593 2483 617; x_wconf 88' lang='lat' dir='ltr'>creaturarum</span> 
     </span>
     <span class='ocr_line' id='line_1_55' title="bbox 1409 630 2482 672; baseline 0 -11"><span class='ocrx_word' id='word_1_413' title='bbox 1409 630 1607 668; x_wconf 89' lang='lat' dir='ltr'>factibilium,</span> <span class='ocrx_word' id='word_1_414' title='bbox 1625 641 1719 662; x_wconf 85' lang='lat' dir='ltr'>causa</span> <span class='ocrx_word' id='word_1_415' title='bbox 1742 631 1775 661; x_wconf 90' lang='lat' dir='ltr'>in</span> <span class='ocrx_word' id='word_1_416' title='bbox 1798 631 1868 662; x_wconf 92' lang='lat' dir='ltr'>Deo</span> <span class='ocrx_word' id='word_1_417' title='bbox 1901 631 2033 672; x_wconf 92' lang='lat' dir='ltr'>ponitur</span> <span class='ocrx_word' id='word_1_418' title='bbox 2054 631 2088 661; x_wconf 90' lang='lat' dir='ltr'>in</span> <span class='ocrx_word' id='word_1_419' title='bbox 2112 630 2223 662; x_wconf 90' lang='lat' dir='ltr'>ordine</span> <span class='ocrx_word' id='word_1_420' title='bbox 2247 631 2287 661; x_wconf 87' lang='lat' dir='ltr'>ad</span> <span class='ocrx_word' id='word_1_421' title='bbox 2315 630 2482 667; x_wconf 85' lang='lat' dir='ltr'>effectum,</span> 
     </span>
     <span class='ocr_line' id='line_1_56' title="bbox 1409 675 2483 717; baseline 0.001 -12"><span class='ocrx_word' id='word_1_422' title='bbox 1409 685 1477 706; x_wconf 91' lang='lat' dir='ltr'>non</span> <span class='ocrx_word' id='word_1_423' title='bbox 1499 675 1533 706; x_wconf 94' lang='lat' dir='ltr'>in</span> <span class='ocrx_word' id='word_1_424' title='bbox 1557 675 1668 706; x_wconf 88' lang='lat' dir='ltr'>ordine</span> <span class='ocrx_word' id='word_1_425' title='bbox 1691 676 1731 706; x_wconf 93' lang='lat' dir='ltr'>ad</span> <span class='ocrx_word' id='word_1_426' title='bbox 1755 675 1943 707; x_wconf 86' lang='lat' dir='ltr'>factionem:</span> <span class='ocrx_word' id='word_1_427' title='bbox 1968 676 2044 717; x_wconf 90' lang='lat' dir='ltr'>quia</span> <span class='ocrx_word' id='word_1_428' title='bbox 2066 675 2120 709; x_wconf 87' lang='lat' dir='ltr'>illa</span> <span class='ocrx_word' id='word_1_429' title='bbox 2143 682 2190 706; x_wconf 89' lang='lat' dir='ltr'>est</span> <span class='ocrx_word' id='word_1_430' title='bbox 2213 675 2388 706; x_wconf 90' lang='lat' dir='ltr'>substantia</span> <span class='ocrx_word' id='word_1_431' title='bbox 2412 675 2483 706; x_wconf 92' lang='lat' dir='ltr'>Dei.</span> 
     </span>
     <span class='ocr_line' id='line_1_57' title="bbox 1409 719 2482 762; baseline 0 -12"><span class='ocrx_word' id='word_1_432' title='bbox 1409 720 1568 759; x_wconf 91' lang='lat' dir='ltr'>Respectu</span> <span class='ocrx_word' id='word_1_433' title='bbox 1592 727 1700 751; x_wconf 89' lang='lat' dir='ltr'>autem</span> <span class='ocrx_word' id='word_1_434' title='bbox 1723 719 1823 760; x_wconf 90' lang='lat' dir='ltr'>ipsius</span> <span class='ocrx_word' id='word_1_435' title='bbox 1847 720 1921 757; x_wconf 90' lang='lat' dir='ltr'>Dei,</span> <span class='ocrx_word' id='word_1_436' title='bbox 1946 720 2055 762; x_wconf 86' lang='lat' dir='ltr'>quoad</span> <span class='ocrx_word' id='word_1_437' title='bbox 2085 727 2236 751; x_wconf 89' lang='lat' dir='ltr'>neutrum</span> <span class='ocrx_word' id='word_1_438' title='bbox 2259 719 2338 760; x_wconf 93' lang='lat' dir='ltr'>poni</span> <span class='ocrx_word' id='word_1_439' title='bbox 2361 726 2482 760; x_wconf 90' lang='lat' dir='ltr'>potest:</span> 
     </span>
     <span class='ocr_line' id='line_1_58' title="bbox 1409 763 2483 805; baseline 0.001 -11"><span class='ocrx_word' id='word_1_440' title='bbox 1409 763 1485 804; x_wconf 91' lang='lat' dir='ltr'>quia</span> <span class='ocrx_word' id='word_1_441' title='bbox 1509 773 1567 795; x_wconf 90' lang='lat' dir='ltr'>nec</span> <span class='ocrx_word' id='word_1_442' title='bbox 1590 764 1658 805; x_wconf 91' lang='lat' dir='ltr'>ipse</span> <span class='ocrx_word' id='word_1_443' title='bbox 1681 774 1739 795; x_wconf 87' lang='lat' dir='ltr'>nec</span> <span class='ocrx_word' id='word_1_444' title='bbox 1763 765 1906 805; x_wconf 90' lang='lat' dir='ltr'>operatio</span> <span class='ocrx_word' id='word_1_445' title='bbox 1925 764 1961 796; x_wconf 90' lang='lat' dir='ltr'>fit</span> <span class='ocrx_word' id='word_1_446' title='bbox 1984 771 2039 796; x_wconf 89' lang='lat' dir='ltr'>aut</span> <span class='ocrx_word' id='word_1_447' title='bbox 2053 765 2180 805; x_wconf 88' lang='lat' dir='ltr'>pendet.</span> <span class='ocrx_word' id='word_1_448' title='bbox 2206 764 2392 795; x_wconf 90' lang='lat' dir='ltr'>Ridiculum</span> <span class='ocrx_word' id='word_1_449' title='bbox 2408 774 2483 805; x_wconf 83' lang='lat' dir='ltr'>ergo</span> 
     </span>
     <span class='ocr_line' id='line_1_59' title="bbox 1410 808 2432 850; baseline 0.001 -12"><span class='ocrx_word' id='word_1_450' title='bbox 1410 814 1456 839; x_wconf 90' lang='lat' dir='ltr'>est</span> <span class='ocrx_word' id='word_1_451' title='bbox 1479 808 1588 838; x_wconf 89' lang='lat' dir='ltr'>audire</span> <span class='ocrx_word' id='word_1_452' title='bbox 1615 809 1722 839; x_wconf 89' lang='lat' dir='ltr'>Deum</span> <span class='ocrx_word' id='word_1_453' title='bbox 1745 819 1812 839; x_wconf 90' lang='lat' dir='ltr'>esse</span> <span class='ocrx_word' id='word_1_454' title='bbox 1835 809 2031 850; x_wconf 85' lang='lat' dir='ltr'>operabilem</span> <span class='ocrx_word' id='word_1_455' title='bbox 2054 809 2183 840; x_wconf 91' lang='lat' dir='ltr'>scientia</span> <span class='ocrx_word' id='word_1_456' title='bbox 2206 819 2264 840; x_wconf 91' lang='lat' dir='ltr'>sua</span> <span class='ocrx_word' id='word_1_457' title='bbox 2286 809 2432 849; x_wconf 89' lang='lat' dir='ltr'>practica.</span> 
     </span>
    </p>

    <p class='ocr_par' dir='ltr' id='par_1_15' title="bbox 1409 852 2484 1117">
     <span class='ocr_line' id='line_1_60' title="bbox 1463 852 2482 885; baseline 0.003 -3"><span class='ocrx_word' id='word_1_458' title='bbox 1463 852 1515 882; x_wconf 90' lang='lat' dir='ltr'>Ad</span> <span class='ocrx_word' id='word_1_459' title='bbox 1545 852 1760 884; x_wconf 90' lang='lat' dir='ltr'>obiectionem</span> <span class='ocrx_word' id='word_1_460' title='bbox 1787 863 1863 884; x_wconf 86' lang='lat' dir='ltr'>vero</span> <span class='ocrx_word' id='word_1_461' title='bbox 1896 859 2010 885; x_wconf 86' lang='lat' dir='ltr'>contra</span> <span class='ocrx_word' id='word_1_462' title='bbox 2040 854 2215 885; x_wconf 82' lang='lat' dir='ltr'>secundam</span> <span class='ocrx_word' id='word_1_463' title='bbox 2247 854 2482 885; x_wconf 81' lang='lat' dir='ltr'>conclusionem</span> 
     </span>
     <span class='ocr_line' id='line_1_61' title="bbox 1409 896 2483 940; baseline 0.003 -14"><span class='ocrx_word' id='word_1_464' title='bbox 1409 896 1515 937; x_wconf 89' lang='lat' dir='ltr'>primo</span> <span class='ocrx_word' id='word_1_465' title='bbox 1531 897 1605 928; x_wconf 92' lang='lat' dir='ltr'>loco</span> <span class='ocrx_word' id='word_1_466' title='bbox 1623 896 1748 934; x_wconf 83' lang='lat' dir='ltr'>factam,</span> <span class='ocrx_word' id='word_1_467' title='bbox 1765 905 1899 938; x_wconf 90' lang='lat' dir='ltr'>negatur</span> <span class='ocrx_word' id='word_1_468' title='bbox 1914 899 2149 940; x_wconf 89' lang='lat' dir='ltr'>consequentia.</span> <span class='ocrx_word' id='word_1_469' title='bbox 2167 899 2299 929; x_wconf 85' lang='lat' dir='ltr'>Falsum</span> <span class='ocrx_word' id='word_1_470' title='bbox 2315 899 2401 929; x_wconf 90' lang='lat' dir='ltr'>enim</span> <span class='ocrx_word' id='word_1_471' title='bbox 2416 909 2483 929; x_wconf 89' lang='lat' dir='ltr'>ma-</span> 
     </span>
     <span class='ocr_line' id='line_1_62' title="bbox 1410 940 2484 983; baseline 0.003 -12"><span class='ocrx_word' id='word_1_472' title='bbox 1410 940 1521 972; x_wconf 89' lang='lat' dir='ltr'>nifeste</span> <span class='ocrx_word' id='word_1_473' title='bbox 1545 947 1592 972; x_wconf 90' lang='lat' dir='ltr'>est</span> <span class='ocrx_word' id='word_1_474' title='bbox 1621 941 1712 982; x_wconf 90' lang='lat' dir='ltr'>quod</span> <span class='ocrx_word' id='word_1_475' title='bbox 1741 941 1855 973; x_wconf 90' lang='lat' dir='ltr'>notitia</span> <span class='ocrx_word' id='word_1_476' title='bbox 1882 942 2019 983; x_wconf 86' lang='lat' dir='ltr'>practica</span> <span class='ocrx_word' id='word_1_477' title='bbox 2048 944 2161 974; x_wconf 91' lang='lat' dir='ltr'>debeat</span> <span class='ocrx_word' id='word_1_478' title='bbox 2183 953 2251 974; x_wconf 87' lang='lat' dir='ltr'>esse</span> <span class='ocrx_word' id='word_1_479' title='bbox 2275 943 2421 974; x_wconf 87' lang='lat' dir='ltr'>dictativa</span> <span class='ocrx_word' id='word_1_480' title='bbox 2443 943 2484 974; x_wconf 88' lang='lat' dir='ltr'>ad</span> 
     </span>
     <span class='ocr_line' id='line_1_63' title="bbox 1410 985 2483 1028; baseline 0.004 -13"><span class='ocrx_word' id='word_1_481' title='bbox 1410 985 1625 1026; x_wconf 89' lang='lat' dir='ltr'>operandum:</span> <span class='ocrx_word' id='word_1_482' title='bbox 1651 985 1725 1016; x_wconf 89' lang='lat' dir='ltr'>satis</span> <span class='ocrx_word' id='word_1_483' title='bbox 1748 993 1795 1017; x_wconf 91' lang='lat' dir='ltr'>est</span> <span class='ocrx_word' id='word_1_484' title='bbox 1818 985 1905 1017; x_wconf 89' lang='lat' dir='ltr'>enim</span> <span class='ocrx_word' id='word_1_485' title='bbox 1927 988 2018 1028; x_wconf 92' lang='lat' dir='ltr'>quod</span> <span class='ocrx_word' id='word_1_486' title='bbox 2041 987 2080 1018; x_wconf 93' lang='lat' dir='ltr'>sit</span> <span class='ocrx_word' id='word_1_487' title='bbox 2111 987 2293 1028; x_wconf 85' lang='lat' dir='ltr'>regulativa.</span> <span class='ocrx_word' id='word_1_488' title='bbox 2313 989 2374 1019; x_wconf 88' lang='lat' dir='ltr'>Ars</span> <span class='ocrx_word' id='word_1_489' title='bbox 2397 988 2483 1019; x_wconf 89' lang='lat' dir='ltr'>enim</span> 
     </span>
     <span class='ocr_line' id='line_1_64' title="bbox 1411 1028 2483 1064; baseline 0.004 -4"><span class='ocrx_word' id='word_1_490' title='bbox 1411 1028 1625 1060; x_wconf 88' lang='lat' dir='ltr'>domificativa</span> <span class='ocrx_word' id='word_1_491' title='bbox 1647 1040 1715 1060; x_wconf 92' lang='lat' dir='ltr'>non</span> <span class='ocrx_word' id='word_1_492' title='bbox 1734 1030 1830 1061; x_wconf 92' lang='lat' dir='ltr'>dictat</span> <span class='ocrx_word' id='word_1_493' title='bbox 1846 1030 2097 1063; x_wconf 86' lang='lat' dir='ltr'>domificandum</span> <span class='ocrx_word' id='word_1_494' title='bbox 2121 1041 2202 1063; x_wconf 89' lang='lat' dir='ltr'>esse:</span> <span class='ocrx_word' id='word_1_495' title='bbox 2227 1032 2295 1063; x_wconf 92' lang='lat' dir='ltr'>imo</span> <span class='ocrx_word' id='word_1_496' title='bbox 2320 1040 2366 1064; x_wconf 90' lang='lat' dir='ltr'>est</span> <span class='ocrx_word' id='word_1_497' title='bbox 2388 1032 2483 1063; x_wconf 90' lang='lat' dir='ltr'>indif-</span> 
     </span>
     <span class='ocr_line' id='line_1_65' title="bbox 1410 1074 2237 1117; baseline 0.005 -13"><span class='ocrx_word' id='word_1_498' title='bbox 1410 1074 1512 1105; x_wconf 88' lang='lat' dir='ltr'>ferens</span> <span class='ocrx_word' id='word_1_499' title='bbox 1536 1074 1577 1104; x_wconf 88' lang='lat' dir='ltr'>ad</span> <span class='ocrx_word' id='word_1_500' title='bbox 1601 1074 1760 1115; x_wconf 85' lang='lat' dir='ltr'>opposita,</span> <span class='ocrx_word' id='word_1_501' title='bbox 1785 1081 1821 1106; x_wconf 92' lang='lat' dir='ltr'>ut</span> <span class='ocrx_word' id='word_1_502' title='bbox 1843 1082 1930 1116; x_wconf 85' lang='lat' dir='ltr'>patet</span> <span class='ocrx_word' id='word_1_503' title='bbox 1953 1075 1996 1106; x_wconf 82' lang='lat' dir='ltr'>IX</span> <span class='ocrx_word' id='word_1_504' title='bbox 2019 1077 2195 1117; x_wconf 80' lang='lat' dir='ltr'>Metaphys</span> <span class='ocrx_word' id='word_1_505' title='bbox 2209 1076 2237 1108; x_wconf 74' lang='lat'>*-</span> 
     </span>
    </p>

    <p class='ocr_par' dir='ltr' id='par_1_16' title="bbox 1408 1119 2486 2052">
     <span class='ocr_line' id='line_1_66' title="bbox 1463 1119 2482 1160; baseline 0.003 -10"><span class='ocrx_word' id='word_1_506' title='bbox 1463 1119 1506 1150; x_wconf 90' lang='lat' dir='ltr'>Et</span> <span class='ocrx_word' id='word_1_507' title='bbox 1521 1129 1577 1160; x_wconf 88' lang='lat' dir='ltr'>per</span> <span class='ocrx_word' id='word_1_508' title='bbox 1592 1119 1655 1150; x_wconf 92' lang='lat' dir='ltr'>hoc</span> <span class='ocrx_word' id='word_1_509' title='bbox 1674 1125 1760 1160; x_wconf 87' lang='lat' dir='ltr'>patet</span> <span class='ocrx_word' id='word_1_510' title='bbox 1778 1119 1944 1160; x_wconf 90' lang='lat' dir='ltr'>responsio</span> <span class='ocrx_word' id='word_1_511' title='bbox 1961 1120 2002 1150; x_wconf 90' lang='lat' dir='ltr'>ad</span> <span class='ocrx_word' id='word_1_512' title='bbox 2021 1120 2235 1152; x_wconf 87' lang='lat' dir='ltr'>obiectionem</span> <span class='ocrx_word' id='word_1_513' title='bbox 2251 1122 2392 1153; x_wconf 88' lang='lat' dir='ltr'>secundo</span> <span class='ocrx_word' id='word_1_514' title='bbox 2407 1122 2482 1153; x_wconf 90' lang='lat' dir='ltr'>loco</span> 
     </span>
     <span class='ocr_line' id='line_1_67' title="bbox 1410 1163 2483 1206; baseline 0.004 -12"><span class='ocrx_word' id='word_1_515' title='bbox 1410 1163 1590 1195; x_wconf 90' lang='lat' dir='ltr'>adductam.</span> <span class='ocrx_word' id='word_1_516' title='bbox 1616 1163 1747 1194; x_wconf 88' lang='lat' dir='ltr'>Falsum</span> <span class='ocrx_word' id='word_1_517' title='bbox 1763 1164 1884 1205; x_wconf 88' lang='lat' dir='ltr'>quippe</span> <span class='ocrx_word' id='word_1_518' title='bbox 1900 1170 1947 1195; x_wconf 93' lang='lat' dir='ltr'>est</span> <span class='ocrx_word' id='word_1_519' title='bbox 1962 1171 2181 1205; x_wconf 90' lang='lat' dir='ltr'>assumptum:</span> <span class='ocrx_word' id='word_1_520' title='bbox 2201 1165 2367 1206; x_wconf 77' lang='lat' dir='ltr'>quoniam,</span> <span class='ocrx_word' id='word_1_521' title='bbox 2385 1173 2421 1198; x_wconf 94' lang='lat' dir='ltr'>ut</span> <span class='ocrx_word' id='word_1_522' title='bbox 2437 1167 2483 1198; x_wconf 91' lang='lat' dir='ltr'>di-</span> 
     </span>
     <span class='ocr_line' id='line_1_68' title="bbox 1411 1206 2482 1251; baseline 0.004 -12"><span class='ocrx_word' id='word_1_523' title='bbox 1411 1208 1491 1239; x_wconf 93' lang='lat' dir='ltr'>citur</span> <span class='ocrx_word' id='word_1_524' title='bbox 1510 1208 1553 1239; x_wconf 89' lang='lat' dir='ltr'>IX</span> <span class='ocrx_word' id='word_1_525' title='bbox 1567 1209 1753 1249; x_wconf 82' lang='lat' dir='ltr'>Metaphys.</span> <span class='ocrx_word' id='word_1_526' title='bbox 1764 1206 1789 1246; x_wconf 61' lang='lat'>¹³,</span> <span class='ocrx_word' id='word_1_527' title='bbox 1807 1209 1951 1249; x_wconf 85' lang='lat' dir='ltr'>potentia</span> <span class='ocrx_word' id='word_1_528' title='bbox 1973 1209 2143 1246; x_wconf 84' lang='lat' dir='ltr'>rationalis,</span> <span class='ocrx_word' id='word_1_529' title='bbox 2159 1219 2259 1251; x_wconf 90' lang='lat' dir='ltr'>quam</span> <span class='ocrx_word' id='word_1_530' title='bbox 2277 1217 2401 1242; x_wconf 84' lang='lat' dir='ltr'>constat</span> <span class='ocrx_word' id='word_1_531' title='bbox 2415 1221 2482 1243; x_wconf 85' lang='lat' dir='ltr'>esse</span> 
     </span>
     <span class='ocr_line' id='line_1_69' title="bbox 1410 1252 2482 1295; baseline 0.004 -12"><span class='ocrx_word' id='word_1_532' title='bbox 1410 1252 1558 1284; x_wconf 87' lang='lat' dir='ltr'>notitiam</span> <span class='ocrx_word' id='word_1_533' title='bbox 1581 1253 1770 1294; x_wconf 86' lang='lat' dir='ltr'>practicam,</span> <span class='ocrx_word' id='word_1_534' title='bbox 1795 1253 2023 1284; x_wconf 87' lang='lat' dir='ltr'>determinatur</span> <span class='ocrx_word' id='word_1_535' title='bbox 2051 1254 2090 1285; x_wconf 87' lang='lat' dir='ltr'>ab</span> <span class='ocrx_word' id='word_1_536' title='bbox 2121 1253 2264 1295; x_wconf 87' lang='lat' dir='ltr'>appetitu</span> <span class='ocrx_word' id='word_1_537' title='bbox 2277 1277 2284 1291; x_wconf 90' lang='lat'>,</span> <span class='ocrx_word' id='word_1_538' title='bbox 2312 1261 2343 1286; x_wconf 93' lang='lat' dir='ltr'>et</span> <span class='ocrx_word' id='word_1_539' title='bbox 2374 1265 2442 1286; x_wconf 89' lang='lat' dir='ltr'>non</span> <span class='ocrx_word' id='word_1_540' title='bbox 2465 1266 2482 1287; x_wconf 88' lang='lat' dir='ltr'>e</span> 
     </span>
     <span class='ocr_line' id='line_1_70' title="bbox 1411 1297 2482 1340; baseline 0.003 -12"><span class='ocrx_word' id='word_1_541' title='bbox 1411 1306 1578 1334; x_wconf 90' lang='lat' dir='ltr'>converso;</span> <span class='ocrx_word' id='word_1_542' title='bbox 1603 1304 1634 1328; x_wconf 93' lang='lat' dir='ltr'>et</span> <span class='ocrx_word' id='word_1_543' title='bbox 1651 1297 1725 1328; x_wconf 91' lang='lat' dir='ltr'>ideo</span> <span class='ocrx_word' id='word_1_544' title='bbox 1742 1297 2012 1339; x_wconf 87' lang='lat' dir='ltr'>praesupponitur</span> <span class='ocrx_word' id='word_1_545' title='bbox 2026 1298 2065 1329; x_wconf 87' lang='lat' dir='ltr'>ab</span> <span class='ocrx_word' id='word_1_546' title='bbox 2082 1298 2225 1340; x_wconf 87' lang='lat' dir='ltr'>appetitu</span> <span class='ocrx_word' id='word_1_547' title='bbox 2242 1305 2279 1329; x_wconf 92' lang='lat' dir='ltr'>ut</span> <span class='ocrx_word' id='word_1_548' title='bbox 2291 1298 2482 1332; x_wconf 87' lang='lat' dir='ltr'>indifferens.</span> 
     </span>
     <span class='ocr_line' id='line_1_71' title="bbox 1410 1342 2485 1384; baseline 0.004 -12"><span class='ocrx_word' id='word_1_549' title='bbox 1410 1342 1503 1373; x_wconf 91' lang='lat' dir='ltr'>Unde</span> <span class='ocrx_word' id='word_1_550' title='bbox 1534 1342 1654 1373; x_wconf 90' lang='lat' dir='ltr'>mirum</span> <span class='ocrx_word' id='word_1_551' title='bbox 1682 1349 1729 1373; x_wconf 92' lang='lat' dir='ltr'>est</span> <span class='ocrx_word' id='word_1_552' title='bbox 1758 1343 1797 1373; x_wconf 88' lang='lat' dir='ltr'>de</span> <span class='ocrx_word' id='word_1_553' title='bbox 1820 1342 1882 1374; x_wconf 90' lang='lat' dir='ltr'>isto</span> <span class='ocrx_word' id='word_1_554' title='bbox 1915 1342 2064 1380; x_wconf 82' lang='lat' dir='ltr'>homine,</span> <span class='ocrx_word' id='word_1_555' title='bbox 2089 1343 2258 1384; x_wconf 88' lang='lat' dir='ltr'>quomodo</span> <span class='ocrx_word' id='word_1_556' title='bbox 2286 1344 2485 1384; x_wconf 80' lang='lat' dir='ltr'>praeclarum</span> 
     </span>
     <span class='ocr_line' id='line_1_72' title="bbox 1410 1386 2484 1429; baseline 0.003 -12"><span class='ocrx_word' id='word_1_557' title='bbox 1410 1386 1478 1418; x_wconf 91' lang='lat' dir='ltr'>eius</span> <span class='ocrx_word' id='word_1_558' title='bbox 1501 1386 1668 1427; x_wconf 89' lang='lat' dir='ltr'>ingenium</span> <span class='ocrx_word' id='word_1_559' title='bbox 1691 1396 1759 1420; x_wconf 89' lang='lat' dir='ltr'>non</span> <span class='ocrx_word' id='word_1_560' title='bbox 1782 1387 1915 1418; x_wconf 90' lang='lat' dir='ltr'>advertit</span> <span class='ocrx_word' id='word_1_561' title='bbox 1933 1388 2032 1429; x_wconf 88' lang='lat' dir='ltr'>quod,</span> <span class='ocrx_word' id='word_1_562' title='bbox 2053 1388 2331 1429; x_wconf 87' lang='lat' dir='ltr'>quemadmodum</span> <span class='ocrx_word' id='word_1_563' title='bbox 2354 1398 2403 1420; x_wconf 86' lang='lat' dir='ltr'>ars</span> <span class='ocrx_word' id='word_1_564' title='bbox 2427 1388 2484 1420; x_wconf 90' lang='lat' dir='ltr'>do-</span> 
     </span>
     <span class='ocr_line' id='line_1_73' title="bbox 1409 1430 2484 1474; baseline 0.002 -12"><span class='ocrx_word' id='word_1_565' title='bbox 1409 1430 1580 1463; x_wconf 84' lang='lat' dir='ltr'>mificativa</span> <span class='ocrx_word' id='word_1_566' title='bbox 1601 1431 1747 1462; x_wconf 87' lang='lat' dir='ltr'>absolute</span> <span class='ocrx_word' id='word_1_567' title='bbox 1770 1431 1932 1472; x_wconf 89' lang='lat' dir='ltr'>praevenit</span> <span class='ocrx_word' id='word_1_568' title='bbox 1962 1439 2070 1463; x_wconf 90' lang='lat' dir='ltr'>actum</span> <span class='ocrx_word' id='word_1_569' title='bbox 2092 1432 2281 1470; x_wconf 86' lang='lat' dir='ltr'>voluntatis,</span> <span class='ocrx_word' id='word_1_570' title='bbox 2303 1439 2334 1464; x_wconf 91' lang='lat' dir='ltr'>et</span> <span class='ocrx_word' id='word_1_571' title='bbox 2356 1443 2484 1474; x_wconf 85' lang='lat' dir='ltr'>praeve-</span> 
     </span>
     <span class='ocr_line' id='line_1_74' title="bbox 1410 1475 2483 1518; baseline 0.003 -12"><span class='ocrx_word' id='word_1_572' title='bbox 1410 1476 1495 1508; x_wconf 90' lang='lat' dir='ltr'>nitur</span> <span class='ocrx_word' id='word_1_573' title='bbox 1518 1486 1537 1507; x_wconf 88' lang='lat' dir='ltr'>a</span> <span class='ocrx_word' id='word_1_574' title='bbox 1559 1475 1723 1507; x_wconf 91' lang='lat' dir='ltr'>voluntate</span> <span class='ocrx_word' id='word_1_575' title='bbox 1750 1482 1786 1507; x_wconf 90' lang='lat' dir='ltr'>ut</span> <span class='ocrx_word' id='word_1_576' title='bbox 1809 1476 2048 1508; x_wconf 86' lang='lat' dir='ltr'>determinativa</span> <span class='ocrx_word' id='word_1_577' title='bbox 2071 1477 2172 1518; x_wconf 88' lang='lat' dir='ltr'>ipsius</span> <span class='ocrx_word' id='word_1_578' title='bbox 2196 1477 2236 1508; x_wconf 91' lang='lat' dir='ltr'>ad</span> <span class='ocrx_word' id='word_1_579' title='bbox 2265 1478 2483 1518; x_wconf 86' lang='lat' dir='ltr'>operandum,</span> 
     </span>
     <span class='ocr_line' id='line_1_75' title="bbox 1410 1520 2483 1563; baseline 0.003 -12"><span class='ocrx_word' id='word_1_580' title='bbox 1410 1527 1441 1552; x_wconf 90' lang='lat' dir='ltr'>et</span> <span class='ocrx_word' id='word_1_581' title='bbox 1463 1520 1625 1562; x_wconf 86' lang='lat' dir='ltr'>praevenit</span> <span class='ocrx_word' id='word_1_582' title='bbox 1655 1520 1876 1552; x_wconf 89' lang='lat' dir='ltr'>executionem</span> <span class='ocrx_word' id='word_1_583' title='bbox 1889 1545 1896 1558; x_wconf 93' lang='lat'>,</span> <span class='ocrx_word' id='word_1_584' title='bbox 1920 1521 2038 1552; x_wconf 88' lang='lat' dir='ltr'>scilicet</span> <span class='ocrx_word' id='word_1_585' title='bbox 2060 1521 2164 1563; x_wconf 84' lang='lat' dir='ltr'>ipsam</span> <span class='ocrx_word' id='word_1_586' title='bbox 2191 1521 2483 1560; x_wconf 87' lang='lat' dir='ltr'>domificationem;</span> 
     </span>
     <span class='ocr_line' id='line_1_76' title="bbox 1408 1564 2486 1606; baseline 0.004 -11"><span class='ocrx_word' id='word_1_587' title='bbox 1408 1565 1452 1596; x_wconf 91' lang='lat' dir='ltr'>ita</span> <span class='ocrx_word' id='word_1_588' title='bbox 1475 1564 1613 1596; x_wconf 88' lang='lat' dir='ltr'>rationes</span> <span class='ocrx_word' id='word_1_589' title='bbox 1636 1565 1787 1596; x_wconf 85' lang='lat' dir='ltr'>omnium</span> <span class='ocrx_word' id='word_1_590' title='bbox 1810 1575 1947 1606; x_wconf 86' lang='lat' dir='ltr'>operum</span> <span class='ocrx_word' id='word_1_591' title='bbox 1971 1565 2160 1597; x_wconf 88' lang='lat' dir='ltr'>factibilium</span> <span class='ocrx_word' id='word_1_592' title='bbox 2183 1577 2202 1597; x_wconf 85' lang='lat' dir='ltr'>a</span> <span class='ocrx_word' id='word_1_593' title='bbox 2225 1567 2314 1604; x_wconf 92' lang='lat' dir='ltr'>Deo,</span> <span class='ocrx_word' id='word_1_594' title='bbox 2335 1566 2486 1599; x_wconf 79' lang='lat' dir='ltr'>naturali-</span> 
     </span>
     <span class='ocr_line' id='line_1_77' title="bbox 1408 1609 2485 1652; baseline 0.002 -12"><span class='ocrx_word' id='word_1_595' title='bbox 1408 1616 1456 1641; x_wconf 92' lang='lat' dir='ltr'>ter</span> <span class='ocrx_word' id='word_1_596' title='bbox 1473 1609 1507 1640; x_wconf 91' lang='lat' dir='ltr'>in</span> <span class='ocrx_word' id='word_1_597' title='bbox 1527 1609 1661 1641; x_wconf 85' lang='lat' dir='ltr'>essentia</span> <span class='ocrx_word' id='word_1_598' title='bbox 1677 1609 1783 1640; x_wconf 89' lang='lat' dir='ltr'>divina</span> <span class='ocrx_word' id='word_1_599' title='bbox 1802 1610 1952 1647; x_wconf 89' lang='lat' dir='ltr'>relucent,</span> <span class='ocrx_word' id='word_1_600' title='bbox 1967 1610 2202 1652; x_wconf 89' lang='lat' dir='ltr'>praeveniendo</span> <span class='ocrx_word' id='word_1_601' title='bbox 2221 1621 2354 1642; x_wconf 87' lang='lat' dir='ltr'>omnem</span> <span class='ocrx_word' id='word_1_602' title='bbox 2369 1611 2485 1643; x_wconf 90' lang='lat' dir='ltr'>volun-</span> 
     </span>
     <span class='ocr_line' id='line_1_78' title="bbox 1409 1654 2483 1696; baseline 0.002 -11"><span class='ocrx_word' id='word_1_603' title='bbox 1409 1654 1480 1686; x_wconf 87' lang='lat' dir='ltr'>tatis</span> <span class='ocrx_word' id='word_1_604' title='bbox 1497 1661 1620 1690; x_wconf 89' lang='lat' dir='ltr'>actum;</span> <span class='ocrx_word' id='word_1_605' title='bbox 1645 1654 1701 1685; x_wconf 90' lang='lat' dir='ltr'>sed</span> <span class='ocrx_word' id='word_1_606' title='bbox 1723 1654 1899 1696; x_wconf 88' lang='lat' dir='ltr'>praeveniri</span> <span class='ocrx_word' id='word_1_607' title='bbox 1923 1665 1974 1686; x_wconf 86' lang='lat' dir='ltr'>eas</span> <span class='ocrx_word' id='word_1_608' title='bbox 1989 1662 2118 1696; x_wconf 91' lang='lat' dir='ltr'>oportet</span> <span class='ocrx_word' id='word_1_609' title='bbox 2140 1666 2159 1687; x_wconf 87' lang='lat' dir='ltr'>a</span> <span class='ocrx_word' id='word_1_610' title='bbox 2173 1656 2338 1688; x_wconf 80' lang='lat' dir='ltr'>voluntate</span> <span class='ocrx_word' id='word_1_611' title='bbox 2362 1656 2483 1693; x_wconf 82' lang='lat' dir='ltr'>divina,</span> 
     </span>
     <span class='ocr_line' id='line_1_79' title="bbox 1409 1699 2485 1742; baseline 0.002 -12"><span class='ocrx_word' id='word_1_612' title='bbox 1409 1705 1445 1730; x_wconf 92' lang='lat' dir='ltr'>ut</span> <span class='ocrx_word' id='word_1_613' title='bbox 1469 1699 1717 1730; x_wconf 85' lang='lat' dir='ltr'>determinentur</span> <span class='ocrx_word' id='word_1_614' title='bbox 1740 1699 1781 1730; x_wconf 88' lang='lat' dir='ltr'>ad</span> <span class='ocrx_word' id='word_1_615' title='bbox 1809 1699 2019 1741; x_wconf 89' lang='lat' dir='ltr'>operandum.</span> <span class='ocrx_word' id='word_1_616' title='bbox 2044 1700 2136 1733; x_wconf 87' lang='lat' dir='ltr'>Unde</span> <span class='ocrx_word' id='word_1_617' title='bbox 2160 1701 2320 1742; x_wconf 84' lang='lat' dir='ltr'>quaedam</span> <span class='ocrx_word' id='word_1_618' title='bbox 2346 1700 2485 1732; x_wconf 79' lang='lat' dir='ltr'>rationes</span> 
     </span>
     <span class='ocr_line' id='line_1_80' title="bbox 1409 1743 2484 1786; baseline 0.002 -12"><span class='ocrx_word' id='word_1_619' title='bbox 1409 1750 1485 1774; x_wconf 93' lang='lat' dir='ltr'>sunt</span> <span class='ocrx_word' id='word_1_620' title='bbox 1507 1743 1732 1775; x_wconf 85' lang='lat' dir='ltr'>determinatae</span> <span class='ocrx_word' id='word_1_621' title='bbox 1756 1743 1796 1775; x_wconf 91' lang='lat' dir='ltr'>ad</span> <span class='ocrx_word' id='word_1_622' title='bbox 1820 1744 2031 1785; x_wconf 84' lang='lat' dir='ltr'>operandum,</span> <span class='ocrx_word' id='word_1_623' title='bbox 2049 1751 2080 1776; x_wconf 92' lang='lat' dir='ltr'>et</span> <span class='ocrx_word' id='word_1_624' title='bbox 2102 1745 2262 1786; x_wconf 82' lang='lat' dir='ltr'>quaedam</span> <span class='ocrx_word' id='word_1_625' title='bbox 2283 1755 2367 1782; x_wconf 81' lang='lat' dir='ltr'>non,</span> <span class='ocrx_word' id='word_1_626' title='bbox 2391 1752 2427 1777; x_wconf 89' lang='lat' dir='ltr'>ut</span> <span class='ocrx_word' id='word_1_627' title='bbox 2449 1745 2484 1776; x_wconf 86' lang='lat' dir='ltr'>in</span> 
     </span>
     <span class='ocr_line' id='line_1_81' title="bbox 1409 1787 2484 1830; baseline 0.002 -12"><span class='ocrx_word' id='word_1_628' title='bbox 1409 1787 1511 1819; x_wconf 86' lang='lat' dir='ltr'>littera</span> <span class='ocrx_word' id='word_1_629' title='bbox 1534 1787 1657 1819; x_wconf 87' lang='lat' dir='ltr'>dicitur.</span> <span class='ocrx_word' id='word_1_630' title='bbox 1685 1788 1726 1819; x_wconf 89' lang='lat' dir='ltr'>Et</span> <span class='ocrx_word' id='word_1_631' title='bbox 1749 1788 1822 1819; x_wconf 86' lang='lat' dir='ltr'>illae</span> <span class='ocrx_word' id='word_1_632' title='bbox 1845 1788 1942 1819; x_wconf 88' lang='lat' dir='ltr'>etiam</span> <span class='ocrx_word' id='word_1_633' title='bbox 1961 1799 2043 1830; x_wconf 83' lang='lat' dir='ltr'>quae</span> <span class='ocrx_word' id='word_1_634' title='bbox 2063 1789 2288 1820; x_wconf 87' lang='lat' dir='ltr'>determinatae</span> <span class='ocrx_word' id='word_1_635' title='bbox 2303 1796 2379 1821; x_wconf 88' lang='lat' dir='ltr'>sunt</span> <span class='ocrx_word' id='word_1_636' title='bbox 2402 1799 2420 1820; x_wconf 91' lang='lat' dir='ltr'>a</span> <span class='ocrx_word' id='word_1_637' title='bbox 2436 1789 2484 1820; x_wconf 91' lang='lat' dir='ltr'>di-</span> 
     </span>
     <span class='ocr_line' id='line_1_82' title="bbox 1408 1832 2484 1873; baseline 0.002 -10"><span class='ocrx_word' id='word_1_638' title='bbox 1408 1832 1481 1863; x_wconf 87' lang='lat' dir='ltr'>vina</span> <span class='ocrx_word' id='word_1_639' title='bbox 1505 1832 1679 1870; x_wconf 85' lang='lat' dir='ltr'>voluntate,</span> <span class='ocrx_word' id='word_1_640' title='bbox 1697 1832 1906 1873; x_wconf 89' lang='lat' dir='ltr'>praeveniunt</span> <span class='ocrx_word' id='word_1_641' title='bbox 1924 1833 2154 1870; x_wconf 89' lang='lat' dir='ltr'>executionem,</span> <span class='ocrx_word' id='word_1_642' title='bbox 2172 1833 2289 1865; x_wconf 88' lang='lat' dir='ltr'>scilicet</span> <span class='ocrx_word' id='word_1_643' title='bbox 2311 1833 2484 1866; x_wconf 84' lang='lat' dir='ltr'>factionem</span> 
     </span>
     <span class='ocr_line' id='line_1_83' title="bbox 1409 1877 2483 1919; baseline 0.003 -12"><span class='ocrx_word' id='word_1_644' title='bbox 1409 1877 1448 1907; x_wconf 87' lang='lat' dir='ltr'>ad</span> <span class='ocrx_word' id='word_1_645' title='bbox 1472 1883 1567 1908; x_wconf 83' lang='lat' dir='ltr'>extra.</span> <span class='ocrx_word' id='word_1_646' title='bbox 1595 1877 1661 1908; x_wconf 92' lang='lat' dir='ltr'>Nec</span> <span class='ocrx_word' id='word_1_647' title='bbox 1677 1877 1771 1909; x_wconf 88' lang='lat' dir='ltr'>refert</span> <span class='ocrx_word' id='word_1_648' title='bbox 1789 1877 1829 1908; x_wconf 90' lang='lat' dir='ltr'>ad</span> <span class='ocrx_word' id='word_1_649' title='bbox 1852 1877 2057 1918; x_wconf 89' lang='lat' dir='ltr'>propositum</span> <span class='ocrx_word' id='word_1_650' title='bbox 2078 1885 2188 1909; x_wconf 87' lang='lat' dir='ltr'>utrum</span> <span class='ocrx_word' id='word_1_651' title='bbox 2203 1878 2347 1919; x_wconf 87' lang='lat' dir='ltr'>potentia</span> <span class='ocrx_word' id='word_1_652' title='bbox 2370 1888 2483 1910; x_wconf 89' lang='lat' dir='ltr'>execu-</span> 
     </span>
     <span class='ocr_line' id='line_1_84' title="bbox 1408 1921 2485 1965; baseline 0.003 -14"><span class='ocrx_word' id='word_1_653' title='bbox 1408 1921 1472 1952; x_wconf 88' lang='lat' dir='ltr'>tiva</span> <span class='ocrx_word' id='word_1_654' title='bbox 1494 1921 1528 1952; x_wconf 91' lang='lat' dir='ltr'>in</span> <span class='ocrx_word' id='word_1_655' title='bbox 1552 1921 1622 1952; x_wconf 93' lang='lat' dir='ltr'>Deo</span> <span class='ocrx_word' id='word_1_656' title='bbox 1646 1921 1686 1953; x_wconf 89' lang='lat' dir='ltr'>sit</span> <span class='ocrx_word' id='word_1_657' title='bbox 1703 1921 1773 1962; x_wconf 88' lang='lat' dir='ltr'>ipsa</span> <span class='ocrx_word' id='word_1_658' title='bbox 1795 1921 1954 1959; x_wconf 84' lang='lat' dir='ltr'>voluntas,</span> <span class='ocrx_word' id='word_1_659' title='bbox 1972 1932 2013 1953; x_wconf 87' lang='lat' dir='ltr'>an</span> <span class='ocrx_word' id='word_1_660' title='bbox 2036 1922 2127 1954; x_wconf 87' lang='lat' dir='ltr'>tertia</span> <span class='ocrx_word' id='word_1_661' title='bbox 2142 1922 2302 1964; x_wconf 80' lang='lat' dir='ltr'>potentia:</span> <span class='ocrx_word' id='word_1_662' title='bbox 2329 1922 2485 1965; x_wconf 83' lang='lat' dir='ltr'>quoniam</span> 
     </span>
     <span class='ocr_line' id='line_1_85' title="bbox 1409 1965 2486 2008; baseline 0.002 -12"><span class='ocrx_word' id='word_1_663' title='bbox 1409 1965 1505 1996; x_wconf 89' lang='lat' dir='ltr'>etiam</span> <span class='ocrx_word' id='word_1_664' title='bbox 1527 1965 1598 2007; x_wconf 87' lang='lat' dir='ltr'>ipsa</span> <span class='ocrx_word' id='word_1_665' title='bbox 1619 1966 1779 2003; x_wconf 83' lang='lat' dir='ltr'>voluntas,</span> <span class='ocrx_word' id='word_1_666' title='bbox 1804 1973 1841 1997; x_wconf 93' lang='lat' dir='ltr'>ut</span> <span class='ocrx_word' id='word_1_667' title='bbox 1864 1966 2087 2004; x_wconf 82' lang='lat' dir='ltr'>determinans,</span> <span class='ocrx_word' id='word_1_668' title='bbox 2108 1967 2276 2008; x_wconf 86' lang='lat' dir='ltr'>praecedit,</span> <span class='ocrx_word' id='word_1_669' title='bbox 2302 1973 2334 1999; x_wconf 91' lang='lat' dir='ltr'>et</span> <span class='ocrx_word' id='word_1_670' title='bbox 2355 1973 2392 1998; x_wconf 92' lang='lat' dir='ltr'>ut</span> <span class='ocrx_word' id='word_1_671' title='bbox 2415 1977 2486 1998; x_wconf 87' lang='lat' dir='ltr'>exe-</span> 
     </span>
     <span class='ocr_line' id='line_1_86' title="bbox 1410 2010 1964 2052; baseline 0.004 -11"><span class='ocrx_word' id='word_1_672' title='bbox 1410 2019 1521 2052; x_wconf 84' lang='lat' dir='ltr'>quens,</span> <span class='ocrx_word' id='word_1_673' title='bbox 1547 2010 1700 2052; x_wconf 91' lang='lat' dir='ltr'>sequitur.</span> <span class='ocrx_word' id='word_1_674' title='bbox 1961 2012 1964 2014; x_wconf 82' lang='grc'><strong>’</strong></span> 
     </span>
    </p>
   </div>
   <div class='ocr_carea' id='block_1_10' title="bbox 946 2715 1804 2932">
    <p class='ocr_par' dir='ltr' id='par_1_17' title="bbox 946 2715 1804 2932">
     <span class='ocr_line' id='line_1_87' title="bbox 946 2715 1804 2932; baseline 0 1246"><span class='ocrx_word' id='word_1_675' title='bbox 946 2715 1804 2932; x_wconf 95' lang='lat' dir='ltr'> </span> 
     </span>
    </p>
   </div>
   <div class='ocr_carea' id='block_1_11' title="bbox 2511 593 2725 675">
    <p class='ocr_par' dir='ltr' id='par_1_18' title="bbox 2511 593 2725 675">
     <span class='ocr_line' id='line_1_88' title="bbox 2511 593 2725 616; baseline 0 -1"><span class='ocrx_word' id='word_1_676' title='bbox 2511 595 2521 604; x_wconf 74' lang='grc'>”</span> <span class='ocrx_word' id='word_1_677' title='bbox 2538 593 2571 616; x_wconf 78' lang='lat' dir='ltr'>Ca</span> <span class='ocrx_word' id='word_1_678' title='bbox 2590 599 2658 615; x_wconf 83' lang='lat' dir='ltr'>.1v.·-</span> <span class='ocrx_word' id='word_1_679' title='bbox 2670 593 2725 615; x_wconf 85' lang='lat' dir='ltr'>Did.</span> 
     </span>
     <span class='ocr_line' id='line_1_89' title="bbox 2511 620 2725 648; baseline 0 -6"><span class='ocrx_word' id='word_1_680' title='bbox 2511 620 2553 642; x_wconf 82' lang='lat' dir='ltr'>lib.</span> <span class='ocrx_word' id='word_1_681' title='bbox 2620 636 2627 647; x_wconf 94' lang='lat'>,</span> <span class='ocrx_word' id='word_1_682' title='bbox 2641 625 2692 648; x_wconf 78' lang='lat' dir='ltr'>cap.</span> <span class='ocrx_word' id='word_1_683' title='bbox 2702 626 2725 648; x_wconf 88' lang='lat' dir='ltr'>v,</span> 
     </span>
     <span class='ocr_line' id='line_1_90' title="bbox 2512 653 2605 675; baseline 0 -6"><span class='ocrx_word' id='word_1_684' title='bbox 2512 653 2535 670; x_wconf 88' lang='lat' dir='ltr'>n.</span> <span class='ocrx_word' id='word_1_685' title='bbox 2546 653 2567 675; x_wconf 83' lang='lat'>2,</span> <span class='ocrx_word' id='word_1_686' title='bbox 2581 654 2605 674; x_wconf 86' lang='lat'>4.</span> 
     </span>
    </p>
   </div>
   <div class='ocr_carea' id='block_1_12' title="bbox 2511 1075 2726 1125">
    <p class='ocr_par' dir='ltr' id='par_1_19' title="bbox 2511 1075 2726 1125">
     <span class='ocr_line' id='line_1_91' title="bbox 2511 1075 2726 1125; baseline 0 -26"><span class='ocrx_word' id='word_1_687' title='bbox 2511 1077 2526 1125; x_wconf 48' lang='grc' dir='ltr'>ἱ,</span> <span class='ocrx_word' id='word_1_688' title='bbox 2545 1075 2610 1125; x_wconf 56' lang='grc' dir='ltr'><strong><em>Ιὶοοο</em></strong></span> <span class='ocrx_word' id='word_1_689' title='bbox 2636 1076 2726 1104; x_wconf 77' lang='lat' dir='ltr'>citato,</span> 
     </span>
    </p>
   </div>
   <div class='ocr_carea' id='block_1_13' title="bbox 2512 1215 2700 1245">
    <p class='ocr_par' dir='ltr' id='par_1_20' title="bbox 2512 1215 2700 1245">
     <span class='ocr_line' id='line_1_92' title="bbox 2512 1215 2700 1245; baseline 0.005 -7"><span class='ocrx_word' id='word_1_690' title='bbox 2512 1216 2521 1226; x_wconf 94' lang='grc'>·</span> <span class='ocrx_word' id='word_1_691' title='bbox 2535 1215 2596 1238; x_wconf 85' lang='lat' dir='ltr'>Ibid.</span> <span class='ocrx_word' id='word_1_692' title='bbox 2610 1221 2634 1239; x_wconf 85' lang='lat' dir='ltr'>n.</span> <span class='ocrx_word' id='word_1_693' title='bbox 2642 1221 2700 1245; x_wconf 77' lang='grc'><strong><em>3,4.</em></strong></span> 
     </span>
    </p>
   </div>
  </div>
 </body>
</html>
