2768 4178
17 386 19 391 ⁴
54 366 267 416 {fflifftstfissz

26 711 27 714 =
52 679 198 729 ἐῗξῑῖεοῗῐ
205 686 240 728 123·
254 691 265 696 ·

147 1007 169 1078 «τ

25 1889 235 1928 '’Quarum-2.

997 281 1264 327 QUAEsT1o
1294 281 1384 328 xx,

294 357 363 394 VlI
383 357 503 394 Ethic.
519 357 550 405 ³³⁶,
566 358 672 408 quod
691 360 796 396 Deus
817 371 892 396 una
912 365 949 396 et
965 360 1127 408 simplici
1147 360 1364 408 operatione

293 411 444 460 gaudet.
466 411 515 447 Et
535 411 671 448 eadem
692 412 847 460 ratione,
869 413 949 449 sine
969 413 1146 461 passione
1167 420 1281 450 amat.

347 465 406 500 AD
426 475 616 502 SECUNDUM
635 477 819 502 DICENDUM
835 465 940 514 quod
959 465 997 502 in
1016 466 1258 514 passionibus
1278 479 1361 503 sen-

295 516 392 553 sitivi
421 517 621 566 appetitus,
648 526 703 555 est
722 518 963 555 considerare
982 519 1124 566 aliquid
1145 519 1254 567 quasi
1282 532 1361 556 ma-

293 569 442 617 teriale,
472 570 612 608 scilicet
645 572 883 620 corporalem
921 573 1295 618 transmutationem;
1327 581 1363 610 et

294 623 436 671 aliquid
465 624 573 673 quasi
602 624 772 671 formale,
803 624 908 672 quod
927 622 940 646 λ
968 632 1024 662 est
1053 637 1098 662 ex
1120 633 1227 674 parte
1247 638 1362 675 appe-

293 676 393 713 titus.
433 677 538 714 Sicut
565 677 604 714 in
631 677 706 724 ira,
735 685 777 715 ut
814 677 949 714 dicitur
975 678 1015 715 in
1044 679 1057 715 Ι
1086 679 1132 715 de
1157 679 1300 716 Anima
1319 679 1360 725 ²¹⁸,

293 729 489 766 materiale
527 738 582 767 est
619 731 795 768 accensio
831 731 1023 779 sanguinis
1056 731 1155 769 circa
1184 745 1269 779 cor,
1298 734 1361 770 vel

292 782 435 831 aliquid
462 782 702 829 huiusmodi3
732 784 891 821 formale
919 797 1031 831 vero,
1061 786 1250 834 appetitus
1277 786 1359 823 vin-

293 834 426 873 dictae.
467 835 544 873 Sed
573 848 722 882 rursus,
753 849 799 873 ex
825 845 932 886 parte
961 838 1040 875 eius
1069 838 1174 886 quod
1203 847 1258 876 est
1286 840 1359 877 for-

291 887 416 935 male,
458 888 497 926 in
535 889 766 937 quibusdam
803 891 944 928 horum
983 891 1199 940 designatur
1236 892 1359 942 aliqua

290 941 543 990 imperfectio;
574 942 669 979 sicut
687 942 727 980 in
746 944 946 991 desiderio,
969 945 1074 992 quod
1096 953 1150 982 est
1169 945 1259 982 boni
1281 959 1359 983 non

290 994 429 1041 habiti;
460 1002 495 1032 et
523 995 562 1032 in
589 995 750 1043 tristitia,
781 1009 879 1045 quae
914 1005 969 1035 est
997 997 1085 1034 mali
1113 998 1231 1035 habiti
1250 1005 1280 1036 μ.
1312 1001 1360 1036 Et

293 1047 429 1085 eadem
458 1048 551 1085 ratio
582 1057 638 1086 est
662 1050 709 1087 de
729 1050 795 1097 ira,
817 1063 915 1099 quae
935 1051 1120 1088 tristitiam
1141 1052 1321 1100 supponit
1334 1058 1356 1089 ’'.

291 1100 495 1148 Quaedam
523 1114 617 1140 vero
637 1104 780 1140 nullam
800 1103 1128 1153 imperfectionem
1150 1104 1357 1153 designant,

289 1161 332 1190 ut
351 1166 462 1191 amor
481 1162 518 1192 et
536 1156 728 1204 gaudium.
758 1157 858 1193 Cum
878 1157 987 1205 igitur
1005 1157 1095 1194 nihil
1114 1158 1253 1194 horum
1273 1159 1357 1195 Deo

291 1208 495 1245 conveniat
518 1209 732 1246 secundum
761 1210 985 1262 illud-quod
1014 1218 1069 1247 est
1097 1211 1291 1248 materiale
1320 1211 1358 1247 in

255 1283 262 1291 ·
291 1260 365 1307 eis,
395 1269 441 1298 m
463 1261 616 1299 dictum
651 1271 708 1300 est
731 1263 767 1309 *;
803 1263 864 1300 illa
897 1275 994 1312 quae
1028 1263 1357 1312 imperfectionem

289 1313 497 1363 important
531 1315 645 1352 etiam
673 1316 894 1363 formaliter,
924 1317 1010 1353 Deo
1042 1316 1250 1359 ‚convenire
1280 1329 1358 1354 non

255 1394 262 1405 ‚
288 1376 450 1416 possunt
477 1368 546 1405 nisi
574 1369 855 1418 metaphorice,
889 1377 1047 1418 propter
1074 1369 1358 1407 similitudinem

289 1420 458 1468 effectus,
478 1429 521 1459 ut
539 1434 654 1471 supra
681 1421 701 1444 ’¹‘
725 1422 869 1459 dictum
897 1430 963 1459 est.
990 1422 1101 1468 Quae
1130 1430 1257 1459 autem
1288 1423 1358 1460 im-

340 1533 370 1568 λ)
388 1535 469 1568 quod.
484 1549 505 1555 -
521 1535 621 1561 scilicet
639 1537 737 1561 addunt
755 1537 865 1562 codices.

341 1570 370 1604 μ.)
388 1574 416 1596 et
433 1570 460 1595 in
479 1571 624 1597 tristitia...
642 1572 734 1598 habiti.
752 1587 771 1591 -
789 1572 852 1598 Om.
871 1572 982 1598 codices.

340 1605 364 1639 ν)
384 1612 452 1638 quae
464 1606 603 1632 tristitiam
618 1607 752 1640 supponit.
762 1621 781 1627 -
792 1615 860 1641 quae
874 1608 1013 1633 tristitiam
1025 1608 1219 1640 praesupponit
1232 1608 1355 1633 ABCDE.

285 1653 306 1660 ·-
321 1641 343 1667 B
362 1646 423 1674 post
439 1649 504 1667 vero
526 1642 596 1667 addit
615 1646 677 1668 sunt
690 1651 774 1676 quae,·
794 1649 820 1669 et
838 1649 899 1677 post
916 1644 1056 1677 gaudium,
1075 1644 1168 1669 animi.

1414 281 1714 321 ARTICULUS
1745 285 1776 320 II
2406 299 2428 324 2
2436 289 2453 325 5
2461 289 2480 325 3

1416 361 1689 408 perfectionem
1710 375 1787 399 non
1808 363 2014 411 important
2024 362 2048 411 ξ,
2071 365 2117 402 de
2136 366 2221 403 Deo
2251 366 2404 415 proprie
2426 367 2482 403 di-

1419 422 1564 461 cuntur,
1581 422 1623 451 ut
1642 428 1752 452 amor
1772 424 1807 452 et
1826 417 2023 464 gaudium:
2045 426 2173 456 tamen
2192 419 2272 456 sine
2290 420 2481 468 passione,

1417 474 1459 503 ut
1487 468 1629 505 dictum
1659 476 1715 506 est
1733 469 1763 506 ⁹¹⁶.

1470 522 1528 557 AD
1548 533 1708 559 TERTlUM
1728 534 1911 559 mCENDUM
1927 523 2031 571 quod
2047 531 2151 561 actus
2171 525 2312 562 amoris
2328 537 2481 574 semper

1415 573 1533 610 tendit
1559 574 1598 611 in
1631 575 1726 612 duo:
1757 575 1896 613 scilicet
1923 576 1961 612 in
1990 576 2135 613 bonum
2161 578 2266 626 quod
2292 578 2376 626 quis
2401 579 2482 615 vult

1417 626 1546 670 alicui;
1583 635 1619 664 et
1651 628 1689 665 in
1723 641 1813 666 eum
1852 629 1911 665 cui
1948 630 2029 666 vult
2061 630 2219 667 bonum.
2259 632 2345 667 Hoc
2378 631 2479 667 enirn

1416 687 1472 716 est
1489 681 1642 729 proprie
1666 694 1797 718 amare
1817 682 1994 731 aliquem,
2015 683 2112 719 velle
2133 683 2166 719 ei
2187 685 2345 720 bonum.
2366 684 2480 721 Unde

1415 732 1453 769 in
1483 745 1528 769 eo
1558 734 1663 782 quod
1691 735 1824 783 aliquis
1850 743 1952 772 amat
1972 747 2024 781 se,
2044 736 2124 772 vult
2144 737 2290 773 bonum
2319 737 2400 773 sibi.
2431 738 2481 773 Et

1414 785 1467 822 sic
1507 786 1598 824 illud
1632 788 1778 824 bonum
1817 788 1962 836 quaerit
1999 788 2069 825 sibi
2101 788 2225 835 unire,
2254 789 2479 838 inquantum

1413 846 1548 887 potest.
1581 841 1629 877 Et
1656 853 1726 889 pro
1756 848 1860 878 tanto
1890 841 2023 878 dicitur
2051 853 2162 878 amor
2189 842 2244 878 vis
2274 843 2414 879 unitiva
2441 842 2476 890 ¹⁸,

1415 892 1527 929 etiam
1556 892 1594 929 in
1627 894 1733 940 Deo,
1768 893 1836 931 sed
1874 895 2018 942 absque
2053 895 2353 943 compositione:
2392 895 2480 944 quia

1414 945 1504 982 illud
1533 946 1680 983 bonum
1714 947 1819 995 quod
1837 947 1919 984 vult
1939 947 2020 994 sibi,
2050 960 2128 984 non
2158 955 2214 984 est
2241 948 2343 985 aliud
2361 960 2478 996 quam

1414 998 1506 1047 ipse,
1523 998 1587 1047 qui
1608 1007 1663 1036 est
1681 1012 1750 1048 per
1769 1012 1878 1037 suam
1899 1000 2101 1037 essentiam
2117 1002 2252 1047 bonus,
2270 1009 2312 1038 ut
2331 1013 2445 1050 supra
2459 1001 2479 1037 {¹²

1414 1059 1610 1089 ostensum
1649 1060 1756 1090 est.-
1778 1054 1819 1090 In
1846 1054 1921 1090 hoc
1954 1066 2047 1090 vero
2077 1054 2183 1102 quod
2211 1054 2343 1103 aliquis
2376 1062 2480 1091 amat

1413 1105 1540 1151 alium,
1573 1106 1655 1142 vult
1683 1106 1830 1143 bonum
1858 1107 1918 1144 illi.
1949 1108 1998 1143 Et
2025 1107 2078 1143 sic
2096 1107 2210 1144 utitur
2231 1120 2277 1144 eo
2296 1115 2478 1156 tanquam

1413 1157 1551 1206 seipso,
1568 1159 1734 1195 referens
1750 1160 1898 1196 bonum
1914 1160 1963 1197 ad
1978 1160 2095 1207 illum,
2113 1161 2207 1197 sicut
2227 1161 2275 1197 ad
2295 1161 2476 1209 seipsum.

1414 1211 1462 1247 Et
1489 1223 1559 1259 pro
1593 1219 1697 1248 tanto
1737 1212 1878 1249 dicitur
1905 1225 2015 1250 amor
2041 1214 2097 1250 vis
2124 1214 2359 1251 concretiva.-
2388 1214 2477 1263 quia

1413 1263 1529 1300 alium
1559 1273 1735 1312 aggregat
1763 1265 1845 1311 sibi,
1875 1266 2021 1303 habens
2051 1279 2091 1303 se
2111 1267 2160 1304 ad
2189 1279 2278 1303 eum
2307 1267 2402 1303 sicut
2428 1267 2476 1304 ad

1413 1316 1581 1365 seipsum
1597 1322 1620 1354 ‘.
1643 1318 1691 1354 Et
1710 1318 1763 1354 sic
1783 1318 1894 1355 etiam
1923 1331 2033 1355 amor
2053 1319 2204 1356 divinus
2237 1327 2293 1357 est
2310 1319 2367 1356 vis
2388 1332 2478 1356 con-

1413 1369 1574 1416 cretiva,
1612 1371 1758 1419 absque
1792 1372 2067 1420 compositione
2102 1385 2199 1421 quae
2229 1373 2274 1410 sit
2302 1373 2340 1410 in
2367 1373 2474 1421 Deo,

1412 1422 1638 1471 inquantum
1667 1423 1745 1460 aliis
1775 1424 1877 1461 bona
1904 1426 1997 1461 vult.

1466 1537 1489 1570 ξ)
1511 1539 1586 1570 Quae
1603 1542 1692 1565 autem
1712 1540 1935 1574 imperfectionem
1955 1547 2006 1565 non
2027 1541 2181 1572 important.
2193 1556 2213 1562 -
2226 1542 2301 1572 Quae
2313 1545 2402 1567 autem
2411 1543 2474 1576 sor-

1412 1574 1518 1599 maliter
1537 1575 1760 1608 imperfectionem
1781 1583 1832 1601 non
1853 1576 2001 1608 important
2019 1576 2165 1601 ABCDEG.

1464 1610 1489 1642 ο)
1508 1610 1632 1642 seipsum.
1650 1624 1669 1630 -
1686 1618 1714 1636 se
1733 1611 1843 1637 codices.

965 1739 1298 1773 Commentaria
1321 1740 1572 1774 Car-dinalis
1595 1742 1796 1776 Caietam

346 1857 455 1878 rrmus
478 1847 580 1878 clarus
604 1854 667 1878 est:
699 1847 823 1888 quaerit
849 1847 935 1878 enim
958 1848 997 1878 de
1021 1847 1122 1878 inesse
1141 1847 1354 1888 formaliter;

287 1857 412 1922 Tiam
424 1891 443 1910 ⁴*
458 1891 544 1922 enim
563 1898 686 1923 constat
704 1892 813 1922 omnia
831 1892 864 1922 in
883 1892 953 1922 Deo
973 1902 1039 1922 esse
1058 1892 1240 1923 virtualiter.

344 1935 381 1967 11.
406 1936 442 1967 In
466 1945 599 1977 corpore
622 1936 716 1967 unica
739 1943 785 1966 est
808 1936 982 1972 conclusio,
1004 1936 1186 1977 responsiva
1210 1936 1353 1978 quaesito

285 1978 487 2011 affirmative:
513 1981 548 2010 In
567 1979 636 2011 Deo
657 1986 703 2011 est
721 1990 851 2011 amon-
863 1980 1028 2011 Probatur.
1044 1981 1152 2011 Motus
1171 1980 1353 2015 voluntatis,

285 2030 317 2055 et
332 2024 500 2055 cuiuslibet
514 2024 700 2065 appetitivae
723 2024 856 2062 virtutis,
872 2024 972 2056 tendit
987 2024 1020 2055 in
1035 2025 1159 2055 bonum
1174 2035 1230 2065 per
1246 2035 1294 2061 se,
1320 2025 1353 2055 in

284 2069 409 2099 malum
431 2076 540 2100 autem
562 2078 619 2109 per
634 2069 734 2099 aliud:
759 2079 834 2109 ergo
849 2069 971 2110 primus
994 2070 1166 2101 voluntatis
1186 2077 1302 2106 motus,
1324 2076 1354 2100 et

286 2113 454 2145 cuiuslibet
476 2113 664 2154 appetitivae
686 2113 820 2150 virtutis,
840 2120 887 2144 est
908 2113 942 2144 in
964 2114 1088 2145 bonum
1111 2114 1144 2144 in
1168 2114 1351 2145 communi:

285 2167 360 2198 ergo
384 2157 507 2198 primus
530 2164 618 2189 actus
641 2158 812 2188 voluntatis
837 2165 867 2188 et
889 2158 1048 2199 appetitus
1073 2165 1119 2189 est
1142 2167 1248 2188 amor:
1279 2168 1353 2199 ergo

284 2201 318 2233 in
334 2212 541 2243 quocumque
557 2209 603 2233 est
623 2202 770 2233 voluntas
789 2202 839 2232 vel
855 2202 1022 2242 appetitus,
1040 2209 1166 2243 oportet
1182 2212 1248 2233 esse
1264 2212 1352 2233 amo-

284 2255 368 2277 rem:
394 2256 469 2287 ergo
488 2246 521 2277 in
539 2246 610 2277 Deo
630 2256 755 2277 necesse
775 2253 821 2276 est
840 2256 958 2286 ponere
979 2257 1131 2278 amorem.

341 2291 540 2321 Antecedens
564 2290 753 2321 declaratur:
779 2290 854 2331 quia
877 2291 1000 2321 malum
1024 2301 1090 2321 non
1115 2290 1198 2322 cadit
1220 2291 1278 2321 sub
1299 2301 1352 2331 ap-

283 2334 395 2375 petitu,
411 2334 472 2365 nisi
487 2335 679 2376 inquantum
695 2334 871 2375 opponitur
884 2335 1011 2366 bono.-
1021 2334 1259 2376 Consequentia
1277 2345 1352 2366 vero

283 2378 395 2420 prima,
417 2380 525 2420 quoad
545 2379 683 2419 primam
705 2386 844 2419 partem,
868 2379 985 2410 scilicet
1007 2380 1096 2420 quod
1120 2379 1242 2420 primus
1266 2387 1352 2410 actus

282 2423 392 2454 tendat
406 2423 439 2454 in
455 2424 588 2460 bonum,
609 2424 762 2463 probatur
785 2434 822 2454 ex
844 2433 882 2454 eo
899 2424 988 2465 quod
1007 2424 1040 2454 id
1059 2425 1148 2465 quod
1167 2431 1214 2454 est
1233 2434 1288 2464 per
1304 2434 1351 2460 se,

282 2467 371 2509 prius
395 2474 442 2499 est
464 2478 503 2499 eo
527 2468 617 2509 quod
640 2474 687 2498 est
709 2477 766 2508 per
788 2468 885 2498 aliud.
916 2468 1033 2506 Quoad
1061 2469 1234 2499 secundam
1256 2478 1350 2505 vero,

283 2511 401 2543 scilicet
425 2513 458 2543 in
478 2513 658 2543 communi:
681 2512 756 2553 quia
773 2512 977 2543 communius
994 2512 1175 2543 naturaliter
1191 2520 1238 2543 est
1253 2513 1350 2553 prius.

283 2555 386 2588 Cuius
410 2556 538 2596 signum
561 2556 600 2586 ad
624 2556 827 2596 propositum
851 2563 915 2593 est,
947 2557 1036 2598 quod
1063 2557 1240 2588 intellectus
1264 2557 1350 2597 prius

282 2600 409 2640 respicit
430 2610 543 2631 verum
573 2610 745 2631 commune
759 2624 767 2637 ,
795 2611 893 2642 quam
918 2611 992 2631 vera
1017 2601 1225 2641 particularia.
1251 2619 1270 2624 -
1295 2601 1350 2632 Se-

283 2644 388 2675 cunda
411 2651 518 2675 autem
542 2645 767 2685 consequentia
790 2646 943 2685 probatur
975 2656 1012 2676 ex
1042 2645 1213 2676 differentia
1237 2646 1350 2676 obiecti

283 2688 422 2725 amoris,
450 2689 491 2719 ad
521 2688 644 2720 obiecta
671 2689 808 2720 aliorum
835 2696 966 2721 actuum
993 2690 1165 2721 voluntatis
1194 2697 1224 2721 et
1253 2700 1349 2730 appe-

283 2732 377 2763 titus:
409 2733 484 2774 quia
507 2743 599 2763 amor
621 2739 668 2763 est
690 2740 832 2773 respectu
857 2734 933 2764 boni
962 2734 995 2764 in
1018 2734 1202 2770 communi;
1231 2734 1350 2764 deside-

282 2776 367 2807 rium
391 2784 514 2813 autem,
540 2787 610 2817 spes
639 2783 670 2808 et
699 2777 882 2814 delectatio,
914 2786 1057 2819 respectu
1087 2779 1163 2810 boni
1187 2778 1349 2819 specialis,

244 2827 250 2831 “
282 2827 360 2862 puta
382 2821 553 2862 praesentis
577 2821 626 2852 vel
656 2821 763 2852 futuri.
797 2822 838 2853 Et
856 2815 1061 2854 confirmatur
1092 2833 1128 2853 ex
1152 2823 1232 2858 hoc,
1262 2823 1350 2863 quod

282 2875 396 2896 omnes
423 2865 476 2896 alii
504 2873 612 2896 motus
645 2866 806 2906 appetitivi
837 2874 1009 2898 nascuntur
1039 2877 1076 2898 ex
1107 2876 1230 2898 amore:
1262 2867 1351 2908 quod

282 2909 502 2941 manifestatur
528 2910 687 2941 inductive
717 2910 751 2940 in
781 2910 902 2942 actibus
925 2912 1086 2948 desiderii,
1113 2911 1236 2953 gaudii,
1263 2911 1348 2947 odii,

977 3069 1370 3152 ARTICU'LUS·

1409 1848 1558 1886 tristitiae,
1584 1856 1642 1881 etc.
1657 1867 1678 1874 -
1696 1850 1803 1881 Tertia
1826 1858 1932 1882 autem
1956 1852 2182 1892 consequentia
2200 1853 2366 1892 probatur:
2399 1853 2474 1893 quia

1409 1900 1533 1924 remoto
1562 1894 1667 1934 primo
1677 1917 1684 1931 ‚
1709 1902 1912 1926 removentur
1928 1895 1996 1926 alia.
2016 1913 2035 1918 -
2051 1896 2170 1933 Quarta
2185 1903 2292 1927 autem
2307 1897 2472 1937 probatur:

1409 1937 1483 1978 quia
1506 1937 1538 1968 in
1562 1938 1632 1969 Deo
1656 1945 1702 1969 est
1724 1939 1881 1971 voluntas.
2354 1936 2360 1942 ¹

1465 1981 1517 2012 111.
1534 1981 1625 2013 Circa
1637 1983 1802 2023 praedicta,
1817 1984 1882 2014 duo
1896 1990 2066 2014 occurrunt
2081 1985 2229 2016 notanda.
2246 1985 2356 2016 Primo
2372 1985 2470 2026 quod,

1409 2035 1483 2055 cum
1504 2025 1537 2056 in
1559 2026 1660 2057 littera
1683 2027 1795 2058 dicitur
1817 2028 1906 2068 quod
1929 2038 2020 2058 amor
2042 2028 2167 2068 respicit
2189 2030 2312 2060 bonurn
2333 2029 2365 2059 in
2386 2040 2472 2060 com-

1408 2070 1508 2106 muni,
1533 2071 1566 2111 ly
1589 2072 1621 2101 in
1638 2073 1799 2102 communi
1818 2082 1882 2102 non
1907 2072 2059 2112 significat
2074 2073 2159 2103 idern
2176 2074 2263 2113 quod
2280 2074 2470 2104 universale:

1408 2115 1463 2144 sed
1486 2114 1639 2154 significat
1661 2115 1746 2146 idem
1769 2116 1859 2156 quod
1881 2117 2034 2148 absolute.
2058 2120 2159 2148 Amor
2183 2117 2268 2148 enirn
2298 2118 2402 2148 omnis
2426 2125 2472 2148 est

1408 2159 1502 2195 boni,
1535 2160 1654 2200 absque
1677 2160 1736 2190 alia
1759 2160 1966 2191 limitatione:
2000 2161 2164 2192 delectatio
2195 2169 2301 2192 autem
2325 2169 2371 2192 est
2394 2162 2470 2192 boni

1408 2203 1579 2239 coniuncti,
1605 2211 1661 2235 etc.
1685 2204 1757 2234 Dixi
1781 2212 1888 2235 autem
1911 2205 1982 2241 hoc,
2007 2206 2081 2246 quia
2104 2205 2214 2242 littera,
2239 2216 2340 2246 usque
2364 2206 2403 2236 ad
2423 2207 2471 2236 ul-

1407 2246 1520 2277 timam
1544 2248 1813 2289 consequentiam,
1838 2249 1980 2289 loquitur
2004 2250 2098 2280 etiam
2122 2250 2160 2280 de
2184 2260 2291 2280 amore
2307 2250 2363 2292 qui
2378 2257 2423 2280 est
2438 2250 2470 2280 in

1407 2291 1549 2332 appetitu
1573 2292 1732 2329 sensitivo,
1758 2302 1855 2333 quem
1879 2299 2001 2324 constat
2025 2304 2090 2324 non
2114 2293 2263 2333 attingere
2282 2295 2405 2324 bonum
2424 2304 2471 2324 se-

1408 2336 1551 2366 cundum
1574 2346 1703 2367 sensum
1727 2337 1911 2373 universale,
1930 2338 1982 2367 sed
2007 2338 2160 2368 absolute.
2185 2339 2250 2369 Nec
2274 2345 2380 2369 tamen
2404 2338 2469 2369 effi-

1408 2380 1509 2410 caciae
1533 2380 1617 2411 illius
1640 2381 1852 2421 probationis,
1877 2382 1961 2422 quod
1976 2387 2022 2412 est
2045 2384 2256 2420 communius,
2275 2383 2470 2413 naturaliter

1407 2430 1454 2455 est
1470 2426 1578 2464 prius,
1595 2435 1651 2465 per
1666 2425 1727 2456 hoc
1743 2425 1863 2466 aliquid
1880 2426 2045 2456 adimitur:
2070 2427 2223 2468 quoniam
2240 2427 2362 2457 bonum
2379 2427 2469 2456 abso-

1406 2468 1487 2504 lute,
1513 2469 1553 2499 ad
1577 2470 1700 2499 bonum
1720 2480 1793 2500 cum
1811 2477 1892 2500 certa
1916 2470 2096 2501 conditione
2114 2481 2145 2501 se
2162 2471 2263 2507 habet,
2289 2471 2468 2511 proportio-

1406 2513 1525 2549 naliter,
1551 2520 1587 2543 ut
1610 2523 1781 2544 commune
1806 2514 1844 2543 ad
1867 2515 2042 2554 proprium,
2069 2524 2123 2545 seu
2147 2521 2183 2545 ut
2206 2515 2409 2546 communius
2429 2515 2468 2545 ad

1406 2557 1512 2587 minus
1536 2567 1717 2589 commune.

1463 2601 1610 2632 Secundo
1633 2602 1738 2642 quod,
1770 2611 1843 2632 curn
1870 2602 1903 2632 in
1926 2602 2026 2632 littera
2050 2602 2163 2633 dicitur
2192 2603 2280 2643 quod
2309 2612 2399 2633 amor
2423 2611 2468 2634 est

1405 2645 1527 2686 primus
1551 2652 1638 2676 actus
1653 2646 1823 2676 voluntatis
1848 2653 1878 2676 et
1901 2647 2068 2686 appetitus,
2094 2647 2223 2677 nornine
2247 2647 2405 2687 appetitus
2421 2647 2466 2677 in-

1405 2690 1515 2729 telligit
1537 2697 1638 2720 totam
1668 2689 1867 2720 latitudinem
1899 2690 2085 2730 appetitivae
2116 2691 2238 2721 virtutis
2268 2691 2300 2721 in
2329 2691 2468 2732 qualibet

1405 2741 1533 2770 natura;
1566 2741 1596 2764 et
1619 2744 1684 2764 non
1708 2734 1882 2774 quamlibet
1905 2735 2079 2774 potentiam
2103 2735 2316 2775 appetitivam.
2349 2736 2389 2766 Et
2412 2746 2468 2775 per

1403 2779 1466 2808 hoc
1481 2778 1655 2809 excluditur
1670 2778 1816 2809 instantia
1833 2779 1871 2808 de
1883 2779 1987 2819 primo
2005 2786 2075 2810 actu
2092 2779 2262 2810 irascibilis.
2281 2779 2367 2810 Licet
2382 2780 2466 2809 enim

1404 2822 1526 2862 primus
1550 2822 1616 2852 eius
1641 2829 1727 2853 actus
1751 2833 1817 2853 non
1841 2823 1880 2853 sit
1902 2833 2001 2858 amor,
2027 2824 2081 2854 sed
2105 2833 2190 2863 spes;
2215 2824 2336 2863 primus
2360 2831 2466 2854 tamen

1404 2873 1491 2898 actus
1508 2867 1604 2898 totius
1629 2866 1786 2907 appetitus
1811 2867 1958 2904 sensitivi,
1976 2867 2111 2899 distincti
2131 2868 2163 2898 in
2187 2867 2466 2908 concupiscibilem

1406 2918 1436 2942 et
1454 2911 1650 2947 irascibilem,
1671 2918 1717 2942 est
1736 2921 1834 2942 amor.

1405 3091 1768 3135 SECUNDUS

1071 3197 1229 3246 UTRUM
1252 3196 1363 3227 DEUS
1388 3196 1527 3227 OMNIA
1551 3196 1674 3226 AMET

301 3281 376 3311 Infra.
395 3289 440 3314 qu.
454 3289 523 3311 xxm,
537 3287 584 3307 art.
605 3282 628 3313 3,
648 3283 680 3308 ad
698 3291 723 3314 1;
744 3283 764 3308 1·
784 3284 835 3314 11··,
856 3291 873 3316 q

874 3291 900 3308 u.
919 3291 960 3313 cx,
979 3289 1025 3308 art.
1050 3292 1076 3316 ¹3
1095 3284 1116 3308 11
1136 3284 1224 3314 Sent.y
1245 3284 1303 3309 dist.
1316 3292 1381 3314 xxv1,
1402 3289 1448 3308 art.
1466 3292 1492 3315 1;
1512 3284 1550 3312 ΙΙΙ,
1571 3283 1629 3308 dist.
1648 3290 1727 3312 xxm,
1747 3288 1794 3308 art.
1818 3291 1838 3312 ι,
1859 3291 1886 3314 2;
1906 3284 1915 3308 Ι
1932 3284 2007 3308 Cont.
2025 3285 2111 3313 Gent„
2132 3291 2186 3316 cap.
2200 3291 2254 3314 cx1;
2274 3284 2313 3315 111,
2329 3291 2383 3317 cap.
2398 3291 2444 3316 εις

488 3317 530 3342 De
549 3317 637 3347 Verit„
652 3326 778 3351 quxvn.
789 3324 835 3343 art.
848 3326 868 3349 1;
885 3319 926 3343 De
948 3318 1054 3348 Vir-tut„
1074 3327 1118 3352 qu.
1137 3327 1164 3350 11,
1184 3325 1230 3344 art.
1250 3327 1274 3352 7,
1293 3320 1325 3344 ad
1346 3327 1374 3351 2;
1395 3320 1420 3344 in
1441 3320 1523 3347 Ioan„
1544 3327 1598 3351 cap.
1617 3326 1641 3349 ν,
1661 3319 1718 3343 lect.
1737 3326 1779 3348 111;
1800 3319 1842 3343 De
1861 3319 2019 3349 Div.Nom.,
2040 3327 2094 3352 cap.
2114 3326 2147 3350 ιν,
2158 3320 2215 3344 lect.
2226 3326 2258 3343 tx.

322 3448 333 3460 s
370 3434 381 3458 ς
404 3451 418 3461 „f
436 3444 443 3449 Ι
498 3426 520 3450 D
536 3425 724 3452 SECUNDUM
739 3428 791 3452 sm
807 3427 1045 3453 PROCEDITUR.
1066 3415 1225 3453 Videtur
1243 3416 1348 3465 quod

353 3466 360 3474 ‘
424 3468 469 3517 «a
497 3468 602 3504 Deus
622 3479 700 3504 non
719 3468 850 3505 omnia
869 3476 982 3506 amet.
1001 3469 1112 3516 Quia,
1135 3469 1347 3506 secundum

322 3559 326 3568 Δ
348 3537 418 3565 ,ν’
434 3506 736 3568 ”1)ἰοῐιγείυσι,
754 3533 789 3557 1v
808 3534 889 3571 cap.
906 3523 951 3559 de
964 3523 1052 3559 Div.
1065 3523 1181 3559 Nom.
1194 3522 1224 3569 ²⁸,
1238 3535 1349 3559 amor

342 3549 440 3609 ἐῷ)
455 3565 691 3609 amantem
721 3581 823 3611 extra
852 3587 892 3611 se
920 3575 1038 3623 ponit,
1070 3583 1105 3612 et
1134 3587 1224 3612 eum
1253 3588 1347 3624 quo-

285 3625 496 3663 dammodo
517 3626 555 3662 in
584 3633 754 3663 amatum
773 3628 957 3665 transfert.
988 3628 1263 3666 Inconveniens
1284 3641 1348 3665 au-

1402 3424 1480 3453 tem
1510 3423 1565 3451 est
1593 3415 1716 3452 dicere
1746 3415 1851 3464 quod
1879 3416 2004 3462 Deus,
2036 3423 2137 3452 extra
2165 3428 2205 3452 se
2233 3415 2397 3464 positus,
2426 3416 2463 3452 in

1402 3469 1473 3506 alia
1506 3468 1758 3505 transferatur.
1797 3469 1899 3516 Ergo
1934 3468 2203 3505 inconveniens
2247 3476 2301 3505 est
2339 3469 2462 3506 dicere

1403 3521 1508 3571 quod
1536 3522 1641 3557 Deus
1670 3521 1740 3557 alia
1769 3533 1791 3557 a
1818 3533 1858 3557 se
1887 3528 1998 3558 amet.

1457 3587 1491 3611 2.
1523 3575 1753 3621 PRAETEREA,
1784 3586 1892 3610 amor
1919 3574 1990 3610 Dei
2015 3581 2188 3610 aeternus
2224 3581 2288 3610 est.
2320 3574 2396 3611 Sed
2418 3586 2462 3610 ea

1403 3639 1499 3676 quae
1529 3635 1615 3664 sunt
1642 3627 1711 3663 alia
1740 3639 1761 3663 a
1790 3627 1886 3674 Deo,
1917 3639 1994 3663 non
2024 3634 2109 3663 sunt
2137 3627 2185 3663 ab
2215 3634 2368 3664 aeterno
2393 3627 2464 3663 nisi

2610 372 2623 402 ξ

2511 481 2518 489 ·
2526 480 2551 501 In
2561 486 2621 508 resp.
2632 480 2660 502 ad
2671 487 2720 509 arg.

2509 512 2585 534 praec.

2506 846 2517 856 ⁸
2532 845 2560 867 D.
2576 852 2621 874 ¹⁰5-

2506 1057 2515 1066 ·
2528 1056 2575 1084 Qu.
2585 1063 2617 1083 vt,
2628 1060 2670 1080 ert.
2680 1064 2701 1086 3.
