2768 4178
63 1254 126 1309 {3²0—
149 1253 205 1281 639,
227 1258 274 1281 7³¹,

66 2757 210 2785 'Qu.xxxrx,
217 2760 278 2778 ann.

298 275 349 310 40

302 344 396 381 dunt
415 343 454 380 in
474 342 696 380 definitione
726 341 888 391 speciei:
919 341 1015 378 sicut
1033 341 1249 378 humanitas
1269 352 1374 377 com-

301 396 503 446 prehendit
539 396 578 433 in
611 408 651 433 se
686 408 730 432 ea
765 407 863 444 quae
898 395 1040 432 cadunt
1076 394 1114 431 in
1153 393 1374 431 definitione

301 449 489 487 hominis:
525 449 583 486 his
612 449 714 486 enim
743 449 864 486 homo
894 456 950 485 est
977 449 1119 494 homo,
1161 454 1197 483 et
1224 447 1300 483 hoc
1329 446 1376 483 si-

303 503 455 553 gnificat
482 502 721 551 humanitas,
760 503 835 539 hoc
864 501 1005 538 scilicet
1034 513 1110 550 quo
1131 506 1144 523 η
1173 501 1294 536 homo
1321 507 1377 536 est

303 558 435 594 homo.
458 556 536 594 Sed
556 556 714 593 materia
733 555 987 602 individualis,
1005 566 1094 591 curn
1115 553 1376 590 accidentibus

304 610 482 647 omnibus
501 609 826 647 individuantibus
851 609 987 658 ipsam,
1008 620 1086 645 non
1108 606 1206 644 cadit
1221 604 1234 627 ⁰
1253 607 1291 643 in
1311 607 1376 644 de-

303 663 474 701 finitione
504 663 666 712 speciei:
696 675 776 700 non
798 662 901 699 enim
922 661 1063 698 cadunt
1091 660 1128 697 in
1153 659 1374 697 definitione

303 717 470 754 hominis
499 717 571 753 hae
601 728 734 754 carnes
757 723 792 752 et
814 716 911 753 haec
940 727 1039 761 ossa,
1061 721 1124 750 aut
1154 712 1293 750 albedo
1313 713 1376 750 vel

303 770 472 819 nigredo,
493 770 556 807 vel
585 769 724 819 aliquid
743 768 979 806 huiusmodi.
1009 766 1122 805 Unde
1141 767 1215 803 hae
1242 778 1375 803 carnes

304 832 340 861 et
367 824 462 872 haec
491 836 590 871 ossa,
621 831 659 860 et
685 822 895 860 accidentia
922 820 1157 869 designantia
1175 820 1276 856 hanc
1294 831 1375 855 ma-

303 877 449 924 teriam,
471 889 550 914 non
579 876 884 914 concluduntur‘
913 876 951 912 in
975 873 1224 912 humanitate.
1254 873 1304 909 Et
1323 879 1376 908 ta-

304 943 394 968 men
423 931 461 968 in
486 943 532 967 eo
558 931 663 979 quod
683 937 739 967 est
758 931 890 977 homo,
912 928 1174 966 includuntur:
1203 926 1308 963 unde
1337 925 1376 962 id

304 985 408 1033 quod
438 992 494 1021 est
521 985 661 1031 homo,
690 983 806 1020 habet
834 983 871 1019 in
900 995 940 1019 se
976 980 1119 1030 aliquid
1157 979 1262 1028 quod
1297 991 1375 1015 non

303 1039 418 1075 habet
437 1044 450 1058 ⁸
478 1037 706 1074 humanitas.
745 1037 794 1073 Et
822 1043 979 1085 propter
1006 1036 1082 1071 hoc
1119 1046 1198 1071 non
1227 1040 1284 1070 est
1319 1039 1375 1069 to-

303 1092 423 1128 taliter
460 1091 562 1128 idem
591 1091 710 1127 homo
740 1098 776 1126 et
803 1089 1038 1126 humanitas:
1069 1087 1138 1124 sed
1156 1085 1376 1123 humanitas

303 1145 535 1193 significatur
561 1151 603 1180 ut
630 1155 718 1192 pars
748 1142 918 1180 formalis
946 1141 1133 1187 hominis3
1164 1140 1253 1190 quia
1274 1139 1376 1189 prin-

304 1198 401 1247 cipia
430 1197 649 1235 definientia
675 1197 819 1234 habent
854 1209 895 1233 se
933 1194 1159 1242 formaliter,
1201 1201 1377 1243 respectu

303 1251 485 1289 materiae
514 1250 790 1288 individuantis
809 1249 840 1286 ²¹².

358 1306 400 1342 In
420 1304 478 1341 his
503 1304 615 1352 igitur
635 1316 733 1353 quae
754 1316 834 1341 non
862 1310 950 1340 sunt
979 1301 1194 1351 composita
1222 1313 1268 1337 ex
1297 1313 1378 1338 ma-

303 1358 397 1395 teria
417 1365 455 1395 et
479 1358 614 1405 forma,
636 1357 674 1395 in
694 1357 834 1406 quibus
862 1355 1115 1394 individuatio
1135 1367 1215 1392 non
1236 1362 1291 1391 est
1309 1366 1378 1403 per

305 1412 505 1449 materiam
527 1411 814 1459 individualem,
836 1409 933 1447 idest
955 1421 1025 1459 per
1044 1409 1143 1446 hanc
1162 1407 1375 1454 materiam,

305 1465 373 1503 sed
405 1465 510 1515 ipsae
545 1465 693 1502 formae
720 1477 790 1514 per
828 1476 868 1501 se
897 1462 1197 1510 individuantur,
1227 1468 1378 1510 oportet

305 1519 409 1568 quod
448 1519 553 1568 ipsae
591 1518 739 1555 formae
778 1517 850 1555 sint
887 1515 1084 1566 supposita
1121 1514 1374 1552 subsistentia.

357 1635 384 1667 η)
404 1634 453 1659 hoc
470 1633 571 1659 scilicet
588 1640 649 1665 quo.
668 1647 688 1652 -
705 1633 770 1657 haec
788 1632 889 1657 scilicet
907 1632 1001 1664 quibus
1020 1631 1112 1662 DsAB,
1131 1631 1196 1655 haec
1213 1630 1314 1655 scilicet
1327 1631 1376 1662 pA,

304 1670 368 1695 haec
386 1670 486 1695 scilicet
503 1676 555 1702 quo
574 1670 621 1701 pB,
641 1669 690 1693 hoc
707 1668 807 1693 scilicet
825 1667 896 1700 quod
915 1667 963 1700 pC,
982 1674 1034 1699 quo
1052 1666 1152 1691 scilicet
1170 1665 1215 1690 sC.

357 1704 382 1738 θ)
400 1705 483 1730 cadit.
496 1718 515 1724 —
527 1705 628 1730 cadunt
646 1703 806 1729 ACDEGab.
818 1717 837 1722 —-
850 1703 910 1736 Seq.
926 1702 1027 1727 cadunt
1046 1702 1121 1727 codd.
1134 1706 1235 1734 ponunt
1253 1705 1314 1734 post
1330 1700 1376 1726 ho-

305 1748 389 1766 mmts.

358 1777 376 1809 ι)
395 1776 600 1802 concluduntur.
618 1789 637 1794 -
655 1775 831 1800 includuntur
850 1775 941 1799 BDsA.
954 1787 973 1794 -
986 1774 1037 1798 Pro
1052 1773 1078 1798 in
1093 1780 1123 1798 eo
1138 1772 1217 1805 quod,
1237 1772 1264 1796 in
1284 1778 1315 1796 eo
1329 1771 1376 1804 qui

303 1813 414 1838 codices.

356 1848 381 1881 κ)
401 1848 486 1873 habet.
504 1861 524 1867 -
542 1851 581 1872 est
600 1848 630 1872 Β.

355 1883 383 1916 λ)
398 1883 522 1917 differt.—
531 1882 654 1916 differret
668 1882 719 1907 EF.
728 1896 747 1900 -
757 1882 807 1906 Pro
820 1885 846 1906 et
861 1884 970 1909 natura,
981 1887 998 1905 a
1013 1883 1114 1905 natura
1127 1879 1179 1908 BD,
1192 1878 1217 1903 in
1233 1881 1333 1903 natura
1344 1877 1373 1902 E.

1016 261 1285 308 QUAESTIO
1315 261 1382 308 111,
1413 260 1711 298 ARTICULUS
1742 261 1791 296 111

1430 340 1542 377 Unde
1563 341 1600 377 in
1629 340 1684 377 eis
1712 352 1792 377 non
1813 339 1940 377 differt
1958 340 1970 360 ⁸
2000 339 2242 389 suppositum
2263 347 2300 376 et
2319 347 2453 378 natura
2471 341 2502 377 *.

2535 378 2543 386 “
2567 376 2596 398 D.
2620 342 2669 406 υἱ,
2694 366 2768 411 4¹72]

1430 394 1480 430 Et
1498 393 1563 440 sic,
1585 406 1673 430 cum
1703 394 1810 430 Deus
1831 405 1909 430 non
1931 393 1976 430 sit
2005 393 2243 443 compositus
2273 405 2318 430 ex
2346 394 2505 432 materia
2533 403 2590 430 4⁶6-

1431 454 1467 483 et
1495 447 1632 494 forma,
1662 454 1704 483 ut
1733 454 1931 484 ostensum
1962 454 2017 484 est
2035 446 2066 493 ²¹⁸,
2093 453 2245 496 oportet
2273 447 2379 496 quod
2398 448 2505 485 Deus

1431 499 1477 537 sit
1504 512 1575 537 sua
1604 500 1723 537 deitas
1749 507 1788 547 μ,
1819 512 1888 537 sua
1915 500 2009 548 vita,
2041 508 2077 537 et
2105 499 2294 549 quidquid
2322 500 2424 538 aliud
2453 501 2506 538 sic

1431 553 1478 590 de
1507 554 1594 590 Deo
1623 553 1866 602 praedicatur
1883 553 1915 591 ²⁸.

1484 608 1544 643 AD
1565 618 1703 644 PRIMUM
1733 618 1831 644 ERGO
1859 618 2045 644 meantum
2074 607 2182 656 quod
2202 606 2250 644 de
2275 607 2389 644 rebus
2418 607 2505 644 sim-

1430 659 1592 709 plicibus
1620 659 1725 709 loqui
1763 672 1842 697 non
1870 672 2098 709 possumus,
2135 660 2204 697 nisi
2242 673 2313 710 per
2341 660 2505 698 modum

1432 713 1749 762 compositorum,
1771 726 1793 750 a
1813 713 1952 763 quibus
1977 713 2237 762 cognitionem
2257 713 2467 763 accipimus
2482 721 2504 752 '.

1431 766 1480 803 Et
1508 765 1619 813 ideo,
1650 766 1697 804 de
1727 767 1812 804 Deo
1851 767 2074 815 loquentes,
2110 767 2254 805 utimur
2281 768 2506 806 nominibus

1431 819 1628 867 concretis,
1649 827 1691 856 ut
1710 819 1969 868 significemus
1994 820 2074 858 eius
2100 821 2395 869 subsistentiam,
2416 821 2506 871 quia

1431 872 1535 921 apud
1564 885 1636 909 nos
1665 885 1744 910 non
1772 873 1980 910 subsistunt
1999 873 2070 911 nisi
2091 872 2350 923 composita‘:
2381 883 2418 912 et
2435 876 2506 912 uti-

1431 937 1520 962 mur
1547 925 1770 963 nominibus
1807 926 2022 975 abstractis,
2058 935 2100 964 ut
2128 927 2387 976 significemus
2425 929 2506 966 eius

1431 978 1725 1028 simplicitatem.
1757 979 1876 1026 Quod
1896 992 1986 1028 ergo
2007 980 2141 1020 dicitur
2161 981 2280 1019 deitas
2295 987 2308 1003 ⁰
2331 983 2394 1019 vel
2413 982 2505 1030 vita,

1430 1033 1493 1069 vel
1522 1031 1664 1081 aliquid
1691 1031 1929 1081 huiusmodi,
1955 1045 2038 1071 esse
2066 1034 2105 1071 in
2132 1035 2231 1082 Deo,
2261 1035 2505 1085 referendum

1432 1093 1489 1123 est
1507 1085 1557 1123 ad
1577 1085 1836 1123 diversitatem
1864 1098 1964 1134 quae
1987 1095 2045 1124 est
2062 1088 2102 1125 in
2121 1088 2343 1137 acceptione
2363 1088 2506 1126 intelle-

1433 1146 1513 1177 ctus
1542 1139 1681 1185 nostri;
1712 1146 1750 1176 et
1777 1151 1856 1177 non
1881 1140 1931 1177 ad
1951 1140 2118 1190 aliquam
2147 1141 2408 1180 diversitatem
2438 1143 2504 1180 rei.

1485 1194 1544 1230 An
1565 1204 1756 1230 SECUNDUM
1776 1205 1962 1231 morannum
1991 1194 2097 1243 quod
2127 1194 2285 1232 effectus
2320 1196 2393 1233 Dei
2422 1195 2506 1233 imi-

1431 1253 1556 1283 tantur
1583 1246 1722 1295 ipsum,
1744 1259 1823 1284 non
1850 1247 2030 1296 perfecte,
2060 1247 2128 1285 sed
2158 1249 2373 1286 secundum
2399 1250 2506 1298 quod

1430 1307 1603 1350 possunt.
1634 1300 1684 1337 Et
1703 1300 1779 1337 hoc
1799 1300 1848 1338 ad
1869 1300 2061 1338 defectum
2090 1301 2310 1339 imitationis
2328 1302 2504 1351 pertinet,

1431 1353 1536 1402 quod
1565 1353 1603 1390 id
1631 1353 1737 1402 quod
1757 1361 1815 1391 est
1834 1353 1996 1403 simplex
2021 1362 2057 1391 et
2080 1367 2217 1404 unum,
2238 1368 2318 1393 non
2341 1363 2468 1405 potest
2486 1361 2505 1379 ¹⁸

1432 1407 1706 1456 repraesentari
1735 1407 1806 1444 nisi
1826 1419 1896 1456 per
1915 1409 2056 1445 multa:
2087 1416 2123 1445 et
2151 1409 2205 1446 sic
2232 1408 2370 1447 accidit
2393 1409 2432 1447 in
2451 1409 2505 1447 eis
2549 1410 2554 1414 '

1432 1460 1674 1510 compositio,
1705 1473 1751 1497 ex
1775 1473 1851 1510 qua
1879 1462 2059 1511 provenit
2083 1462 2187 1511 quod
2216 1462 2255 1500 in
2277 1462 2331 1500 eis
2350 1475 2430 1500 non
2450 1470 2507 1501 est

1430 1514 1534 1552 idem
1563 1514 1804 1564 suppositum
1832 1515 1939 1565 quod
1967 1523 2112 1553 natura.

1486 1629 1515 1663 μ.)
1533 1637 1584 1655 sua
1602 1630 1697 1655 deitas.
1714 1644 1734 1649 -
1752 1630 1814 1655 Om.
1829 1631 1859 1655 B.

1485 1665 1509 1696 ν)
1527 1665 1681 1698 accipimus.
1698 1679 1718 1685 ·-
1735 1666 1886 1698 accepimus
1904 1666 2058 1700 CDEFGpB
2078 1672 2103 1692 et
2121 1667 2173 1692 ab.

1486 1698 1509 1732 ξ)
1529 1708 1580 1726 non
1599 1701 1746 1726 subsistunt
1765 1701 1818 1727 nisi
1839 1702 1994 1734 composita.
2012 1716 2031 1722 -
2050 1709 2102 1727 non
2121 1702 2270 1728 subsistunt
2288 1703 2341 1728 nisi
2358 1703 2506 1736 composita

1431 1742 1468 1760 ex
1487 1735 1602 1761 materia
1621 1739 1647 1761 et
1659 1736 1755 1770 forma
1773 1737 1802 1762 B.

1485 1771 1510 1804 o)
1530 1771 1624 1797 deitas.
1641 1784 1662 1793 ι-
1679 1772 1808 1798 divinitas
1823 1773 1854 1798 B.
1872 1787 1891 1792 —
1909 1773 1981 1798 idem
2007 1774 2032 1798 in
2051 1772 2103 1798 fine
2128 1774 2264 1799 solutionis
2290 1782 2338 1806 pro
2356 1778 2384 1800 et
2401 1782 2454 1800 non

1430 1807 1477 1836 rei,
1498 1807 1563 1839 legit
1578 1811 1606 1832 et
1624 1814 1676 1832 non
1697 1808 1880 1834 diversitatem
1899 1816 1916 1834 a
1936 1809 2050 1834 materia
2070 1810 2118 1835 rei.
2208 1827 2216 1834 .

1482 1842 1512 1874 π)
1527 1846 1626 1875 potest.
1645 1857 1663 1862 -
1678 1847 1792 1876 possunt
1811 1844 1975 1878 ABDEFpC,
1989 1845 2078 1878 possit
2097 1845 2139 1871 ed.
2153 1852 2179 1870 a.
2193 1859 2213 1865 -
2226 1845 2276 1871 Pro
2296 1845 2504 1878 repraesentari,

1428 1881 1634 1910 repraesentare
1652 1879 1810 1904 BDEFsAC.

985 1959 1317 1992 Commentario.
1341 1956 1591 1990 cardinalis
1614 1957 1815 1992 Caietam

332 2054 351 2073 a
375 2043 468 2073 titulo
502 2043 608 2073 statim
635 2042 772 2073 occurrit
804 2041 1010 2082 ambiguitas,
1036 2050 1095 2081 pro
1124 2049 1190 2080 quo
1220 2038 1375 2079 supponit

305 2055 422 2118 IDeus
445 2087 478 2117 in
502 2087 563 2118 hoc
587 2087 749 2128 quaesito,
775 2092 884 2117 utrum
918 2086 1008 2116 Deu's
1030 2086 1072 2116 sit
1095 2084 1176 2115 idem
1205 2083 1290 2124 quod
1312 2091 1373 2114 sua

301 2133 448 2163 essentia.
474 2131 520 2162 Ex
537 2131 677 2162 secundo
701 2140 841 2172 namque
865 2136 1071 2171 argumento,
1096 2135 1127 2160 et
1146 2138 1183 2159 ex
1206 2134 1276 2159 toto
1299 2137 1373 2167 pro-

302 2187 390 2207 cessu
416 2176 556 2216 corporis
581 2175 713 2212 articuli,
734 2175 913 2207 insinuatur
929 2175 1019 2216 quod
1036 2173 1191 2214 supponit
1214 2182 1273 2213 pro
1297 2182 1373 2212 sup-

302 2220 408 2262 posito
433 2220 557 2251 divino:
583 2220 739 2261 quoniam
770 2220 848 2250 nihil
872 2219 958 2250 aliud
981 2219 1032 2249 hic
1056 2224 1222 2253 tractatur,
1249 2216 1309 2247 nisi
1333 2226 1373 2246 an

303 2264 508 2306 suppositum
531 2271 661 2295 naturae
686 2264 820 2300 divinae,
845 2271 876 2295 et
899 2264 967 2304 ipsa
991 2269 1112 2298 natura,
1130 2262 1192 2292 sint
1210 2261 1305 2292 idern.
1326 2261 1373 2291 Ex

303 2309 424 2340 ratione
446 2319 521 2340 vero
545 2308 703 2349 suppositi
727 2309 904 2340 ostenditur
924 2307 1123 2348 oppositum.
1149 2306 1314 2343 Quoniam
1333 2305 1372 2335 ad

304 2353 459 2385 rationem
475 2352 631 2394 suppositi
648 2353 852 2394 requiruntur
866 2353 1009 2394 quinque
1025 2351 1236 2383 conditiones:
1255 2350 1374 2381 scilicet

304 2398 392 2439 quod
412 2398 452 2429 sit
468 2397 651 2433 substantia,
673 2398 840 2438 completa,
862 2397 1034 2432 individua,
1053 2396 1234 2432 subsistens,
1251 2395 1374 2426 incom-

305 2442 546 2473 municabiliter:
565 2442 747 2478 substantia,
761 2449 890 2483 propter
909 2441 1096 2476 accidentia;
1118 2440 1286 2480 completa,
1300 2449 1372 2480 pro-

304 2494 373 2528 pter
391 2494 507 2527 partes;
533 2486 704 2522 individua,
723 2493 852 2528 propter
869 2486 1020 2527 speciem;
1046 2485 1227 2519 subsistens,
1245 2490 1374 2525 propter

304 2531 534 2562 humanitatem
558 2530 694 2567 Christi;
726 2529 1084 2565 incommunicabiliter,
1111 2536 1240 2570 propter
1269 2538 1372 2559 essen-

305 2576 381 2607 tiam
403 2575 553 2611 divinam,
571 2585 652 2616 quae
669 2582 716 2606 est
732 2575 913 2607 communis
933 2575 1031 2606 tribus
1055 2573 1238 2615 suppositis·
1264 2573 1304 2604 Et
1319 2573 1372 2609 sic,

306 2630 380 2651 cum
396 2620 601 2660 suppositum
617 2620 761 2651 divinum
785 2620 870 2651 idem
891 2618 1044 2660 significet
1061 2619 1149 2660 quod
1168 2627 1303 2659 persona
1327 2617 1374 2647 di-

305 2665 393 2700 vina,
419 2671 450 2695 et
472 2664 505 2694 in
529 2664 590 2695 hoc
614 2665 745 2696 articulo
769 2665 856 2695 nulla
879 2663 933 2695 fiat
956 2663 1077 2694 mentio
1102 2663 1140 2693 de
1164 2672 1372 2703 personarum

306 2708 526 2744 constitutivis,
540 2719 738 2750 consequens
755 2716 801 2740 est
817 2709 906 2750 quod
918 2709 951 2750 ly
962 2709 1053 2739 Deus
1069 2717 1135 2738 non
1151 2714 1210 2738 stat
1226 2717 1284 2747 pro
1301 2717 1374 2747 sup-

306 2753 411 2793 posito
435 2753 552 2783 divino.
571 2771 591 2775 —
607 2754 647 2784 Et
670 2752 875 2784 confirmatur
891 2753 966 2784 hoc:
992 2752 1067 2794 quia
1090 2751 1221 2783 inferius
1237 2751 1254 2770 *
1277 2761 1373 2792 quae-

306 2804 390 2828 retur
414 2807 451 2827 ex
474 2797 651 2837 proposito,
669 2805 777 2829 utrum
801 2807 935 2838 persona
959 2804 989 2828 et
1013 2797 1146 2828 essentia
1168 2796 1201 2826 in
1224 2796 1294 2827 Deo
1311 2795 1374 2826 sint

288 2842 400 2872 idem.
425 2842 520 2882 Ergo,
541 2848 598 2872 etc.

362 2886 398 2916 11.
415 2886 466 2916 Ad
482 2885 543 2916 hoc
563 2893 608 2917 est
627 2886 806 2922 dicendum,
824 2887 913 2928 quod
927 2886 959 2927 ly
975 2886 1066 2917 Deus
1085 2892 1190 2926 potest
1212 2885 1374 2926 tripliciter

306 2930 399 2961 sumi.
423 2931 542 2969 Primo,
560 2937 596 2961 ut
619 2930 773 2971 significat
797 2937 980 2962 concretum
1003 2930 1092 2971 quasi
1116 2929 1301 2970 specificum
1318 2939 1372 2960 na-

306 2982 393 3005 turae
417 2974 549 3011 divinae,
567 2975 646 3006 idest
664 2975 783 3006 habens
806 2975 976 3013 deitatem;
1001 2975 1082 3006 sicut
1104 2975 1197 3005 homo
1221 2973 1374 3014 significat

305 3019 422 3050 habens
447 3018 687 3050 humanitatem.
712 3019 869 3057 Secundo,
891 3026 926 3050 ut
942 3018 1095 3059 significat
1119 3025 1304 3050 concretum
1327 3018 1373 3049 in-

305 3062 463 3094 dividuale
479 3070 608 3095 naturae
624 3063 756 3100 divinae,
770 3063 849 3095 idest
861 3064 946 3095 hunc
962 3062 1130 3095 habentem
1147 3063 1304 3099 deitatem,
1317 3073 1372 3094 seu

305 3108 389 3138 hunc
402 3108 506 3138 Deum
514 3117 527 3146 ;
552 3108 632 3139 sicut
647 3108 739 3139 homo
756 3115 861 3148 potest
877 3118 1057 3149 supponere
1074 3118 1132 3148 pro
1149 3107 1211 3139 hoc
1230 3107 1371 3138 homine.

310 3153 426 3190 Tertio,
444 3159 479 3183 ut
498 3152 651 3192 significat
675 3152 878 3193 suppositum
895 3159 1023 3183 naturae
1043 3153 1175 3189 divinae,
1192 3151 1272 3183 idest
1287 3151 1373 3183 hunc

305 3196 644 3227 incommunicabiliter
658 3196 827 3227 habentem
843 3197 1000 3233 deitatem,
1010 3197 1089 3228 idest
1103 3197 1187 3228 hanc
1196 3206 1371 3238 personam

304 3241 445 3271 divinam
452 3251 465 3278 ;
483 3241 564 3272 sicut
579 3242 672 3272 homo
686 3248 791 3282 potest
807 3251 987 3282 supponere
1004 3251 1062 3282 pro
1075 3241 1213 3272 Socrate.
1233 3241 1295 3272 Sed
1311 3241 1372 3272 hoc

305 3284 431 3316 interest
447 3285 526 3316 inter
542 3286 647 3316 Deum
664 3295 701 3316 ex
716 3293 892 3328 unaparte,
907 3293 936 3316 et
952 3286 1118 3317 hominem
1133 3292 1373 3326 ceterarumque

306 3335 490 3360 naturarum
514 3336 659 3361 concreta
675 3339 712 3361 ex
727 3330 787 3360 alia
810 3337 907 3371 parte,
923 3330 1012 3371 quod
1035 3330 1068 3361 in
1092 3330 1159 3361 aliis
1182 3340 1248 3361 non
1265 3329 1372 3360 distin-

305 3372 412 3412 guitur
442 3373 643 3405 individuum
669 3381 799 3405 naturae
822 3374 854 3405 in
879 3381 1027 3405 concreto
1051 3385 1068 3405 a
1092 3375 1260 3416 supposito
1285 3371 1372 3417 (non

306 3416 391 3447 enim
415 3417 617 3458 distinguitur
639 3418 690 3450 hic
713 3418 814 3449 homo
838 3419 876 3449 ab
900 3418 1043 3450 humano
1067 3419 1252 3460 supposito,
1278 3425 1332 3449 aut
1356 3428 1372 3448 e

306 3460 487 3503 converso):
508 3462 539 3492 in
555 3463 624 3493 Deo
641 3470 748 3494 autem
764 3463 967 3503 distinguitur
982 3462 1183 3494 individuum
1196 3469 1325 3494 naturae
1339 3462 1372 3493 in

306 3512 463 3541 concreto,
479 3506 559 3537 idest
582 3507 632 3538 hic
655 3508 752 3544 Deus,
770 3517 787 3537 a
803 3507 971 3548 supposito
991 3507 1109 3544 divino,
1125 3508 1205 3539 idest
1227 3507 1317 3539 Patre
1341 3513 1372 3538 et

306 3549 386 3580 Filio
403 3556 434 3580 et
450 3550 566 3590 Spiritu
583 3551 708 3583 Sancto.
729 3552 770 3583 Et
785 3551 864 3582 ratio
880 3558 935 3588 est,
953 3551 1027 3593 quia
1042 3552 1093 3583 hic
1107 3552 1198 3584 Deus
1214 3558 1261 3584 est
1275 3551 1371 3582 simul

304 3593 457 3624 terminus
481 3594 655 3635 singularis,
680 3602 711 3627 et
734 3595 916 3627 communis
939 3596 1038 3627 tribus
1062 3595 1253 3637 suppositis:
1282 3595 1371 3637 quod

305 3645 350 3669 est
365 3638 561 3679 impossibile
579 3640 746 3671 convenire
765 3640 930 3671 individuo
955 3640 1087 3672 aliarum
1113 3640 1369 3672 substantiarum.

1484 2039 1665 2080 Tripliciter
1686 2050 1762 2080 ergo
1782 2050 1857 2072 cum
1883 2041 1981 2082 accipi
2009 2042 2129 2083 possit,
2155 2042 2227 2073 dico
2251 2043 2341 2084 quod
2364 2042 2415 2074 hic
2438 2052 2506 2075 non

1428 2083 1566 2115 sumitur
1588 2083 1694 2124 primo
1718 2085 1829 2117 modo.
1855 2086 1955 2124 Quia,
1981 2093 2018 2117 ut
2040 2086 2072 2116 in
2095 2096 2229 2127 corpore
2252 2086 2375 2118 articuli
2397 2093 2504 2129 patet,

1426 2127 1459 2158 id
1478 2137 1538 2168 pro
1561 2138 1629 2170 quo
1653 2130 1808 2170 supponit
1831 2130 1865 2172 ly
1886 2130 1990 2168 Deus,
2008 2131 2126 2162 claudit
2148 2131 2180 2162 in
2200 2141 2258 2163 sua
2275 2131 2399 2163 ratione
2417 2132 2505 2174 prin-

1427 2172 1510 2213 cipia
1538 2172 1768 2205 individuantia
1791 2174 1913 2211 Deum,
1938 2175 2131 2216 inquantum
2155 2175 2386 2208 individuantia
2410 2182 2504 2209 sunt:

1427 2226 1509 2258 quae
1535 2227 1601 2247 non
1630 2217 1847 2258 significantur
1875 2219 1977 2250 claudi
2006 2219 2039 2250 in
2065 2219 2097 2261 ly
2121 2220 2212 2251 Deus
2242 2221 2333 2262 quasi
2358 2220 2504 2262 specifice

1427 2268 1640 2302 supponente.
1657 2279 1674 2285 -
1686 2263 1798 2304 Neque
1815 2263 1910 2295 etiam
1927 2264 2064 2295 sumitur
2079 2264 2172 2295 tertio
2189 2265 2302 2296 modo.
2322 2265 2412 2296 Tum
2427 2265 2503 2308 quia

1427 2306 1515 2337 nulla
1538 2305 1574 2337 fit
1596 2306 1647 2337 hic
1670 2307 1792 2338 mentio
1817 2307 1856 2338 de
1880 2308 2110 2349 personalibus.
2140 2309 2230 2340 Tum
2253 2309 2330 2350 quia
2353 2310 2413 2341 sub
2440 2309 2504 2341 hoc

1427 2360 1521 2381 sensu
1546 2351 1647 2382 multa
1671 2351 1826 2392 supponit
1853 2345 2184 2393 praedesti-minanda:
2211 2360 2242 2384 et
2265 2361 2432 2395 propterea
2455 2354 2503 2385 in-

1427 2394 1523 2427 ferius
1539 2395 1557 2414 '¹‘
1579 2395 1612 2426 in
1636 2396 1699 2427 hoc
1715 2406 1809 2427 sensu
1829 2403 2007 2438 quaeretur,
2032 2397 2066 2428 in
2083 2404 2215 2429 tractatu
2233 2398 2272 2429 de
2287 2398 2432 2438 personis
2456 2398 2502 2430 di-

1427 2440 1518 2471 vinis.
1538 2457 1556 2464 -
1573 2440 1635 2471 Sed
1657 2440 1794 2472 sumitur
1815 2442 1956 2473 secundo
1982 2442 2093 2473 modo.
2123 2442 2167 2474 Ita
2191 2442 2280 2484 quod
2302 2453 2413 2474 sensus
2437 2450 2500 2475 est:

1428 2485 1545 2516 Utrum
1569 2485 1671 2521 Deus,
1695 2485 1776 2516 idest
1800 2485 1851 2516 hic
1874 2486 1976 2522 Deus,
2002 2486 2042 2517 sit
2064 2486 2153 2521 idern¹
2174 2487 2264 2527 quod
2288 2487 2396 2519 deitas.

1482 2530 1533 2560 111.
1551 2529 1613 2560 Sed
1637 2530 1762 2561 adverte
1778 2531 1867 2571 quod
1890 2531 1942 2562 hic
1964 2531 2072 2569 Deus,
2098 2530 2276 2572 significans
2299 2531 2503 2563 individuum

1428 2574 1552 2604 divinae
1576 2581 1705 2605 naturae
1722 2574 1754 2604 in
1779 2582 1938 2611 concrete,
1959 2575 2054 2606 habet
2077 2576 2156 2606 duas
2176 2576 2375 2607 conditiones
2398 2576 2431 2607 in
2454 2585 2501 2607 re:

1427 2616 1564 2650 altera'm
1581 2618 1770 2659 negativam,
1788 2619 1904 2650 scilicet
1925 2620 2015 2660 quod
2035 2630 2101 2650 non
2117 2619 2273 2660 significat
2296 2620 2503 2661 suppositum

1428 2665 1557 2695 naturae
1586 2662 1709 2693 divinae
1739 2662 1790 2705 (et
1819 2664 1880 2695 hoc
1909 2664 2087 2695 secundum
2110 2665 2275 2696 veritatem
2302 2663 2500 2708 loquendo);

1427 2708 1564 2739 alteram
1593 2707 1830 2745 affirmativam,
1856 2708 1974 2740 scilicet
2004 2709 2094 2750 quod
2122 2709 2300 2750 aequivalet
2330 2709 2500 2751 supposito

1427 2752 1535 2794 quoad
1569 2751 1788 2783 habitudinem
1819 2753 1989 2784 identitatis
2018 2753 2068 2784 vel
2096 2753 2306 2785 distinctionis
2329 2764 2347 2784 a
2371 2761 2483 2786 namra
2491 2763 2499 2791 ;

1427 2796 1582 2838 quoniam
1611 2803 1815 2837 comparatur
1838 2797 1877 2828 ad
1900 2797 1988 2828 illam
2012 2805 2048 2829 ut
2070 2797 2190 2829 habens
2213 2798 2253 2828 ad
2276 2798 2439 2835 habitum,
2465 2805 2502 2829 ut

1427 2841 1512 2882 quod
1535 2846 1583 2872 est
1605 2841 1645 2871 ad
1667 2850 1730 2882 quo
1753 2847 1811 2880 est,
1836 2848 1872 2872 ut
1895 2842 2068 2873 subsistens
2092 2842 2132 2873 ad
2155 2849 2302 2873 naturam
2325 2842 2358 2873 in
2381 2852 2447 2884 qua
2469 2849 2501 2873 et

1405 2904 1407 2906 -
1427 2895 1491 2927 qua
1507 2885 1656 2922 subsistit,
1674 2891 1732 2917 etc.
1754 2886 1794 2916 Et
1809 2887 1936 2917 tertiam
1953 2887 2171 2918 conditionem
2187 2886 2282 2918 habet
2297 2886 2330 2917 in
2346 2886 2499 2928 opinione

1427 2929 1706 2971 philosophorum,
1727 2929 1794 2960 imo
1809 2930 1908 2961 totius
1932 2930 2062 2962 rationis
2078 2931 2237 2962 humanae
2261 2930 2440 2969 secundum
2454 2929 2499 2962 fa-

1427 2975 1578 3006 cultatem
1602 2973 1748 3010 naturae,
1774 2974 1891 3006 scilicet
1914 2976 2004 3016 quod
2035 2976 2074 3006 ab
2097 2975 2249 3006 omnibus
2281 2974 2434 3016 accipitur
2463 2981 2499 3006 ut

1427 3019 1632 3060 suppositum
1652 3026 1781 3050 naturae
1805 3019 1944 3050 divinae:
1969 3019 2045 3061 quia
2063 3019 2151 3051 nulla
2173 3019 2262 3050 deest
2280 3019 2340 3050 sibi
2355 3018 2499 3051 conditio

1427 3063 1603 3104 suppositi,
1633 3063 1692 3094 nisi
1715 3063 2072 3101 incommunicabilitate:
2097 3073 2196 3106 quam
2230 3073 2296 3094 non
2329 3063 2500 3096 convenire

1427 3107 1495 3144 sibi,
1513 3107 1587 3150 quia
1604 3107 1786 3139 communis
1805 3115 1852 3139 est
1866 3108 1965 3139 tribus
1981 3108 2133 3149 personis,
2150 3117 2216 3139 non
2233 3107 2364 3145 ratione,
2382 3107 2437 3139 sed
2451 3117 2498 3140 re—

1426 3152 1582 3183 velatione
1598 3151 1671 3183 fidei
1691 3152 1850 3183 novimus.
1876 3153 1917 3184 Et
1933 3162 1969 3184 ex
1985 3152 2044 3184 hac
2063 3152 2206 3194 sequitur
2220 3158 2338 3194 quarta
2355 3151 2497 3184 conditio

1426 3197 1535 3238 quoad
1555 3205 1631 3228 nos:
1656 3196 1745 3238 quod
1765 3196 1837 3228 licet
1860 3198 1912 3228 hic
1929 3197 2020 3228 Deus
2038 3206 2104 3227 non
2123 3195 2276 3237 significet
2293 3195 2499 3238 suppositum

1427 3241 1572 3272 divinum
1595 3241 1795 3282 simpliciter,
1815 3248 1922 3272 tamen
1946 3240 2100 3282 significat
2123 3241 2329 3282 suppositum
2352 3240 2498 3272 divinum

1426 3285 1539 3317 stando
1551 3285 1632 3316 infra
1647 3285 1763 3317 limites
1778 3292 1927 3317 tractatus
1939 3285 1978 3316 de
1990 3285 2153 3321 absolutis,
2165 3285 2267 3326 quafis
2279 3292 2326 3317 est
2337 3294 2496 3326 praesens.

1482 3330 1615 3371 Propter
1638 3330 1772 3371 primam
1794 3329 2020 3365 conditionem,
2038 3336 2128 3361 caute
2147 3329 2289 3371 loquitur
2303 3329 2414 3367 littera,
2431 3335 2497 3361 tam

1426 3375 1609 3415 quaerendo
1644 3384 1742 3416 quam
1775 3373 1997 3406 concludendo
2029 3380 2060 3405 et
2092 3374 2337 3414 respondendo:
2371 3382 2499 3416 semper

1426 3418 1520 3455 enim,
1538 3418 1576 3449 de
1593 3419 1662 3450 Deo
1679 3419 1711 3449 in
1728 3418 1854 3460 speciali
1879 3427 2061 3449 sermonem
2083 3418 2211 3455 habens,
2229 3418 2374 3451 nominat
2388 3417 2495 3449 Deum

1426 3469 1456 3494 et
1471 3463 1632 3501 deitatem,
1651 3469 1681 3494 et
1697 3471 1864 3504 nunquam
1879 3463 2076 3503 suppositum
2093 3462 2246 3494 divinum.
2271 3462 2405 3503 Propter
2420 3460 2496 3493 alias

1425 3517 1500 3538 vero
1525 3513 1586 3538 tres
1610 3506 1817 3542 conditiones,
1843 3506 1942 3538 utitur
1966 3506 2096 3538 nomine
2119 3508 2274 3548 suppositi
2292 3514 2323 3538 et
2343 3510 2493 3543 naturae,

1425 3551 1457 3581 in
1477 3551 1643 3582 communi
1666 3551 1845 3592 loquendo:
1874 3557 1905 3582 et
1928 3560 1965 3581 ex
1989 3551 2216 3583 communibus
2243 3550 2360 3592 regulis
2383 3549 2494 3581 identi-

1424 3595 1495 3626 tatis
1519 3602 1574 3626 aut
1597 3593 1806 3626 distinctionis
1830 3594 1987 3636 suppositi
2011 3606 2028 3626 a
2052 3602 2173 3632 natura,
2197 3594 2418 3637 quaestionem
2442 3593 2494 3624 de-

1424 3639 1581 3671 terminat.
1607 3639 1695 3670 Idem
1714 3649 1853 3680 namque
1877 3646 1923 3670 est
1946 3639 2100 3671 iudicium
2124 3640 2164 3671 de
2183 3638 2383 3671 distinctione
2399 3637 2496 3669 huius

2532 2408 2540 2417 ”
2556 2406 2613 2429 Loc-
2623 2407 2669 2430 eit.

2538 458 2546 466 ·
2562 456 2615 478 Art.
2631 462 2709 484 praec.

2631 507 2650 532 μ
2762 498 2768 538 ὲ

2535 556 2544 564 ·
2559 554 2588 576 D.
2600 560 2659 583 1053,
2670 555 2732 578 108¹.
2763 567 2768 584 ,-

2635 720 2648 736 ⁹
2754 739 2755 743 ,

2638 872 2652 904 ξ
2753 846 2756 850 .

2633 989 2650 1006 0

2756 1233 2768 1395 3

2763 1480 2768 1536 i

2762 1549 2768 1602 Ξ

2762 1641 2768 1677 l

2759 1749 2768 1918 ,ξ
