2768 4178
15 380 27 390 ⁸
42 378 109 400 Vers.
120 379 143 400 6.

30 2781 41 2792 ⁸
55 2780 203 2812 s.··1·h.,1ect.
215 2786 238 2802 n.

27 2807 174 2862 aflifni·

29 2972 38 2981 ·
62 2970 99 2992 De
148 2970 241 2991 onside-

30 2997 139 3024 ratione,
155 2997 195 3018 lib.
210 2997 240 3024 V,

28 3030 80 3052 cap.
91 3029 139 3046 vui.

126 3151 140 3177 ὃ

265 255 336 281 112

259 326 314 362 las
342 337 424 361 esse
455 324 564 371 deos,
594 325 656 361 vel
686 324 801 361 etiam
831 325 996 373 singulas
1030 334 1158 375 partes
1186 325 1332 363 mundi.

259 378 372 415 Unde
401 378 528 415 subdit
545 378 586 414 *z
616 378 722 415 nohis
749 384 875 415 autem
906 391 1002 417 unus
1029 380 1134 416 Deus
1154 385 1177 426 ⁸,
1210 386 1278 416 etc.

313 434 372 468 AD
393 443 584 468 SECUNDUM
612 442 797 469 DICENDUM
827 433 932 481 quod
966 445 1089 470 unum
1118 432 1332 469 secundum

248 485 366 534 quod
386 492 442 522 est
460 484 689 534 principium
718 485 881 534 numeri,
911 498 990 524 non
1018 485 1261 535 praedicatur
1286 485 1334 523 de

259 539 371 583 Deo;
411 539 477 576 sed
511 538 638 575 solum
677 538 724 576 de
762 538 820 576 his
857 551 965 589 quae,
994 539 1139 576 habent
1175 551 1259 576 esse
1296 538 1335 575 in

260 590 430 628 materia.
461 591 591 629 Unum
628 591 732 629 enim
770 593 876 640 quod
915 601 971 629 est
1003 591 1236 641 principium
1266 604 1333 629 nu-

260 644 367 692 meri,
386 652 442 682 est
456 645 503 682 de
519 657 659 694 genere
675 646 1055 691 mathematicorum
1078 658 1176 695 quae
1191 646 1335 683 habent

261 710 343 735 esse
373 697 411 735 in
435 698 615 746 materia,
648 699 715 737 sed
745 708 832 737 sunt
861 699 1075 736 secundum
1106 699 1294 736 rationem
1313 711 1336 735 a

258 751 419 788 materia
447 752 646 790 abstracta.
676 753 807 790 Unum
836 765 932 790 vero
962 752 1067 802 quod
1103 752 1336 789 convertitur

314 900 340 934 r.)
361 901 443 926 Deus.
456 915 475 920 —
493 901 576 927 Pater
596 901 693 926 addunt
711 901 822 926 codices.

974 246 1243 293 QUAESTIO
1273 247 1343 293 XI,
1374 246 1673 284 ARTICULUS
1704 246 1755 283 IV

1389 338 1478 362 cum
1508 333 1619 374 ente,
1660 333 1716 362 est
1753 324 1951 375 quoddam
1985 325 2316 373 metaphysicum,
2355 326 2461 374 quod

1389 379 1604 416 secundum
1625 390 1708 416 esse
1737 391 1816 416 non
1845 378 2038 428 dependet
2058 390 2080 414 a
2100 378 2270 416 materia.
2299 379 2348 416 Et
2375 379 2463 417 licet

1389 432 1428 470 in
1448 433 1534 469 Deo
1555 444 1634 469 non
1654 432 1701 469 sit
1729 432 1855 481 aliqua
1882 431 2059 482 privati0,
2085 439 2228 480 tamen,
2248 433 2462 470 secundum

1389 485 1552 523 modum
1582 486 1898 535 apprehensionis
1926 493 2091 533 nostrae,
2114 498 2193 523 non
2222 484 2463 535 cognoscitur

1390 551 1413 576 a
1440 538 1552 576 nobis
1581 539 1653 576 nisi
1679 552 1750 589 per
1775 539 1940 577 modum
1972 539 2196 589 privationis
2223 540 2236 560 Ᾰ
2265 547 2302 576 et
2335 551 2462 576 remo-

1388 592 1513 630 tionis.
1543 593 1593 629 Et
1621 593 1674 630 sic
1694 592 1785 630 nihil
1803 593 1982 643 prohibet
2006 593 2132 643 aliqua
2151 592 2341 643 privative
2362 593 2462 630 dicta

1390 646 1438 683 de
1466 647 1552 683 Deo
1581 646 1815 695 praedicari;
1849 646 1946 684 sicut
1974 647 2080 696 quod
2109 655 2165 684 est
2192 647 2461 696 incorporeus,

1389 698 1570 736 infinitus.
1611 700 1660 737 Et
1697 699 1866 737 similiter
1903 701 1951 738 de
1986 702 2071 738 Deo
2111 700 2246 738 dicitur
2283 700 2390 750 quod
2418 699 2464 737 sit

1390 765 1505 789 unus.

1440 898 1468 931 λ)
1486 899 1658 931 privationis.
1670 913 1689 918 -
1709 900 1750 924 vel
1765 899 1916 933 negationis
1935 900 2005 925 addit
2019 901 2048 925 B.
2060 914 2079 919 -
2097 900 2147 925 Pro
2160 901 2194 926 de
2214 901 2281 930 Deo,
2297 901 2329 926 de
2342 908 2373 926 eo
2387 901 2463 927 CFG.

942 981 1278 1014 Commentaria
1300 979 1553 1013 Cardinah's
1575 978 1778 1012 Caietam

323 1080 433 1102 rrULUS
457 1070 579 1111 quaerit
603 1070 642 1100 de
666 1071 790 1100 unitate
813 1071 984 1101 numerali.
1005 1088 1025 1093 —
1050 1070 1084 1100 ln
1109 1079 1243 1110 corpore
1267 1079 1331 1100 una

264 1083 497 1151 Tconclusio,
522 1114 707 1155 responsiva
731 1114 933 1145 affirmative:
958 1115 1046 1156 Deus
1071 1121 1117 1145 est
1140 1124 1236 1145 unus-

315 1160 471 1190 Probatur
494 1159 664 1200 tripliciter.
687 1159 814 1197 Primo,
839 1159 927 1190 Deus
951 1159 1067 1190 eodem
1090 1159 1191 1189 modo
1215 1158 1332 1189 forma-

262 1203 332 1234 liter
349 1211 395 1235 est
417 1204 508 1235 Deus
532 1210 562 1234 et
584 1204 652 1235 hic:
675 1213 751 1243 ergo
768 1210 815 1235 est
829 1214 924 1235 unus.
941 1222 962 1227 -
980 1203 1180 1235 Antecedens
1194 1210 1282 1244 patet
1298 1213 1334 1233 ex

262 1258 316 1289 qu.
334 1257 381 1279 111:
407 1248 482 1289 quia
504 1248 591 1279 idem
615 1254 661 1279 est
685 1248 819 1279 omnino
843 1248 894 1279 hic
917 1249 1005 1280 Deus
1029 1255 1061 1280 et
1083 1255 1197 1279 natura
1217 1247 1333 1278 divina.

262 1292 502 1334 Consequentia
532 1293 701 1333 probatur:
726 1292 925 1334 impossibile
955 1300 1002 1324 est
1024 1292 1197 1334 plurificari
1227 1293 1313 1323 hunc
1319 1302 1334 1330 ;

263 1347 338 1378 ergo
363 1344 393 1368 et
415 1337 533 1368 Deum.

317 1382 476 1420 Secundo,
494 1382 581 1412 Deus
601 1388 647 1413 est
670 1381 887 1413 universaliter
909 1381 1084 1423 perfectus:
1110 1391 1185 1422 ergo
1205 1391 1300 1412 unus·
1315 1399 1335 1404 -

256 1427 418 1467 vProbatur
433 1426 660 1467 consequentia
675 1437 693 1457 a
709 1426 923 1458 destructione
938 1426 1172 1468 consequentis,
1188 1426 1335 1457 ducendo

263 1472 303 1501 ad
328 1471 517 1512 oppositum
541 1471 764 1507 antecedentis,
788 1478 824 1502 ut
848 1471 929 1502 clare
953 1478 1038 1512 patet
1060 1471 1093 1501 in
1116 1470 1227 1502 littera.

1446 1069 1565 1106 Tertio,
1589 1068 1677 1099 Deus
1701 1068 1811 1098 omnia
1834 1078 1917 1110 quae
1939 1068 1975 1099 in
1997 1069 2147 1101 universo
2172 1078 2256 1108 sunt,
2281 1081 2338 1112 per
2360 1081 2394 1102 se
2416 1081 2463 1102 re-

1389 1113 1476 1144 ducit
1494 1113 1527 1143 in
1550 1122 1656 1143 unum
1671 1112 1832 1143 ordinem:
1858 1123 1934 1153 ergo
1953 1113 2042 1144 Deus
2058 1121 2105 1145 est
2119 1124 2214 1146 unus.
2232 1133 2253 1138 -
2269 1116 2387 1154 Quoad
2401 1115 2464 1156 pri-

1389 1167 1476 1188 mam
1492 1164 1616 1198 partem
1632 1157 1820 1188 antecedens
1841 1158 2011 1198 probatur:
2036 1158 2112 1199 quia
2128 1159 2250 1190 diversa
2265 1170 2332 1191 non
2348 1169 2464 1191 conve-

1389 1202 1482 1233 niunt
1505 1202 1538 1233 in
1562 1212 1667 1233 unum
1690 1202 1836 1233 ordinem
1856 1201 1920 1233 nisi
1943 1202 1982 1233 ab
2004 1202 2125 1244 aliquo.
2150 1203 2269 1242 Quoad
2292 1204 2466 1235 secundam

1389 1257 1476 1284 vero,
1501 1247 1556 1278 sic.
1581 1247 1669 1278 Deus
1687 1254 1733 1278 est
1751 1246 2021 1288 perfectissimum
2041 1254 2072 1278 et
2086 1247 2230 1288 primum
2252 1248 2463 1289 principium:

1390 1301 1466 1332 ergo
1490 1298 1538 1322 est
1560 1301 1617 1332 per
1640 1301 1683 1328 se,
1708 1298 1739 1322 et
1761 1301 1829 1322 non
1852 1301 1909 1332 per
1932 1291 2087 1329 accidens,
2112 1292 2317 1334 principium.
2336 1310 2355 1316 -
2376 1292 2466 1324 Con·

1391 1336 1556 1377 sequentia
1578 1346 1655 1367 vero
1678 1336 1832 1377 probatur
1854 1335 2033 1377 dupliciter.
2059 1337 2148 1368 Tum
2171 1337 2248 1379 quia
2271 1337 2386 1369 melius
2410 1346 2466 1379 per

1391 1391 1495 1412 unum
1519 1379 1735 1423 disponuntur
1757 1391 1826 1418 res,
1858 1390 1957 1422 quam
1985 1391 2042 1422 per
2065 1382 2158 1422 plura
2180 1381 2346 1423 principia.
2378 1382 2468 1413 Tum

1391 1425 1467 1466 quia
1486 1425 1583 1456 unius
1607 1435 1673 1456 non
1696 1432 1743 1462 est
1759 1435 1854 1456 causa
1876 1435 1933 1466 per
1956 1435 1989 1456 se
2012 1425 2072 1457 nisi
2096 1436 2216 1458 unum:
2243 1436 2300 1467 per
2323 1425 2470 1458 accidens

1392 1477 1500 1501 autem
1523 1469 1626 1510 plura.

1052 1641 1371 1684 ARTICULUS
1402 1641 1676 1694 QUARTUS

953 1745 1130 1776 UTRUM
1158 1744 1285 1776 DEUS
1313 1744 1390 1775 SIT
1419 1745 1616 1775 MAleE
1646 1745 1775 1776 UNUS

858 1832 866 1857 1
887 1832 969 1861 Seni„
991 1832 1049 1857 dist.
1069 1840 1135 1863 xx1v,
1155 1840 1201 1865 qu.
1219 1840 1236 1862 ι,
1256 1837 1303 1856 art.
1323 1839 1344 1863 ις
1363 1831 1396 1857 de
1418 1832 1479 1857 Div.
1497 1832 1584 1861 Nom„
1605 1839 1661 1865 cap.
1680 1840 1733 1862 xm,
1753 1833 1811 1857 lect.
1824 1839 1862 1858 111.

350 1941 357 1954 ‚
384 1945 429 1969 ‚s
478 1931 500 1957 ο
521 1931 695 1963 QUARTUM
715 1931 768 1956 sic
792 1931 1033 1958 PRocamrun.
1049 1920 1210 1958 Videtur
1229 1920 1335 1969 quod

333 1973 346 1999 '⁷
391 1967 393 1972 ’
477 1974 583 2010 Deus
602 1985 681 2009 non
697 1972 743 2010 sit
762 1973 928 2010 maxime
944 1985 1055 2011 unus.
1076 1974 1209 2011 Unum
1231 1973 1334 2011 enim

300 2064 330 2077 x,
436 2026 612 2070 dicitur
644 2026 857 2064 secundum
890 2027 1148 2076 privationem
1182 2027 1336 2065 divisio-

320 2098 330 2115 ψ
435 2074 546 2118 Χηὶε.
587 2080 665 2117 Sed
691 2079 855 2129 privatio
885 2093 964 2118 non
993 2081 1125 2130 recipit
1150 2081 1272 2130 magis
1301 2089 1338 2119 et

260 2134 400 2171 minus.
431 2134 534 2181 Ergo
563 2134 669 2171 Deus
689 2145 768 2171 non
793 2134 928 2172 dicitur
951 2135 1073 2183 magis
1096 2147 1197 2172 unus
1217 2147 1336 2183 quam

263 2187 335 2224 alia
365 2199 463 2236 quae
493 2194 581 2224 sunt
608 2199 743 2224 unum.

319 2252 354 2277 2.
386 2241 629 2287 PRAETEREA,
659 2239 749 2277 nihil
777 2240 929 2278 videtur
952 2253 1035 2278 esse
1060 2240 1181 2289 magis
1201 2241 1337 2278 indivi-

263 2293 371 2331 sibile
400 2305 517 2343 quam
546 2293 585 2330 id
613 2293 718 2342 quod
748 2300 804 2331 est
830 2293 1056 2332 indivisibile
1085 2302 1172 2331 actu
1205 2302 1241 2332 et
1267 2307 1337 2344 po-

263 2347 392 2394 tentia,
422 2346 640 2384 cuiusmodi
669 2355 724 2383 est
743 2352 760 2368 ³
780 2354 944 2396 punctus
969 2355 1006 2384 et
1022 2347 1158 2385 unitas.
1181 2348 1259 2385 Sed
1283 2348 1338 2386 in—

264 2408 413 2438 tantum
443 2400 578 2437 dicitur
606 2399 750 2449 aliquid
767 2399 786 2429 Ρ
803 2401 923 2449 magis
945 2413 1080 2449 unum,
1110 2401 1338 2451 inquantum

265 2462 321 2492 est
348 2453 585 2491 indivisibile.
616 2454 719 2502 Ergo
749 2455 856 2492 Deus
884 2466 965 2492 non
993 2462 1049 2492 est
1077 2455 1197 2503 magis
1215 2467 1337 2492 unum

264 2520 382 2558 quam
410 2507 539 2544 unitas·
564 2514 600 2544 et
627 2513 804 2556 punctus.
1117 2510 1123 2516 ’

321 2562 355 2599 3.
386 2561 629 2609 Pium-Tem,
659 2561 767 2610 quod
792 2568 847 2598 est
865 2573 935 2611 per
955 2561 1158 2599 essentiam
1178 2562 1337 2610 bonum,

266 2622 322 2652 est
340 2614 507 2652 maxime
533 2614 699 2652 bonum:
731 2626 821 2663 ergo
846 2614 953 2665 quod
973 2622 1030 2652 est
1047 2627 1117 2664 per
1136 2616 1339 2653 essentiam

266 2680 376 2706 suam
405 2679 544 2715 unum,
575 2675 632 2705 est
659 2667 825 2705 maxime
854 2681 989 2706 unum.
1020 2668 1098 2706 Sed
1127 2681 1243 2706 omne
1273 2681 1340 2706 ens

267 2729 322 2759 est
340 2733 464 2758 unum
492 2733 562 2770 per
590 2733 701 2759 suam
730 2722 945 2770 essentiam,
974 2730 1016 2759 ut
1043 2729 1148 2771 patet
1165 2735 1236 2772 per
1254 2722 1341 2760 Phi-

265 2775 474 2824 losophum
500 2774 540 2811 in
569 2775 621 2812 IV
648 2776 867 2824 Metaphys.
888 2775 908 2798 *
927 2776 1030 2825 Ergo
1059 2788 1176 2813 omne
1198 2788 1265 2814 ens
1286 2783 1341 2814 est

266 2829 431 2866 maxime
450 2839 586 2865 unum.
617 2829 723 2866 Deus
751 2828 862 2876 igitur
889 2841 969 2867 non
998 2837 1055 2867 est
1078 2829 1200 2878 magis
1219 2842 1341 2867 unum

267 2894 386 2932 quam
414 2881 488 2919 alia
516 2881 629 2919 entia.

321 2936 396 2974 SED
426 2946 573 2972 CONTRA
592 2947 659 2972 EST
678 2935 785 2985 quod
805 2936 894 2974 dicit
913 2936 1130 2974 Bernardus
1149 2942 1163 2963 ⁷
1177 2936 1209 2984 ¹²,
1230 2937 1337 2985 quod

268 2990 364 3027 inter
401 2989 531 3026 omnia
574 3000 672 3038 quae
700 3000 817 3027 unum
851 2990 1047 3038 dicuntur,
1083 3002 1212 3028 arcem
1246 2996 1343 3028 tenet

269 3043 391 3080 unitas
419 3041 570 3080 divinae
597 3042 800 3080 Trinitatis.

321 3097 549 3134 Responnso
578 3107 764 3134 mei-:unum
789 3096 906 3146 quod,
929 3109 1017 3134 cum
1050 3109 1172 3134 unum
1199 3096 1246 3134 sit
1275 3109 1341 3134 ens

267 3150 488 3198 indivisum,
505 3149 555 3188 ad
569 3150 646 3187 hoc
661 3149 766 3199 quod
781 3149 924 3199 aliquid
936 3147 949 3171 δ
964 3150 1010 3187 sit
1024 3150 1191 3188 maxime
1205 3162 1340 3198 unum,

269 3210 420 3252 oportet
439 3203 546 3254 quod
574 3203 621 3240 sit
649 3211 684 3240 et
708 3203 874 3240 maxime
896 3216 963 3240 ens
992 3211 1027 3240 et
1060 3203 1228 3242 maxime
1247 3203 1342 3241 indi-

266 3256 406 3294 visum.
436 3258 652 3306 Utrumque
672 3264 802 3294 autem
823 3257 1003 3307 competit
1021 3258 1118 3295 Deo.
1145 3258 1214 3295 Est
1239 3256 1341 3294 enim

269 3310 435 3348 maxime
465 3323 544 3359 ens,
564 3310 792 3359 inquantum
813 3318 870 3348 est
888 3323 967 3348 non
995 3311 1141 3349 habens
1156 3319 1168 3336 ⁶
1187 3310 1342 3360 aliquod

325 3459 352 3492 α)
372 3462 418 3485 est.
433 3474 450 3479 -
469 3463 531 3485 sunt
549 3460 592 3485 BD
615 3474 634 3479 -
654 3460 704 3485 Pro
718 3463 844 3492 punctus,
861 3462 991 3493 punctum
1011 3460 1108 3485 CDEF.

325 3493 350 3527 β)
371 3495 482 3528 aliquid.
500 3509 518 3514 -
537 3495 598 3520 Om.
618 3495 697 3521 DFG.

324 3532 350 3564 γ)
371 3531 537 3556 Bernardus.
549 3544 568 3551 -
586 3531 694 3556 Boetius
714 3531 777 3556 Pab.

325 3565 350 3600 ὃ)
371 3566 482 3599 aliquid.
499 3580 518 3586 -
537 3566 598 3592 Om.
617 3567 754 3591 ACDEFG
774 3571 800 3592 et
819 3567 878 3592 edd.
896 3566 945 3592 ab.

1391 1933 1474 1958 esse
1496 1920 1794 1958 determinatum
1822 1933 1892 1970 per
1920 1920 2089 1969 aliquam
2110 1927 2288 1960 naturam
2314 1922 2375 1960 eui
2402 1924 2469 1962 ad-

1389 1973 1536 2023 veniat,
1567 1975 1636 2012 sed
1665 1981 1722 2011 est
1748 1973 1877 2023 ipsum
1906 1986 1990 2011 esse
2025 1974 2255 2023 subsistens,
2285 1975 2468 2015 omnibus

1391 2027 1519 2066 modis
1547 2027 1896 2065 indeterminatum.
1918 2028 1988 2065 Est
2006 2036 2136 2066 autem
2150 2027 2164 2055 ζ
2183 2028 2352 2067 maxime
2371 2029 2470 2068 indi·

1389 2082 1540 2128 visum,
1575 2081 1804 2131 inquantum
1839 2093 1965 2130 neque
2004 2081 2186 2120 dividitur
2217 2090 2305 2120 actu
2342 2094 2469 2134 neque

1390 2134 1573 2185 potentia,
1594 2134 1808 2172 secundum
1832 2147 2104 2185 quemcunque
2125 2136 2289 2174 modum
2315 2136 2470 2175 divisio-

1392 2188 1462 2236 nis,
1492 2200 1582 2225 cum
1610 2188 1657 2225 sit
1685 2187 1866 2225 omnibus
1895 2188 2022 2225 modis
2051 2188 2224 2238 simplex,
2245 2197 2288 2227 ut
2311 2202 2427 2240 supra
2449 2189 2471 2214 ⁸¹

1393 2249 1591 2279 ostensum
1621 2248 1687 2278 est.
1722 2241 1835 2279 Unde
1864 2241 2112 2279 manifestum
2142 2249 2198 2279 est
2225 2243 2333 2292 quod
2361 2245 2470 2283 Deus

1393 2303 1450 2333 est
1477 2294 1647 2332 maxime
1674 2306 1787 2332 unus.

1446 2350 1505 2386 AD
1534 2360 1672 2386 PRIMUM
1701 2359 1800 2385 ERGO
1830 2359 2017 2386 DICENDUM
2045 2348 2164 2397 quod,
2191 2348 2279 2386 licet
2304 2349 2469 2399 privatio

1393 2402 1607 2440 secundum
1628 2413 1668 2439 se
1688 2413 1768 2439 non
1797 2401 1953 2451 recipiat
1980 2401 2101 2450 magis
2121 2409 2159 2439 et
2177 2402 2317 2451 minus,
2338 2411 2468 2442 tamen

1393 2455 1607 2493 secundum
1635 2455 1742 2504 quod
1771 2455 1851 2492 eius
1880 2455 2102 2505 oppositum
2131 2455 2263 2506 recipit
2290 2456 2413 2506 magis
2434 2465 2470 2496 et

1394 2509 1542 2557 minus,
1574 2507 1688 2546 etiarn
1716 2507 1798 2558 ipsa
1825 2507 2015 2558 privativa
2050 2507 2226 2547 dicuntur
2253 2511 2468 2549 secundum

1394 2562 1515 2611 magis
1544 2570 1581 2599 et
1608 2562 1747 2599 minus.
1788 2562 2012 2600 Secundum
2047 2561 2158 2611 igitur
2192 2563 2299 2611 quod
2327 2563 2468 2613 aliquid

1395 2624 1452 2654 est
1478 2615 1599 2664 magis
1628 2615 1796 2653 divisum
1825 2616 1887 2653 vel
1917 2615 2116 2663 divisibile,
2145 2616 2208 2654 vel
2237 2616 2376 2666 minus,
2405 2618 2469 2655 vel

1395 2670 1499 2708 nullo
1519 2669 1652 2717 modo,
1674 2669 1887 2707 secundum
1917 2669 1991 2706 hoc
2020 2668 2162 2719 aliquid
2191 2669 2328 2708 dicitur
2346 2670 2469 2720 magis

1396 2731 1432 2761 et
1459 2723 1587 2761 minus
1614 2723 1677 2759 vel
1697 2730 1712 2753 η
1732 2722 1900 2760 maxime
1928 2735 2063 2760 unum.

1449 2778 1508 2814 An
1528 2787 1719 2814 SECUNDUM
1749 2788 1934 2814 mensuum
1963 2777 2070 2825 quod
2088 2784 2253 2826 punctus
2287 2784 2324 2815 et
2342 2777 2467 2816 unitas

1396 2842 1495 2879 quae
1508 2837 1564 2868 est
1573 2829 1802 2880 principium
1814 2829 1975 2878 numeri,
1987 2842 2067 2868 non
2077 2836 2165 2867 sunt
2174 2829 2343 2868 maxime
2353 2830 2466 2879 entia,

1397 2896 1486 2921 curn
1501 2895 1581 2921 non
1595 2883 1762 2920 habeant
1777 2895 1860 2920 esse
1876 2883 1947 2920 nisi
1963 2883 2002 2921 in
2013 2883 2185 2921 subiecto
2200 2882 2342 2933 aliquo.
2353 2883 2466 2922 Unde

1396 2944 1574 2975 neutrum
1604 2949 1740 2974 eorum
1774 2944 1830 2974 est
1857 2936 2025 2974 maxime
2054 2948 2188 2974 unum.
2224 2935 2330 2974 Sicut
2363 2936 2467 2974 enim

1396 2990 1611 3028 subiectum
1630 3002 1710 3027 non
1731 2997 1788 3027 est
1811 2990 1979 3027 maxime
2007 3002 2142 3038 unum,
2162 2997 2319 3039 propter
2343 2989 2467 3028 diver-

1396 3044 1546 3082 sitatem
1575 3042 1780 3081 accidentis
1809 3051 1845 3080 et
1873 3043 2044 3091 subiecti,
2073 3043 2125 3081 ita
2148 3054 2220 3080 nec
2248 3042 2437 3081 accidens.

1449 3099 1508 3134 An
1536 3109 1697 3135 TER-rium
1725 3108 1910 3135 DICENDUM
1940 3097 2057 3147 quod,
2077 3096 2164 3134 licet
2183 3108 2300 3134 omne
2329 3108 2397 3134 ens
2422 3096 2468 3135 sit

1395 3162 1518 3188 unum
1538 3162 1607 3200 per
1625 3162 1735 3188 suam
1755 3150 2018 3198 substantiam,
2042 3162 2121 3188 non
2139 3157 2271 3187 tamen
2290 3162 2331 3187 se
2350 3150 2467 3188 habet

1397 3203 1604 3253 aequaliter
1636 3203 1844 3241 substantia
1883 3203 2081 3242 cuiuslibet
2109 3202 2159 3240 ad
2195 3203 2430 3242 causandum
2453 3201 2467 3226 ⁹

1395 3257 1595 3294 unitatem:
1611 3256 1702 3306 quia
1717 3257 1926 3295 substantia
1940 3256 2185 3307 quorundam
2202 3264 2259 3294 est
2274 3268 2319 3294 ex
2335 3256 2464 3295 multis

1397 3310 1624 3359 composita,
1655 3310 1899 3360 quorundam
1927 3322 2022 3348 vero
2052 3322 2143 3347 non.

1446 3459 1468 3491 ε)
1488 3459 1595 3485 habens.
1613 3473 1632 3479 -
1651 3460 1712 3484 Om.
1732 3459 1847 3484 CDEFG
1866 3463 1891 3484 et
1910 3459 1950 3483 ed.
1970 3465 1995 3483 a.

1446 3494 1472 3527 ζ)
1491 3498 1589 3520 autem.
1603 3509 1622 3514 -
1641 3495 1721 3520 etiam
1742 3494 1852 3519 codices.

1447 3530 1473 3562 η)
1493 3531 1542 3555 vel.
1556 3544 1574 3549 -
1593 3534 1619 3555 et
1638 3530 1750 3555 codices.

1447 3563 1471 3598 Θ)
1487 3565 1660 3591 cau'sandam.
1672 3578 1691 3584 -
1704 3565 1766 3591 Om.
1780 3565 1882 3590 codices
1893 3570 1918 3590 et
1930 3565 1976 3591 ab.
1986 3579 2005 3585 -
2019 3565 2070 3590 Pro
2084 3566 2166 3591 altero
2179 3564 2356 3599 quorundam,
2369 3564 2422 3590 Dei
2431 3563 2465 3589 G.

2497 2201 2507 2211 ·
2522 2199 2572 2228 Qu.
2586 2205 2620 2228 m.
2635 2204 2678 2223 m.
2687 2206 2712 2229 7.
