2768 4178
55 522 66 533 ·
81 521 110 544 D.
125 527 176 550 ¹1²3·

999 228 1268 275 QUAESTIO
1298 229 1404 276 XIV,
1434 229 1731 266 ARTICULUS
1762 231 1794 266 11

300 304 424 352 ipsam
444 303 670 342 effunditur:
698 306 926 354 inquantum
945 318 1039 343 vero
1065 306 1102 343 in
1122 306 1247 355 seipsa
1265 305 1278 328 ⁰
1305 308 1373 344 ha-

300 357 365 393 bet
393 369 487 405 esse,
513 357 551 395 in
571 359 738 408 seipsam
766 359 873 396 redit.
902 359 1068 396 Virtutes
1097 359 1208 407 igitur
1232 372 1373 408 cogno-

300 409 453 447 scitivae
492 423 591 460 quae
624 424 704 449 non
737 419 824 449 sunt
856 412 1123 460 subsistentes,
1163 413 1232 451 sed
1265 421 1371 450 actus

300 463 516 513 aliquorum
545 477 798 513 organorum,
833 477 913 502 non
942 473 1178 513 cognoscunt
1205 466 1370 515 seipsas3

300 516 395 554 sicut
422 525 526 566 patet
544 517 583 555 in
602 517 757 566 singulis
777 518 952 555 sensibus
971 518 1002 555 ²¹⁶.
1034 518 1110 556 Sed
1129 518 1288 557 virtutes
1310 532 1372 556 co-

299 570 534 618 gnosciti'vae
568 583 640 620 per
677 583 718 607 se
747 571 1015 619 subsistentes,
1050 580 1286 620 cognoscunt
1314 585 1371 609 se-

299 623 412 672 ipsas.
442 624 492 660 Et
518 631 675 673 propter
701 623 777 660 hoc
805 624 940 662 dicitur
966 624 1005 662 in
1033 624 1129 662 libro
1155 626 1202 662 de
1225 626 1369 673 Causis,

300 676 407 724 quod
433 676 553 713 sciens
585 677 782 714 essentiam
815 689 944 724 suam,
974 678 1071 715 redit
1096 678 1148 715 ad
1173 679 1369 716 essentiam

297 741 420 766 suam.
450 730 525 766 Per
543 741 584 766 se
604 737 734 767 autem
763 730 967 768 subsistere
996 731 1163 768 maxime
1192 732 1372 770 convenit

297 782 397 819 Deo.
436 781 549 820 Unde
586 783 801 820 secundum
834 785 937 822 hunc
969 785 1132 822 modum
1164 786 1368 835 loquendi,

297 834 380 883 ipse
399 842 456 872 est
483 835 649 873 maxime
679 836 830 874 rediens
850 837 900 875 ad
929 838 1133 875 essentiam
1154 851 1276 887 suam,
1308 847 1343 876 et
1362 846 1369 860 ²

298 900 535 936 cognoscens
564 889 746 938 seipsum.

349 942 410 978 An
438 953 629 980 SECUNDUM
667 955 852 981 DICENDUM
891 945 997 992 quod
1034 945 1184 982 moveri
1223 953 1259 982 et
1290 945 1367 994 pati

297 1002 502 1032 sumuntur
525 995 766 1045 aequivoce
792 997 1006 1034 secundum
1029 998 1134 1058 quod
1162 998 1367 1047 intelligere

297 1046 432 1085 dicitur
451 1060 535 1086 esse
555 1049 754 1097 quoddam
781 1051 932 1088 moveri
951 1051 1013 1088 vel
1032 1051 1154 1100 pati,
1123 1051 1144 1073 *
1175 1059 1217 1088 ut
1235 1051 1369 1089 dicitur

245 1107 251 1113 ·
295 1099 335 1138 in
354 1101 404 1138 III
425 1102 472 1138 de
488 1102 677 1140 Anima.
646 1102 666 1124 ’¹‘
704 1103 796 1141 Non
816 1104 919 1141 enim
938 1104 1145 1152 intelligere
1166 1112 1222 1141 est
1239 1112 1368 1141 motus

295 1153 360 1203 qui
389 1162 445 1192 est
473 1162 579 1192 actus
606 1155 828 1205 imperfecti,
850 1157 914 1206 qui
935 1165 991 1194 est
1019 1158 1067 1194 ab
1088 1157 1162 1194 alio
1187 1157 1227 1194 in
1246 1157 1366 1195 aliud:

295 1208 364 1245 sed
393 1215 508 1249 actus
526 1209 695 1258 perfecti,
717 1210 878 1247 existens
906 1210 945 1247 in
972 1210 1056 1259 ipso
1077 1217 1223 1258 agente.
1255 1210 1368 1247 Simi-

294 1260 389 1298 liter
406 1260 520 1299 etiam
549 1262 654 1311 quod
683 1262 892 1300 intellectus
919 1263 1140 1312 perficiatur
1158 1263 1207 1300 ab
1236 1263 1367 1300 intelli-

295 1313 398 1362 gibili
425 1315 488 1356 vel
513 1315 743 1362 ‘assimiletur
771 1316 822 1363 ei,
851 1317 928 1353 hoc
956 1316 1136 1354 convenit
1164 1316 1367 1353 intellectui

295 1367 360 1416 qui
398 1367 632 1417 quandoque
670 1376 727 1406 est
763 1369 802 1406 in
835 1368 1026 1418 potentia:
1061 1369 1151 1418 quia
1188 1381 1257 1420 per
1293 1371 1369 1406 hoc

295 1420 400 1468 quod
422 1420 487 1458 'est
509 1421 548 1458 in
575 1421 758 1471 potentia,
780 1422 906 1459 differt
925 1423 973 1459 ab
1002 1422 1231 1471 intelligibili,
1255 1430 1291 1459 et
1310 1436 1367 1460 as-

273 1473 479 1511 ·simi1atur
507 1474 541 1511 ei
568 1486 639 1523 per
666 1475 836 1525 speciem
864 1475 1153 1523 intelligibilem,
1185 1488 1283 1525 quae
1313 1483 1369 1513 est

342 1584 368 1619 θ)
387 1585 414 1611 in
433 1587 530 1619 seipsa.
547 1601 568 1607 -
586 1588 644 1620 ipsa
664 1588 690 1614 in
709 1596 738 1614 se
755 1589 879 1615 ABCDE.

348 1622 367 1655 ι)
385 1625 422 1647 et.
439 1636 458 1642 -
477 1625 507 1648 ut
524 1623 648 1650 ABCDE.

346 1657 371 1690 κ)
393 1661 538 1683 sumuntur
556 1659 708 1692 aequivoce.
725 1674 745 1680 -
762 1660 905 1694 aequivoce
922 1661 1040 1686 sumitur
1059 1661 1171 1687 codices.

345 1691 374 1725 λ)
393 1692 489 1726 ipsam.
506 1707 526 1713 -
543 1694 656 1727 speciem
675 1696 712 1727 B,
732 1695 819 1728 ipsum
839 1696 916 1722 ceteri
936 1701 962 1721 et
980 1697 1022 1722 ed.
1035 1704 1062 1722 a.

347 1728 375 1762 μ.)
396 1729 569 1762 intelligibile.
587 1744 606 1749 -
625 1738 680 1756 esse
700 1715 865 1765 intelligibile
884 1732 912 1760 F,
932 1732 1082 1766 intelligere
1102 1732 1131 1757 Ρ.

2423 236 2493 284 169

1427 307 1633 344 similitudo
1654 307 1708 344 rei
1727 308 1954 356 intellectae3
1981 318 2017 347 et
2034 312 2227 360 perficitur
2245 325 2314 361 per
2333 313 2492 363 ipsam,
2470 313 2481 335 ¹

1427 360 1522 397 sicut
1539 361 1708 410 potentia
1734 373 1805 410 per
1825 370 1963 400 actum.
1995 364 2072 402 Sed
2091 365 2300 403 intellectus
2330 367 2492 416 divinus,

1427 413 1490 462 qui
1519 414 1622 451 nullo
1661 415 1780 452 modo
1810 422 1866 452 est
1903 416 1941 452 in
1973 418 2161 466 potentia,
2196 431 2274 456 non
2301 420 2495 468 perficitur

1426 479 1495 515 per
1514 466 1753 515 intelligibile,
1779 480 1906 517 neque
1935 470 2162 508 assimilatur
2182 472 2233 508 ei:
2264 473 2331 510 sed
2351 481 2406 510 est
2426 486 2494 510 sua

1425 520 1608 568 perfectio
1638 528 1675 557 et
1703 533 1816 558 suum
1845 521 2072 570 intelligibile
2091 531 2121 559 μ.

1479 575 1539 610 AD
1567 586 1726 611 TERTIUM
1755 586 1939 612 DICENDUM
1969 576 2073 625 quod
2102 589 2183 613 esse
2218 580 2386 615 naturale
2414 592 2493 616 non

1427 634 1482 663 est
1510 627 1692 664 materiae
1719 627 1880 676 primae,
1901 640 2001 676 quae
2031 636 2085 665 est
2108 629 2145 666 in
2174 631 2341 678 potentia
2365 638 2391 678 ”,
2423 633 2493 669 nisi

1426 680 1641 717 secundum
1679 681 1784 730 quod
1814 688 1870 718 est
1907 681 2063 719 reducta
2091 682 2128 719 in
2157 690 2284 720 actum
2320 697 2390 733 per
2418 686 2492 722 for-

1426 745 1543 771 mam.
1575 733 1788 771 Intellectus
1808 741 1936 771 autem
1957 742 2086 772 noster
2103 736 2294 784 possibilis
2319 750 2359 774 se
2378 738 2494 775 habet

1424 786 1463 823 in
1491 786 1625 823 ordine
1645 787 1932 835 intelligibilium
1952 785 1976 834 Ε,
2006 788 2101 830 sicut
2128 789 2286 826 materia
2312 790 2437 838 prima
2455 791 2493 828 in

1425 839 1558 876 ordine
1587 852 1715 877 rerum
1736 840 1983 878 naturalium:
2015 853 2061 878 eo
2089 843 2194 890 quod
2215 850 2271 879 est
2298 843 2336 880 in
2360 851 2492 892 poten-

1423 892 1475 929 tia
1502 893 1551 930 ad
1578 893 1833 941 intelligibilia,
1855 894 1950 931 sicut
1978 895 2137 932 materia
2155 895 2281 944 prima
2310 896 2357 933 ad
2386 904 2493 933 natu-

1424 945 1526 982 ralia.
1556 946 1669 983 Unde
1688 946 1895 984 intellectus
1915 955 2044 984 noster
2062 948 2251 996 possibilis
2272 961 2350 986 non
2369 957 2494 998 potest

1423 999 1566 1036 habere
1594 999 1865 1047 intelligibilem
1886 1006 1898 1020 ⁰
1928 1001 2205 1050 operationem,
2235 1002 2306 1039 nisi
2334 1002 2493 1051 inquan-

1423 1059 1505 1088 tum
1533 1052 1727 1100 perficitur
1744 1065 1814 1102 per
1841 1054 2008 1102 speciem
2029 1054 2296 1103 intelligibilem
2322 1055 2490 1093 alicuius.

1424 1106 1473 1141 Et
1501 1105 1554 1142 sic
1582 1105 1751 1154 intelligit
1786 1106 1954 1155 seipsum
1982 1120 2052 1156 per
2086 1108 2253 1157 speciem
2282 1108 2494 1157 intelligibi-

1424 1158 1518 1205 lem,
1549 1158 1645 1195 sicut
1673 1166 1710 1195 et
1737 1159 1831 1196 alia:
1860 1160 2103 1197 manifestum
2133 1169 2188 1198 est
2217 1161 2319 1198 enim
2339 1168 2357 1183 π
2386 1163 2491 1209 quod

1425 1223 1470 1247 ex
1490 1223 1537 1247 eo
1557 1211 1664 1258 quod
1694 1212 1888 1260 cognoscit
1911 1213 2151 1261 intelligibile,
2172 1214 2336 1262 intelligit
2364 1216 2491 1264 ipsum

1423 1276 1538 1300 suum
1567 1264 1791 1313 intelligere,
1823 1273 1859 1302 et
1885 1278 1955 1314 per
1983 1274 2110 1303 actum
2139 1268 2332 1315 cognoscit
2358 1276 2492 1316 poten-

1422 1316 1514 1354 tiam
1550 1316 1829 1355 intellectivam.
1869 1320 1974 1356 Deus
2003 1327 2131 1356 autem
2171 1328 2227 1357 est
2255 1321 2350 1357 sicut
2386 1329 2491 1358 actus

1422 1382 1542 1419 purus
1561 1377 1640 1407 tam
1660 1370 1699 1407 in
1724 1371 1858 1408 ordine
1879 1372 2132 1432 existentium,
2154 1386 2270 1422 quam
2300 1373 2338 1411 in
2359 1374 2491 1411 ordine

1423 1423 1731 1471 intelligibilium:
1763 1432 1799 1461 et
1827 1424 1913 1461 ideo
1942 1438 2012 1474 per
2040 1426 2220 1475 seipsum,
2242 1426 2409 1476 seipsum
2438 1427 2493 1465 in-

1423 1476 1562 1525 telligit.

1478 1592 1501 1623 ν)
1517 1592 1650 1623 potentia.
1668 1605 1687 1612 —-
1706 1595 1811 1617 tantum
1831 1592 1929 1618 addunt
1947 1593 2036 1618 FGab.

1479 1625 1503 1658 ξ)
1521 1627 1766 1667 intelligibilium.—
1775 1635 1865 1653 rerum
1881 1628 2086 1661 intelligibilium
2101 1629 2132 1658 G,
2147 1629 2184 1653 ad
2197 1629 2403 1663 intelligibilium
2418 1631 2458 1655 ed.
2466 1638 2492 1656 a.

1422 1674 1442 1681 —
1454 1662 1505 1686 Pro
1524 1662 1550 1686 in
1571 1663 1666 1687 ordine
1685 1670 1775 1688 rerum
1795 1664 1970 1693 naturalium,
1990 1664 2027 1688 ad
2046 1665 2184 1690 naturalia
2202 1665 2234 1689 Α.

1478 1698 1505 1730 o)
1525 1697 1728 1731 inteIIigibilem.
1746 1712 1765 1717 -
1783 1699 1990 1732 intelligibilium
2010 1699 2039 1724 Ρ.

1478 1733 1506 1766 π)
1526 1733 1606 1758 enim.
1623 1748 1643 1753 —
1660 1737 1749 1759 autem
1770 1734 1834 1760 Pab.

979 1811 1312 1845 Commentafia
1335 1812 1585 1846 cardinalis
1608 1813 1808 1853 Caietam

351 1909 459 1933 rruLus
483 1899 586 1930 clarus
609 1905 666 1930 est.
684 1915 703 1921 -
727 1899 763 1928 In
787 1909 921 1939 corpore
946 1909 1010 1929 una
1034 1899 1211 1936 conclusio,
1236 1909 1366 1940 respon-

294 1911 418 1975 Tsiva
447 1943 592 1984 quaesito
619 1942 821 1974 affirmative:
850 1943 938 1975 Deus
966 1943 1112 1983 intelligit
1139 1943 1282 1984 seipsum
1311 1954 1367 1985 per

292 1988 445 2030 seipsum.
462 2005 483 2010 —
497 1988 663 2019 Probatur.
687 1988 776 2018 Deus
800 1993 856 2024 est,
872 1988 992 2029 absque
1012 1988 1103 2018 omni
1125 1988 1365 2029 potentialitate,

291 2039 380 2064 actus
403 2040 521 2073 purus:
547 2041 622 2073 ergo
645 2031 824 2064 intellectus
849 2038 880 2063 et
901 2032 1098 2063 intellectum
1122 2039 1196 2064 sunt
1215 2033 1366 2064 omnibus

292 2077 398 2108 modis
421 2076 523 2107 idem:
549 2086 624 2117 ergo
648 2076 794 2117 intelligit
817 2073 959 2117 seipsum
983 2087 1039 2117 per
1062 2076 1214 2118 seipsum.

347 2121 548 2152 Antecedens
579 2127 676 2161 patet.
709 2120 816 2151 Prima
845 2131 921 2152 vero
952 2121 1181 2162 consequentia
1213 2121 1366 2152 fundatur

291 2175 389 2207 super
412 2165 491 2196 duas
514 2165 762 2206 propositiones.
786 2165 894 2196 Altera
917 2172 979 2196 est:
1004 2165 1167 2196 obiectum
1190 2165 1366 2196 intellectus

291 2216 420 2252 oportet
441 2219 509 2240 esse
532 2216 605 2240 actu
629 2209 662 2240 in
685 2209 890 2250 intelligente,
915 2210 955 2240 ad
978 2210 1041 2240 hoc
1064 2217 1100 2240 ut
1123 2209 1286 2250 intelligat.
1311 2210 1365 2241 Al-

260 2280 263 2281 .
290 2262 358 2287 tera
375 2261 435 2286 est:
461 2253 568 2284 omnis
584 2253 746 2285 diversitas
764 2253 942 2285 intellectus
961 2254 1000 2284 ab
1025 2254 1150 2285 obiecto
1168 2261 1214 2285 est
1237 2261 1368 2295 propter

50 2482 63 2495 ⁵
75 2481 119 2505 m.
133 2481 188 2511 1508
202 2481 264 2504 fone

14 3064 15 3069 ¹
51 3059 64 3072 ⁸
72 3059 109 3082 Cf.
117 3064 183 3082 nnm-
189 3065 266 3088 praec.

291 2298 465 2333 admixtam
486 2305 634 2330 naturam
648 2298 818 2339 potentiae.
843 2298 950 2330 Prima
968 2299 1122 2339 probatur
1138 2309 1175 2330 ex
1195 2298 1368 2330 differentia

290 2343 372 2376 inter
395 2342 616 2384 operationem
645 2349 862 2374 transeuntem
886 2349 917 2374 et
939 2343 1184 2374 immanentem:
1210 2343 1285 2384 quia
1307 2343 1367 2374 ista

291 2388 378 2420 intus
404 2387 500 2419 habet
523 2386 707 2419 terminum.
733 2387 895 2424 Secunda,
920 2398 958 2418 ex
980 2387 1062 2418 libro
1085 2388 1126 2419 de
1146 2388 1285 2426 Anima,
1310 2387 1365 2418 sic.

291 2433 410 2465 Sensus
433 2433 466 2463 in
490 2438 563 2463 actu
586 2438 634 2463 est
655 2432 742 2462 idem
766 2441 842 2463 curn
860 2432 1000 2463 sensibili
1022 2432 1056 2462 in
1080 2438 1162 2469 actu,
1180 2439 1211 2463 et
1225 2431 1367 2463 similiter

290 2477 469 2509 intellectus
485 2477 518 2507 in
534 2483 607 2508 actu
623 2486 697 2508 cum
713 2474 903 2517 intelligibili
916 2476 950 2507 in
966 2483 1055 2508 actu:
1080 2487 1147 2508 non
1167 2483 1274 2508 autem
1289 2483 1335 2507 est
1348 2475 1366 2495 *

291 2522 369 2553 haec
400 2521 512 2552 eadem
543 2521 578 2551 in
607 2521 769 2562 potentia:
799 2530 875 2561 ergo
904 2520 1051 2552 identitas
1081 2521 1200 2552 horum
1223 2521 1367 2562 sequitur

292 2566 506 2598 actualitatem
529 2571 628 2596 status
653 2575 782 2601 eorum,
807 2565 969 2596 diversitas
991 2575 1068 2596 vero
1091 2565 1365 2606 potentialitatem.

291 2611 340 2641 Ex
358 2610 408 2642 his
427 2610 513 2640 enim
532 2608 698 2640 manifeste
713 2616 800 2650 patet
815 2609 944 2650 sequela
958 2609 1070 2650 prima,
1087 2610 1141 2642 sic.
1168 2610 1366 2650 Intelligibile

293 2661 420 2696 oportet
443 2664 510 2685 esse
532 2653 565 2685 in
589 2653 793 2694 intelligente,
818 2660 848 2685 et
870 2664 938 2684 non
954 2661 1002 2685 est
1016 2653 1125 2696 aliquo
1142 2655 1242 2686 modo
1258 2654 1366 2685 distin-

292 2706 381 2730 ctum
409 2698 469 2729 nisi
499 2708 556 2739 per
585 2698 780 2739 potentiam:
811 2708 887 2739 ergo
910 2698 1106 2739 intelligibile
1133 2699 1218 2730 illius
1242 2699 1275 2729 in
1298 2709 1365 2740 quo

292 2744 382 2776 nulla
397 2750 444 2774 est
457 2743 611 2784 potentia,
631 2742 722 2774 nullo
746 2743 846 2773 modo
870 2742 1074 2784 distinguitur
1097 2744 1136 2774 ab
1161 2753 1216 2775 eo:
1241 2744 1268 2774 si
1290 2753 1365 2783 ergo

292 2789 381 2820 Deus
404 2794 452 2819 est
473 2788 594 2829 absque
617 2787 761 2828 potentia
776 2793 851 2823 etc.‚
877 2797 952 2828 ergo
969 2794 1028 2820 etc.
1042 2806 1063 2811 —
1078 2788 1201 2819 Deinde
1215 2788 1249 2818 in
1264 2788 1366 2819 littera

293 2833 479 2874 explanatur
493 2841 692 2874 consequens
709 2832 819 2872 quoad
833 2831 866 2872 ly
878 2832 1025 2863 omnibus
1041 2833 1153 2870 modis,
1168 2832 1365 2864 excludendo

293 2878 376 2909 duos
391 2876 578 2908 diversitatis
596 2877 724 2912 modOS‚
750 2876 867 2907 scilicet
889 2876 971 2907 inter
993 2883 1101 2908 actum
1125 2883 1155 2908 et
1178 2876 1364 2918 potentiam,

294 2929 325 2953 et
346 2922 428 2953 inter
455 2921 665 2953 substantiam
689 2928 720 2952 et
748 2920 902 2951 accidens.
927 2939 947 2944 —
970 2921 1116 2952 Secunda
1139 2921 1366 2962 consequentia

317 2973 390 2998 atet.

293 2977 314 3007 p
349 3011 386 3042 11.
407 3010 499 3042 Circa
514 3011 610 3041 verba
625 3009 744 3040 litterae
763 3009 797 3039 in
821 3009 960 3040 secunda
974 3010 1196 3050 propositione
1212 3009 1365 3040 fundante

294 3054 557 3096 consequentiam
571 3054 598 3091 *,
623 3054 748 3085 adverte
772 3054 862 3095 quod
885 3054 947 3085 hoc
970 3055 1061 3096 quod
1084 3054 1207 3091 dicitur,
1232 3054 1364 3090 scilicet,

295 3099 469 3130 secundum
500 3100 560 3130 hoc
589 3104 713 3129 tantum
744 3108 858 3130 sensus
881 3099 932 3129 vel
955 3100 1133 3130 intellectus
1161 3099 1253 3130 aliud
1274 3104 1322 3130 est
1344 3109 1364 3129 a

294 3143 436 3175 sensibili
463 3144 514 3175 vel
537 3143 752 3184 intelligibili,
784 3144 861 3184 quia
885 3148 1056 3184 utrumque
1080 3149 1127 3174 est
1150 3145 1183 3174 in
1201 3144 1363 3184 potentia,

295 3187 463 3228 dupliciter
485 3188 601 3228 exponi
630 3194 746 3228 potest.
778 3187 903 3224 Primo,
935 3194 972 3218 ut
993 3188 1027 3229 ly
1051 3194 1224 3228 utrumque
1252 3188 1365 3221 referat

294 3232 473 3273 potentiam
489 3238 520 3263 et
534 3232 706 3263 obiectum.
727 3232 887 3268 Secundo,
905 3238 942 3262 ut
955 3231 1067 3263 referat
1082 3232 1192 3262 ambas
1208 3232 1366 3272 potentias

294 3287 374 3318 quas
390 3276 618 3313 nominaverat,
634 3277 752 3308 scilicet
775 3276 958 3307 sensitivam
976 3283 1007 3307 et
1029 3276 1262 3307 intellectivam.
1282 3277 1324 3307 Et
1340 3276 1366 3307 si

294 3322 352 3353 iste
376 3321 535 3352 secundus
558 3331 670 3352 sensus
692 3328 848 3358 teneatur,
875 3321 955 3351 nihil
983 3321 1194 3353 scabrositatis
1217 3321 1364 3357 occurrit,

295 3373 326 3398 et
348 3366 463 3407 planus
485 3366 606 3397 litterae
632 3375 743 3397 sensus
773 3373 923 3397 servatur.
948 3366 981 3397 Si
1004 3376 1079 3397 vero
1102 3365 1226 3406 primus
1255 3375 1365 3396 sensus

294 3411 434 3442 intentus
459 3410 594 3447 dicatur,
621 3417 693 3451 eget
715 3411 828 3442 nitore.
854 3411 1018 3448 Quoniam
1042 3421 1079 3441 ex
1106 3411 1168 3441 hoc
1198 3410 1366 3441 haberetur

295 3465 439 3496 expresse
466 3454 556 3496 quod
578 3454 618 3485 ad
633 3455 871 3486 distinctionem
893 3456 975 3486 inter
996 3461 1243 3496 cognoscentem
1266 3462 1298 3486 et
1313 3464 1365 3485 co-

295 3500 422 3541 gnitum
445 3499 578 3540 exigitur
604 3499 818 3540 potentialitas
847 3510 914 3531 non
938 3500 1045 3532 solum
1073 3500 1107 3530 in
1138 3506 1364 3540 cognoscente,

295 3545 351 3575 sed
375 3545 470 3576 etiam
492 3544 526 3574 in
549 3543 697 3584 cognito:
722 3545 812 3584 quod
835 3554 902 3575 non
925 3552 972 3576 est
987 3554 1220 3586 usquequaque
1243 3554 1365 3575 verum.

295 3589 404 3620 Potest
427 3589 513 3620 enim
535 3588 597 3619 hoc
621 3588 788 3629 dupliciter
810 3588 953 3629 intelligi.
971 3590 1090 3626 Primo,
1112 3590 1202 3630 quod
1226 3588 1367 3629 exigatur

439 3651 549 3675 Summas
567 3650 668 3675 Timon.
689 3650 720 3675 D.
733 3650 848 3675 Tnonnr.
866 3650 898 3674 T.
912 3651 930 3676 Ι.

1421 1901 1634 1942 potentialitas
1657 1902 1690 1932 in
1715 1908 1862 1943 utroque,
1887 1902 1930 1933 ita
1953 1903 2043 1943 quod
2067 1910 2240 1944 utrumque
2260 1904 2299 1934 sit
2314 1906 2491 1935 secundum

1421 1956 1454 1976 se
1477 1946 1655 1986 potentiam
1677 1946 1807 1983 habens,
1825 1954 1856 1978 et
1874 1947 1952 1977 haec
1968 1947 2085 1988 duplex
2101 1948 2242 1988 potentia
2266 1948 2305 1979 sit
2328 1949 2414 1979 radix
2430 1949 2491 1980 dis-

1420 1990 1591 2021 tinctionis.
1617 1991 1659 2021 Et
1682 1990 1743 2021 hoc
1768 1998 1814 2022 est
1837 1991 1970 2027 falsum,
1996 1998 2032 2022 ut
2054 1999 2140 2032 patet
2159 2003 2234 2023 cum
2257 1993 2343 2023 Deus
2367 1993 2491 2024 videtur

1402 2035 1460 2065 ·ab
1484 2035 1592 2076 aliquo
1616 2035 1778 2066 intellectu
1803 2042 1923 2066 creato:
1949 2042 2024 2066 tunc
2044 2036 2129 2067 enim
2149 2037 2310 2068 obiectum
2334 2044 2379 2068 est
2402 2044 2490 2068 actus

1421 2089 1537 2120 purus,
1563 2086 1593 2110 et
1616 2085 1723 2110 tamen
1753 2079 1912 2110 distinctio
1944 2087 1990 2111 est
2021 2080 2102 2111 inter
2131 2080 2327 2112 intellectum
2351 2088 2381 2112 et
2404 2082 2489 2112 obie-

1421 2131 1519 2154 ctum.
1545 2123 1711 2159 Secundo,
1736 2124 1825 2164 quod
1849 2124 1989 2164 exigatur
2011 2125 2418 2166 potentialitas-utriusque
2441 2136 2490 2156 re·

1420 2173 1528 2208 spectu
1548 2168 1644 2199 huius
1651 2177 1666 2205 ‚·
1689 2168 1779 2204 idest,
1796 2169 1886 2209 quod
1905 2169 2067 2199 obiectum
2084 2169 2124 2200 sit
2138 2169 2281 2210 potentia
2296 2170 2490 2210 intelligibile

1421 2213 1460 2242 ab
1484 2212 1554 2252 ipso
1578 2212 1759 2248 intellectu,
1784 2219 1814 2243 et
1837 2212 2015 2244 intellectus
2039 2213 2079 2244 sit
2100 2213 2134 2243 in
2157 2214 2300 2254 potentia
2324 2214 2429 2255 aliqua
2452 2215 2491 2244 ad

1421 2256 1664 2297 intelligendum
1688 2256 1777 2287 illud.
1802 2257 1844 2287 Et
1866 2257 1928 2288 hoc
1952 2264 1998 2288 est
2016 2267 2144 2288 verum:
2170 2258 2235 2294 sed,
2263 2258 2381 2289 iudicio
2406 2268 2490 2295 meo,

1421 2311 1489 2331 non
1513 2307 1559 2331 est
1582 2301 1633 2332 hic
1656 2301 1826 2332 intentum.
1851 2302 1940 2331 Tum
1956 2302 2031 2343 quia
2047 2312 2111 2332 una
2133 2302 2356 2342 potentialitas,
2374 2303 2491 2333 scilicet

1421 2345 1592 2386 potentiae,
1611 2344 1734 2376 sufficit.
1760 2345 1849 2376 Tum
1872 2345 1947 2386 quia
1970 2346 2028 2377 ista
2052 2346 2263 2387 potentialitas
2286 2347 2400 2377 obiecti
2424 2357 2490 2377 non

1421 2390 1454 2420 in
1478 2400 1520 2426 se,
1538 2389 1594 2420 sed
1612 2396 1756 2430 respectu
1773 2389 1878 2425 huius,
1896 2400 1962 2420 non
1982 2397 2029 2421 est
2047 2391 2258 2431 potentialitas
2277 2390 2490 2431 imperfectio-

1421 2434 1480 2470 nis,
1497 2434 1536 2464 de
1560 2444 1625 2475 qua
1648 2434 1822 2475 loquimur.
1848 2435 1936 2465 Turn
1951 2435 2026 2475 quia
2049 2442 2182 2476 utraque
2206 2435 2264 2466 ista
2287 2435 2429 2475 potentia
2444 2445 2489 2465 re-

1421 2479 1555 2509 solvitur
1583 2479 1729 2514 tandem,
1756 2478 1865 2519 quoad
1891 2479 1977 2510 hunc
2004 2479 2150 2510 effectum
2179 2479 2234 2520 qui
2258 2486 2304 2510 est
2331 2479 2489 2510 distinctio

1420 2523 1502 2554 inter
1525 2522 1687 2553 obiectum
1711 2529 1741 2553 et
1763 2523 1950 2563 potentiam,
1972 2523 2005 2553 in
2029 2524 2292 2563 potentialitatem
2315 2523 2414 2564 ipsius
2438 2533 2489 2554 co-

1420 2567 1613 2607 gnoscitivae
1623 2566 1757 2598 virtutis.
1773 2567 1862 2597 Tum
1876 2567 1951 2608 quia
1965 2568 2079 2608 planus
2096 2578 2206 2598 sensus
2220 2567 2339 2598 litterae
2353 2567 2490 2608 primam

1421 2611 1653 2652 expositionem
1670 2611 1791 2651 optIme
1807 2612 2015 2652 amplectitur,
2037 2618 2067 2642 et
2083 2612 2250 2652 proposito
2267 2612 2424 2643 satisfacit.
2448 2612 2489 2642 Et

1420 2656 1493 2686 ideo
1517 2656 1659 2696 primum
1683 2665 1864 2696 sequamur.

1475 2700 1527 2739 111.
1553 2699 1644 2731 Circa
1668 2699 1901 2739 expositionem
1925 2700 2147 2741 consequentis
2162 2700 2189 2737 *,
2214 2700 2268 2731 ubi
2291 2701 2324 2742 ly
2345 2701 2491 2731 omnibus

1421 2744 1523 2775 modis
1553 2744 1635 2775 idem
1661 2743 1845 2784 explanatur
1873 2754 1929 2784 per
1952 2744 2167 2776 exclusionem
2191 2745 2350 2781 duorum,
2375 2745 2491 2775 scilicet

1421 2795 1520 2820 status
1543 2787 1790 2829 potentialitatis,
1813 2795 1844 2819 et
1867 2788 2052 2820 diversitatis
2075 2789 2252 2820 intellectus
2276 2800 2294 2820 a
2317 2789 2420 2829 specie
2443 2789 2489 2819 in-

1421 2833 1584 2874 telligibili,
1601 2832 1737 2863 dubium
1753 2832 1902 2863 occurrit:
1928 2833 2004 2873 quia
2019 2833 2158 2864 exclusio
2181 2833 2300 2864 horum
2316 2843 2382 2863 non
2402 2833 2488 2864 suffi-

1421 2878 1538 2909 cienter
1561 2877 1705 2917 explanat
1729 2876 1952 2907 omnimodam
1975 2877 2170 2908 identitatem
2193 2878 2368 2908 intellectus
2393 2884 2423 2907 et
2442 2878 2488 2907 in-

1420 2922 1545 2953 tellecti.
1578 2922 1619 2952 Et
1642 2921 1703 2951 hoc
1730 2921 1884 2961 probatur
1912 2921 1946 2951 in
1977 2922 2089 2962 angelo
2113 2922 2305 2962 intelligente
2336 2921 2486 2961 seipsum.

1421 2966 1555 2997 Constat
1570 2965 1655 2995 enim
1671 2965 1760 3006 quod
1779 2975 1837 2996 nec
1861 2972 1908 2996 est
1929 2965 1962 2995 in
1986 2966 2137 3006 potentia,
2163 2976 2266 3007 neque
2290 2965 2408 3006 species
2424 2976 2488 3006 qua

1421 3021 1454 3041 se
1477 3009 1621 3050 intelligit
1638 3016 1683 3040 est
1699 3009 1786 3040 aliud
1802 3020 1820 3039 a
1836 3009 2010 3040 substantia
2033 3019 2102 3040 sua:
2129 3017 2159 3041 et
2181 3017 2287 3041 tamen
2311 3009 2487 3040 intellectus

1421 3062 1451 3086 et
1473 3055 1669 3085 intellectum
1693 3064 1759 3084 non
1783 3060 1858 3084 sunt
1880 3054 2031 3085 omnibus
2050 3054 2155 3084 modis
2170 3054 2266 3091 idem,
2287 3054 2381 3084 etiam
2396 3053 2487 3084 intel-

1419 3099 1548 3139 ligendo
1576 3098 1734 3139 seipsum;
1758 3105 1829 3129 tum
1852 3098 1928 3139 quia
1958 3098 2020 3129 hoc
2051 3105 2097 3129 est
2126 3099 2292 3139 proprium
2315 3097 2392 3133 Dei;
2417 3104 2487 3128 tum

1420 3144 1495 3184 quia
1519 3149 1691 3183 conceptus
1715 3152 1813 3183 quem
1832 3142 1949 3173 format
1971 3143 2010 3172 de
2029 3143 2143 3183 seipso,
2164 3153 2230 3173 non
2246 3149 2292 3173 est
2315 3142 2487 3173 substantia

1421 3198 1486 3224 sua,
1512 3187 1669 3228 quidquid
1691 3186 1744 3217 ille
1768 3186 1817 3217 sit.

1474 3233 1527 3263 IV.
1544 3232 1595 3262 Ad
1618 3231 1680 3261 hoc
1703 3230 1869 3271 dupliciter
1893 3230 2015 3261 dicitur.
2032 3230 2150 3266 Primo,
2167 3231 2256 3271 quod
2279 3230 2311 3271 ly
2335 3231 2380 3260 ita
2403 3230 2486 3260 scili—

1421 3282 1469 3307 cet
1492 3282 1527 3307 ut
1550 3285 1651 3316 neque
1673 3281 1784 3306 careat
1810 3276 1931 3315 specie,
1963 3284 2063 3315 neque
2085 3276 2204 3314 species
2231 3275 2272 3305 sit
2294 3274 2385 3304 aliud
2409 3281 2484 3311 etc.‚

1420 3320 1591 3361 accipiatur
1613 3319 1786 3356 limitative,
1804 3319 1893 3356 idest,
1909 3319 1998 3360 quod
2021 3329 2077 3359 per
2098 3319 2175 3349 haec
2195 3318 2259 3349 duo
2283 3317 2435 3348 limitetur
2453 3318 2487 3348 id

1421 3365 1510 3406 quod
1533 3364 1659 3400 dixerat,
1676 3363 1794 3394 scilicet
1816 3363 1962 3394 omnibus
1985 3363 2087 3394 modis
2110 3363 2191 3393 idem
2201 3372 2217 3400 ;
2240 3373 2276 3393 ac
2300 3362 2326 3392 si
2350 3362 2485 3399 dixisset,

1420 3415 1495 3441 sunt
1517 3409 1662 3439 omnibus
1677 3407 1780 3438 modis
1794 3408 1875 3438 idem
1899 3407 2006 3448 quoad
2028 3407 2107 3438 haec
2129 3407 2203 3437 duo.
2227 3407 2268 3438 Et
2291 3406 2334 3438 sic
2351 3407 2487 3437 dubium

1421 3461 1548 3484 motum
1571 3453 1680 3483 locum
1704 3462 1770 3482 non
1794 3452 1896 3482 habet.

1474 3498 1514 3528 Et
1536 3497 1607 3527 licet
1630 3496 1681 3527 hic
1705 3506 1815 3526 sensus
1839 3496 1958 3526 litterae
1982 3501 2145 3531 consonet,
2163 3505 2222 3535 pro
2246 3502 2366 3536 quanto
2390 3495 2423 3525 in
2439 3505 2501 3532 ar-‚

1420 3542 1517 3573 ticulo
1542 3551 1563 3581 4
1586 3541 1805 3582 quaerendum
1827 3547 1922 3570 restat
1937 3546 2045 3570 utrum
2064 3539 2237 3579 intelligere
2256 3539 2316 3570 Dei
2338 3539 2378 3570 sit
2400 3539 2486 3569 idem

1419 3587 1508 3627 quod
1523 3586 1590 3626 ipse
1610 3585 1711 3621 Deus;
1737 3584 2008 3615 considerantibus
2027 3591 2133 3614 tamen
2149 3584 2239 3625 quod
2254 3583 2305 3614 hic
2321 3590 2367 3615 est
2381 3593 2484 3614 sermo

2310 3653 2340 3670 22

2518 2710 2526 2719 ”
2543 2709 2579 2731 Cf.
2595 2715 2658 2731 num.
2670 2715 2686 2730 ι.
