2768 4178
48 912 59 923 ⁸
75 910 111 933 ef.
127 917 166 938 qu.
176 917 215 937 xx,
226 910 263 932 In-

49 938 111 959 trod.

53 1707 62 1715 ·
78 1705 144 1727 Vers.
160 1710 186 1726 11.

51 2132 59 2141 ·
76 2130 101 2152 S.
111 2129 156 2151 Th.
168 2130 221 2151 lect.
235 2135 266 2150 iv.

152 2167 168 2182 α

53 2295 62 2304 ·
78 2294 145 2315 Vers.
163 2293 186 2314 8.

158 2615 174 2640 Υ

60 2670 68 2677 ·
86 2667 142 2695 Cap.
153 2673 183 2693 xv,
198 2672 222 2687 n.
234 2672 250 2687 ι.
261 2677 272 2682 -

60 2694 139 2716 S.Th.
153 2694 245 2715 lect.v1.

63 2830 72 2838 ⁶
88 2827 155 2849 Vers.
170 2832 203 2855 35.

292 275 366 311 258

1000 268 1268 316 QUAESTIO
1298 269 1404 315 XXI,
1434 266 1731 304 ARTICULUS
1762 267 1775 302 I

834 495 1246 573 QUAESTIO
1284 494 1947 551 VIGESIMAPRIMA

703 627 798 667 DE
842 624 1174 666 IUSTITIA
1221 623 1310 663 ET
1359 622 1907 663 MISERICORDIA
1950 622 2074 662 DEI

1084 739 1118 764 IN
1149 738 1323 769 QUATUOR
1350 737 1553 763 ARTICULOS
1580 738 1697 763 DIVISA

292 859 428 941 posr
457 846 801 887 considerationem
822 844 939 882 divini
968 842 1119 888 amoris,
1151 841 1198 878 de
1226 842 1362 880 iustitia

360 911 397 939 et
424 899 684 939 misericordia
712 899 791 936 eius
821 898 1012 946 agendum
1041 903 1096 933 est
1113 895 1144 932 *.

292 957 340 993 Et
369 956 466 992 circa
492 956 568 992 hoc
596 960 830 1002 quaeruntur
857 958 1031 1000 quatuor.

345 1009 494 1045 Primo:
523 1015 652 1044 utrum
680 1006 718 1042 in
746 1006 831 1042 Deo
861 1005 907 1041 sit
934 1003 1082 1040 iustitia.

1471 844 1670 881 Secundo:
1699 852 1828 881 utrum
1848 845 1985 883 iustitia
2005 846 2084 883 eius
2102 847 2242 884 veritas
2263 846 2336 884 dici
2355 846 2485 896 possit.

1470 896 1624 933 Tertio:
1654 904 1782 934 utrum
1811 898 1850 935 in
1877 899 1963 935 Deo
1993 899 2037 936 sit
2063 899 2333 937 misericordia.

1471 950 1639 997 Quarto:
1669 957 1797 987 utrum
1826 951 1865 987 in
1894 952 2002 989 omni
2029 965 2146 1002 opere
2175 953 2248 990 Dei
2276 953 2322 990 sit
2349 953 2486 990 iustitia

1525 1010 1561 1039 et
1589 1002 1860 1040 misericordia.

1108 1111 1429 1153 ARTICULUS
1462 1111 1668 1154 PRIMUS

1013 1205 1190 1236 UTRUM
1224 1205 1274 1235 IN
1305 1204 1404 1236 DEo
1436 1205 1514 1236 SIT
1546 1205 1767 1237 1UST1T1A

613 1288 647 1312 IV
666 1287 749 1316 Sent„
770 1286 828 1311 dist.
847 1293 913 1315 xnvr,
933 1293 978 1318 qu.
996 1292 1014 1316 1,
1034 1289 1080 1309 art.
1102 1292 1122 1315 1,
1143 1285 1190 1317 qu·
1210 1292 1218 1308 1
1229 1292 1236 1315 ;
1256 1284 1265 1308 1
1288 1284 1364 1309 cont.
1386 1285 1473 1315 Geni„
1494 1292 1549 1317 cap.
1568 1291 1645 1315 xcm;
1666 1285 1708 1310 De
1727 1285 1791 1311 Diu.
1809 1286 1897 1315 Nom„
1918 1294 1975 1320 cap.
1988 1294 2043 1319 vm,
2062 1288 2121 1312 lect.
2135 1295 2170 1312 w.

317 1392 478 1487 >51:⁵2⁴
505 1430 542 1467 in
562 1431 647 1466 Deo
667 1441 747 1466 non
762 1428 808 1465 sit
826 1428 973 1465 iustitia.
997 1426 1136 1464 Iustitia
1151 1426 1254 1463 enirn
1271 1439 1360 1464 con-

308 1487 311 1491 ’
326 1464 429 1532 flam
439 1467 472 1526 '²5
485 1480 491 1485 ’
505 1492 561 1520 tra
576 1482 868 1531 temperantiam
884 1481 1074 1518 dividitur.
1087 1481 1361 1529 Temperantia

348 1512 408 1563 ξ’*
461 1527 493 1571 K
506 1544 634 1573 autem
654 1548 734 1572 non
754 1543 809 1572 est
827 1535 866 1572 in
881 1536 978 1572 Deo.
1000 1535 1103 1582 Ergo
1119 1546 1191 1570 nec
1210 1533 1359 1570 iustitia.

348 1602 382 1627 2.
403 1591 636 1637 PRAETEREA,
658 1589 890 1638 quicumque
911 1587 998 1624 facit
1017 1587 1148 1624 omnia
1166 1599 1236 1636 pro
1256 1587 1360 1624 libito

294 1656 384 1680 suae
413 1642 635 1689 voluntatis,
664 1654 744 1678 non
773 1641 985 1678 secundum
1014 1641 1192 1678 iustitiam
1228 1653 1362 1689 opera—

293 1704 363 1733 tur.
386 1697 474 1743 Sed,
502 1697 595 1733 sicut
614 1695 700 1732 dicit
718 1695 939 1744 Apostolus,
960 1695 1012 1732 ad
1026 1696 1161 1743 Ephes.
1179 1693 1234 1741 1*,
1255 1695 1362 1730 Deus

294 1755 473 1798 operatur
500 1750 628 1786 omnia
655 1749 860 1785 secundum
889 1748 1084 1785 consilium
1112 1759 1204 1784 suae
1231 1747 1362 1784 volun-

293 1803 387 1840 tatis.
418 1803 511 1839 Non
540 1814 629 1850 ergo
659 1801 693 1838 ei
721 1801 858 1838 iustitia
887 1801 1001 1838 debet
1029 1800 1189 1838 attribui.

349 1857 383 1893 3.
404 1857 638 1903 PRAETEREA,
660 1862 765 1891 actus
793 1854 952 1892 iustitiae
988 1862 1044 1891 est
1068 1855 1228 1891 reddere
1258 1852 1363 1890 debi-

293 1917 387 1946 tum.
420 1909 497 1946 Sed
517 1909 622 1945 Deus
650 1908 740 1945 nulli
770 1915 825 1945 est
853 1907 1011 1945 debitor.
1043 1908 1146 1955 Ergo
1169 1909 1253 1944 Deo
1283 1918 1363 1943 non

295 1962 476 2010 competit
502 1961 650 1998 iustitia.

346 2027 383 2062 4.
403 2016 637 2061 PRAETEREA,
658 2013 843 2063 quidquid
865 2021 919 2050 est
947 2013 985 2050 in
1005 2014 1104 2061 Deo,
1126 2021 1182 2050 est
1206 2012 1287 2050 eius
1308 2024 1365 2049 es-

294 2069 424 2106 sentia.
456 2069 533 2105 Sed
551 2069 627 2105 hoc
645 2080 724 2114 non
745 2067 927 2116 competit
947 2066 1124 2104 iustitiae:
1155 2066 1242 2104 dicit
1262 2065 1364 2103 enim

294 2122 460 2169 Boetius,
490 2122 528 2158 in
557 2121 654 2158 libro
678 2122 724 2157 de
749 2121 989 2157 Hebdomad.
1005 2120 1037 2167 *,
1068 2120 1172 2169 quod
1192 2121 1332 2157 bonum
1348 2125 1365 2140 ‘²‘

295 2176 503 2221 essentiam,
520 2176 657 2211 iustum
672 2186 762 2211 vero
782 2180 907 2211 actum
927 2174 1086 2222 respicit.
1108 2174 1210 2221 Ergo
1231 2173 1366 2210 iustitia

296 2242 375 2266 non
405 2227 586 2276 competit
614 2229 712 2264 Deo.

352 2283 426 2319 SED
446 2293 592 2318 CONTRA
611 2292 677 2317 EST
696 2279 800 2329 quod
821 2279 956 2317 dicitur
975 2279 1014 2316 in
1032 2280 1186 2316 Psalmo
1202 2291 1225 2315 x
1239 2279 1276 2315 *z
1302 2280 1366 2315 Iu-

296 2341 373 2372 stus
399 2335 598 2380 Dominus,
627 2339 664 2370 et
690 2333 844 2370 iustitias
863 2332 880 2361 Ρ
908 2333 1046 2370 dilexit.

352 2390 577 2425 RESPONDEO
606 2398 790 2424 DICENDUM
819 2386 925 2435 quod
962 2386 1101 2434 duplex
1131 2393 1185 2422 est
1222 2384 1368 2434 species

299 2441 468 2478 iustitiae.
499 2441 597 2487 Una,
619 2452 717 2489 quae
743 2439 910 2476 consistit
930 2439 967 2476 in
987 2446 1122 2476 mutua
1150 2438 1303 2476 datione
1333 2445 1368 2475 et

300 2494 540 2543 acceptione:
569 2501 611 2530 ut
637 2500 729 2542 puta
753 2505 852 2542 quae
874 2492 1041 2530 consistit
1060 2492 1097 2529 in
1118 2491 1312 2541 emptione
1333 2498 1370 2528 et

299 2547 530 2594 venditione,
553 2554 588 2583 et
616 2547 693 2583 aliis
717 2546 937 2583 huiusmodi
958 2544 1369 2583 communicationibus

300 2602 362 2639 vel
391 2600 755 2638 commutationibus
778 2605 804 2636 ⁷.
835 2600 883 2636 Et
911 2600 1007 2636 haec
1036 2599 1168 2636 dicitur
1196 2611 1218 2635 a
1242 2598 1369 2635 Philo-

302 2655 438 2703 soph0,
460 2654 499 2690 in
517 2653 552 2690 V
570 2654 690 2690 Ethic.
711 2652 742 2700 ³³⁶,
765 2653 901 2689 iustitia
930 2653 1210 2698 comminativa,
1232 2652 1294 2689 vel
1316 2651 1369 2688 di-

303 2707 444 2745 rectiva
472 2706 820 2744 commutationum
850 2705 930 2742 sive
961 2705 1368 2743 communicationum.

304 2762 352 2798 Et
374 2761 470 2797 haec
498 2772 576 2796 non
607 2759 786 2809 competit
814 2760 919 2795 Deo:
951 2759 1053 2807 quia,
1082 2766 1123 2796 ut
1151 2759 1240 2796 dicit
1267 2761 1370 2808 Apo-

304 2815 442 2861 stolus,
471 2814 583 2850 Rom.
605 2825 640 2849 XI
659 2812 696 2849 *ε
727 2813 808 2861 quis
837 2813 948 2861 prior
975 2813 1074 2850 dedit
1100 2813 1173 2859 illi,
1202 2819 1239 2849 et
1264 2812 1371 2849 retri-

304 2869 438 2904 buetur
464 2866 526 2903 ei?

357 2919 453 2966 Alia,
484 2931 582 2967 quae
603 2919 771 2956 consistit
798 2918 836 2955 in
866 2919 1142 2956 distribuendo:
1174 2926 1210 2956 et
1238 2919 1371 2956 dicitur

304 2973 535 3010 distributiva
560 2972 708 3018 iustitia,
739 2972 952 3009 secundum
973 2985 1089 3021 quam
1109 2969 1123 2994 ⁸
1152 2972 1285 3021 aliquis
1305 2984 1371 3020 gu-

304 3027 483 3063 bernator
506 3027 567 3063 vel
597 3026 833 3074 dispensator
853 3025 916 3062 dat
935 3025 1137 3074 unicuique
1158 3026 1371 3063 secundum

305 3092 414 3116 suam
444 3079 674 3127 dignitatem.
706 3078 809 3115 Sicut
836 3078 946 3126 igitur
974 3079 1069 3116 ordo
1100 3092 1291 3127 congruus
1320 3079 1372 3116 fa—

305 3133 440 3179 miliae,
470 3133 532 3169 vel
562 3132 837 3180 cuiuscumque
864 3132 1109 3170 multitudinis
1128 3134 1371 3181 gubernatae,

307 3186 539 3223 demonstrat
575 3185 795 3222 huiusmodi
832 3185 1009 3222 iustitiam
1046 3186 1084 3222 in
1117 3187 1371 3234 gubernante3

307 3239 357 3276 ita
385 3239 481 3276 ordo
508 3238 688 3285 universi,
719 3238 783 3287 qui
812 3246 969 3287 apparet
995 3246 1074 3275 tam
1103 3239 1142 3276 in
1170 3239 1283 3276 rebus
1308 3251 1373 3276 na-

307 3293 487 3329 turalibus
517 3304 632 3341 quam
660 3292 697 3328 in
735 3292 848 3328 rebus
876 3292 1109 3340 voluntariis,
1139 3293 1373 3330 demonstrat

405 1395 461 1427 μζ(
479 1399 483 1401 -
503 1390 526 1414 D
554 1388 691 1413 PmMUM
719 1387 772 1412 διε
801 1386 1041 1412 PRocEmTUR.
1070 1374 1230 1411 Videtur
1255 1373 1360 1422 quod
1414 1373 1502 1410 Div.
1515 1374 1634 1411 Nom.
1650 1374 1686 1411 *t
1712 1374 1865 1423 Oportet
1879 1376 2004 1413 videre
2022 1377 2059 1414 in
2078 1377 2151 1414 hoc
2163 1390 2296 1416 veram
2315 1381 2391 1418 Dei
2407 1393 2486 1420 esse

1416 1426 1604 1472 iustitiam,
1626 1428 1728 1476 quod
1753 1429 1926 1466 omnibus
1949 1430 2078 1467 tribuit
2087 1433 2260 1480 propria,
2280 1435 2486 1472 secundum

1418 1479 1708 1529 uniuscuiusque
1735 1482 1971 1519 existentium
1990 1484 2209 1534 dignitatem
2217 1499 2231 1530 ,·
2258 1492 2294 1523 et
2312 1487 2487 1525 uniuscu-

1417 1533 1547 1581 iusque
1566 1539 1744 1571 naturam
1764 1535 1801 1571 in
1815 1536 1976 1584 proprio
1995 1537 2119 1574 salvat
2135 1539 2268 1576 ordine
2286 1545 2323 1576 et
2337 1541 2485 1579 virtute.

1469 1587 1528 1622 AD
1557 1598 1695 1624 PRIMUM
1723 1599 1822 1625 ERGO
1850 1600 2034 1627 mel-:unum
2062 1591 2167 1639 quod
2194 1591 2378 1630 virtutum
2403 1606 2488 1630 mo-

1417 1638 1551 1676 ralium
1581 1641 1772 1688 quaedam
1801 1649 1889 1679 sunt
1913 1642 2009 1679 circa
2033 1644 2249 1692 passiones;
2279 1645 2375 1683 sicut
2393 1654 2488 1684 tem-

1416 1692 1587 1741 perantia
1625 1693 1724 1730 circa
1762 1695 2088 1745 concupiscentias
2113 1705 2144 1745 ε,
2174 1698 2355 1736 fortitudo
2390 1699 2489 1737 circa

1417 1745 1573 1782 timores
1593 1754 1629 1783 et
1657 1747 1853 1794 audacias,
1883 1750 2139 1788 mansuetudo
2169 1751 2268 1789 circa
2296 1752 2405 1790 iram.
2440 1753 2490 1790 Et

1417 1799 1638 1836 huiusmodi
1657 1800 1815 1837 virtutes
1835 1802 1920 1838 Deo
1950 1803 2100 1839 attribui
2123 1816 2203 1841 non
2226 1813 2399 1854 possunt,
2419 1805 2490 1843 nisi

1419 1852 1632 1889 secundum
1653 1855 1942 1902 metaphoram:
1972 1855 2062 1903 quia
2080 1855 2120 1893 in
2146 1858 2233 1894 Deo
2259 1870 2385 1907 neque
2403 1871 2490 1908 pas·

1419 1905 1546 1942 siones
1575 1913 1672 1952 sunt,
1693 1914 1735 1943 ut
1763 1919 1879 1955 supra
1897 1907 1918 1929 ’¹‘
1942 1907 2086 1945 dictum
2116 1917 2190 1956 est3
2220 1923 2346 1960 neque
2374 1923 2492 1961 appe-

1418 1958 1506 1995 titus
1534 1959 1757 2007 sensitivus,
1787 1960 1826 1997 in
1854 1973 1932 2009 quo
1962 1969 2049 1998 sunt
2081 1962 2302 2001 huiusmodi
2335 1964 2492 2002 virtutes

1420 2011 1515 2049 sicut
1533 2011 1573 2049 in
1593 2012 1777 2060 subiecto,
1794 2021 1834 2050 ut
1853 2013 1941 2051 dicit
1956 2015 2215 2065 Philosophus
2229 2016 2267 2054 in
2284 2018 2333 2054 III
2348 2017 2493 2056 Enna*

1421 2065 1625 2112 Quaedam
1654 2078 1749 2103 vero
1777 2066 1934 2104 virtutes
1961 2069 2126 2106 morales
2159 2077 2246 2107 sunt
2275 2070 2372 2108 circa
2400 2083 2492 2122 ope-

1421 2118 1608 2165 rationes3
1637 2126 1680 2156 ut
1708 2127 1801 2168 puta
1821 2120 1920 2158 circa
1944 2121 2117 2159 dationes
2147 2130 2183 2160 et
2202 2123 2216 2150 t
2244 2132 2430 2174 sumptus,
2450 2131 2494 2162 ut

1421 2172 1559 2209 iustitia
1588 2180 1624 2209 et
1650 2172 1851 2210 liberalitas
1871 2181 1907 2210 et
1925 2175 2223 2223 magnificentia;
2250 2189 2349 2226 quae
2379 2178 2493 2216 etiam

1422 2238 1501 2263 non
1530 2233 1617 2262 sunt
1651 2225 1689 2262 in
1717 2234 1825 2274 parte
1854 2227 2045 2275 sensitiva,
2076 2229 2144 2266 sed
2172 2229 2210 2267 in
2237 2231 2435 2268 voluntate
2459 2230 2490 2268 *-

1422 2279 1533 2316 Unde
1562 2278 1653 2315 nihil
1685 2279 1862 2327 prohibet
1889 2280 2110 2319 huiusmodi
2146 2282 2304 2320 virtutes
2335 2283 2374 2321 in
2406 2286 2492 2322 Deo

1421 2344 1583 2380 ponere:
1623 2344 1702 2368 non
1734 2339 1863 2370 tamen
1902 2333 2001 2370 circa
2034 2334 2203 2372 actiones
2241 2336 2388 2385 civiles,
2425 2338 2493 2375 sed

1423 2385 1522 2422 circa
1549 2384 1718 2421 actiones
1753 2386 1838 2422 Deo
1877 2387 2160 2426 convenientes.
2189 2389 2408 2428 Ridiculum
2438 2398 2494 2429 est

1424 2438 1525 2475 enim
1558 2439 1770 2475 secundum
1795 2439 1952 2477 virtutes
1971 2440 2141 2489 politicas
2175 2442 2303 2479 Deum
2323 2443 2491 2493 laudare,

1422 2499 1464 2529 ut
1493 2491 1581 2528 dicit
1610 2491 1866 2541 Philosophus
1894 2493 1932 2530 in
1961 2494 1996 2530 X
2023 2494 2143 2532 Ethic.
2164 2494 2184 2516 *

1477 2546 1535 2582 An
1564 2556 1755 2582 SECUNDUM
1783 2557 1967 2584 DICENDUM
1996 2547 2113 2595 quod,
2140 2560 2229 2585 cum
2257 2549 2406 2587 bonum
2438 2550 2494 2588 in-

1424 2598 1615 2636 tellectum
1645 2597 1690 2635 sit
1716 2598 1908 2636 obiectum
1937 2600 2156 2648 voluntatis,
2175 2601 2410 2651 impossibile
2440 2611 2495 2641 est

1424 2653 1552 2689 Deum
1572 2659 1588 2683 '1
1606 2652 1704 2688 velle
1734 2652 1805 2689 nisi
1834 2654 1939 2701 quod
1960 2653 2053 2690 ratio
2083 2666 2174 2691 suae
2203 2655 2409 2704 sapientiae
2427 2657 2495 2694 ha·

1425 2706 1499 2742 bet.
1530 2705 1641 2752 Quae
1669 2705 1825 2753 quidem
1856 2713 1912 2743 est
1939 2706 2035 2744 sicut
2061 2707 2121 2744 lex
2154 2707 2333 2757 iustitiae,
2361 2722 2494 2748 secun-

1426 2759 1519 2796 dum
1548 2771 1665 2807 quam
1686 2758 1766 2795 eius
1785 2760 1963 2797 voluntas
1991 2768 2094 2797 recta
2113 2768 2150 2798 et
2177 2761 2274 2799 iusta
2294 2770 2360 2800 est.
2381 2763 2494 2801 Unde

1425 2813 1530 2862 quod
1564 2812 1776 2849 secundum
1811 2825 1919 2849 suam
1956 2814 2192 2852 voluntatem
2230 2815 2335 2862 facit,
2366 2815 2461 2853 iuste
2480 2813 2494 2838 ‘

1425 2865 1529 2903 facit:
1559 2865 1654 2903 sicut
1674 2873 1710 2902 et
1729 2877 1799 2902 nos
1820 2866 1924 2914 quod
1945 2867 2157 2905 secundum
2177 2868 2299 2916 legem
2319 2868 2492 2918 facimus,

1426 2919 1521 2956 iuste
1549 2919 1719 2956 facimus.
1742 2919 1819 2956 Sed
1848 2932 1918 2956 nos
1943 2920 2100 2969 quidem
2129 2922 2342 2959 secundum
2370 2922 2494 2970 legem

1426 2972 1583 3010 alicuius
1612 2971 1832 3021 superioris:
1863 2974 1968 3010 Deus
1997 2982 2124 3011 autern
2153 2973 2223 3010 sibi
2243 2974 2314 3023 ipsi
2342 2982 2398 3012 est
2421 2976 2491 3013 lex.

1480 3028 1538 3063 AD
1566 3037 1726 3063 TER-rum
1755 3037 1938 3063 DICENDUM
1972 3027 2077 3076 quod
2103 3026 2308 3076 unicuique
2335 3028 2495 3066 debetur

1427 3079 1532 3128 quod
1552 3091 1664 3116 suum
1685 3086 1750 3116 est.
1772 3078 1918 3116 Dicitur
1937 3087 2066 3117 autem
2086 3092 2169 3117 esse
2189 3093 2302 3118 suum
2323 3081 2492 3130 alicuius,

1427 3132 1533 3181 quod
1561 3133 1610 3169 ad
1638 3132 1763 3180 ipsum
1800 3132 2014 3178 ordinatur;
2043 3133 2138 3170 sicut
2164 3145 2297 3171 servus
2331 3142 2388 3172 est
2414 3135 2494 3172 Do-

1426 3185 1531 3233 mini,
1562 3192 1597 3222 et
1625 3197 1703 3222 non
1724 3198 1744 3222 e
1765 3197 1975 3233 converso;
2004 3198 2095 3224 nam
2123 3186 2284 3224 liberum
2314 3188 2495 3236 estquod

1428 3239 1486 3276 sui
1506 3250 1620 3275 causa
1639 3246 1694 3275 est
1708 3245 1716 3259 ‘
1730 3238 1761 3276 ²¹⁶.
1785 3240 1826 3276 In
1846 3239 2001 3277 nomine
2017 3251 2106 3288 ergo
2127 3240 2254 3287 debiti,
2271 3240 2495 3290 importatur

1429 3292 1585 3341 quidam
1615 3291 1710 3328 ordo
1741 3291 1948 3340 exigentiae
1976 3293 2039 3329 vel
2070 3293 2301 3331 necessitatis
2338 3294 2494 3332 alicuius

308 3345 378 3381 Dei
406 3345 596 3382 iustitiam.
635 3345 746 3382 Unde
777 3344 862 3382 dicit
890 3344 1110 3393 Dionysius,
1140 3357 1200 3382 vm
1226 3357 1307 3394 cap.
1329 3346 1374 3382 de

362 3458 389 3489 α)
409 3458 512 3483 bonum.
530 3473 549 3477 -
567 3466 622 3483 esse
640 3459 709 3483 addit
728 3459 764 3489 G;
786 3459 847 3484 item
867 3465 927 3492 post
947 3466 1018 3485 vero.

363 3491 387 3526 β)
408 3493 531 3518 iustitias.
548 3508 567 3512 -
586 3494 715 3519 iustitiam
735 3495 763 3519 P.

361 3530 387 3561 γ)
406 3529 686 3554 communicationibus
711 3531 751 3555 vel
774 3530 1032 3555 commutationibus.
1056 3544 1074 3549 —-
1091 3530 1373 3556 communicationibus

309 3563 396 3587 CDEF
399 3564 430 3595 G,
450 3569 475 3588 et
493 3566 667 3597 suprascripto
687 3566 727 3590 vel
744 3569 878 3590 commuta
897 3567 932 3596 A;
952 3566 1133 3591 contractibus
1146 3567 1175 3596 B,
1189 3565 1374 3592 commutatio-

308 3598 384 3623 nibus
404 3599 444 3623 νεὶ
462 3600 742 3626 communicationibus
761 3601 818 3625 edd.
839 3602 889 3626 ab.

362 3632 386 3666 ὃ)
406 3642 493 3666 quam.
512 3647 530 3655 —-
550 3642 624 3666 quem
645 3636 684 3660 ed.
697 3643 725 3665 a,
745 3636 816 3668 quod
835 3636 879 3661 Pb.

1429 3345 1478 3382 ad
1505 3345 1610 3394 quod
1640 3345 1847 3383 ordinatur.
1878 3346 1946 3382 Est
1974 3353 2100 3382 autem
2130 3348 2269 3396 duplex
2289 3347 2384 3385 ordo
2405 3359 2495 3385 con·

1483 3459 1503 3492 ε)
1524 3459 1758 3491 concupiscentias.
1775 3473 1795 3479 —
1811 3459 2052 3491 concupiscentiam
2072 3459 2194 3485 ABCDE.

1482 3494 1507 3527 ζ)
1527 3497 1561 3519 et.
1578 3508 1598 3513 -
1616 3495 1656 3519 vel
1674 3495 1773 3525 ABCD,
1794 3498 1824 3519 ut
1842 3494 1871 3519 E.
1889 3508 1908 3513 —
1926 3495 2046 3527 Sequens
2065 3498 2091 3519 et
2109 3503 2163 3519 om.
2177 3495 2321 3520 ABCDEF.

1481 3531 1508 3562 η)
1529 3530 1623 3554 Deum.
1642 3543 1660 3548 -
1678 3537 1736 3554 eum
1757 3529 1912 3554 ACEFGab.

1481 3563 1505 3597 Θ)
1525 3565 1599 3590 iuste.
1619 3579 1637 3583 -
1655 3568 1726 3590 recte
1745 3565 1778 3596 B,
1804 3568 1873 3590 recte
1896 3568 1922 3590 et
1947 3565 2014 3590 iuste
2033 3566 2065 3590 D.
2083 3579 2101 3584 -
2120 3565 2170 3590 Pro
2190 3565 2257 3591 iuste
2268 3565 2404 3599 facimus,
2423 3568 2494 3591 recte

1420 3600 1540 3633 facimus
1559 3604 1585 3625 et
1603 3600 1671 3625 iuste
1689 3601 1718 3630 Β,
1738 3608 1791 3625 om.
1811 3600 1842 3625 D.

1482 3636 1500 3668 ι)
1520 3638 1566 3660 est.
1584 3647 1604 3656 -
1622 3638 1652 3660 ut
1671 3635 1770 3660 dicitur
1788 3635 1814 3660 in
1838 3635 1854 3660 1
1868 3635 2071 3669 Metaphysicae
2089 3636 2187 3661 addunt
2205 3636 2258 3660 AB.

2512 1387 2524 1400 ⁴¹
2538 1386 2564 1410 S.
2573 1387 2620 1410 Th.
2633 1387 2686 1410 leet.
2695 1393 2728 1409 ιν.

2518 1920 2594 1970 ζάριιι.
2603 1926 2644 1948 xx,
2659 1924 2702 1943 nrt.
2717 1926 2735 1947 x,

2520 2025 2604 2076 §.⁰121
2611 2031 2733 2075 ιέειῗξῖὶῖ

2618 2123 2634 2153 ζ

2520 2243 2530 2253 ·
2545 2241 2574 2264 D.
2589 2241 2636 2270 815,
2651 2241 2699 2271 833.

2520 2507 2532 2551 ἶ
2543 2506 2735 2556 ἓὲῑῖῗέὲέὲῖιζ

2522 3282 2532 3292 ”
2552 3281 2563 3303 1
2581 3255 2734 3309 Meiaphys„

2518 3313 2548 3356 §ff
2567 3313 2732 3356 ·¹.¹·1.2;.3;.·
