2768 4178
0 1416 1 1419 „
0 1382 4 1394 ν
0 1226 6 1367 ——wr-aev—
0 1087 8 1220 -vv--.vv
0 1077 3 1080 ν
0 1049 2 1070 -
2 1039 3 1042 Α
0 1005 4 1032 --

14 1105 25 1115 s

58 1286 67 1295 x

52 1894 67 1905 ·
79 1892 148 1916 Vere.
159 1899 192 1922 ¹7-

51 2589 65 2599 ·
78 2588 108 2611 1>-
122 2594 174 2617 747-

0 2503 6 2559 ἰ

0 2574 5 2615 l

0 2618 9 2654 l

0 2656 17 3398 ὶ
55 3283 67 3294 ·
82 3282 119 3306 cr.
133 3289 196 3306 num.
208 3289 242 3305 ω.

0 3400 15 3500 ἱ

995 222 1263 268 QUAEST10
1293 223 1394 270 Χιν,
1424 224 1719 262 ART1CULUS
1751 227 1802 262 lx

293 300 379 338 Quia
402 311 507 332 sermo
532 308 578 332 est
601 301 639 332 de
663 311 734 332 vere
759 311 852 333 causa
874 300 1032 337 effectiva,
1057 311 1139 342 quae
1168 311 1234 332 non
1257 308 1363 342 potest

292 344 425 385 intelligi
440 345 559 386 absque
576 346 732 377 essentiali
747 345 924 376 diversitate
948 355 1059 376 causae
1079 352 1110 376 et
1134 346 1267 377 causati:
1289 356 1363 386 pro-

293 389 460 420 ductiones
483 396 591 421 autem
624 390 664 420 ad
694 390 776 421 intra
806 399 873 420 non
904 396 978 420 sunt
1009 389 1204 421 causalitates
1236 400 1308 421 vere
1332 397 1363 421 et

293 433 441 474 proprie,
473 444 532 466 nec
554 435 646 466 Pater
669 441 716 466 est
738 443 809 464 vere
840 441 871 465 et
893 433 1020 474 proprie
1044 444 1138 465 causa
1161 434 1254 470 Filii,
1287 444 1363 465 cum

294 478 407 509 eadem
430 488 566 510 numero
595 478 635 509 sit
662 478 828 519 utriusque
852 478 1034 509 substantia.
1066 479 1108 509 Et
1130 479 1202 509 ideo
1227 489 1293 509 non
1317 486 1363 510 est

293 522 422 559 mirum,
439 522 465 553 si
479 533 545 554 non
565 529 650 554 tenet
671 522 725 554 ibi.
738 540 758 545 -
770 522 882 553 Posset
899 532 1031 563 quoque
1047 522 1256 554 nihilominus
1275 523 1364 554 aliter

295 566 375 603 dici,
407 567 498 608 quod
524 567 602 598 haec
625 566 852 607 consequentia
880 573 986 603 tenet,
1018 567 1186 608 supposito
1214 567 1304 608 quod
1327 577 1364 598 ex

295 617 383 652 parte
406 610 613 651 producibilis
636 620 703 641 non
726 618 881 651 repugnet
913 611 1048 651 produci
1077 621 1133 652 per
1156 611 1362 643 intellectum.

295 655 328 686 Si
347 655 434 686 enim
455 662 643 696 repugnaret
659 665 696 686 ex
719 661 806 695 parte
830 655 1046 696 producibilis,
1072 656 1217 697 quamvis
1237 656 1365 687 haberet

296 709 363 730 esse
386 699 623 739 intelligibiliter
645 699 678 730 in
702 709 796 730 causa
820 706 878 731 etc.
891 723 898 736 ,
931 710 1099 741 nunquam
1123 707 1230 731 tamen
1253 711 1363 741 seque-

2422 229 2488 265 181

1413 309 1497 333 retur
1516 303 1606 343 quod
1624 311 1731 343 posset
1750 315 1806 344 per
1829 305 2023 336 intellectum
2046 307 2190 347 produci,
2216 313 2252 338 ut
2270 313 2364 347 patet.
2391 306 2478 338 Con-

1414 353 1473 378 stat
1489 354 1596 378 autem
1619 348 1708 388 quod
1732 348 1775 379 sic
1792 356 1837 380 est
1852 349 1885 379 in
1902 350 2078 390 proposito.
2104 350 2187 382 Nam
2206 351 2353 382 Personis
2371 351 2485 382 divinis

1414 398 1568 431 repugnat
1590 392 1724 432 produci
1753 403 1809 433 per
1832 394 1968 424 modum
1992 394 2162 425 artificiati:
2194 405 2259 426 non
2283 402 2391 426 autem
2415 395 2484 426 aliis

1414 436 1517 466 rebus.
1541 436 1583 467 Et
1601 436 1674 467 ideo
1690 444 1834 476 respectu
1854 437 1987 468 aliarum
2006 448 2111 470 rerum
2130 439 2271 476 infertur,
2297 449 2376 481 ergo
2392 439 2484 470 Deus

1415 485 1462 510 est
1483 490 1587 521 agens
1608 490 1671 521 per
1694 481 1906 519 intellectum,
1940 489 1970 513 et
2001 492 2066 513 non
2097 490 2240 524 respectu
2270 484 2483 514 Personarum

1415 523 1611 555 divinarum:
1637 535 1747 556 earum
1770 525 1856 556 enim
1872 533 1918 557 est
1933 528 2054 558 Auctor
2069 538 2124 568 per
2147 534 2302 564 naturam,
2321 535 2356 559 ut
2371 527 2452 558 infra
2469 527 2487 548 *

1415 568 1543 608 patebit.

1473 613 1526 643 IX.
1551 613 1586 643 In
1610 614 1817 654 responsione
1834 614 1875 645 ad
1891 615 2077 651 secundum,
2102 622 2229 656 expecta
2253 616 2482 647 discussionem

1416 656 1499 687 elus:
1532 658 1704 698 quoniam,
1737 668 1812 689 cum
1835 669 1891 699 per
1913 669 1946 689 se
1970 659 2008 689 de
2032 660 2211 691 causalitate
2240 670 2346 691 rerum
2369 667 2480 692 tracta-

1416 701 1515 737 bitur,
1541 701 1725 734 discutietur
1747 703 1774 734 *.
1811 706 1822 716 '
1875 699 1879 704 ¹

1119 846 1438 889 ARTICULUS
1468 848 1670 890 NONUS

865 935 1022 966 UTRUM
1046 936 1157 967 DEUS
1181 936 1359 967 HABEAT
1383 936 1618 968 SCIENTIAM
1641 937 1733 969 NON
1758 938 1927 969 ENTIUM

570 1009 578 1033 Ι
599 1008 682 1038 sent„
703 1008 761 1034 dist.
780 1017 882 1040 xxxvui,
902 1015 949 1034 art.
963 1017 994 1042 4;
1014 1010 1058 1042 111,
1079 1011 1139 1035 dist.
1153 1018 1203 1039 xiv.
1223 1015 1271 1035 art.
1287 1018 1310 1041 2,
1330 1012 1377 1043 qu·
1393 1018 1421 1041 ας
1441 1011 1450 1035 Ῑ
1473 1011 1549 1036 Cont.
1567 1012 1654 1041 Gent„
1675 1019 1731 1044 cap.
1751 1019 1823 1043 ικνις
1844 1012 1885 1037 De
1905 1013 1992 1042 Verit„
2013 1021 2057 1045 qu.
2078 1020 2108 1043 11,
2128 1018 2174 1038 art.
2194 1013 2219 1038 8.

494 1192 620 1235 tium.
653 1196 819 1233 scientia
853 1196 955 1234 enim
988 1196 1062 1234 Dei
1090 1209 1168 1234 non
1207 1204 1263 1234 est
1300 1196 1371 1233 nisi

354 1275 364 1284 i
433 1244 444 1273 ’“
471 1246 500 1283 'kz
511 1261 707 1286 verorum.
731 1250 808 1287 Sed
826 1261 965 1287 verum
986 1258 1023 1287 et
1051 1262 1118 1287 ens
1143 1256 1371 1287 convertun-

298 1308 369 1338 tur.
391 1301 494 1349 Ergo
523 1302 679 1339 scientia
707 1302 781 1340 Dei
801 1315 879 1340 non
908 1310 964 1339 est
992 1315 1071 1340 non
1091 1303 1247 1340 entium.

354 1365 390 1392 2.
424 1355 667 1403 Palmam,
698 1355 854 1393 scientia
891 1356 1046 1405 requirit
1083 1355 1370 1394 similitudinem

297 1406 396 1444 inter
414 1407 598 1446 scientem
627 1416 664 1446 et
683 1408 832 1446 scitum.
868 1409 946 1447 Sed
976 1422 1021 1447 ea
1040 1422 1140 1459 quae
1170 1422 1249 1447 non
1272 1416 1370 1456 sunt,

299 1472 380 1498 non
413 1470 575 1510 possunt
611 1462 756 1499 habere
793 1462 959 1512 aliquam
998 1463 1284 1501 similitudinem
1323 1463 1371 1500 ad

299 1514 450 1561 Deum,
487 1515 552 1564 qui
581 1522 636 1552 est
663 1515 791 1564 ipsum
821 1529 916 1554 esse.
951 1518 1054 1566 Ergo
1085 1530 1129 1554 ea
1165 1529 1263 1566 quae
1292 1530 1371 1554 non

297 1574 398 1615 sunt,
418 1579 498 1605 non
525 1576 688 1617 possunt
715 1569 800 1607 sciri
828 1582 850 1607 a
879 1571 976 1607 Deo.

355 1621 390 1658 3.
421 1621 656 1670 PRAETEREA,
678 1622 834 1660 scientia
862 1623 935 1661 Dei
959 1631 1015 1661 est
1044 1636 1159 1661 causa
1187 1624 1370 1661 scitorum

299 1673 349 1711 ab
377 1673 473 1724 ipse.
497 1675 574 1713 Sed
594 1688 674 1713 non
695 1684 751 1714 est
772 1689 885 1714 causa
906 1690 984 1715 non
1006 1678 1161 1726 entium,
1182 1678 1272 1726 quia
1292 1691 1371 1716 non

296 1738 368 1764 ens
395 1740 475 1766 non
513 1729 629 1767 habet
658 1742 825 1767 causam.
857 1732 959 1780 Ergo
995 1733 1102 1768 Deus
1140 1743 1219 1769 non
1256 1732 1372 1769 habet

297 1780 497 1819 scientiam
526 1783 574 1820 de
603 1795 682 1821 non
712 1783 873 1821 entibus.

353 1835 428 1872 SED
458 1847 605 1873 CONTRA
632 1849 699 1874 EST
727 1838 832 1886 quod
853 1837 942 1875 dicit
959 1838 1168 1887 Apostolus
1188 1839 1240 1876 ad
1256 1840 1369 1876 Rom.

299 1889 389 1926 1v*:
425 1889 500 1931 Qui
524 1896 638 1927 vocat
663 1903 708 1928 ea
737 1903 835 1939 quae
868 1903 942 1928 non
970 1898 1073 1938 sunt,
1110 1898 1292 1941 tanquam
1327 1904 1372 1929 ea

299 1953 397 1992 quae
422 1949 539 1980 sunts

353 1996 581 2033 Respouozo
619 2009 805 2036 monimum
844 1999 950 2046 quod
985 1999 1091 2035 Deus
1134 1998 1203 2036 scit
1240 1999 1371 2036 omnia

298 2061 568 2099 quaecumque
587 2058 675 2088 sunt
692 2063 941 2100 quocumque
962 2052 1093 2089 modo.
1116 2052 1219 2090 Nihil
1241 2060 1369 2090 autem

297 2103 476 2152 prohibet
490 2115 536 2140 ea
551 2116 649 2152 quae
665 2117 745 2141 non
760 2112 847 2142 sunt
862 2105 1091 2154 simpliciter,
1103 2106 1231 2155 aliquo
1250 2106 1370 2143 modo

299 2168 393 2194 esse.
416 2156 647 2206 Simpliciter
665 2158 768 2195 enirn
798 2166 885 2196 sunt
907 2157 936 2204 Ρ,
959 2170 1057 2207 quae
1077 2166 1164 2196 actu
1193 2167 1290 2196 sunt.
1313 2161 1370 2196 Ea

297 2221 393 2248 vero
428 2221 527 2259 quae
556 2223 634 2248 non
671 2219 759 2249 sunt
787 2219 894 2259 actu,
925 2220 1013 2249 sunt
1040 2212 1079 2249 in
1108 2213 1278 2262 potentia
1309 2214 1371 2250 vel

297 2263 415 2312 ipsius
444 2263 528 2311 Dei,
549 2264 612 2301 vel
633 2272 849 2311 creaturae,
880 2265 961 2303 sive
981 2265 1019 2306 in
1039 2266 1209 2315 potentia
1233 2266 1369 2314 activa,

297 2316 379 2355 sive
408 2316 446 2354 in
466 2322 481 2344 ⁷
509 2317 683 2367 passiva,
714 2318 795 2356 sive
824 2319 863 2356 in
890 2319 1062 2368 potentia
1091 2320 1288 2369 opinandi,
1308 2321 1370 2357 vel

297 2370 553 2419 imaginandi,
583 2373 646 2409 vel
679 2384 926 2423 quocumque
965 2373 1085 2410 modo
1120 2373 1369 2422 significandi.

299 2424 580 2474 Quaecumque
608 2425 718 2474 igitur
745 2434 906 2475 possunt
938 2439 1009 2476 per
1037 2435 1249 2464 creaturam
1289 2427 1371 2464 fieri

295 2478 359 2515 vel
390 2477 545 2526 cogitari
573 2479 636 2516 vel
666 2478 756 2527 dici,
784 2487 820 2517 et
848 2480 962 2517 etiam
992 2493 1259 2529 quaecumque
1289 2481 1370 2530 ipse

297 2530 423 2568 facere
458 2538 606 2580 potest,
637 2533 769 2570 omnia
808 2533 1003 2581 cognoscit
1039 2535 1166 2581 Deus,
1198 2535 1311 2571 etiam
1341 2535 1371 2572 si

297 2591 383 2621 actu
411 2597 491 2621 non
525 2585 598 2622 sint
621 2585 652 2622 ²¹⁶.
688 2587 737 2623 Et
764 2599 834 2635 pro
864 2594 969 2624 tanto
1000 2587 1073 2625 dici
1100 2596 1227 2637 potest
1265 2588 1370 2638 quod

297 2638 414 2674 habet
442 2637 555 2674 etiarn
583 2651 662 2676 non
693 2639 836 2677 entium
866 2640 1074 2678 scientiam.

351 2691 429 2728 Sed
449 2691 589 2729 horum
610 2705 709 2741 quae
729 2700 816 2730 actu
836 2706 915 2731 non
935 2702 1033 2742 sunt,
1065 2703 1121 2732 est
1141 2695 1370 2733 attendenda

349 2807 377 2839 a)
397 2814 459 2832 non.
476 2821 496 2826 —
514 2807 567 2832 nisi
590 2807 633 2831 Pb.
652 2821 670 2826 —-
685 2807 735 2831 Pro
755 2807 807 2832 Dei
824 2813 886 2841 post
907 2809 990 2838 enim,
1011 2813 1040 2834 ut
1062 2810 1162 2835 dicitur
1186 2811 1211 2835 in
1231 2810 1299 2835 libro
1318 2811 1368 2834 Po-

296 2843 438 2868 steriorum
460 2843 489 2867 B.
506 2856 526 2862 ·-
544 2843 655 2868 scientia
676 2843 728 2868 Dei
746 2848 806 2876 post
824 2851 890 2877 ergo
908 2852 962 2869 orn.
981 2845 1163 2871 ACDEFGab.

351 2877 376 2911 β)
400 2878 470 2904 enim
495 2882 566 2903 sunt.
585 2893 603 2898 -
620 2879 689 2903 enim
714 2882 777 2903 sunt
801 2886 833 2904 ea
855 2880 937 2910 ABD,
962 2880 1062 2906 scilicet
1085 2884 1148 2906 sunt
1167 2888 1198 2906 ea
1218 2882 1251 2911 E,
1270 2881 1370 2906 scilicet

297 2917 361 2939 sunt
378 2914 407 2943 F,
426 2913 496 2939 enim
516 2917 579 2939 sunt
597 2914 696 2939 scilicet
715 2914 747 2939 G.

349 2949 376 2983 γ)
397 2950 434 2974 in.
451 2963 470 2969 -
488 2950 550 2975 Om.
569 2950 680 2975 codices.

350 2983 375 3017 ὃ)
394 2992 463 3017 quae
480 2988 551 3011 sunt.
569 3000 588 3004 -
607 2986 669 3010 Om.
684 2985 795 3010 codices,
813 3000 832 3004 -
850 2986 901 3011 Pro
920 2987 961 3012 vel
978 2991 1128 3016 creaturae,
1145 2988 1185 3012 vel
1199 2988 1279 3013 etiam
1294 2995 1367 3013 crea-

297 3023 375 3045 turae
393 3020 448 3051 FG,
467 3028 521 3046 om.
540 3021 572 3046 D.
591 3035 609 3041 -
628 3022 678 3046 Pro
698 3029 745 3046 nec
762 3025 832 3051 sunt,
853 3029 904 3047 non
924 3026 988 3047 sunt
1005 3023 1128 3048 ABCDE.

1427 1091 1619 1137 quaedam
1640 1091 1848 1128 diversitas.
1872 1092 2074 1139 Quaedam
2096 1092 2209 1140 enim,
2226 1093 2311 1130 licet
2325 1106 2403 1131 non
2419 1094 2491 1131 sint

1426 1155 1528 1180 nunc
1556 1143 1595 1181 in
1628 1153 1734 1191 actu,
1764 1152 1895 1182 tamen
1922 1146 1984 1182 vel
2014 1146 2164 1183 fuerunt
2197 1147 2259 1183 vel
2298 1155 2426 1184 erunt:
2457 1155 2493 1184 et

1427 1196 1558 1233 omnia
1594 1197 1665 1234 ista
1694 1197 1828 1234 dicitur
1864 1199 1970 1235 Deus
2008 1198 2102 1235 scire
2139 1200 2292 1236 scientia
2327 1201 2489 1238 visionis.

1427 1249 1539 1296 Quia,
1561 1262 1649 1286 cum
1678 1250 1882 1298 intelligere
1902 1251 1985 1298 Dei,
2007 1253 2112 1300 quod
2133 1260 2187 1289 est
2209 1253 2287 1289 eius
2315 1265 2409 1302 esse,
2430 1266 2492 1291 ae-

1425 1302 1597 1340 ternitate
1626 1311 1879 1352 mensuretur,
1910 1317 2007 1353 quae
2037 1305 2118 1341 sine
2147 1306 2387 1344 successione
2416 1307 2492 1344 exi-

1426 1363 1529 1393 stens
1557 1363 1680 1394 toturn
1708 1364 1861 1406 tempus
1891 1358 2196 1407 comprehendit,
2225 1372 2407 1408 praesens
2435 1359 2489 1398 in-

1425 1409 1540 1447 tuitus
1568 1409 1641 1447 Dei
1669 1410 1786 1447 fertur
1813 1410 1851 1447 in
1879 1418 2002 1448 totum
2031 1419 2201 1461 tempus,
2232 1420 2269 1449 et
2295 1412 2334 1449 in
2362 1412 2491 1450 omnia

1426 1475 1525 1512 quae
1545 1471 1632 1500 sunt
1651 1463 1690 1500 in
1709 1476 1956 1513 quocumque
1985 1472 2171 1514 ternpore,
2193 1465 2288 1503 sicut
2312 1466 2350 1503 in
2369 1466 2491 1503 subie-

1426 1523 1485 1553 cta
1522 1516 1592 1554 sibi
1628 1517 1936 1566 praesentialiter.
1967 1539 1990 1546 -
2022 1519 2224 1565 Quaedam
2252 1531 2346 1556 vero
2385 1527 2490 1567 sunt,

1426 1582 1524 1618 quae
1554 1578 1642 1608 sunt
1670 1568 1683 1592 δ
1711 1571 1749 1608 in
1775 1571 1946 1620 potentia
1974 1572 2048 1609 Dei
2075 1573 2138 1609 vel
2167 1580 2372 1620 creaturae,
2394 1585 2491 1622 quae

1424 1631 1556 1661 tamen
1575 1637 1646 1661 nec
1675 1632 1763 1661 sunt
1782 1637 1852 1662 nec
1877 1632 1985 1662 erunt
2004 1636 2129 1675 neque
2158 1626 2319 1663 fuerunt.
2355 1627 2403 1663 Et
2436 1639 2491 1663 re-

1428 1685 1561 1726 spectu
1588 1678 1728 1715 horum
1757 1690 1837 1715 non
1876 1678 2010 1715 dicitur
2036 1680 2178 1716 habere
2213 1679 2409 1716 scientiam
2437 1680 2491 1716 vi-

1427 1731 1554 1779 sionis,
1576 1731 1644 1769 sed
1671 1731 1849 1780 simplicis
1877 1732 2152 1782 intelligentiae.
2176 1733 2292 1780 Quod
2320 1733 2406 1770 ideo
2437 1733 2490 1770 di-

1427 1784 1539 1833 citur,
1570 1785 1660 1833 quia
1689 1797 1734 1822 ea
1767 1797 1867 1833 quae
1894 1785 2073 1823 videntur
2101 1787 2203 1835 apud
2233 1799 2324 1834 nos,
2350 1787 2492 1823 habent

1426 1850 1509 1875 esse
1539 1838 1756 1876 distinctum
1786 1846 1889 1875 extra
1916 1838 2125 1877 videntem.

1478 1893 1538 1929 AD
1554 1904 1691 1929 PRIMUM
1706 1904 1805 1929 ERGO
1820 1904 2005 1930 DICENDUM
2021 1893 2138 1941 quod,
2155 1893 2368 1930 secundum
2384 1893 2490 1942 quod

1426 1952 1514 1982 sunt
1541 1945 1579 1982 in
1606 1945 1797 1995 potentia,
1823 1945 1876 1982 sic
1910 1946 2054 1983 habent
2079 1946 2280 1984 veritatem
2311 1959 2355 1984 ea
2392 1959 2490 1996 quae

1426 2011 1505 2035 non
1534 2006 1622 2036 sunt
1649 2007 1757 2036 actu:
1786 2011 1924 2036 verum
1955 2006 2010 2036 est
2039 2000 2140 2037 enirn
2171 2013 2216 2037 ea
2245 2013 2327 2037 esse
2355 2000 2393 2037 in
2421 2013 2490 2049 po—

1425 2052 1550 2090 tentia.
1581 2053 1630 2089 Et
1659 2052 1712 2089 sic
1740 2052 1909 2089 sciuntur
1937 2065 1959 2089 a
1987 2054 2084 2090 Deo.

1480 2107 1539 2142 AD
1577 2117 1768 2143 SECUNDUM
1803 2118 1987 2143 DICENDUM
2017 2107 2143 2155 quod,
2183 2119 2272 2144 cum
2306 2108 2412 2145 Deus
2445 2107 2491 2145 sit

1426 2159 1553 2208 ipsum
1574 2171 1669 2206 esse,
1686 2159 1872 2196 intantum
1892 2160 2200 2208 unumquodque
2221 2168 2276 2198 est
2293 2166 2316 2208 ²,
2333 2161 2491 2210 inquan-

1425 2220 1507 2250 tum
1536 2212 1736 2262 participat
1764 2212 1812 2249 de
1840 2213 1912 2250 Dei
1941 2213 2204 2251 similitudine:
2230 2213 2324 2251 sieut
2351 2227 2488 2252 unum-

1426 2266 1609 2316 quodque
1637 2266 1825 2303 intantum
1846 2273 1901 2303 est
1929 2266 2106 2314 calidum,
2127 2267 2354 2315 inquantum
2377 2268 2490 2317 parti-

1427 2320 1524 2369 cipat
1553 2320 1732 2356 calorem.
1769 2319 1831 2356 Sic
1861 2327 1897 2357 et
1916 2319 1930 2346 ζ
1950 2332 1995 2357 ea
2014 2333 2111 2370 quae
2133 2329 2219 2358 sunt
2247 2321 2285 2358 in
2307 2322 2489 2371 potentia,

1427 2373 1542 2411 etiam
1570 2373 1601 2410 si
1629 2385 1708 2410 non
1737 2380 1824 2410 sunt
1844 2373 1883 2410 in
1913 2381 2010 2422 acm,
2033 2383 2314 2424 cognoscuntur
2342 2388 2363 2412 a
2391 2377 2488 2414 Deo.

1479 2429 1539 2464 Ab
1567 2439 1727 2465 TERTHJM
1756 2440 1939 2466 DICENDUM
1968 2428 2073 2477 quod
2111 2429 2183 2466 Dei
2211 2434 2224 2452 η
2253 2428 2406 2466 scientia
2437 2436 2491 2467 est

1426 2493 1540 2518 causa
1560 2494 1701 2528 rerum,
1718 2483 1912 2519 voluntate
1932 2482 2120 2519 adiuncta.
2142 2483 2254 2520 Unde
2274 2495 2353 2520 non
2377 2495 2489 2533 opor-

1424 2541 1477 2571 tet
1505 2534 1610 2583 quod
1644 2547 1909 2584 quaecumque
1943 2535 2011 2572 scit
2034 2537 2150 2583 Deus,
2173 2536 2245 2573 sint
2262 2537 2324 2573 vel
2353 2537 2491 2574 fuerint

1425 2588 1488 2625 vel
1517 2588 1641 2625 futura
1675 2588 1766 2625 sint:
1805 2589 1873 2626 sed
1906 2589 2031 2625 solum
2061 2602 2106 2626 ea
2145 2602 2241 2639 quae
2270 2591 2351 2627 vult
2385 2602 2488 2639 esse,

1424 2642 1487 2678 vel
1506 2641 1687 2690 permittit
1703 2653 1786 2678 esse
1800 2640 1860 2679 ⁰.-
1877 2643 1925 2679 Et
1940 2642 2087 2690 iterum,
2110 2656 2188 2680 non
2209 2651 2263 2680 est
2277 2643 2316 2681 in
2337 2643 2489 2681 scientia

1426 2694 1498 2731 Dei
1516 2702 1559 2731 ut
1587 2694 1648 2731 illa
1677 2694 1759 2741 sint,
1781 2695 1847 2732 sed
1877 2695 1982 2744 quod
2013 2709 2094 2733 esse
2123 2694 2279 2746 possint.

1477 2811 1499 2842 ε)
1519 2814 1567 2835 est.
1586 2824 1605 2828 —
1623 2817 1669 2835 ens
1689 2810 1758 2834 addit
1776 2811 1805 2835 B.
1824 2824 1843 2829 —
1861 2810 1910 2834 Pro
1929 2811 1963 2835 de
1982 2811 2035 2836 Dei
2055 2811 2242 2841 similitudine,
2263 2813 2316 2838 Dei
2339 2814 2490 2840 similitudi-

1424 2852 1482 2870 nem
1501 2846 1531 2876 B,
1551 2846 1584 2871 de
1604 2845 1657 2871 Dei
1674 2845 1880 2871 assimilitudine
1898 2846 1929 2876 D,
1949 2846 1983 2871 de
2000 2847 2175 2872 similitudine
2195 2848 2248 2873 Dei
2265 2849 2318 2879 FG,
2337 2849 2490 2875 similitudi-

1424 2889 1482 2906 nem
1503 2881 1556 2906 Dei
1574 2882 1632 2906 edd.
1651 2881 1701 2906 ab.

1477 2916 1501 2949 ζ)
1522 2917 1567 2941 Sic
1586 2920 1620 2941 et.
1638 2931 1656 2935 -
1676 2917 1712 2941 Et
1729 2917 1768 2942 sic
1787 2917 1866 2942 etiam
1886 2917 2003 2946 BFGab,
2024 2918 2069 2943 Sic
2087 2919 2167 2944 etiam
2186 2919 2217 2944 D.

1475 2953 1503 2983 η)
1524 2952 1583 2977 Dei.
1601 2966 1621 2971 -
1638 2953 1700 2977 Om.
1719 2952 1899 2982 ACDEFGab,
1919 2958 1980 2986 post
1997 2954 2108 2979 scientia
2126 2955 2199 2987 ponit
2212 2955 2245 2979 B.

1477 2986 1501 3020 0)
1522 2988 1562 3012 vel
1575 2988 1712 3020 permittit
1730 2995 1795 3014 esse.
1807 3003 1825 3007 -
1839 2989 1880 3013 vel
1892 2989 2051 3020 permittere
2067 2990 2096 3021 E,
2110 2991 2151 3015 vel
2158 2991 2317 3022 permittere
2335 2999 2391 3017 esse
2410 2994 2487 3017 ceteri

1425 3028 1449 3048 et
1468 3023 1508 3048 ed.
1527 3030 1553 3047 α.

977 3103 1313 3137 Commentaria
1336 3104 1589 3137 Cardinalis
1611 3104 1813 3136 Caieta-ni

300 3198 465 3262 Ttruzus
482 3189 592 3221 clarus.
611 3208 630 3213 —
646 3191 681 3220 In
697 3200 830 3231 corpore
848 3191 927 3221 duo:
947 3192 1063 3232 primo,
1085 3193 1256 3233 respondet
1277 3203 1370 3234 quae-

359 3232 419 3263 sito
436 3232 632 3271 affirmative;
659 3236 810 3272 secundo,
829 3235 966 3275 assignat
982 3236 1189 3268 differentiam
1209 3238 1370 3278 quandam

297 3277 379 3308 inter
402 3277 565 3308 scientiam
589 3279 800 3310 diversimode
824 3289 890 3310 non
915 3280 1038 3311 entium
1052 3281 1079 3312 *.

352 3321 389 3352 ΙΙ.
408 3321 525 3358 Quoad
533 3323 690 3362 primum,
709 3324 872 3355 conclusio
890 3331 949 3355 est:
974 3325 1083 3356 Potest
1099 3325 1159 3356 dici
1176 3326 1265 3366 quod
1280 3325 1370 3357 Deus

298 3366 393 3396 habet
416 3365 579 3396 scientiam
602 3377 668 3397 non
693 3368 825 3400 entium.
843 3387 863 3391 -
878 3369 1043 3400 Probatur.
1068 3370 1156 3400 Deus
1180 3370 1238 3400 scit
1261 3370 1369 3400 omnia

298 3420 380 3451 quae
409 3416 484 3440 sunt
507 3420 714 3452 quocumque
745 3413 866 3443 modo:
892 3423 966 3454 ergo
997 3414 1105 3444 omnia
1128 3424 1210 3455 quae
1234 3422 1369 3455 possunt

298 3464 355 3495 per
379 3454 556 3495 potentiam
579 3461 645 3485 tam
669 3466 761 3487 suam
784 3467 883 3498 quarn
907 3464 1075 3495 creaturae,
1100 3458 1176 3495 fieri,
1193 3459 1322 3499 cogitari
1340 3466 1370 3490 et

299 3499 375 3529 dici:
400 3508 475 3539 ergo
499 3508 535 3529 ea
558 3509 640 3539 quae
663 3509 730 3530 non
753 3508 828 3532 sunt
850 3508 932 3533 actu.
957 3503 1042 3543 Ergo
1066 3509 1172 3543 potest
1195 3503 1255 3534 dici
1278 3504 1368 3544 quod

299 3543 386 3574 Deus
410 3543 504 3573 habet
528 3542 691 3573 scientiam
715 3553 780 3574 non
806 3546 937 3577 entium.

351 3587 457 3618 Prima
488 3587 714 3628 consequentia
738 3589 907 3628 probatur,
932 3590 1155 3631 distinguendo
1181 3592 1297 3623 modos
1321 3603 1366 3623 es-

1425 3193 1522 3229 sendi,
1547 3193 1626 3224 idest
1650 3192 1832 3233 simpliciter
1847 3200 1878 3224 et
1901 3195 2077 3225 secundum
2096 3195 2186 3235 quid;
2212 3202 2242 3226 et
2258 3196 2486 3227 subdividendo

1425 3237 1600 3268 secundum
1625 3237 1702 3277 quid
1732 3237 1818 3268 iuxta
1841 3238 2049 3279 multiplicem
2079 3239 2288 3270 diversitatem
2311 3241 2485 3280 potentiae,

1424 3282 1540 3313 scilicet
1555 3281 1712 3312 Creatoris
1723 3281 1774 3311 vel
1790 3289 1957 3319 creaturae,
1976 3283 2091 3314 activae
2102 3283 2151 3313 vel
2165 3283 2316 3323 passivae,
2331 3285 2421 3315 realis
2437 3286 2487 3316 vel

1424 3326 1611 3367 opinafivae,
1626 3332 1683 3356 etc.
1695 3343 1714 3347 —
1725 3325 1870 3357 Secunda
1882 3337 1957 3357 vero
1974 3327 2198 3368 consequentia
2212 3335 2258 3359 est
2274 3338 2329 3368 per
2348 3339 2380 3359 se
2397 3336 2485 3360 nota:

1423 3371 1497 3411 quia
1514 3380 1579 3400 non
1595 3376 1669 3400 sunt
1679 3376 1750 3400 actu
1763 3370 1839 3401 haec
1852 3371 1969 3402 omnia.
1981 3389 2001 3393 —
2016 3371 2122 3402 Tertia
2137 3382 2268 3413 quoque
2283 3379 2329 3403 est
2344 3373 2485 3404 evidens:

1423 3415 1497 3456 quia
1512 3425 1548 3445 ex
1564 3424 1630 3455 quo
1646 3423 1713 3444 non
1732 3421 1807 3446 sunt
1823 3415 1905 3445 entia
1920 3415 2111 3456 simpliciter,
2126 3416 2180 3446 sed
2195 3416 2228 3446 in
2240 3417 2391 3456 potentia,
2405 3428 2486 3458 quae

1423 3467 1469 3490 est
1492 3458 1632 3489 conditio
1657 3458 1846 3495 diminuens,
1872 3459 1993 3499 optime
2017 3460 2055 3490 de
2078 3460 2121 3490 eis
2144 3459 2320 3491 verificatur
2344 3462 2486 3492 absolute

1423 3503 1547 3543 negatio
1564 3502 1653 3538 entis,
1669 3508 1700 3532 et
1723 3502 1766 3533 sic
1790 3510 1864 3533 sunt
1879 3513 1945 3533 non
1962 3503 2061 3540 entia3
2086 3503 2167 3535 sicut
2181 3505 2220 3535 de
2235 3505 2366 3536 homine
2381 3505 2413 3536 in
2430 3516 2486 3546 po-

1422 3548 1518 3578 tentia
1534 3556 1605 3577 vere
1619 3546 1733 3577 dicitur
1745 3556 1807 3577 non
1818 3548 1922 3585 homo,
1936 3554 1966 3578 et
1981 3548 2019 3578 de
2033 3558 2103 3578 arca
2115 3548 2147 3578 in
2162 3549 2304 3588 potentia
2318 3560 2380 3580 non
2396 3560 2484 3580 arca.

1481 3592 1532 3622 III.
1558 3590 1674 3629 Quoad
1697 3591 1871 3621 secundum
1884 3590 1912 3628 θ,
1933 3591 2104 3623 differentia
2128 3599 2175 3623 est
2193 3593 2371 3630 nominalis,
2397 3594 2485 3634 quod

2522 529 2532 540 “
2548 529 2594 556 Qu.
2605 536 2650 556 xm,
2659 534 2701 552 art.
2710 537 2721 552 2
2730 546 2736 551 .

2521 705 2531 715 ⁸
2542 705 2589 732 Qu.
2597 711 2658 732 xcvi,
2666 710 2707 727 art.
2714 712 2730 727 ι.

2515 3595 2523 3602 “
2539 3599 2574 3620 Cf.
2590 3604 2653 3621 num.
2668 3610 2687 3625 1.
