<?xml version="1.0" encoding="UTF-8"?>
<!DOCTYPE html PUBLIC "-//W3C//DTD XHTML 1.0 Transitional//EN"
    "http://www.w3.org/TR/xhtml1/DTD/xhtml1-transitional.dtd">
<html xmlns="http://www.w3.org/1999/xhtml" xml:lang="en" lang="en">
 <head>
  <title>
</title>
<meta http-equiv="Content-Type" content="text/html;charset=utf-8" />
  <meta name='ocr-system' content='tesseract 3.04.00' />
  <meta name='ocr-capabilities' content='ocr_page ocr_carea ocr_par ocr_line ocrx_word'/>
</head>
<body>
  <div class='ocr_page' id='page_1' title='image "./operaomniaiussui04thom/operaomniaiussui04thom_0238.png"; bbox 0 0 2768 4178; ppageno 0'>
   <div class='ocr_carea' id='block_1_1' title="bbox 327 303 403 328">
    <p class='ocr_par' dir='ltr' id='par_1_1' title="bbox 327 303 403 328">
     <span class='ocr_line' id='line_1_1' title="bbox 327 303 403 328; baseline 0 0"><span class='ocrx_word' id='word_1_1' title='bbox 327 303 403 328; x_wconf 87' lang='lat'><strong>220</strong></span> 
     </span>
    </p>
   </div>
   <div class='ocr_carea' id='block_1_2' title="bbox 1020 291 1827 340">
    <p class='ocr_par' dir='ltr' id='par_1_2' title="bbox 1020 291 1827 340">
     <span class='ocr_line' id='line_1_2' title="bbox 1020 291 1827 340; baseline 0.001 -11"><span class='ocrx_word' id='word_1_2' title='bbox 1020 291 1287 338; x_wconf 88' lang='lat' dir='ltr'><strong>QUAESTIO</strong></span> <span class='ocrx_word' id='word_1_3' title='bbox 1317 293 1438 340; x_wconf 85' lang='lat' dir='ltr'>XVII,</span> <span class='ocrx_word' id='word_1_4' title='bbox 1468 292 1766 331; x_wconf 90' lang='lat' dir='ltr'><strong>ARTICULUS</strong></span> <span class='ocrx_word' id='word_1_5' title='bbox 1796 295 1827 331; x_wconf 94' lang='lat' dir='ltr'><strong>II</strong></span> 
     </span>
    </p>
   </div>
   <div class='ocr_carea' id='block_1_3' title="bbox 1998 293 2048 321">
    <p class='ocr_par' dir='ltr' id='par_1_3' title="bbox 1998 293 2048 321">
     <span class='ocr_line' id='line_1_3' title="bbox 1998 293 2048 321; baseline 0 -9"><span class='ocrx_word' id='word_1_6' title='bbox 1998 293 2048 321; x_wconf 48' lang='grc' dir='ltr'><strong>λ</strong></span> 
     </span>
    </p>
   </div>
   <div class='ocr_carea' id='block_1_4' title="bbox 995 427 1852 555">
    <p class='ocr_par' dir='ltr' id='par_1_4' title="bbox 995 427 1852 555">
     <span class='ocr_line' id='line_1_4' title="bbox 1099 427 1751 471; baseline 0.003 -3"><span class='ocrx_word' id='word_1_7' title='bbox 1099 427 1418 469; x_wconf 90' lang='lat' dir='ltr'><strong>ARTICULUS</strong></span> <span class='ocrx_word' id='word_1_8' title='bbox 1449 427 1751 471; x_wconf 91' lang='lat' dir='ltr'>SECUNDUS</span> 
     </span>
     <span class='ocr_line' id='line_1_5' title="bbox 995 521 1852 555; baseline 0.005 -4"><span class='ocrx_word' id='word_1_9' title='bbox 995 521 1180 552; x_wconf 88' lang='lat' dir='ltr'>UTRUM</span> <span class='ocrx_word' id='word_1_10' title='bbox 1211 521 1261 552; x_wconf 85' lang='lat' dir='ltr'><strong>IN</strong></span> <span class='ocrx_word' id='word_1_11' title='bbox 1292 521 1455 553; x_wconf 84' lang='lat' dir='ltr'>SENSU</span> <span class='ocrx_word' id='word_1_12' title='bbox 1486 522 1567 553; x_wconf 81' lang='lat' dir='ltr'><strong>SIT</strong></span> <span class='ocrx_word' id='word_1_13' title='bbox 1597 522 1852 555; x_wconf 87' lang='lat' dir='ltr'>FALSITAS</span> 
     </span>
    </p>
   </div>
   <div class='ocr_carea' id='block_1_5' title="bbox 671 590 2167 638">
    <p class='ocr_par' dir='ltr' id='par_1_5' title="bbox 671 590 2167 638">
     <span class='ocr_line' id='line_1_6' title="bbox 671 590 2167 638; baseline 0.003 -13"><span class='ocrx_word' id='word_1_14' title='bbox 671 600 745 631; x_wconf 74' lang='lat' dir='ltr'><strong>Infra,</strong></span> <span class='ocrx_word' id='word_1_15' title='bbox 765 608 811 634; x_wconf 90' lang='lat' dir='ltr'><strong>qu.</strong></span> <span class='ocrx_word' id='word_1_16' title='bbox 829 608 916 630; x_wconf 73' lang='lat' dir='ltr'><strong>LxxxV,</strong></span> <span class='ocrx_word' id='word_1_17' title='bbox 936 605 984 625; x_wconf 76' lang='lat' dir='ltr'><strong>art.</strong></span> <span class='ocrx_word' id='word_1_18' title='bbox 1003 598 1019 624; x_wconf 85' lang='lat'>6</span> <span class='ocrx_word' id='word_1_19' title='bbox 1026 607 1034 630; x_wconf 89' lang='lat'>;</span> <span class='ocrx_word' id='word_1_20' title='bbox 1054 599 1097 624; x_wconf 87' lang='lat' dir='ltr'><strong>De</strong></span> <span class='ocrx_word' id='word_1_21' title='bbox 1117 599 1207 630; x_wconf 69' lang='lat' dir='ltr'><strong>Verit„</strong></span> <span class='ocrx_word' id='word_1_22' title='bbox 1227 607 1272 632; x_wconf 89' lang='lat' dir='ltr'><strong>qu.</strong></span> <span class='ocrx_word' id='word_1_23' title='bbox 1291 607 1309 631; x_wconf 91' lang='lat'><strong>1,</strong></span> <span class='ocrx_word' id='word_1_24' title='bbox 1328 604 1375 625; x_wconf 78' lang='lat' dir='ltr'><strong>art.</strong></span> <span class='ocrx_word' id='word_1_25' title='bbox 1389 607 1422 631; x_wconf 85' lang='lat' dir='ltr'><strong>n;</strong></span> <span class='ocrx_word' id='word_1_26' title='bbox 1441 590 1473 625; x_wconf 82' lang='lat' dir='ltr'><strong>m</strong></span> <span class='ocrx_word' id='word_1_27' title='bbox 1493 600 1535 626; x_wconf 90' lang='lat' dir='ltr'><strong>De</strong></span> <span class='ocrx_word' id='word_1_28' title='bbox 1552 601 1659 632; x_wconf 79' lang='lat' dir='ltr'><strong>Anima,</strong></span> <span class='ocrx_word' id='word_1_29' title='bbox 1679 602 1738 627; x_wconf 85' lang='lat' dir='ltr'><strong>lect.</strong></span> <span class='ocrx_word' id='word_1_30' title='bbox 1751 609 1791 633; x_wconf 75' lang='lat' dir='ltr'><strong>v13</strong></span> <span class='ocrx_word' id='word_1_31' title='bbox 1811 603 1845 627; x_wconf 92' lang='lat' dir='ltr'><strong>lv</strong></span> <span class='ocrx_word' id='word_1_32' title='bbox 1863 603 2025 638; x_wconf 66' lang='lat' dir='ltr'><strong>Metaphys„</strong></span> <span class='ocrx_word' id='word_1_33' title='bbox 2045 605 2103 629; x_wconf 79' lang='lat' dir='ltr'><strong>lect.</strong></span> <span class='ocrx_word' id='word_1_34' title='bbox 2122 612 2167 631; x_wconf 79' lang='lat'><strong>111.</strong></span> 
     </span>
    </p>
   </div>
   <div class='ocr_carea' id='block_1_6' title="bbox 338 724 496 889">
    <p class='ocr_par' dir='ltr' id='par_1_6' title="bbox 338 724 496 889">
     <span class='ocr_line' id='line_1_7' title="bbox 338 724 496 889; baseline 0 -19"><span class='ocrx_word' id='word_1_35' title='bbox 338 724 496 889; x_wconf 95' lang='lat' dir='ltr'><strong>    </strong></span> 
     </span>
    </p>
   </div>
   <div class='ocr_carea' id='block_1_7' title="bbox 412 705 499 736">
    <p class='ocr_par' dir='ltr' id='par_1_7' title="bbox 412 705 499 736">
     <span class='ocr_line' id='line_1_8' title="bbox 412 705 499 736; baseline 0 -18"><span class='ocrx_word' id='word_1_36' title='bbox 412 705 420 718; x_wconf 66' lang='grc' dir='ltr'><strong>ι</strong></span> <span class='ocrx_word' id='word_1_37' title='bbox 441 705 499 736; x_wconf 38' lang='lat'><strong><em>2¹¹5&lt;</em></strong></span> 
     </span>
    </p>
   </div>
   <div class='ocr_carea' id='block_1_8' title="bbox 374 687 1394 801">
    <p class='ocr_par' dir='ltr' id='par_1_8' title="bbox 351 687 1394 801">
     <span class='ocr_line' id='line_1_9' title="bbox 487 687 1394 748; baseline 0 -22"><span class='ocrx_word' id='word_1_38' title='bbox 487 740 504 748; x_wconf 18' lang='grc' dir='ltr'><strong>«ἱ</strong></span> <span class='ocrx_word' id='word_1_39' title='bbox 537 702 559 726; x_wconf 86' lang='lat' dir='ltr'><strong>n</strong></span> <span class='ocrx_word' id='word_1_40' title='bbox 579 701 769 727; x_wconf 77' lang='lat' dir='ltr'>SECUNDUM</span> <span class='ocrx_word' id='word_1_41' title='bbox 784 701 837 727; x_wconf 78' lang='lat' dir='ltr'><strong>sm</strong></span> <span class='ocrx_word' id='word_1_42' title='bbox 857 700 1097 726; x_wconf 83' lang='lat' dir='ltr'><strong>PROCEDITUR.</strong></span> <span class='ocrx_word' id='word_1_43' title='bbox 1113 687 1273 725; x_wconf 90' lang='lat' dir='ltr'><strong>Videtur</strong></span> <span class='ocrx_word' id='word_1_44' title='bbox 1288 689 1394 737; x_wconf 93' lang='lat' dir='ltr'><strong>quod</strong></span> 
     </span>
     <span class='ocr_line' id='line_1_10' title="bbox 375 750 407 771; baseline 0 0"><span class='ocrx_word' id='word_1_45' title='bbox 375 750 407 771; x_wconf 62' lang='grc' dir='ltr'>ὐ</span> 
     </span>
     <span class='ocr_line' id='line_1_11' title="bbox 374 775 398 801; baseline 0 -20"><span class='ocrx_word' id='word_1_46' title='bbox 374 775 398 801; x_wconf 43' lang='grc' dir='ltr'><em>Μ</em></span> 
     </span>
    </p>
   </div>
   <div class='ocr_carea' id='block_1_9' title="bbox 85 730 1398 2284">
    <p class='ocr_par' dir='ltr' id='par_1_9' title="bbox 323 730 1397 1048">
     <span class='ocr_line' id='line_1_12' title="bbox 456 730 1393 808; baseline -0.001 -29"><span class='ocrx_word' id='word_1_47' title='bbox 456 730 517 808; x_wconf 57' lang='lat'><strong>{30</strong></span> <span class='ocrx_word' id='word_1_48' title='bbox 538 742 576 780; x_wconf 92' lang='lat' dir='ltr'><strong>in</strong></span> <span class='ocrx_word' id='word_1_49' title='bbox 595 755 711 780; x_wconf 91' lang='lat' dir='ltr'><strong>sensu</strong></span> <span class='ocrx_word' id='word_1_50' title='bbox 729 755 808 780; x_wconf 92' lang='lat' dir='ltr'><strong>non</strong></span> <span class='ocrx_word' id='word_1_51' title='bbox 831 742 878 780; x_wconf 93' lang='lat' dir='ltr'><strong>sit</strong></span> <span class='ocrx_word' id='word_1_52' title='bbox 896 742 1046 779; x_wconf 85' lang='lat' dir='ltr'><strong>falsitas.</strong></span> <span class='ocrx_word' id='word_1_53' title='bbox 1068 741 1169 779; x_wconf 89' lang='lat' dir='ltr'>Dicit</span> <span class='ocrx_word' id='word_1_54' title='bbox 1192 741 1295 778; x_wconf 89' lang='lat' dir='ltr'><strong>enirn</strong></span> <span class='ocrx_word' id='word_1_55' title='bbox 1314 743 1393 778; x_wconf 94' lang='lat' dir='ltr'><strong>Au-</strong></span> 
     </span>
     <span class='ocr_line' id='line_1_13' title="bbox 342 792 1396 832; baseline 0.001 -2"><span class='ocrx_word' id='word_1_56' title='bbox 342 792 529 830; x_wconf 60' lang='lat'><strong>&#39;&#39;72&#39;</strong></span> <span class='ocrx_word' id='word_1_57' title='bbox 624 796 687 832; x_wconf 86' lang='lat' dir='ltr'><strong>&#39;u</strong></span> <span class='ocrx_word' id='word_1_58' title='bbox 749 796 760 832; x_wconf 92' lang='lat' dir='ltr'><strong>i</strong></span> <span class='ocrx_word' id='word_1_59' title='bbox 829 796 886 832; x_wconf 90' lang='lat' dir='ltr'><strong>ir</strong></span> <span class='ocrx_word' id='word_1_60' title='bbox 939 794 1396 832; x_wconf 80' lang='lat' dir='ltr'><strong>deVeraReli.*:Si</strong></span> 
     </span>
     <span class='ocr_line' id='line_1_14' title="bbox 340 797 1397 898; baseline -0.003 -11"><span class='ocrx_word' id='word_1_61' title='bbox 340 797 866 898; x_wconf 36' lang='lat' dir='ltr'><strong>5532&#39;25&#39;1&#39;76Kg72m{ioriioinis’</strong></span> <span class='ocrx_word' id='word_1_62' title='bbox 887 809 1029 886; x_wconf 42' lang='lat' dir='ltr'><strong>(isensus</strong></span> <span class='ocrx_word' id='word_1_63' title='bbox 1057 849 1108 885; x_wconf 86' lang='lat' dir='ltr'><strong>ita</strong></span> <span class='ocrx_word' id='word_1_64' title='bbox 1145 806 1321 885; x_wconf 59' lang='lat' dir='ltr'><strong>nunii‘ant</strong></span> <span class='ocrx_word' id='word_1_65' title='bbox 1356 854 1397 884; x_wconf 87' lang='lat' dir='ltr'><strong>ut</strong></span> 
     </span>
     <span class='ocr_line' id='line_1_15' title="bbox 323 902 1392 953; baseline -0.004 -12"><span class='ocrx_word' id='word_1_66' title='bbox 323 904 554 953; x_wconf 88' lang='lat' dir='ltr'><strong>afficiuntur,</strong></span> <span class='ocrx_word' id='word_1_67' title='bbox 576 904 666 952; x_wconf 86' lang='lat' dir='ltr'><strong>quid</strong></span> <span class='ocrx_word' id='word_1_68' title='bbox 693 904 742 940; x_wconf 84' lang='lat' dir='ltr'><strong>ab</strong></span> <span class='ocrx_word' id='word_1_69' title='bbox 769 903 821 940; x_wconf 88' lang='lat' dir='ltr'><strong>eis</strong></span> <span class='ocrx_word' id='word_1_70' title='bbox 845 903 1007 951; x_wconf 82' lang='lat' dir='ltr'><strong>amplius</strong></span> <span class='ocrx_word' id='word_1_71' title='bbox 1025 902 1182 952; x_wconf 80' lang='lat' dir='ltr'><strong><em>exigere</em></strong></span> <span class='ocrx_word' id='word_1_72' title='bbox 1204 902 1392 949; x_wconf 80' lang='lat' dir='ltr'><strong>debemus,</strong></span> 
     </span>
     <span class='ocr_line' id='line_1_16' title="bbox 324 955 1392 1008; baseline -0.004 -13"><span class='ocrx_word' id='word_1_73' title='bbox 324 958 472 1008; x_wconf 84' lang='lat' dir='ltr'><strong>ignoro.</strong></span> <span class='ocrx_word' id='word_1_74' title='bbox 494 958 544 994; x_wconf 92' lang='lat' dir='ltr'><strong>Et</strong></span> <span class='ocrx_word' id='word_1_75' title='bbox 571 957 625 994; x_wconf 91' lang='lat' dir='ltr'><strong>sic</strong></span> <span class='ocrx_word' id='word_1_76' title='bbox 642 956 795 994; x_wconf 90' lang='lat' dir='ltr'><strong>videtur</strong></span> <span class='ocrx_word' id='word_1_77' title='bbox 823 956 929 1004; x_wconf 92' lang='lat' dir='ltr'><strong>quod</strong></span> <span class='ocrx_word' id='word_1_78' title='bbox 959 968 1004 992; x_wconf 88' lang='lat' dir='ltr'><strong>ex</strong></span> <span class='ocrx_word' id='word_1_79' title='bbox 1026 955 1200 992; x_wconf 86' lang='lat' dir='ltr'><strong>sensibus</strong></span> <span class='ocrx_word' id='word_1_80' title='bbox 1229 967 1309 991; x_wconf 90' lang='lat' dir='ltr'><strong>non</strong></span> <span class='ocrx_word' id='word_1_81' title='bbox 1327 955 1392 991; x_wconf 87' lang='lat' dir='ltr'><strong>fal-</strong></span> 
     </span>
     <span class='ocr_line' id='line_1_17' title="bbox 323 1009 1191 1048; baseline -0.003 0"><span class='ocrx_word' id='word_1_82' title='bbox 323 1012 458 1048; x_wconf 89' lang='lat' dir='ltr'><strong>lamur.</strong></span> <span class='ocrx_word' id='word_1_83' title='bbox 480 1012 528 1047; x_wconf 92' lang='lat' dir='ltr'><strong>Et</strong></span> <span class='ocrx_word' id='word_1_84' title='bbox 556 1010 610 1047; x_wconf 91' lang='lat' dir='ltr'><strong>sic</strong></span> <span class='ocrx_word' id='word_1_85' title='bbox 637 1010 778 1047; x_wconf 89' lang='lat' dir='ltr'><strong>falsitas</strong></span> <span class='ocrx_word' id='word_1_86' title='bbox 805 1009 845 1046; x_wconf 91' lang='lat' dir='ltr'><strong>in</strong></span> <span class='ocrx_word' id='word_1_87' title='bbox 873 1021 988 1046; x_wconf 92' lang='lat' dir='ltr'><strong>sensu</strong></span> <span class='ocrx_word' id='word_1_88' title='bbox 1017 1021 1096 1046; x_wconf 91' lang='lat' dir='ltr'><strong>non</strong></span> <span class='ocrx_word' id='word_1_89' title='bbox 1125 1015 1191 1045; x_wconf 92' lang='lat' dir='ltr'><strong>est.</strong></span> 
     </span>
    </p>

    <p class='ocr_par' dir='ltr' id='par_1_10' title="bbox 318 1061 1397 1219">
     <span class='ocr_line' id='line_1_18' title="bbox 379 1061 1394 1111; baseline -0.003 -10"><span class='ocrx_word' id='word_1_90' title='bbox 379 1076 413 1101; x_wconf 91' lang='lat'><strong>2.</strong></span> <span class='ocrx_word' id='word_1_91' title='bbox 444 1065 684 1111; x_wconf 66' lang='lat' dir='ltr'><strong>PRAETEREA,</strong></span> <span class='ocrx_word' id='word_1_92' title='bbox 713 1062 972 1111; x_wconf 91' lang='lat' dir='ltr'><strong>Philosophus</strong></span> <span class='ocrx_word' id='word_1_93' title='bbox 1001 1062 1101 1108; x_wconf 90' lang='lat' dir='ltr'><strong>dicit,</strong></span> <span class='ocrx_word' id='word_1_94' title='bbox 1122 1061 1161 1098; x_wconf 93' lang='lat' dir='ltr'><strong>in</strong></span> <span class='ocrx_word' id='word_1_95' title='bbox 1190 1061 1241 1098; x_wconf 95' lang='lat' dir='ltr'><strong>IV</strong></span> <span class='ocrx_word' id='word_1_96' title='bbox 1267 1062 1394 1098; x_wconf 87' lang='lat' dir='ltr'><strong>Meta—</strong></span> 
     </span>
     <span class='ocr_line' id='line_1_19' title="bbox 318 1115 1397 1167; baseline -0.004 -12"><span class='ocrx_word' id='word_1_97' title='bbox 318 1118 431 1167; x_wconf 85' lang='lat' dir='ltr'><strong>phys.</strong></span> <span class='ocrx_word' id='word_1_98' title='bbox 442 1117 473 1164; x_wconf 74' lang='lat'><strong>²¹⁶,</strong></span> <span class='ocrx_word' id='word_1_99' title='bbox 495 1118 600 1165; x_wconf 93' lang='lat' dir='ltr'><strong>quod</strong></span> <span class='ocrx_word' id='word_1_100' title='bbox 616 1116 771 1166; x_wconf 86' lang='lat' dir='ltr'><strong>salsitas</strong></span> <span class='ocrx_word' id='word_1_101' title='bbox 798 1127 874 1153; x_wconf 92' lang='lat' dir='ltr'><strong>non</strong></span> <span class='ocrx_word' id='word_1_102' title='bbox 902 1121 957 1152; x_wconf 87' lang='lat' dir='ltr'><strong>est</strong></span> <span class='ocrx_word' id='word_1_103' title='bbox 976 1115 1138 1164; x_wconf 85' lang='lat' dir='ltr'><strong>propria</strong></span> <span class='ocrx_word' id='word_1_104' title='bbox 1164 1116 1301 1161; x_wconf 87' lang='lat' dir='ltr'><strong>sensui,</strong></span> <span class='ocrx_word' id='word_1_105' title='bbox 1329 1115 1397 1152; x_wconf 86' lang='lat' dir='ltr'><strong>sed</strong></span> 
     </span>
     <span class='ocr_line' id='line_1_20' title="bbox 318 1170 555 1219; baseline -0.004 -12"><span class='ocrx_word' id='word_1_106' title='bbox 318 1170 555 1219; x_wconf 82' lang='lat' dir='ltr'><strong>phantasiae.</strong></span> 
     </span>
    </p>

    <p class='ocr_par' dir='ltr' id='par_1_11' title="bbox 323 1221 1394 1422">
     <span class='ocr_line' id='line_1_21' title="bbox 380 1221 1394 1271; baseline -0.003 -10"><span class='ocrx_word' id='word_1_107' title='bbox 380 1225 413 1261; x_wconf 86' lang='lat'><strong>3.</strong></span> <span class='ocrx_word' id='word_1_108' title='bbox 443 1224 686 1269; x_wconf 79' lang='lat' dir='ltr'><strong>PRAETEREA,</strong></span> <span class='ocrx_word' id='word_1_109' title='bbox 713 1222 752 1259; x_wconf 90' lang='lat' dir='ltr'><strong>in</strong></span> <span class='ocrx_word' id='word_1_110' title='bbox 780 1221 1031 1271; x_wconf 87' lang='lat' dir='ltr'><strong>incomplexis</strong></span> <span class='ocrx_word' id='word_1_111' title='bbox 1059 1234 1139 1259; x_wconf 92' lang='lat' dir='ltr'><strong>non</strong></span> <span class='ocrx_word' id='word_1_112' title='bbox 1167 1229 1223 1258; x_wconf 90' lang='lat' dir='ltr'><strong>est</strong></span> <span class='ocrx_word' id='word_1_113' title='bbox 1256 1234 1394 1260; x_wconf 91' lang='lat' dir='ltr'><strong>verum</strong></span> 
     </span>
     <span class='ocr_line' id='line_1_22' title="bbox 324 1275 1393 1324; baseline -0.001 -10"><span class='ocrx_word' id='word_1_114' title='bbox 324 1290 396 1314; x_wconf 89' lang='lat' dir='ltr'><strong>nec</strong></span> <span class='ocrx_word' id='word_1_115' title='bbox 424 1277 581 1323; x_wconf 89' lang='lat' dir='ltr'><strong>falsum,</strong></span> <span class='ocrx_word' id='word_1_116' title='bbox 611 1275 678 1313; x_wconf 93' lang='lat' dir='ltr'><strong>sed</strong></span> <span class='ocrx_word' id='word_1_117' title='bbox 707 1275 833 1312; x_wconf 88' lang='lat' dir='ltr'><strong>solum</strong></span> <span class='ocrx_word' id='word_1_118' title='bbox 861 1275 900 1312; x_wconf 93' lang='lat' dir='ltr'><strong>in</strong></span> <span class='ocrx_word' id='word_1_119' title='bbox 929 1275 1149 1324; x_wconf 85' lang='lat' dir='ltr'><strong>complexis.</strong></span> <span class='ocrx_word' id='word_1_120' title='bbox 1181 1275 1259 1312; x_wconf 88' lang='lat' dir='ltr'><strong>Sed</strong></span> <span class='ocrx_word' id='word_1_121' title='bbox 1289 1288 1393 1313; x_wconf 93' lang='lat' dir='ltr'><strong>com-</strong></span> 
     </span>
     <span class='ocr_line' id='line_1_23' title="bbox 323 1329 1393 1380; baseline -0.001 -13"><span class='ocrx_word' id='word_1_122' title='bbox 323 1342 469 1380; x_wconf 88' lang='lat' dir='ltr'><strong>ponere</strong></span> <span class='ocrx_word' id='word_1_123' title='bbox 490 1337 526 1366; x_wconf 89' lang='lat' dir='ltr'><strong>et</strong></span> <span class='ocrx_word' id='word_1_124' title='bbox 546 1329 716 1366; x_wconf 87' lang='lat' dir='ltr'><strong>dividere</strong></span> <span class='ocrx_word' id='word_1_125' title='bbox 737 1341 815 1365; x_wconf 93' lang='lat' dir='ltr'><strong>non</strong></span> <span class='ocrx_word' id='word_1_126' title='bbox 842 1329 1006 1378; x_wconf 88' lang='lat' dir='ltr'><strong>pertinet</strong></span> <span class='ocrx_word' id='word_1_127' title='bbox 1025 1329 1075 1366; x_wconf 89' lang='lat' dir='ltr'><strong>ad</strong></span> <span class='ocrx_word' id='word_1_128' title='bbox 1098 1341 1269 1366; x_wconf 89' lang='lat' dir='ltr'><strong>sensum.</strong></span> <span class='ocrx_word' id='word_1_129' title='bbox 1290 1330 1393 1377; x_wconf 89' lang='lat' dir='ltr'><strong>Ergo</strong></span> 
     </span>
     <span class='ocr_line' id='line_1_24' title="bbox 324 1382 878 1422; baseline -0.005 0"><span class='ocrx_word' id='word_1_130' title='bbox 324 1384 363 1422; x_wconf 92' lang='lat' dir='ltr'><strong>in</strong></span> <span class='ocrx_word' id='word_1_131' title='bbox 391 1396 506 1421; x_wconf 89' lang='lat' dir='ltr'><strong>sensu</strong></span> <span class='ocrx_word' id='word_1_132' title='bbox 534 1395 613 1420; x_wconf 91' lang='lat' dir='ltr'><strong>non</strong></span> <span class='ocrx_word' id='word_1_133' title='bbox 642 1390 698 1419; x_wconf 91' lang='lat' dir='ltr'><strong>est</strong></span> <span class='ocrx_word' id='word_1_134' title='bbox 726 1382 878 1420; x_wconf 82' lang='lat' dir='ltr'><strong>falsitas.</strong></span> 
     </span>
    </p>

    <p class='ocr_par' dir='ltr' id='par_1_12' title="bbox 85 1435 1394 1539">
     <span class='ocr_line' id='line_1_25' title="bbox 379 1435 1394 1484; baseline -0.001 -10"><span class='ocrx_word' id='word_1_135' title='bbox 379 1438 454 1474; x_wconf 76' lang='lat' dir='ltr'><strong>SED</strong></span> <span class='ocrx_word' id='word_1_136' title='bbox 482 1448 629 1474; x_wconf 79' lang='lat' dir='ltr'>CONTRA</span> <span class='ocrx_word' id='word_1_137' title='bbox 652 1447 718 1472; x_wconf 85' lang='lat' dir='ltr'><strong>EST</strong></span> <span class='ocrx_word' id='word_1_138' title='bbox 737 1435 844 1484; x_wconf 91' lang='lat' dir='ltr'><strong>quod</strong></span> <span class='ocrx_word' id='word_1_139' title='bbox 865 1435 955 1473; x_wconf 92' lang='lat' dir='ltr'><strong>dicit</strong></span> <span class='ocrx_word' id='word_1_140' title='bbox 972 1435 1217 1484; x_wconf 88' lang='lat' dir='ltr'><strong>Augustinus,</strong></span> <span class='ocrx_word' id='word_1_141' title='bbox 1239 1436 1277 1473; x_wconf 91' lang='lat' dir='ltr'><strong>in</strong></span> <span class='ocrx_word' id='word_1_142' title='bbox 1297 1436 1394 1473; x_wconf 91' lang='lat' dir='ltr'><strong>libro</strong></span> 
     </span>
     <span class='ocr_line' id='line_1_26' title="bbox 85 1489 1394 1539; baseline -0.002 -11"><span class='ocrx_word' id='word_1_143' title='bbox 85 1500 195 1528; x_wconf 71' lang='lat' dir='ltr'><strong>‘Lib-11,</strong></span> <span class='ocrx_word' id='word_1_144' title='bbox 206 1506 296 1528; x_wconf 73' lang='lat' dir='ltr'><strong>cap-w-</strong></span> <span class='ocrx_word' id='word_1_145' title='bbox 325 1490 476 1539; x_wconf 88' lang='lat' dir='ltr'><strong>Soliloq.</strong></span> <span class='ocrx_word' id='word_1_146' title='bbox 493 1489 530 1526; x_wconf 85' lang='lat'><strong>*:</strong></span> <span class='ocrx_word' id='word_1_147' title='bbox 557 1490 729 1538; x_wconf 83' lang='lat' dir='ltr'><strong>Apparet</strong></span> <span class='ocrx_word' id='word_1_148' title='bbox 755 1501 823 1526; x_wconf 91' lang='lat' dir='ltr'><strong>nos</strong></span> <span class='ocrx_word' id='word_1_149' title='bbox 851 1489 889 1526; x_wconf 89' lang='lat' dir='ltr'><strong>in</strong></span> <span class='ocrx_word' id='word_1_150' title='bbox 916 1490 1089 1526; x_wconf 85' lang='lat' dir='ltr'><strong>omnihus</strong></span> <span class='ocrx_word' id='word_1_151' title='bbox 1107 1490 1275 1527; x_wconf 83' lang='lat' dir='ltr'><strong>sensibus</strong></span> <span class='ocrx_word' id='word_1_152' title='bbox 1292 1490 1394 1527; x_wconf 89' lang='lat' dir='ltr'><strong>simi-</strong></span> 
     </span>
    </p>

    <p class='ocr_par' dir='ltr' id='par_1_13' title="bbox 324 1542 887 1591">
     <span class='ocr_line' id='line_1_27' title="bbox 324 1542 887 1591; baseline -0.004 -10"><span class='ocrx_word' id='word_1_153' title='bbox 324 1544 478 1581; x_wconf 86' lang='lat' dir='ltr'><strong>litudine</strong></span> <span class='ocrx_word' id='word_1_154' title='bbox 506 1543 740 1580; x_wconf 87' lang='lat' dir='ltr'><strong>lenocinante</strong></span> <span class='ocrx_word' id='word_1_155' title='bbox 756 1542 887 1591; x_wconf 87' lang='lat' dir='ltr'><strong>falli.-</strong></span> 
     </span>
    </p>

    <p class='ocr_par' dir='ltr' id='par_1_14' title="bbox 378 1595 1395 1643">
     <span class='ocr_line' id='line_1_28' title="bbox 378 1595 1395 1643; baseline -0.001 -9"><span class='ocrx_word' id='word_1_156' title='bbox 378 1598 604 1634; x_wconf 77' lang='lat' dir='ltr'>RESPONDEO</span> <span class='ocrx_word' id='word_1_157' title='bbox 646 1607 831 1633; x_wconf 84' lang='lat' dir='ltr'>DICENDUM</span> <span class='ocrx_word' id='word_1_158' title='bbox 873 1595 980 1643; x_wconf 93' lang='lat' dir='ltr'><strong>quod</strong></span> <span class='ocrx_word' id='word_1_159' title='bbox 1027 1595 1167 1633; x_wconf 87' lang='lat' dir='ltr'><strong>falsitas</strong></span> <span class='ocrx_word' id='word_1_160' title='bbox 1214 1608 1294 1633; x_wconf 91' lang='lat' dir='ltr'><strong>non</strong></span> <span class='ocrx_word' id='word_1_161' title='bbox 1339 1603 1395 1633; x_wconf 90' lang='lat' dir='ltr'><strong>est</strong></span> 
     </span>
    </p>

    <p class='ocr_par' dir='ltr' id='par_1_15' title="bbox 182 1648 1392 1700">
     <span class='ocr_line' id='line_1_29' title="bbox 182 1648 1392 1700; baseline -0.001 -12"><span class='ocrx_word' id='word_1_162' title='bbox 182 1667 199 1684; x_wconf 84' lang='grc' dir='ltr'>α</span> <span class='ocrx_word' id='word_1_163' title='bbox 325 1650 545 1700; x_wconf 86' lang='lat' dir='ltr'><strong>quaerenda</strong></span> <span class='ocrx_word' id='word_1_164' title='bbox 572 1649 611 1686; x_wconf 91' lang='lat' dir='ltr'><strong>in</strong></span> <span class='ocrx_word' id='word_1_165' title='bbox 643 1661 779 1696; x_wconf 86' lang='lat' dir='ltr'><strong>sensu,</strong></span> <span class='ocrx_word' id='word_1_166' title='bbox 810 1648 881 1685; x_wconf 88' lang='lat' dir='ltr'><strong>nisi</strong></span> <span class='ocrx_word' id='word_1_167' title='bbox 909 1648 1004 1686; x_wconf 89' lang='lat' dir='ltr'><strong>sicut</strong></span> <span class='ocrx_word' id='word_1_168' title='bbox 1022 1655 1039 1670; x_wconf 58' lang='grc' dir='ltr'>α</span> <span class='ocrx_word' id='word_1_169' title='bbox 1067 1649 1120 1686; x_wconf 91' lang='lat' dir='ltr'><strong>ibi</strong></span> <span class='ocrx_word' id='word_1_170' title='bbox 1157 1657 1212 1686; x_wconf 90' lang='lat' dir='ltr'><strong>est</strong></span> <span class='ocrx_word' id='word_1_171' title='bbox 1239 1649 1392 1687; x_wconf 88' lang='lat' dir='ltr'><strong>veritas.</strong></span> 
     </span>
    </p>

    <p class='ocr_par' dir='ltr' id='par_1_16' title="bbox 323 1701 1394 1806">
     <span class='ocr_line' id='line_1_30' title="bbox 323 1701 1394 1750; baseline -0.003 -8"><span class='ocrx_word' id='word_1_172' title='bbox 323 1704 472 1742; x_wconf 89' lang='lat' dir='ltr'><strong>Veritas</strong></span> <span class='ocrx_word' id='word_1_173' title='bbox 508 1710 637 1740; x_wconf 89' lang='lat' dir='ltr'><strong>autem</strong></span> <span class='ocrx_word' id='word_1_174' title='bbox 675 1714 754 1739; x_wconf 90' lang='lat' dir='ltr'><strong>non</strong></span> <span class='ocrx_word' id='word_1_175' title='bbox 783 1701 836 1739; x_wconf 92' lang='lat' dir='ltr'><strong>sic</strong></span> <span class='ocrx_word' id='word_1_176' title='bbox 865 1709 921 1739; x_wconf 92' lang='lat' dir='ltr'><strong>est</strong></span> <span class='ocrx_word' id='word_1_177' title='bbox 957 1702 996 1739; x_wconf 90' lang='lat' dir='ltr'><strong>in</strong></span> <span class='ocrx_word' id='word_1_178' title='bbox 1024 1715 1159 1750; x_wconf 91' lang='lat' dir='ltr'><strong>sensu,</strong></span> <span class='ocrx_word' id='word_1_179' title='bbox 1185 1710 1227 1740; x_wconf 92' lang='lat' dir='ltr'><strong>ut</strong></span> <span class='ocrx_word' id='word_1_180' title='bbox 1258 1715 1394 1740; x_wconf 89' lang='lat' dir='ltr'><strong>sensus</strong></span> 
     </span>
     <span class='ocr_line' id='line_1_31' title="bbox 325 1755 1394 1806; baseline -0.001 -11"><span class='ocrx_word' id='word_1_181' title='bbox 325 1765 530 1806; x_wconf 87' lang='lat' dir='ltr'><strong>cognoscat</strong></span> <span class='ocrx_word' id='word_1_182' title='bbox 565 1756 783 1802; x_wconf 88' lang='lat' dir='ltr'><strong>veritatem;</strong></span> <span class='ocrx_word' id='word_1_183' title='bbox 813 1755 880 1792; x_wconf 93' lang='lat' dir='ltr'><strong>sed</strong></span> <span class='ocrx_word' id='word_1_184' title='bbox 909 1755 1137 1804; x_wconf 88' lang='lat' dir='ltr'><strong>inquantum</strong></span> <span class='ocrx_word' id='word_1_185' title='bbox 1164 1768 1300 1793; x_wconf 86' lang='lat' dir='ltr'><strong>veram</strong></span> <span class='ocrx_word' id='word_1_186' title='bbox 1329 1769 1394 1806; x_wconf 87' lang='lat' dir='ltr'><strong>ap-</strong></span> 
     </span>
    </p>

    <p class='ocr_par' dir='ltr' id='par_1_17' title="bbox 85 1808 1395 2071">
     <span class='ocr_line' id='line_1_32' title="bbox 85 1808 1394 1861; baseline -0.001 -13"><span class='ocrx_word' id='word_1_187' title='bbox 85 1821 94 1829; x_wconf 90' lang='lat'><strong>·</strong></span> <span class='ocrx_word' id='word_1_188' title='bbox 112 1819 297 1847; x_wconf 75' lang='lat' dir='ltr'><strong>Qu·xv1‚art-²·</strong></span> <span class='ocrx_word' id='word_1_189' title='bbox 323 1810 622 1861; x_wconf 89' lang='lat' dir='ltr'><strong>prehensionem</strong></span> <span class='ocrx_word' id='word_1_190' title='bbox 656 1809 772 1846; x_wconf 88' lang='lat' dir='ltr'><strong>habet</strong></span> <span class='ocrx_word' id='word_1_191' title='bbox 799 1808 847 1846; x_wconf 91' lang='lat' dir='ltr'><strong>de</strong></span> <span class='ocrx_word' id='word_1_192' title='bbox 876 1809 1139 1857; x_wconf 86' lang='lat' dir='ltr'><strong>sensibilibus,</strong></span> <span class='ocrx_word' id='word_1_193' title='bbox 1171 1817 1215 1846; x_wconf 94' lang='lat' dir='ltr'><strong>ut</strong></span> <span class='ocrx_word' id='word_1_194' title='bbox 1238 1822 1354 1859; x_wconf 92' lang='lat' dir='ltr'><strong>supra</strong></span> <span class='ocrx_word' id='word_1_195' title='bbox 1374 1810 1394 1831; x_wconf 75' lang='lat'><strong>‘⁶</strong></span> 
     </span>
     <span class='ocr_line' id='line_1_33' title="bbox 326 1862 1394 1913; baseline -0.001 -12"><span class='ocrx_word' id='word_1_196' title='bbox 326 1865 471 1902; x_wconf 90' lang='lat' dir='ltr'><strong>dictum</strong></span> <span class='ocrx_word' id='word_1_197' title='bbox 500 1870 566 1901; x_wconf 92' lang='lat' dir='ltr'><strong>est.</strong></span> <span class='ocrx_word' id='word_1_198' title='bbox 598 1862 716 1910; x_wconf 90' lang='lat' dir='ltr'><strong>Quod</strong></span> <span class='ocrx_word' id='word_1_199' title='bbox 744 1862 902 1911; x_wconf 90' lang='lat' dir='ltr'><strong>quidem</strong></span> <span class='ocrx_word' id='word_1_200' title='bbox 933 1863 1114 1911; x_wconf 87' lang='lat' dir='ltr'><strong>contingit</strong></span> <span class='ocrx_word' id='word_1_201' title='bbox 1138 1875 1184 1900; x_wconf 92' lang='lat' dir='ltr'><strong>eo</strong></span> <span class='ocrx_word' id='word_1_202' title='bbox 1204 1864 1309 1912; x_wconf 93' lang='lat' dir='ltr'><strong>quod</strong></span> <span class='ocrx_word' id='word_1_203' title='bbox 1329 1876 1394 1913; x_wconf 88' lang='lat' dir='ltr'><strong>ap-</strong></span> 
     </span>
     <span class='ocr_line' id='line_1_34' title="bbox 324 1915 1394 1967; baseline -0.001 -12"><span class='ocrx_word' id='word_1_204' title='bbox 324 1916 527 1967; x_wconf 88' lang='lat' dir='ltr'><strong>prehendit</strong></span> <span class='ocrx_word' id='word_1_205' title='bbox 555 1928 614 1953; x_wconf 91' lang='lat' dir='ltr'><strong>res</strong></span> <span class='ocrx_word' id='word_1_206' title='bbox 642 1923 684 1952; x_wconf 90' lang='lat' dir='ltr'><strong>ut</strong></span> <span class='ocrx_word' id='word_1_207' title='bbox 711 1923 810 1953; x_wconf 90' lang='lat' dir='ltr'><strong>sunt.</strong></span> <span class='ocrx_word' id='word_1_208' title='bbox 839 1915 952 1953; x_wconf 88' lang='lat' dir='ltr'><strong>Unde</strong></span> <span class='ocrx_word' id='word_1_209' title='bbox 982 1916 1163 1965; x_wconf 89' lang='lat' dir='ltr'><strong>contingit</strong></span> <span class='ocrx_word' id='word_1_210' title='bbox 1194 1917 1394 1954; x_wconf 86' lang='lat' dir='ltr'><strong>falsitatem</strong></span> 
     </span>
     <span class='ocr_line' id='line_1_35' title="bbox 326 1969 1395 2018; baseline -0.001 -10"><span class='ocrx_word' id='word_1_211' title='bbox 326 1984 410 2008; x_wconf 90' lang='lat' dir='ltr'><strong>esse</strong></span> <span class='ocrx_word' id='word_1_212' title='bbox 429 1971 468 2008; x_wconf 91' lang='lat' dir='ltr'><strong>in</strong></span> <span class='ocrx_word' id='word_1_213' title='bbox 496 1982 623 2016; x_wconf 90' lang='lat' dir='ltr'><strong>sensu,</strong></span> <span class='ocrx_word' id='word_1_214' title='bbox 650 1981 696 2006; x_wconf 89' lang='lat' dir='ltr'><strong>ex</strong></span> <span class='ocrx_word' id='word_1_215' title='bbox 714 1970 790 2006; x_wconf 91' lang='lat' dir='ltr'><strong>hoc</strong></span> <span class='ocrx_word' id='word_1_216' title='bbox 809 1971 916 2017; x_wconf 92' lang='lat' dir='ltr'><strong>quod</strong></span> <span class='ocrx_word' id='word_1_217' title='bbox 935 1969 1190 2018; x_wconf 88' lang='lat' dir='ltr'><strong>apprehendit</strong></span> <span class='ocrx_word' id='word_1_218' title='bbox 1207 1971 1271 2007; x_wconf 88' lang='lat' dir='ltr'><strong>vel</strong></span> <span class='ocrx_word' id='word_1_219' title='bbox 1299 1970 1395 2007; x_wconf 92' lang='lat' dir='ltr'><strong>iudi-</strong></span> 
     </span>
     <span class='ocr_line' id='line_1_36' title="bbox 327 2022 866 2071; baseline -0.006 -9"><span class='ocrx_word' id='word_1_220' title='bbox 327 2032 386 2062; x_wconf 91' lang='lat' dir='ltr'><strong>cat</strong></span> <span class='ocrx_word' id='word_1_221' title='bbox 414 2036 473 2061; x_wconf 90' lang='lat' dir='ltr'><strong>res</strong></span> <span class='ocrx_word' id='word_1_222' title='bbox 502 2023 608 2060; x_wconf 90' lang='lat' dir='ltr'><strong>aliter</strong></span> <span class='ocrx_word' id='word_1_223' title='bbox 636 2035 755 2071; x_wconf 91' lang='lat' dir='ltr'><strong>quam</strong></span> <span class='ocrx_word' id='word_1_224' title='bbox 783 2022 866 2059; x_wconf 90' lang='lat' dir='ltr'><strong>sint.</strong></span> 
     </span>
    </p>

    <p class='ocr_par' dir='ltr' id='par_1_18' title="bbox 327 2075 1398 2284">
     <span class='ocr_line' id='line_1_37' title="bbox 381 2075 1395 2124; baseline -0.002 -9"><span class='ocrx_word' id='word_1_225' title='bbox 381 2078 444 2115; x_wconf 90' lang='lat' dir='ltr'><strong>Sic</strong></span> <span class='ocrx_word' id='word_1_226' title='bbox 472 2085 601 2114; x_wconf 88' lang='lat' dir='ltr'><strong>autem</strong></span> <span class='ocrx_word' id='word_1_227' title='bbox 620 2088 660 2113; x_wconf 94' lang='lat' dir='ltr'><strong>se</strong></span> <span class='ocrx_word' id='word_1_228' title='bbox 680 2076 797 2113; x_wconf 90' lang='lat' dir='ltr'><strong>habet</strong></span> <span class='ocrx_word' id='word_1_229' title='bbox 825 2075 875 2113; x_wconf 89' lang='lat' dir='ltr'><strong>ad</strong></span> <span class='ocrx_word' id='word_1_230' title='bbox 904 2075 1218 2124; x_wconf 89' lang='lat' dir='ltr'><strong>cognoscendum</strong></span> <span class='ocrx_word' id='word_1_231' title='bbox 1247 2088 1318 2123; x_wconf 92' lang='lat' dir='ltr'><strong>res,</strong></span> <span class='ocrx_word' id='word_1_232' title='bbox 1340 2075 1395 2113; x_wconf 91' lang='lat' dir='ltr'><strong>in-</strong></span> 
     </span>
     <span class='ocr_line' id='line_1_38' title="bbox 327 2128 1395 2180; baseline -0.002 -12"><span class='ocrx_word' id='word_1_233' title='bbox 327 2138 513 2180; x_wconf 89' lang='lat' dir='ltr'><strong>quantum</strong></span> <span class='ocrx_word' id='word_1_234' title='bbox 545 2129 752 2167; x_wconf 90' lang='lat' dir='ltr'><strong>similitudo</strong></span> <span class='ocrx_word' id='word_1_235' title='bbox 786 2141 915 2166; x_wconf 91' lang='lat' dir='ltr'><strong>rerum</strong></span> <span class='ocrx_word' id='word_1_236' title='bbox 945 2137 1001 2166; x_wconf 92' lang='lat' dir='ltr'><strong>est</strong></span> <span class='ocrx_word' id='word_1_237' title='bbox 1028 2128 1067 2166; x_wconf 91' lang='lat' dir='ltr'><strong>in</strong></span> <span class='ocrx_word' id='word_1_238' title='bbox 1095 2141 1221 2166; x_wconf 91' lang='lat' dir='ltr'><strong>sensu.</strong></span> <span class='ocrx_word' id='word_1_239' title='bbox 1257 2129 1395 2167; x_wconf 93' lang='lat' dir='ltr'><strong>Simili-</strong></span> 
     </span>
     <span class='ocr_line' id='line_1_39' title="bbox 327 2182 1395 2231; baseline -0.002 -9"><span class='ocrx_word' id='word_1_240' title='bbox 327 2185 420 2222; x_wconf 92' lang='lat' dir='ltr'><strong>tudo</strong></span> <span class='ocrx_word' id='word_1_241' title='bbox 455 2190 582 2220; x_wconf 89' lang='lat' dir='ltr'><strong>autem</strong></span> <span class='ocrx_word' id='word_1_242' title='bbox 619 2182 775 2220; x_wconf 92' lang='lat' dir='ltr'><strong>alicuius</strong></span> <span class='ocrx_word' id='word_1_243' title='bbox 810 2182 864 2219; x_wconf 91' lang='lat' dir='ltr'><strong>rei</strong></span> <span class='ocrx_word' id='word_1_244' title='bbox 897 2190 954 2220; x_wconf 91' lang='lat' dir='ltr'><strong>est</strong></span> <span class='ocrx_word' id='word_1_245' title='bbox 981 2182 1020 2220; x_wconf 90' lang='lat' dir='ltr'><strong>in</strong></span> <span class='ocrx_word' id='word_1_246' title='bbox 1049 2194 1164 2220; x_wconf 91' lang='lat' dir='ltr'><strong>sensu</strong></span> <span class='ocrx_word' id='word_1_247' title='bbox 1192 2182 1395 2231; x_wconf 89' lang='lat' dir='ltr'><strong>tripliciter.</strong></span> 
     </span>
     <span class='ocr_line' id='line_1_40' title="bbox 327 2233 1398 2284; baseline -0.002 -9"><span class='ocrx_word' id='word_1_248' title='bbox 327 2238 415 2276; x_wconf 92' lang='lat' dir='ltr'><strong>Uno</strong></span> <span class='ocrx_word' id='word_1_249' title='bbox 445 2237 587 2283; x_wconf 92' lang='lat' dir='ltr'><strong>mod0,</strong></span> <span class='ocrx_word' id='word_1_250' title='bbox 622 2235 749 2284; x_wconf 91' lang='lat' dir='ltr'><strong>primo</strong></span> <span class='ocrx_word' id='word_1_251' title='bbox 779 2242 815 2272; x_wconf 94' lang='lat' dir='ltr'><strong>et</strong></span> <span class='ocrx_word' id='word_1_252' title='bbox 842 2233 1001 2284; x_wconf 64' lang='lat' dir='ltr'><strong>per&#39;se3</strong></span> <span class='ocrx_word' id='word_1_253' title='bbox 1032 2235 1128 2272; x_wconf 91' lang='lat' dir='ltr'><strong>sicut</strong></span> <span class='ocrx_word' id='word_1_254' title='bbox 1159 2235 1198 2272; x_wconf 92' lang='lat' dir='ltr'><strong>in</strong></span> <span class='ocrx_word' id='word_1_255' title='bbox 1225 2236 1312 2273; x_wconf 84' lang='lat' dir='ltr'><strong>visu</strong></span> <span class='ocrx_word' id='word_1_256' title='bbox 1342 2243 1398 2273; x_wconf 91' lang='lat' dir='ltr'><strong>est</strong></span> 
     </span>
    </p>
   </div>
   <div class='ocr_carea' id='block_1_10' title="bbox 338 706 351 850">
    <p class='ocr_par' dir='ltr' id='par_1_19' title="bbox 338 706 351 850">
     <span class='ocr_line' id='line_1_41' title="bbox 338 706 351 850; baseline 0 3328"><span class='ocrx_word' id='word_1_257' title='bbox 338 706 351 850; x_wconf 95' lang='lat' dir='ltr'><strong> </strong></span> 
     </span>
    </p>
   </div>
   <div class='ocr_carea' id='block_1_11' title="bbox 83 799 263 827">
    <p class='ocr_par' dir='ltr' id='par_1_20' title="bbox 83 799 263 827">
     <span class='ocr_line' id='line_1_42' title="bbox 83 799 263 827; baseline -0.017 -5"><span class='ocrx_word' id='word_1_258' title='bbox 83 799 94 810; x_wconf 77' lang='lat'><strong><em>&#39;</em></strong></span> <span class='ocrx_word' id='word_1_259' title='bbox 110 799 167 827; x_wconf 85' lang='lat' dir='ltr'><strong>Cap.</strong></span> <span class='ocrx_word' id='word_1_260' title='bbox 183 804 263 820; x_wconf 82' lang='lat' dir='ltr'><strong>xxxin.</strong></span> 
     </span>
    </p>
   </div>
   <div class='ocr_carea' id='block_1_12' title="bbox 84 1121 295 1203">
    <p class='ocr_par' dir='ltr' id='par_1_21' title="bbox 84 1121 295 1203">
     <span class='ocr_line' id='line_1_43' title="bbox 84 1121 295 1144; baseline -0.009 1"><span class='ocrx_word' id='word_1_261' title='bbox 84 1123 95 1134; x_wconf 78' lang='lat'>⁸</span> <span class='ocrx_word' id='word_1_262' title='bbox 104 1122 167 1144; x_wconf 86' lang='lat' dir='ltr'><strong>Lect.</strong></span> <span class='ocrx_word' id='word_1_263' title='bbox 174 1128 236 1144; x_wconf 70' lang='grc' dir='ltr'>ιη’.-</span> <span class='ocrx_word' id='word_1_264' title='bbox 242 1121 295 1144; x_wconf 87' lang='lat' dir='ltr'><strong>Did.</strong></span> 
     </span>
     <span class='ocr_line' id='line_1_44' title="bbox 85 1149 295 1203; baseline -0.005 -32"><span class='ocrx_word' id='word_1_265' title='bbox 85 1149 182 1203; x_wconf 39' lang='lat' dir='ltr'><strong>{iuml-11,</strong></span> <span class='ocrx_word' id='word_1_266' title='bbox 203 1154 254 1176; x_wconf 80' lang='lat' dir='ltr'><strong>cap.</strong></span> <span class='ocrx_word' id='word_1_267' title='bbox 269 1155 295 1175; x_wconf 78' lang='lat' dir='ltr'><strong>v,</strong></span> 
     </span>
    </p>
   </div>
   <div class='ocr_carea' id='block_1_13' title="bbox 185 2287 1397 2497">
    <p class='ocr_par' dir='ltr' id='par_1_22' title="bbox 185 2287 1397 2391">
     <span class='ocr_line' id='line_1_45' title="bbox 187 2287 1397 2337; baseline -0.002 -9"><span class='ocrx_word' id='word_1_268' title='bbox 187 2295 202 2327; x_wconf 75' lang='grc' dir='ltr'><strong>β</strong></span> <span class='ocrx_word' id='word_1_269' title='bbox 329 2290 535 2328; x_wconf 87' lang='lat' dir='ltr'><strong>similitudo</strong></span> <span class='ocrx_word' id='word_1_270' title='bbox 556 2289 730 2325; x_wconf 90' lang='lat' dir='ltr'><strong>colorum</strong></span> <span class='ocrx_word' id='word_1_271' title='bbox 748 2287 765 2317; x_wconf 70' lang='grc' dir='ltr'><em>Ρ</em></span> <span class='ocrx_word' id='word_1_272' title='bbox 794 2296 831 2325; x_wconf 90' lang='lat' dir='ltr'><strong>et</strong></span> <span class='ocrx_word' id='word_1_273' title='bbox 850 2288 1013 2325; x_wconf 87' lang='lat' dir='ltr'><strong>aliorum</strong></span> <span class='ocrx_word' id='word_1_274' title='bbox 1036 2288 1284 2337; x_wconf 92' lang='lat' dir='ltr'><strong>propriorum</strong></span> <span class='ocrx_word' id='word_1_275' title='bbox 1312 2301 1397 2325; x_wconf 92' lang='lat' dir='ltr'><strong>sen-</strong></span> 
     </span>
     <span class='ocr_line' id='line_1_46' title="bbox 185 2341 1395 2391; baseline -0.004 -9"><span class='ocrx_word' id='word_1_276' title='bbox 185 2356 203 2382; x_wconf 76' lang='grc' dir='ltr'>γ</span> <span class='ocrx_word' id='word_1_277' title='bbox 330 2343 505 2381; x_wconf 90' lang='lat' dir='ltr'><strong>sibilium.</strong></span> <span class='ocrx_word' id='word_1_278' title='bbox 541 2342 627 2378; x_wconf 93' lang='lat' dir='ltr'><strong>Alio</strong></span> <span class='ocrx_word' id='word_1_279' title='bbox 657 2341 777 2378; x_wconf 91' lang='lat' dir='ltr'><strong>modo</strong></span> <span class='ocrx_word' id='word_1_280' title='bbox 797 2346 827 2387; x_wconf 81' lang='lat'><strong>⁷,</strong></span> <span class='ocrx_word' id='word_1_281' title='bbox 857 2353 927 2390; x_wconf 92' lang='lat' dir='ltr'><strong>per</strong></span> <span class='ocrx_word' id='word_1_282' title='bbox 955 2354 1016 2389; x_wconf 90' lang='lat' dir='ltr'><strong>se,</strong></span> <span class='ocrx_word' id='word_1_283' title='bbox 1046 2342 1113 2385; x_wconf 88' lang='lat' dir='ltr'><strong>sed</strong></span> <span class='ocrx_word' id='word_1_284' title='bbox 1142 2354 1221 2378; x_wconf 92' lang='lat' dir='ltr'><strong>non</strong></span> <span class='ocrx_word' id='word_1_285' title='bbox 1247 2341 1395 2391; x_wconf 89' lang='lat' dir='ltr'><strong>primo;</strong></span> 
     </span>
    </p>

    <p class='ocr_par' dir='ltr' id='par_1_23' title="bbox 188 2394 1397 2497">
     <span class='ocr_line' id='line_1_47' title="bbox 329 2394 1397 2443; baseline -0.002 -9"><span class='ocrx_word' id='word_1_286' title='bbox 329 2397 425 2434; x_wconf 87' lang='lat' dir='ltr'><strong>sicut</strong></span> <span class='ocrx_word' id='word_1_287' title='bbox 443 2396 481 2433; x_wconf 91' lang='lat' dir='ltr'><strong>in</strong></span> <span class='ocrx_word' id='word_1_288' title='bbox 499 2396 585 2434; x_wconf 88' lang='lat' dir='ltr'><strong>visu</strong></span> <span class='ocrx_word' id='word_1_289' title='bbox 609 2402 665 2433; x_wconf 89' lang='lat' dir='ltr'><strong>est</strong></span> <span class='ocrx_word' id='word_1_290' title='bbox 692 2394 897 2432; x_wconf 90' lang='lat' dir='ltr'><strong>similitudo</strong></span> <span class='ocrx_word' id='word_1_291' title='bbox 925 2395 1069 2443; x_wconf 89' lang='lat' dir='ltr'><strong>figurae</strong></span> <span class='ocrx_word' id='word_1_292' title='bbox 1088 2395 1151 2432; x_wconf 89' lang='lat' dir='ltr'><strong>vel</strong></span> <span class='ocrx_word' id='word_1_293' title='bbox 1171 2394 1397 2443; x_wconf 86' lang='lat' dir='ltr'><strong>magnitudi-</strong></span> 
     </span>
     <span class='ocr_line' id='line_1_48' title="bbox 188 2445 1396 2497; baseline -0.002 -9"><span class='ocrx_word' id='word_1_294' title='bbox 188 2453 203 2478; x_wconf 75' lang='grc' dir='ltr'><strong>ὅ</strong></span> <span class='ocrx_word' id='word_1_295' title='bbox 328 2450 398 2497; x_wconf 92' lang='lat' dir='ltr'><strong>nis,</strong></span> <span class='ocrx_word' id='word_1_296' title='bbox 420 2457 456 2487; x_wconf 88' lang='lat' dir='ltr'><strong>et</strong></span> <span class='ocrx_word' id='word_1_297' title='bbox 475 2449 637 2486; x_wconf 89' lang='lat' dir='ltr'><strong>aliorum</strong></span> <span class='ocrx_word' id='word_1_298' title='bbox 660 2447 926 2485; x_wconf 90' lang='lat' dir='ltr'><strong>communium</strong></span> <span class='ocrx_word' id='word_1_299' title='bbox 954 2448 1189 2485; x_wconf 88' lang='lat' dir='ltr'><strong>sensibilium</strong></span> <span class='ocrx_word' id='word_1_300' title='bbox 1209 2445 1233 2485; x_wconf 64' lang='grc' dir='ltr'><strong>δ.</strong></span> <span class='ocrx_word' id='word_1_301' title='bbox 1264 2448 1396 2486; x_wconf 90' lang='lat' dir='ltr'><strong>Tertio</strong></span> 
     </span>
    </p>
   </div>
   <div class='ocr_carea' id='block_1_14' title="bbox 328 2501 1398 2658">
    <p class='ocr_par' dir='ltr' id='par_1_24' title="bbox 328 2501 1398 2658">
     <span class='ocr_line' id='line_1_49' title="bbox 329 2501 1396 2551; baseline -0.003 -10"><span class='ocrx_word' id='word_1_302' title='bbox 329 2503 462 2550; x_wconf 89' lang='lat' dir='ltr'><strong>modo,</strong></span> <span class='ocrx_word' id='word_1_303' title='bbox 483 2515 554 2544; x_wconf 81' lang='lat' dir='ltr'><strong>nec</strong></span> <span class='ocrx_word' id='word_1_304' title='bbox 574 2502 700 2551; x_wconf 91' lang='lat' dir='ltr'><strong>primo</strong></span> <span class='ocrx_word' id='word_1_305' title='bbox 729 2514 800 2538; x_wconf 91' lang='lat' dir='ltr'><strong>nec</strong></span> <span class='ocrx_word' id='word_1_306' title='bbox 829 2514 898 2550; x_wconf 92' lang='lat' dir='ltr'><strong>per</strong></span> <span class='ocrx_word' id='word_1_307' title='bbox 925 2513 978 2549; x_wconf 91' lang='lat' dir='ltr'><strong>se,</strong></span> <span class='ocrx_word' id='word_1_308' title='bbox 1004 2503 1071 2539; x_wconf 92' lang='lat' dir='ltr'><strong>sed</strong></span> <span class='ocrx_word' id='word_1_309' title='bbox 1100 2514 1169 2551; x_wconf 89' lang='lat' dir='ltr'><strong>per</strong></span> <span class='ocrx_word' id='word_1_310' title='bbox 1197 2501 1396 2547; x_wconf 90' lang='lat' dir='ltr'><strong>accidens;</strong></span> 
     </span>
     <span class='ocr_line' id='line_1_50' title="bbox 329 2554 1397 2604; baseline -0.002 -10"><span class='ocrx_word' id='word_1_311' title='bbox 329 2557 424 2594; x_wconf 92' lang='lat' dir='ltr'><strong>sicut</strong></span> <span class='ocrx_word' id='word_1_312' title='bbox 452 2556 490 2593; x_wconf 91' lang='lat' dir='ltr'><strong>in</strong></span> <span class='ocrx_word' id='word_1_313' title='bbox 517 2555 604 2593; x_wconf 91' lang='lat' dir='ltr'><strong>visu</strong></span> <span class='ocrx_word' id='word_1_314' title='bbox 633 2563 688 2592; x_wconf 92' lang='lat' dir='ltr'><strong>est</strong></span> <span class='ocrx_word' id='word_1_315' title='bbox 712 2554 919 2592; x_wconf 90' lang='lat' dir='ltr'><strong>similitudo</strong></span> <span class='ocrx_word' id='word_1_316' title='bbox 939 2555 1119 2603; x_wconf 89' lang='lat' dir='ltr'><strong>hominis,</strong></span> <span class='ocrx_word' id='word_1_317' title='bbox 1139 2567 1218 2592; x_wconf 92' lang='lat' dir='ltr'><strong>non</strong></span> <span class='ocrx_word' id='word_1_318' title='bbox 1237 2555 1397 2604; x_wconf 89' lang='lat' dir='ltr'><strong>inquan-</strong></span> 
     </span>
     <span class='ocr_line' id='line_1_51' title="bbox 328 2608 1398 2658; baseline -0.002 -11"><span class='ocrx_word' id='word_1_319' title='bbox 328 2618 411 2647; x_wconf 89' lang='lat' dir='ltr'><strong>tum</strong></span> <span class='ocrx_word' id='word_1_320' title='bbox 433 2617 487 2646; x_wconf 91' lang='lat' dir='ltr'><strong>est</strong></span> <span class='ocrx_word' id='word_1_321' title='bbox 506 2610 639 2656; x_wconf 91' lang='lat' dir='ltr'><strong>homo,</strong></span> <span class='ocrx_word' id='word_1_322' title='bbox 669 2608 738 2646; x_wconf 87' lang='lat' dir='ltr'><strong>sed</strong></span> <span class='ocrx_word' id='word_1_323' title='bbox 765 2608 992 2658; x_wconf 89' lang='lat' dir='ltr'><strong>inquantum</strong></span> <span class='ocrx_word' id='word_1_324' title='bbox 1021 2608 1110 2645; x_wconf 92' lang='lat' dir='ltr'><strong>huic</strong></span> <span class='ocrx_word' id='word_1_325' title='bbox 1139 2609 1309 2645; x_wconf 92' lang='lat' dir='ltr'><strong>colorato</strong></span> <span class='ocrx_word' id='word_1_326' title='bbox 1338 2621 1398 2645; x_wconf 92' lang='lat' dir='ltr'><strong>ac-</strong></span> 
     </span>
    </p>
   </div>
   <div class='ocr_carea' id='block_1_15' title="bbox 323 2722 1400 3005">
    <p class='ocr_par' dir='ltr' id='par_1_25' title="bbox 329 2722 1400 2786">
     <span class='ocr_line' id='line_1_52' title="bbox 383 2722 1400 2756; baseline 0.001 -8"><span class='ocrx_word' id='word_1_327' title='bbox 383 2725 410 2756; x_wconf 87' lang='grc' dir='ltr'><strong>α)</strong></span> <span class='ocrx_word' id='word_1_328' title='bbox 430 2724 507 2749; x_wconf 82' lang='lat' dir='ltr'><strong>sicut.</strong></span> <span class='ocrx_word' id='word_1_329' title='bbox 525 2737 544 2742; x_wconf 98' lang='lat'>-</span> <span class='ocrx_word' id='word_1_330' title='bbox 561 2723 706 2748; x_wconf 84' lang='lat' dir='ltr'><strong>secundum</strong></span> <span class='ocrx_word' id='word_1_331' title='bbox 730 2722 803 2756; x_wconf 80' lang='lat' dir='ltr'><strong>quod</strong></span> <span class='ocrx_word' id='word_1_332' title='bbox 821 2723 858 2754; x_wconf 84' lang='lat' dir='ltr'><strong>G,</strong></span> <span class='ocrx_word' id='word_1_333' title='bbox 876 2722 956 2748; x_wconf 80' lang='lat' dir='ltr'><strong>sicuti</strong></span> <span class='ocrx_word' id='word_1_334' title='bbox 975 2723 1020 2748; x_wconf 86' lang='lat' dir='ltr'><strong>Pb.</strong></span> <span class='ocrx_word' id='word_1_335' title='bbox 1038 2737 1058 2742; x_wconf 96' lang='lat'><em>-</em></span> <span class='ocrx_word' id='word_1_336' title='bbox 1075 2723 1127 2748; x_wconf 90' lang='lat' dir='ltr'><strong>Pro</strong></span> <span class='ocrx_word' id='word_1_337' title='bbox 1147 2726 1176 2748; x_wconf 80' lang='lat' dir='ltr'><strong>ut</strong></span> <span class='ocrx_word' id='word_1_338' title='bbox 1200 2731 1310 2755; x_wconf 79' lang='lat' dir='ltr'><strong>sensus,</strong></span> <span class='ocrx_word' id='word_1_339' title='bbox 1327 2723 1400 2756; x_wconf 81' lang='lat' dir='ltr'><strong>quod</strong></span> 
     </span>
     <span class='ocr_line' id='line_1_53' title="bbox 329 2759 552 2786; baseline -0.013 0"><span class='ocrx_word' id='word_1_340' title='bbox 329 2766 421 2786; x_wconf 81' lang='lat' dir='ltr'><strong>sensus</strong></span> <span class='ocrx_word' id='word_1_341' title='bbox 440 2759 552 2784; x_wconf 84' lang='lat' dir='ltr'><strong>codices.</strong></span> 
     </span>
    </p>

    <p class='ocr_par' dir='ltr' id='par_1_26' title="bbox 383 2793 1109 2828">
     <span class='ocr_line' id='line_1_54' title="bbox 383 2793 1109 2828; baseline -0.006 -8"><span class='ocrx_word' id='word_1_342' title='bbox 383 2793 408 2828; x_wconf 84' lang='grc' dir='ltr'><strong>β)</strong></span> <span class='ocrx_word' id='word_1_343' title='bbox 427 2795 555 2820; x_wconf 82' lang='lat' dir='ltr'><strong>colorum.</strong></span> <span class='ocrx_word' id='word_1_344' title='bbox 572 2807 591 2814; x_wconf 94' lang='lat'><em>-</em></span> <span class='ocrx_word' id='word_1_345' title='bbox 608 2794 705 2819; x_wconf 78' lang='lat' dir='ltr'><strong>coloris</strong></span> <span class='ocrx_word' id='word_1_346' title='bbox 724 2793 835 2818; x_wconf 88' lang='lat' dir='ltr'><strong>codices.</strong></span> <span class='ocrx_word' id='word_1_347' title='bbox 1106 2812 1109 2816; x_wconf 92' lang='lat'><strong>.</strong></span> 
     </span>
    </p>

    <p class='ocr_par' dir='ltr' id='par_1_27' title="bbox 382 2828 1219 2864">
     <span class='ocr_line' id='line_1_55' title="bbox 382 2828 1219 2864; baseline 0.001 -10"><span class='ocrx_word' id='word_1_348' title='bbox 382 2830 409 2864; x_wconf 83' lang='grc' dir='ltr'><strong>γ)</strong></span> <span class='ocrx_word' id='word_1_349' title='bbox 428 2830 488 2854; x_wconf 82' lang='lat' dir='ltr'><strong>Alio</strong></span> <span class='ocrx_word' id='word_1_350' title='bbox 508 2829 595 2854; x_wconf 85' lang='lat' dir='ltr'><strong>modo.</strong></span> <span class='ocrx_word' id='word_1_351' title='bbox 613 2843 632 2848; x_wconf 97' lang='lat'><em>-</em></span> <span class='ocrx_word' id='word_1_352' title='bbox 652 2829 687 2854; x_wconf 79' lang='lat' dir='ltr'><strong>Et</strong></span> <span class='ocrx_word' id='word_1_353' title='bbox 705 2829 759 2854; x_wconf 87' lang='lat' dir='ltr'><strong>alio</strong></span> <span class='ocrx_word' id='word_1_354' title='bbox 778 2829 857 2854; x_wconf 83' lang='lat' dir='ltr'><strong>modo</strong></span> <span class='ocrx_word' id='word_1_355' title='bbox 877 2828 922 2853; x_wconf 81' lang='lat' dir='ltr'><strong>Pb.</strong></span> <span class='ocrx_word' id='word_1_356' title='bbox 939 2842 958 2849; x_wconf 96' lang='lat'><em>-</em></span> <span class='ocrx_word' id='word_1_357' title='bbox 976 2830 1027 2854; x_wconf 87' lang='lat' dir='ltr'><strong>Pro</strong></span> <span class='ocrx_word' id='word_1_358' title='bbox 1045 2829 1100 2860; x_wconf 83' lang='lat' dir='ltr'><strong>sed,</strong></span> <span class='ocrx_word' id='word_1_359' title='bbox 1120 2832 1147 2855; x_wconf 78' lang='lat' dir='ltr'><strong>et</strong></span> <span class='ocrx_word' id='word_1_360' title='bbox 1164 2829 1219 2855; x_wconf 85' lang='lat' dir='ltr'><strong>FG.</strong></span> 
     </span>
    </p>

    <p class='ocr_par' dir='ltr' id='par_1_28' title="bbox 382 2864 1032 2898">
     <span class='ocr_line' id='line_1_56' title="bbox 382 2864 1032 2898; baseline -0.002 -8"><span class='ocrx_word' id='word_1_361' title='bbox 382 2865 406 2898; x_wconf 83' lang='grc' dir='ltr'><strong>δ)</strong></span> <span class='ocrx_word' id='word_1_362' title='bbox 426 2865 596 2890; x_wconf 80' lang='lat' dir='ltr'><strong>sensibilium.</strong></span> <span class='ocrx_word' id='word_1_363' title='bbox 613 2879 632 2884; x_wconf 99' lang='lat'><em>-</em></span> <span class='ocrx_word' id='word_1_364' title='bbox 649 2864 811 2890; x_wconf 75' lang='lat' dir='ltr'><strong>sensibuium</strong></span> <span class='ocrx_word' id='word_1_365' title='bbox 832 2865 949 2889; x_wconf 82' lang='lat' dir='ltr'><strong>omnium</strong></span> <span class='ocrx_word' id='word_1_366' title='bbox 969 2865 1032 2890; x_wconf 84' lang='lat' dir='ltr'><strong>Pab.</strong></span> 
     </span>
    </p>

    <p class='ocr_par' dir='ltr' id='par_1_29' title="bbox 323 2899 1398 2971">
     <span class='ocr_line' id='line_1_57' title="bbox 383 2899 1398 2934; baseline 0 -9"><span class='ocrx_word' id='word_1_367' title='bbox 383 2902 405 2933; x_wconf 85' lang='grc' dir='ltr'><strong>ε)</strong></span> <span class='ocrx_word' id='word_1_368' title='bbox 425 2901 566 2926; x_wconf 85' lang='lat' dir='ltr'><strong>hominem.</strong></span> <span class='ocrx_word' id='word_1_369' title='bbox 585 2914 603 2920; x_wconf 96' lang='lat'>-</span> <span class='ocrx_word' id='word_1_370' title='bbox 621 2904 647 2925; x_wconf 81' lang='lat' dir='ltr'><strong>et</strong></span> <span class='ocrx_word' id='word_1_371' title='bbox 664 2900 702 2925; x_wconf 78' lang='lat' dir='ltr'><strong>sic</strong></span> <span class='ocrx_word' id='word_1_372' title='bbox 717 2899 862 2932; x_wconf 67' lang='lat' dir='ltr'><strong>perficitur</strong></span> <span class='ocrx_word' id='word_1_373' title='bbox 880 2899 1074 2933; x_wconf 67' lang='lat' dir='ltr'><strong>(percipitur-5³)</strong></span> <span class='ocrx_word' id='word_1_374' title='bbox 1096 2901 1200 2926; x_wconf 60' lang='lat' dir='ltr'><strong>(leonis</strong></span> <span class='ocrx_word' id='word_1_375' title='bbox 1219 2900 1261 2925; x_wconf 77' lang='lat' dir='ltr'><strong>vel</strong></span> <span class='ocrx_word' id='word_1_376' title='bbox 1280 2899 1398 2934; x_wconf 78' lang='lat' dir='ltr'><strong>Dyarrii</strong></span> 
     </span>
     <span class='ocr_line' id='line_1_58' title="bbox 323 2935 1285 2971; baseline 0 -9"><span class='ocrx_word' id='word_1_377' title='bbox 323 2937 399 2971; x_wconf 82' lang='lat' dir='ltr'><strong>filius</strong></span> <span class='ocrx_word' id='word_1_378' title='bbox 418 2937 487 2961; x_wconf 80' lang='lat' dir='ltr'><strong>addit</strong></span> <span class='ocrx_word' id='word_1_379' title='bbox 506 2937 535 2962; x_wconf 86' lang='lat' dir='ltr'><strong>B.</strong></span> <span class='ocrx_word' id='word_1_380' title='bbox 553 2950 572 2956; x_wconf 87' lang='lat'><em>-</em></span> <span class='ocrx_word' id='word_1_381' title='bbox 590 2936 640 2960; x_wconf 88' lang='lat' dir='ltr'><strong>Pro</strong></span> <span class='ocrx_word' id='word_1_382' title='bbox 661 2936 696 2961; x_wconf 79' lang='lat' dir='ltr'><strong>Et</strong></span> <span class='ocrx_word' id='word_1_383' title='bbox 714 2935 795 2965; x_wconf 78' lang='lat' dir='ltr'><strong>circa,</strong></span> <span class='ocrx_word' id='word_1_384' title='bbox 816 2935 852 2960; x_wconf 77' lang='lat' dir='ltr'><strong>Et</strong></span> <span class='ocrx_word' id='word_1_385' title='bbox 871 2935 930 2960; x_wconf 83' lang='lat' dir='ltr'><strong>ideo</strong></span> <span class='ocrx_word' id='word_1_386' title='bbox 948 2936 1021 2962; x_wconf 85' lang='lat' dir='ltr'><strong>circa</strong></span> <span class='ocrx_word' id='word_1_387' title='bbox 1039 2936 1142 2961; x_wconf 86' lang='lat' dir='ltr'><strong>codices</strong></span> <span class='ocrx_word' id='word_1_388' title='bbox 1162 2941 1188 2961; x_wconf 86' lang='lat' dir='ltr'><strong>et</strong></span> <span class='ocrx_word' id='word_1_389' title='bbox 1205 2936 1247 2962; x_wconf 86' lang='lat' dir='ltr'><strong>ed.</strong></span> <span class='ocrx_word' id='word_1_390' title='bbox 1259 2943 1285 2962; x_wconf 84' lang='lat' dir='ltr'><strong>a.</strong></span> 
     </span>
    </p>

    <p class='ocr_par' dir='ltr' id='par_1_30' title="bbox 383 2971 640 3005">
     <span class='ocr_line' id='line_1_59' title="bbox 383 2971 640 3005; baseline -0.004 -8"><span class='ocrx_word' id='word_1_391' title='bbox 383 2972 409 3005; x_wconf 79' lang='grc' dir='ltr'><strong>ζ)</strong></span> <span class='ocrx_word' id='word_1_392' title='bbox 428 2975 452 2997; x_wconf 81' lang='lat' dir='ltr'><strong>et</strong></span> <span class='ocrx_word' id='word_1_393' title='bbox 474 2974 512 2997; x_wconf 85' lang='lat' dir='ltr'><strong>ut.</strong></span> <span class='ocrx_word' id='word_1_394' title='bbox 528 2984 548 2992; x_wconf 90' lang='lat'>-</span> <span class='ocrx_word' id='word_1_395' title='bbox 565 2974 592 2997; x_wconf 84' lang='lat' dir='ltr'><strong>et</strong></span> <span class='ocrx_word' id='word_1_396' title='bbox 611 2971 640 2997; x_wconf 89' lang='lat' dir='ltr'><strong>P.</strong></span> 
     </span>
    </p>
   </div>
   <div class='ocr_carea' id='block_1_16' title="bbox 1447 688 2522 2645">
    <p class='ocr_par' dir='ltr' id='par_1_31' title="bbox 1448 688 2521 1420">
     <span class='ocr_line' id='line_1_60' title="bbox 1450 688 2519 742; baseline 0.006 -17"><span class='ocrx_word' id='word_1_397' title='bbox 1450 688 1540 726; x_wconf 91' lang='lat' dir='ltr'><strong>cidit</strong></span> <span class='ocrx_word' id='word_1_398' title='bbox 1568 701 1651 726; x_wconf 87' lang='lat' dir='ltr'><strong>esse</strong></span> <span class='ocrx_word' id='word_1_399' title='bbox 1673 690 1875 728; x_wconf 89' lang='lat' dir='ltr'><strong>hominem</strong></span> <span class='ocrx_word' id='word_1_400' title='bbox 1893 697 1917 729; x_wconf 80' lang='lat'><strong>‘.</strong></span> <span class='ocrx_word' id='word_1_401' title='bbox 1946 693 1996 729; x_wconf 91' lang='lat' dir='ltr'><strong>Et</strong></span> <span class='ocrx_word' id='word_1_402' title='bbox 2021 692 2118 730; x_wconf 91' lang='lat' dir='ltr'><strong>circa</strong></span> <span class='ocrx_word' id='word_1_403' title='bbox 2144 693 2300 742; x_wconf 87' lang='lat' dir='ltr'><strong>propria</strong></span> <span class='ocrx_word' id='word_1_404' title='bbox 2328 693 2519 731; x_wconf 87' lang='lat' dir='ltr'><strong>sensibilia</strong></span> 
     </span>
     <span class='ocr_line' id='line_1_61' title="bbox 1449 744 2520 796; baseline 0.006 -18"><span class='ocrx_word' id='word_1_405' title='bbox 1449 754 1584 779; x_wconf 92' lang='lat' dir='ltr'><strong>sensus</strong></span> <span class='ocrx_word' id='word_1_406' title='bbox 1612 755 1693 780; x_wconf 92' lang='lat' dir='ltr'><strong>non</strong></span> <span class='ocrx_word' id='word_1_407' title='bbox 1725 744 1842 781; x_wconf 90' lang='lat' dir='ltr'><strong>habet</strong></span> <span class='ocrx_word' id='word_1_408' title='bbox 1875 745 2010 782; x_wconf 87' lang='lat' dir='ltr'><strong>falsam</strong></span> <span class='ocrx_word' id='word_1_409' title='bbox 2043 746 2323 794; x_wconf 85' lang='lat' dir='ltr'><strong>cognitionem,</strong></span> <span class='ocrx_word' id='word_1_410' title='bbox 2353 746 2423 784; x_wconf 92' lang='lat' dir='ltr'><strong>nisi</strong></span> <span class='ocrx_word' id='word_1_411' title='bbox 2450 759 2520 796; x_wconf 92' lang='lat' dir='ltr'><strong>per</strong></span> 
     </span>
     <span class='ocr_line' id='line_1_62' title="bbox 1449 795 2520 847; baseline 0.007 -16"><span class='ocrx_word' id='word_1_412' title='bbox 1449 795 1648 843; x_wconf 90' lang='lat' dir='ltr'><strong>accidens,</strong></span> <span class='ocrx_word' id='word_1_413' title='bbox 1684 804 1720 833; x_wconf 90' lang='lat' dir='ltr'><strong>et</strong></span> <span class='ocrx_word' id='word_1_414' title='bbox 1746 805 1788 834; x_wconf 92' lang='lat' dir='ltr'><strong>ut</strong></span> <span class='ocrx_word' id='word_1_415' title='bbox 1807 797 1821 824; x_wconf 63' lang='grc' dir='ltr'><strong>ζ</strong></span> <span class='ocrx_word' id='word_1_416' title='bbox 1848 797 1886 835; x_wconf 92' lang='lat' dir='ltr'><strong>in</strong></span> <span class='ocrx_word' id='word_1_417' title='bbox 1913 799 2176 847; x_wconf 89' lang='lat' dir='ltr'><strong>paucioribus:</strong></span> <span class='ocrx_word' id='word_1_418' title='bbox 2212 812 2258 837; x_wconf 83' lang='lat' dir='ltr'><strong>ex</strong></span> <span class='ocrx_word' id='word_1_419' title='bbox 2294 812 2340 837; x_wconf 93' lang='lat' dir='ltr'><strong>eo</strong></span> <span class='ocrx_word' id='word_1_420' title='bbox 2379 800 2520 838; x_wconf 89' lang='lat' dir='ltr'><strong>scilicet</strong></span> 
     </span>
     <span class='ocr_line' id='line_1_63' title="bbox 1448 848 2519 902; baseline 0.007 -18"><span class='ocrx_word' id='word_1_421' title='bbox 1448 848 1566 897; x_wconf 92' lang='lat' dir='ltr'><strong>quod,</strong></span> <span class='ocrx_word' id='word_1_422' title='bbox 1594 857 1753 898; x_wconf 91' lang='lat' dir='ltr'><strong>propter</strong></span> <span class='ocrx_word' id='word_1_423' title='bbox 1779 850 2112 900; x_wconf 88' lang='lat' dir='ltr'><strong>indispositionem</strong></span> <span class='ocrx_word' id='word_1_424' title='bbox 2141 853 2290 902; x_wconf 88' lang='lat' dir='ltr'><strong>organi,</strong></span> <span class='ocrx_word' id='word_1_425' title='bbox 2319 866 2399 891; x_wconf 90' lang='lat' dir='ltr'><strong>non</strong></span> <span class='ocrx_word' id='word_1_426' title='bbox 2428 866 2519 891; x_wconf 90' lang='lat' dir='ltr'><strong>con-</strong></span> 
     </span>
     <span class='ocr_line' id='line_1_64' title="bbox 1448 901 2519 952; baseline 0.007 -15"><span class='ocrx_word' id='word_1_427' title='bbox 1448 901 1647 939; x_wconf 88' lang='lat' dir='ltr'><strong>venienter</strong></span> <span class='ocrx_word' id='word_1_428' title='bbox 1666 903 1796 952; x_wconf 92' lang='lat' dir='ltr'><strong>recipit</strong></span> <span class='ocrx_word' id='word_1_429' title='bbox 1822 904 1989 942; x_wconf 89' lang='lat' dir='ltr'><strong>formam</strong></span> <span class='ocrx_word' id='word_1_430' title='bbox 2009 906 2246 944; x_wconf 90' lang='lat' dir='ltr'><strong>sensibilem:</strong></span> <span class='ocrx_word' id='word_1_431' title='bbox 2276 907 2372 944; x_wconf 92' lang='lat' dir='ltr'><strong>sicut</strong></span> <span class='ocrx_word' id='word_1_432' title='bbox 2391 915 2428 944; x_wconf 90' lang='lat' dir='ltr'><strong>et</strong></span> <span class='ocrx_word' id='word_1_433' title='bbox 2446 907 2519 944; x_wconf 89' lang='lat' dir='ltr'><strong>alia</strong></span> 
     </span>
     <span class='ocr_line' id='line_1_65' title="bbox 1448 955 2519 1008; baseline 0.008 -18"><span class='ocrx_word' id='word_1_434' title='bbox 1448 955 1614 1003; x_wconf 87' lang='lat' dir='ltr'><strong>passiva,</strong></span> <span class='ocrx_word' id='word_1_435' title='bbox 1643 964 1801 1004; x_wconf 91' lang='lat' dir='ltr'><strong>propter</strong></span> <span class='ocrx_word' id='word_1_436' title='bbox 1828 969 1939 994; x_wconf 89' lang='lat' dir='ltr'><strong>suam</strong></span> <span class='ocrx_word' id='word_1_437' title='bbox 1967 958 2313 1008; x_wconf 71' lang='lat' dir='ltr'><strong>indisposstionem,</strong></span> <span class='ocrx_word' id='word_1_438' title='bbox 2339 961 2519 998; x_wconf 91' lang='lat' dir='ltr'><strong>deficien-</strong></span> 
     </span>
     <span class='ocr_line' id='line_1_66' title="bbox 1449 1008 2520 1060; baseline 0.006 -16"><span class='ocrx_word' id='word_1_439' title='bbox 1449 1015 1508 1045; x_wconf 89' lang='lat' dir='ltr'><strong>ter</strong></span> <span class='ocrx_word' id='word_1_440' title='bbox 1524 1008 1712 1058; x_wconf 85' lang='lat' dir='ltr'><strong>recipiunt</strong></span> <span class='ocrx_word' id='word_1_441' title='bbox 1739 1009 2033 1058; x_wconf 90' lang='lat' dir='ltr'><strong>impressionem</strong></span> <span class='ocrx_word' id='word_1_442' title='bbox 2052 1013 2255 1060; x_wconf 86' lang='lat' dir='ltr'><strong>agentium.</strong></span> <span class='ocrx_word' id='word_1_443' title='bbox 2285 1015 2335 1051; x_wconf 91' lang='lat' dir='ltr'><strong>Et</strong></span> <span class='ocrx_word' id='word_1_444' title='bbox 2353 1014 2443 1052; x_wconf 90' lang='lat' dir='ltr'><strong>inde</strong></span> <span class='ocrx_word' id='word_1_445' title='bbox 2463 1021 2520 1051; x_wconf 89' lang='lat' dir='ltr'><strong>est</strong></span> 
     </span>
     <span class='ocr_line' id='line_1_67' title="bbox 1448 1061 2519 1114; baseline 0.007 -17"><span class='ocrx_word' id='word_1_446' title='bbox 1448 1061 1567 1111; x_wconf 89' lang='lat' dir='ltr'><strong>quod,</strong></span> <span class='ocrx_word' id='word_1_447' title='bbox 1586 1070 1744 1111; x_wconf 91' lang='lat' dir='ltr'><strong>propter</strong></span> <span class='ocrx_word' id='word_1_448' title='bbox 1768 1064 2053 1112; x_wconf 91' lang='lat' dir='ltr'><strong>corruptionem</strong></span> <span class='ocrx_word' id='word_1_449' title='bbox 2071 1066 2234 1114; x_wconf 87' lang='lat' dir='ltr'><strong>linguae,</strong></span> <span class='ocrx_word' id='word_1_450' title='bbox 2258 1066 2418 1104; x_wconf 90' lang='lat' dir='ltr'><strong>infirmis</strong></span> <span class='ocrx_word' id='word_1_451' title='bbox 2437 1067 2519 1105; x_wconf 91' lang='lat' dir='ltr'><strong>dul-</strong></span> 
     </span>
     <span class='ocr_line' id='line_1_68' title="bbox 1451 1115 2518 1158; baseline 0.007 -7"><span class='ocrx_word' id='word_1_452' title='bbox 1451 1115 1508 1151; x_wconf 93' lang='lat' dir='ltr'><strong>cia</strong></span> <span class='ocrx_word' id='word_1_453' title='bbox 1541 1127 1674 1152; x_wconf 90' lang='lat' dir='ltr'><strong>amara</strong></span> <span class='ocrx_word' id='word_1_454' title='bbox 1708 1128 1790 1153; x_wconf 91' lang='lat' dir='ltr'><strong>esse</strong></span> <span class='ocrx_word' id='word_1_455' title='bbox 1827 1117 2017 1155; x_wconf 90' lang='lat' dir='ltr'><strong>videntur.</strong></span> <span class='ocrx_word' id='word_1_456' title='bbox 2056 1119 2116 1155; x_wconf 91' lang='lat' dir='ltr'><strong>De</strong></span> <span class='ocrx_word' id='word_1_457' title='bbox 2150 1119 2390 1157; x_wconf 86' lang='lat' dir='ltr'><strong>sensibilibus</strong></span> <span class='ocrx_word' id='word_1_458' title='bbox 2423 1132 2518 1158; x_wconf 88' lang='lat' dir='ltr'><strong>vero</strong></span> 
     </span>
     <span class='ocr_line' id='line_1_69' title="bbox 1451 1169 2519 1220; baseline 0.006 -15"><span class='ocrx_word' id='word_1_459' title='bbox 1451 1169 1722 1206; x_wconf 90' lang='lat' dir='ltr'><strong>communibus</strong></span> <span class='ocrx_word' id='word_1_460' title='bbox 1752 1177 1788 1207; x_wconf 94' lang='lat' dir='ltr'><strong>et</strong></span> <span class='ocrx_word' id='word_1_461' title='bbox 1810 1182 1880 1219; x_wconf 92' lang='lat' dir='ltr'><strong>per</strong></span> <span class='ocrx_word' id='word_1_462' title='bbox 1907 1171 2096 1219; x_wconf 87' lang='lat' dir='ltr'><strong>accidens,</strong></span> <span class='ocrx_word' id='word_1_463' title='bbox 2117 1179 2243 1220; x_wconf 90' lang='lat' dir='ltr'><strong>potest</strong></span> <span class='ocrx_word' id='word_1_464' title='bbox 2271 1185 2355 1210; x_wconf 90' lang='lat' dir='ltr'><strong>esse</strong></span> <span class='ocrx_word' id='word_1_465' title='bbox 2382 1174 2519 1211; x_wconf 84' lang='lat' dir='ltr'><strong>falsum</strong></span> 
     </span>
     <span class='ocr_line' id='line_1_70' title="bbox 1449 1221 2520 1276; baseline 0.006 -18"><span class='ocrx_word' id='word_1_466' title='bbox 1449 1221 1632 1259; x_wconf 92' lang='lat' dir='ltr'><strong>iudicium</strong></span> <span class='ocrx_word' id='word_1_467' title='bbox 1651 1228 1666 1245; x_wconf 88' lang='lat'><strong>&#39;¹</strong></span> <span class='ocrx_word' id='word_1_468' title='bbox 1693 1222 1808 1260; x_wconf 89' lang='lat' dir='ltr'><strong>etiam</strong></span> <span class='ocrx_word' id='word_1_469' title='bbox 1837 1223 1876 1261; x_wconf 94' lang='lat' dir='ltr'><strong>in</strong></span> <span class='ocrx_word' id='word_1_470' title='bbox 1904 1237 2019 1261; x_wconf 91' lang='lat' dir='ltr'><strong>sensu</strong></span> <span class='ocrx_word' id='word_1_471' title='bbox 2056 1233 2157 1262; x_wconf 89' lang='lat' dir='ltr'><strong>recte</strong></span> <span class='ocrx_word' id='word_1_472' title='bbox 2191 1225 2402 1275; x_wconf 84' lang='lat' dir='ltr'><strong>disposito:</strong></span> <span class='ocrx_word' id='word_1_473' title='bbox 2431 1226 2520 1276; x_wconf 89' lang='lat' dir='ltr'><strong>quia</strong></span> 
     </span>
     <span class='ocr_line' id='line_1_71' title="bbox 1449 1276 2520 1328; baseline 0.006 -17"><span class='ocrx_word' id='word_1_474' title='bbox 1449 1288 1584 1312; x_wconf 90' lang='lat' dir='ltr'><strong>sensus</strong></span> <span class='ocrx_word' id='word_1_475' title='bbox 1612 1288 1692 1313; x_wconf 93' lang='lat' dir='ltr'><strong>non</strong></span> <span class='ocrx_word' id='word_1_476' title='bbox 1726 1276 1865 1314; x_wconf 89' lang='lat' dir='ltr'><strong>directe</strong></span> <span class='ocrx_word' id='word_1_477' title='bbox 1894 1278 2053 1315; x_wconf 91' lang='lat' dir='ltr'><strong>refertur</strong></span> <span class='ocrx_word' id='word_1_478' title='bbox 2081 1278 2129 1316; x_wconf 89' lang='lat' dir='ltr'><strong>ad</strong></span> <span class='ocrx_word' id='word_1_479' title='bbox 2158 1278 2231 1326; x_wconf 92' lang='lat' dir='ltr'><strong>illa,</strong></span> <span class='ocrx_word' id='word_1_480' title='bbox 2265 1279 2334 1316; x_wconf 91' lang='lat' dir='ltr'><strong>sed</strong></span> <span class='ocrx_word' id='word_1_481' title='bbox 2360 1291 2431 1328; x_wconf 91' lang='lat' dir='ltr'><strong>per</strong></span> <span class='ocrx_word' id='word_1_482' title='bbox 2459 1291 2520 1316; x_wconf 89' lang='lat' dir='ltr'><strong>ac-</strong></span> 
     </span>
     <span class='ocr_line' id='line_1_72' title="bbox 1451 1328 2521 1381; baseline 0.005 -16"><span class='ocrx_word' id='word_1_483' title='bbox 1451 1328 1600 1376; x_wconf 91' lang='lat' dir='ltr'><strong>cidens,</strong></span> <span class='ocrx_word' id='word_1_484' title='bbox 1629 1329 1692 1366; x_wconf 89' lang='lat' dir='ltr'><strong>vel</strong></span> <span class='ocrx_word' id='word_1_485' title='bbox 1722 1342 1767 1366; x_wconf 86' lang='lat' dir='ltr'><strong>ex</strong></span> <span class='ocrx_word' id='word_1_486' title='bbox 1800 1331 2068 1379; x_wconf 90' lang='lat' dir='ltr'><strong>consequenti,</strong></span> <span class='ocrx_word' id='word_1_487' title='bbox 2103 1332 2332 1381; x_wconf 90' lang='lat' dir='ltr'><strong>inquantum</strong></span> <span class='ocrx_word' id='word_1_488' title='bbox 2361 1333 2521 1370; x_wconf 87' lang='lat' dir='ltr'><strong>refertur</strong></span> 
     </span>
     <span class='ocr_line' id='line_1_73' title="bbox 1451 1382 1612 1420; baseline 0.006 -1"><span class='ocrx_word' id='word_1_489' title='bbox 1451 1382 1499 1420; x_wconf 92' lang='lat' dir='ltr'><strong>ad</strong></span> <span class='ocrx_word' id='word_1_490' title='bbox 1528 1382 1612 1420; x_wconf 90' lang='lat' dir='ltr'><strong>alia.</strong></span> 
     </span>
    </p>

    <p class='ocr_par' dir='ltr' id='par_1_32' title="bbox 1448 1437 2522 1860">
     <span class='ocr_line' id='line_1_74' title="bbox 1502 1437 2519 1486; baseline 0.005 -15"><span class='ocrx_word' id='word_1_491' title='bbox 1502 1437 1562 1472; x_wconf 81' lang='lat' dir='ltr'><strong>An</strong></span> <span class='ocrx_word' id='word_1_492' title='bbox 1591 1447 1856 1473; x_wconf 63' lang='lat' dir='ltr'><strong>PRIMUMOERGO</strong></span> <span class='ocrx_word' id='word_1_493' title='bbox 1885 1448 2071 1475; x_wconf 80' lang='lat' dir='ltr'>DICENDUM</span> <span class='ocrx_word' id='word_1_494' title='bbox 2090 1437 2197 1486; x_wconf 94' lang='lat' dir='ltr'><strong>quod</strong></span> <span class='ocrx_word' id='word_1_495' title='bbox 2225 1450 2382 1475; x_wconf 90' lang='lat' dir='ltr'><strong>sensum</strong></span> <span class='ocrx_word' id='word_1_496' title='bbox 2405 1437 2519 1486; x_wconf 87' lang='lat' dir='ltr'><strong>affici,</strong></span> 
     </span>
     <span class='ocr_line' id='line_1_75' title="bbox 1451 1488 2520 1540; baseline 0.004 -15"><span class='ocrx_word' id='word_1_497' title='bbox 1451 1495 1506 1525; x_wconf 89' lang='lat' dir='ltr'><strong>est</strong></span> <span class='ocrx_word' id='word_1_498' title='bbox 1525 1488 1651 1538; x_wconf 89' lang='lat' dir='ltr'><strong>ipsum</strong></span> <span class='ocrx_word' id='word_1_499' title='bbox 1671 1489 1752 1526; x_wconf 91' lang='lat' dir='ltr'><strong>eius</strong></span> <span class='ocrx_word' id='word_1_500' title='bbox 1772 1489 1922 1527; x_wconf 90' lang='lat' dir='ltr'><strong>sentire.</strong></span> <span class='ocrx_word' id='word_1_501' title='bbox 1948 1491 2060 1528; x_wconf 91' lang='lat' dir='ltr'><strong>Unde</strong></span> <span class='ocrx_word' id='word_1_502' title='bbox 2078 1503 2148 1540; x_wconf 90' lang='lat' dir='ltr'><strong>per</strong></span> <span class='ocrx_word' id='word_1_503' title='bbox 2166 1491 2241 1528; x_wconf 91' lang='lat' dir='ltr'><strong>hoc</strong></span> <span class='ocrx_word' id='word_1_504' title='bbox 2261 1493 2366 1540; x_wconf 90' lang='lat' dir='ltr'><strong>quod</strong></span> <span class='ocrx_word' id='word_1_505' title='bbox 2386 1503 2520 1529; x_wconf 91' lang='lat' dir='ltr'><strong>sensus</strong></span> 
     </span>
     <span class='ocr_line' id='line_1_76' title="bbox 1448 1541 2521 1594; baseline 0.004 -16"><span class='ocrx_word' id='word_1_506' title='bbox 1448 1541 1499 1578; x_wconf 90' lang='lat' dir='ltr'><strong>ita</strong></span> <span class='ocrx_word' id='word_1_507' title='bbox 1527 1541 1702 1579; x_wconf 90' lang='lat' dir='ltr'><strong>nuntiant</strong></span> <span class='ocrx_word' id='word_1_508' title='bbox 1729 1542 1825 1579; x_wconf 90' lang='lat' dir='ltr'><strong>sicut</strong></span> <span class='ocrx_word' id='word_1_509' title='bbox 1852 1543 2079 1592; x_wconf 86' lang='lat' dir='ltr'><strong>afficiuntur,</strong></span> <span class='ocrx_word' id='word_1_510' title='bbox 2110 1545 2281 1594; x_wconf 88' lang='lat' dir='ltr'><strong>sequitur</strong></span> <span class='ocrx_word' id='word_1_511' title='bbox 2308 1545 2413 1594; x_wconf 93' lang='lat' dir='ltr'><strong>quod</strong></span> <span class='ocrx_word' id='word_1_512' title='bbox 2441 1557 2521 1582; x_wconf 92' lang='lat' dir='ltr'><strong>non</strong></span> 
     </span>
     <span class='ocr_line' id='line_1_77' title="bbox 1450 1594 2522 1645; baseline 0.004 -13"><span class='ocrx_word' id='word_1_513' title='bbox 1450 1594 1686 1644; x_wconf 88' lang='lat' dir='ltr'><strong>decipiamur</strong></span> <span class='ocrx_word' id='word_1_514' title='bbox 1711 1595 1751 1632; x_wconf 92' lang='lat' dir='ltr'><strong>in</strong></span> <span class='ocrx_word' id='word_1_515' title='bbox 1779 1596 1919 1634; x_wconf 93' lang='lat' dir='ltr'><strong>iudicio</strong></span> <span class='ocrx_word' id='word_1_516' title='bbox 1944 1609 2023 1645; x_wconf 93' lang='lat' dir='ltr'><strong>quo</strong></span> <span class='ocrx_word' id='word_1_517' title='bbox 2052 1597 2266 1635; x_wconf 89' lang='lat' dir='ltr'><strong>iudicamus</strong></span> <span class='ocrx_word' id='word_1_518' title='bbox 2290 1611 2362 1636; x_wconf 92' lang='lat' dir='ltr'><strong>nos</strong></span> <span class='ocrx_word' id='word_1_519' title='bbox 2382 1597 2522 1636; x_wconf 83' lang='lat' dir='ltr'><strong>sentire</strong></span> 
     </span>
     <span class='ocr_line' id='line_1_78' title="bbox 1449 1648 2520 1699; baseline 0.004 -14"><span class='ocrx_word' id='word_1_520' title='bbox 1449 1648 1602 1697; x_wconf 91' lang='lat' dir='ltr'><strong>aliquid.</strong></span> <span class='ocrx_word' id='word_1_521' title='bbox 1634 1649 1712 1686; x_wconf 90' lang='lat' dir='ltr'><strong>Sed</strong></span> <span class='ocrx_word' id='word_1_522' title='bbox 1732 1661 1778 1686; x_wconf 84' lang='lat' dir='ltr'><strong>ex</strong></span> <span class='ocrx_word' id='word_1_523' title='bbox 1797 1662 1844 1687; x_wconf 94' lang='lat' dir='ltr'><strong>eo</strong></span> <span class='ocrx_word' id='word_1_524' title='bbox 1874 1650 1980 1699; x_wconf 93' lang='lat' dir='ltr'><strong>quod</strong></span> <span class='ocrx_word' id='word_1_525' title='bbox 2008 1663 2141 1688; x_wconf 92' lang='lat' dir='ltr'><strong>sensus</strong></span> <span class='ocrx_word' id='word_1_526' title='bbox 2161 1651 2267 1689; x_wconf 90' lang='lat' dir='ltr'><strong>aliter</strong></span> <span class='ocrx_word' id='word_1_527' title='bbox 2286 1651 2448 1689; x_wconf 86' lang='lat' dir='ltr'><strong>afficitur</strong></span> <span class='ocrx_word' id='word_1_528' title='bbox 2465 1651 2520 1689; x_wconf 90' lang='lat' dir='ltr'><strong>in-</strong></span> 
     </span>
     <span class='ocr_line' id='line_1_79' title="bbox 1449 1702 2520 1754; baseline 0.003 -15"><span class='ocrx_word' id='word_1_529' title='bbox 1449 1702 1601 1739; x_wconf 89' lang='lat' dir='ltr'><strong>terdum</strong></span> <span class='ocrx_word' id='word_1_530' title='bbox 1631 1715 1748 1752; x_wconf 91' lang='lat' dir='ltr'><strong>quam</strong></span> <span class='ocrx_word' id='word_1_531' title='bbox 1767 1715 1827 1740; x_wconf 88' lang='lat' dir='ltr'><strong>res</strong></span> <span class='ocrx_word' id='word_1_532' title='bbox 1851 1703 1907 1751; x_wconf 88' lang='lat' dir='ltr'><strong>sit,</strong></span> <span class='ocrx_word' id='word_1_533' title='bbox 1928 1704 2099 1753; x_wconf 91' lang='lat' dir='ltr'><strong>sequitur</strong></span> <span class='ocrx_word' id='word_1_534' title='bbox 2117 1704 2224 1754; x_wconf 94' lang='lat' dir='ltr'><strong>quod</strong></span> <span class='ocrx_word' id='word_1_535' title='bbox 2243 1705 2389 1743; x_wconf 91' lang='lat' dir='ltr'><strong>nuntiet</strong></span> <span class='ocrx_word' id='word_1_536' title='bbox 2408 1704 2520 1743; x_wconf 91' lang='lat' dir='ltr'><strong>nobis</strong></span> 
     </span>
     <span class='ocr_line' id='line_1_80' title="bbox 1450 1755 2521 1806; baseline 0.003 -14"><span class='ocrx_word' id='word_1_537' title='bbox 1450 1755 1657 1805; x_wconf 91' lang='lat' dir='ltr'><strong>aliquando</strong></span> <span class='ocrx_word' id='word_1_538' title='bbox 1678 1768 1760 1793; x_wconf 91' lang='lat' dir='ltr'><strong>rem</strong></span> <span class='ocrx_word' id='word_1_539' title='bbox 1781 1756 1888 1793; x_wconf 88' lang='lat' dir='ltr'><strong>aliter</strong></span> <span class='ocrx_word' id='word_1_540' title='bbox 1906 1769 2024 1806; x_wconf 89' lang='lat' dir='ltr'><strong>quam</strong></span> <span class='ocrx_word' id='word_1_541' title='bbox 2044 1757 2101 1795; x_wconf 88' lang='lat' dir='ltr'><strong>sit.</strong></span> <span class='ocrx_word' id='word_1_542' title='bbox 2129 1759 2179 1795; x_wconf 93' lang='lat' dir='ltr'><strong>Et</strong></span> <span class='ocrx_word' id='word_1_543' title='bbox 2197 1770 2243 1795; x_wconf 84' lang='lat' dir='ltr'><strong>ex</strong></span> <span class='ocrx_word' id='word_1_544' title='bbox 2262 1759 2338 1796; x_wconf 90' lang='lat' dir='ltr'><strong>hoc</strong></span> <span class='ocrx_word' id='word_1_545' title='bbox 2357 1758 2521 1795; x_wconf 86' lang='lat' dir='ltr'><strong>fallimur</strong></span> 
     </span>
     <span class='ocr_line' id='line_1_81' title="bbox 1448 1809 2518 1860; baseline 0.004 -15"><span class='ocrx_word' id='word_1_546' title='bbox 1448 1821 1519 1858; x_wconf 91' lang='lat' dir='ltr'><strong>per</strong></span> <span class='ocrx_word' id='word_1_547' title='bbox 1546 1821 1703 1846; x_wconf 91' lang='lat' dir='ltr'><strong>sensum</strong></span> <span class='ocrx_word' id='word_1_548' title='bbox 1733 1809 1833 1846; x_wconf 91' lang='lat' dir='ltr'><strong>circa</strong></span> <span class='ocrx_word' id='word_1_549' title='bbox 1861 1822 1955 1857; x_wconf 92' lang='lat' dir='ltr'><strong>rem,</strong></span> <span class='ocrx_word' id='word_1_550' title='bbox 1977 1823 2057 1848; x_wconf 92' lang='lat' dir='ltr'><strong>non</strong></span> <span class='ocrx_word' id='word_1_551' title='bbox 2086 1810 2185 1847; x_wconf 91' lang='lat' dir='ltr'><strong>circa</strong></span> <span class='ocrx_word' id='word_1_552' title='bbox 2212 1811 2339 1860; x_wconf 89' lang='lat' dir='ltr'><strong>ipsum</strong></span> <span class='ocrx_word' id='word_1_553' title='bbox 2368 1811 2518 1849; x_wconf 90' lang='lat' dir='ltr'><strong>sentire.</strong></span> 
     </span>
    </p>

    <p class='ocr_par' dir='ltr' id='par_1_33' title="bbox 1447 1863 2522 2496">
     <span class='ocr_line' id='line_1_82' title="bbox 1502 1863 2520 1912; baseline 0.003 -13"><span class='ocrx_word' id='word_1_554' title='bbox 1502 1864 1561 1899; x_wconf 83' lang='lat' dir='ltr'><strong>An</strong></span> <span class='ocrx_word' id='word_1_555' title='bbox 1582 1874 1772 1900; x_wconf 74' lang='lat' dir='ltr'>SECUNDUM</span> <span class='ocrx_word' id='word_1_556' title='bbox 1791 1874 1976 1900; x_wconf 81' lang='lat' dir='ltr'>DICENDUM</span> <span class='ocrx_word' id='word_1_557' title='bbox 1996 1863 2103 1912; x_wconf 93' lang='lat' dir='ltr'><strong>quod</strong></span> <span class='ocrx_word' id='word_1_558' title='bbox 2121 1864 2262 1901; x_wconf 86' lang='lat' dir='ltr'><strong>falsitas</strong></span> <span class='ocrx_word' id='word_1_559' title='bbox 2287 1864 2422 1902; x_wconf 89' lang='lat' dir='ltr'><strong>dicitur</strong></span> <span class='ocrx_word' id='word_1_560' title='bbox 2440 1877 2520 1902; x_wconf 90' lang='lat' dir='ltr'><strong>non</strong></span> 
     </span>
     <span class='ocr_line' id='line_1_83' title="bbox 1450 1915 2520 1967; baseline 0.004 -15"><span class='ocrx_word' id='word_1_561' title='bbox 1450 1928 1533 1952; x_wconf 89' lang='lat' dir='ltr'><strong>esse</strong></span> <span class='ocrx_word' id='word_1_562' title='bbox 1552 1915 1708 1964; x_wconf 89' lang='lat' dir='ltr'><strong>propria</strong></span> <span class='ocrx_word' id='word_1_563' title='bbox 1727 1916 1868 1962; x_wconf 87' lang='lat' dir='ltr'><strong>sensui,</strong></span> <span class='ocrx_word' id='word_1_564' title='bbox 1889 1916 1981 1965; x_wconf 92' lang='lat' dir='ltr'><strong>quia</strong></span> <span class='ocrx_word' id='word_1_565' title='bbox 2000 1929 2079 1954; x_wconf 92' lang='lat' dir='ltr'><strong>non</strong></span> <span class='ocrx_word' id='word_1_566' title='bbox 2109 1916 2296 1966; x_wconf 89' lang='lat' dir='ltr'><strong>decipitur</strong></span> <span class='ocrx_word' id='word_1_567' title='bbox 2315 1918 2415 1955; x_wconf 90' lang='lat' dir='ltr'><strong>circa</strong></span> <span class='ocrx_word' id='word_1_568' title='bbox 2431 1930 2520 1967; x_wconf 91' lang='lat' dir='ltr'><strong>pro-</strong></span> 
     </span>
     <span class='ocr_line' id='line_1_84' title="bbox 1447 1968 2520 2021; baseline 0.004 -16"><span class='ocrx_word' id='word_1_569' title='bbox 1447 1968 1575 2018; x_wconf 90' lang='lat' dir='ltr'><strong>prium</strong></span> <span class='ocrx_word' id='word_1_570' title='bbox 1595 1968 1801 2006; x_wconf 90' lang='lat' dir='ltr'><strong>obiectum.</strong></span> <span class='ocrx_word' id='word_1_571' title='bbox 1822 1969 1934 2007; x_wconf 89' lang='lat' dir='ltr'><strong>Unde</strong></span> <span class='ocrx_word' id='word_1_572' title='bbox 1954 1970 1992 2006; x_wconf 93' lang='lat' dir='ltr'><strong>in</strong></span> <span class='ocrx_word' id='word_1_573' title='bbox 2012 1970 2084 2007; x_wconf 89' lang='lat' dir='ltr'><strong>alia</strong></span> <span class='ocrx_word' id='word_1_574' title='bbox 2103 1971 2347 2008; x_wconf 87' lang='lat' dir='ltr'><strong>translatione</strong></span> <span class='ocrx_word' id='word_1_575' title='bbox 2370 1971 2520 2021; x_wconf 84' lang='lat' dir='ltr'><strong>planius</strong></span> 
     </span>
     <span class='ocr_line' id='line_1_85' title="bbox 1449 2021 2520 2073; baseline 0.004 -15"><span class='ocrx_word' id='word_1_576' title='bbox 1449 2022 1595 2068; x_wconf 91' lang='lat' dir='ltr'><strong>dicitur,</strong></span> <span class='ocrx_word' id='word_1_577' title='bbox 1617 2022 1724 2071; x_wconf 93' lang='lat' dir='ltr'><strong>quod</strong></span> <span class='ocrx_word' id='word_1_578' title='bbox 1742 2034 1872 2060; x_wconf 86' lang='lat' dir='ltr'><strong>sensus</strong></span> <span class='ocrx_word' id='word_1_579' title='bbox 1894 2023 2045 2072; x_wconf 85' lang='lat' dir='ltr'><strong>proprii</strong></span> <span class='ocrx_word' id='word_1_580' title='bbox 2070 2024 2252 2061; x_wconf 84' lang='lat' dir='ltr'><strong>sensibilis</strong></span> <span class='ocrx_word' id='word_1_581' title='bbox 2270 2021 2283 2045; x_wconf 85' lang='lat'><em>⁰</em></span> <span class='ocrx_word' id='word_1_582' title='bbox 2295 2024 2426 2073; x_wconf 89' lang='lat' dir='ltr'><strong>falsus</strong></span> <span class='ocrx_word' id='word_1_583' title='bbox 2444 2036 2520 2062; x_wconf 89' lang='lat' dir='ltr'><strong>non</strong></span> 
     </span>
     <span class='ocr_line' id='line_1_86' title="bbox 1449 2075 2520 2127; baseline 0.003 -15"><span class='ocrx_word' id='word_1_584' title='bbox 1449 2081 1512 2112; x_wconf 89' lang='lat' dir='ltr'><strong>est.</strong></span> <span class='ocrx_word' id='word_1_585' title='bbox 1538 2075 1766 2113; x_wconf 90' lang='lat' dir='ltr'><strong>Phantasiae</strong></span> <span class='ocrx_word' id='word_1_586' title='bbox 1786 2084 1915 2113; x_wconf 87' lang='lat' dir='ltr'><strong>autem</strong></span> <span class='ocrx_word' id='word_1_587' title='bbox 1935 2076 2148 2114; x_wconf 88' lang='lat' dir='ltr'><strong>attribuitur</strong></span> <span class='ocrx_word' id='word_1_588' title='bbox 2166 2077 2325 2115; x_wconf 89' lang='lat' dir='ltr'><strong>falsitas:</strong></span> <span class='ocrx_word' id='word_1_589' title='bbox 2356 2077 2445 2127; x_wconf 92' lang='lat' dir='ltr'><strong>quia</strong></span> <span class='ocrx_word' id='word_1_590' title='bbox 2464 2089 2520 2115; x_wconf 91' lang='lat' dir='ltr'><strong>re-</strong></span> 
     </span>
     <span class='ocr_line' id='line_1_87' title="bbox 1447 2128 2521 2178; baseline 0.004 -13"><span class='ocrx_word' id='word_1_591' title='bbox 1447 2136 1665 2178; x_wconf 88' lang='lat' dir='ltr'><strong>praesentat</strong></span> <span class='ocrx_word' id='word_1_592' title='bbox 1684 2128 1970 2166; x_wconf 89' lang='lat' dir='ltr'><strong>similitudinem</strong></span> <span class='ocrx_word' id='word_1_593' title='bbox 1987 2130 2041 2167; x_wconf 91' lang='lat' dir='ltr'><strong>rei</strong></span> <span class='ocrx_word' id='word_1_594' title='bbox 2057 2130 2170 2167; x_wconf 88' lang='lat' dir='ltr'><strong>etiarn</strong></span> <span class='ocrx_word' id='word_1_595' title='bbox 2185 2137 2194 2151; x_wconf 82' lang='lat'>⁴</span> <span class='ocrx_word' id='word_1_596' title='bbox 2213 2131 2396 2178; x_wconf 83' lang='lat' dir='ltr'><strong>absentis3</strong></span> <span class='ocrx_word' id='word_1_597' title='bbox 2417 2130 2521 2169; x_wconf 89' lang='lat' dir='ltr'><strong>unde</strong></span> 
     </span>
     <span class='ocr_line' id='line_1_88' title="bbox 1449 2181 2521 2231; baseline 0.003 -12"><span class='ocrx_word' id='word_1_598' title='bbox 1449 2182 1605 2231; x_wconf 89' lang='lat' dir='ltr'><strong>quando</strong></span> <span class='ocrx_word' id='word_1_599' title='bbox 1634 2181 1770 2231; x_wconf 89' lang='lat' dir='ltr'><strong>aliquis</strong></span> <span class='ocrx_word' id='word_1_600' title='bbox 1809 2182 2043 2221; x_wconf 87' lang='lat' dir='ltr'><strong>convertitur</strong></span> <span class='ocrx_word' id='word_1_601' title='bbox 2071 2183 2121 2220; x_wconf 92' lang='lat' dir='ltr'><strong>ad</strong></span> <span class='ocrx_word' id='word_1_602' title='bbox 2148 2183 2434 2222; x_wconf 89' lang='lat' dir='ltr'><strong>similitudinem</strong></span> <span class='ocrx_word' id='word_1_603' title='bbox 2466 2183 2521 2222; x_wconf 92' lang='lat' dir='ltr'><strong>rei</strong></span> 
     </span>
     <span class='ocr_line' id='line_1_89' title="bbox 1447 2235 2520 2287; baseline 0.005 -16"><span class='ocrx_word' id='word_1_604' title='bbox 1447 2242 1632 2283; x_wconf 87' lang='lat' dir='ltr'><strong>tanquam</strong></span> <span class='ocrx_word' id='word_1_605' title='bbox 1661 2236 1710 2272; x_wconf 92' lang='lat' dir='ltr'><strong>ad</strong></span> <span class='ocrx_word' id='word_1_606' title='bbox 1739 2247 1822 2272; x_wconf 90' lang='lat' dir='ltr'><strong>rem</strong></span> <span class='ocrx_word' id='word_1_607' title='bbox 1850 2235 1986 2284; x_wconf 87' lang='lat' dir='ltr'><strong>ipsam,</strong></span> <span class='ocrx_word' id='word_1_608' title='bbox 2015 2237 2194 2284; x_wconf 90' lang='lat' dir='ltr'><strong>provenit</strong></span> <span class='ocrx_word' id='word_1_609' title='bbox 2222 2250 2267 2274; x_wconf 86' lang='lat' dir='ltr'><strong>ex</strong></span> <span class='ocrx_word' id='word_1_610' title='bbox 2292 2238 2357 2275; x_wconf 91' lang='lat' dir='ltr'><strong>tali</strong></span> <span class='ocrx_word' id='word_1_611' title='bbox 2384 2250 2520 2287; x_wconf 88' lang='lat' dir='ltr'><strong>appre-</strong></span> 
     </span>
     <span class='ocr_line' id='line_1_90' title="bbox 1448 2287 2522 2339; baseline 0.004 -14"><span class='ocrx_word' id='word_1_612' title='bbox 1448 2287 1635 2325; x_wconf 90' lang='lat' dir='ltr'><strong>hensione</strong></span> <span class='ocrx_word' id='word_1_613' title='bbox 1663 2287 1815 2325; x_wconf 84' lang='lat' dir='ltr'><strong>falsitas.</strong></span> <span class='ocrx_word' id='word_1_614' title='bbox 1846 2289 1958 2326; x_wconf 90' lang='lat' dir='ltr'><strong>Unde</strong></span> <span class='ocrx_word' id='word_1_615' title='bbox 1989 2289 2103 2326; x_wconf 86' lang='lat' dir='ltr'><strong>etiam</strong></span> <span class='ocrx_word' id='word_1_616' title='bbox 2132 2290 2403 2339; x_wconf 89' lang='lat' dir='ltr'><strong>Philosophus,</strong></span> <span class='ocrx_word' id='word_1_617' title='bbox 2429 2291 2468 2329; x_wconf 91' lang='lat' dir='ltr'><strong>in</strong></span> <span class='ocrx_word' id='word_1_618' title='bbox 2485 2291 2522 2328; x_wconf 89' lang='lat' dir='ltr'>V</span> 
     </span>
     <span class='ocr_line' id='line_1_91' title="bbox 1449 2340 2521 2393; baseline 0.004 -15"><span class='ocrx_word' id='word_1_619' title='bbox 1449 2342 1667 2390; x_wconf 86' lang='lat' dir='ltr'><strong>Metaphys.</strong></span> <span class='ocrx_word' id='word_1_620' title='bbox 1687 2340 1727 2388; x_wconf 68' lang='lat'><strong>²¹²,</strong></span> <span class='ocrx_word' id='word_1_621' title='bbox 1763 2341 1852 2378; x_wconf 88' lang='lat' dir='ltr'><strong>dicit</strong></span> <span class='ocrx_word' id='word_1_622' title='bbox 1886 2343 1991 2390; x_wconf 92' lang='lat' dir='ltr'><strong>quod</strong></span> <span class='ocrx_word' id='word_1_623' title='bbox 2019 2342 2182 2379; x_wconf 89' lang='lat' dir='ltr'><strong>umbrae</strong></span> <span class='ocrx_word' id='word_1_624' title='bbox 2216 2351 2253 2380; x_wconf 91' lang='lat' dir='ltr'><strong>et</strong></span> <span class='ocrx_word' id='word_1_625' title='bbox 2279 2343 2450 2393; x_wconf 88' lang='lat' dir='ltr'><strong>picturae</strong></span> <span class='ocrx_word' id='word_1_626' title='bbox 2485 2352 2521 2382; x_wconf 89' lang='lat' dir='ltr'><strong>et</strong></span> 
     </span>
     <span class='ocr_line' id='line_1_92' title="bbox 1449 2393 2521 2444; baseline 0.004 -13"><span class='ocrx_word' id='word_1_627' title='bbox 1449 2394 1600 2432; x_wconf 91' lang='lat' dir='ltr'><strong>somnia</strong></span> <span class='ocrx_word' id='word_1_628' title='bbox 1629 2393 1805 2432; x_wconf 89' lang='lat' dir='ltr'><strong>dicuntur</strong></span> <span class='ocrx_word' id='word_1_629' title='bbox 1824 2394 1917 2432; x_wconf 86' lang='lat' dir='ltr'><strong>falsa</strong></span> <span class='ocrx_word' id='word_1_630' title='bbox 1936 2401 1960 2441; x_wconf 66' lang='lat'><strong>⁸,</strong></span> <span class='ocrx_word' id='word_1_631' title='bbox 1996 2394 2223 2444; x_wconf 90' lang='lat' dir='ltr'><strong>inquantum</strong></span> <span class='ocrx_word' id='word_1_632' title='bbox 2256 2409 2336 2434; x_wconf 93' lang='lat' dir='ltr'><strong>non</strong></span> <span class='ocrx_word' id='word_1_633' title='bbox 2360 2398 2521 2436; x_wconf 89' lang='lat' dir='ltr'><strong>subsunt</strong></span> 
     </span>
     <span class='ocr_line' id='line_1_93' title="bbox 1451 2447 2197 2496; baseline 0.001 -11"><span class='ocrx_word' id='word_1_634' title='bbox 1451 2461 1511 2485; x_wconf 91' lang='lat' dir='ltr'><strong>res</strong></span> <span class='ocrx_word' id='word_1_635' title='bbox 1539 2460 1703 2496; x_wconf 91' lang='lat' dir='ltr'><strong>quarum</strong></span> <span class='ocrx_word' id='word_1_636' title='bbox 1731 2447 1874 2485; x_wconf 88' lang='lat' dir='ltr'><strong>habent</strong></span> <span class='ocrx_word' id='word_1_637' title='bbox 1901 2447 2197 2486; x_wconf 89' lang='lat' dir='ltr'><strong>similitudinem.</strong></span> 
     </span>
    </p>

    <p class='ocr_par' dir='ltr' id='par_1_34' title="bbox 1450 2502 2520 2645">
     <span class='ocr_line' id='line_1_94' title="bbox 1503 2502 2519 2552; baseline 0.003 -14"><span class='ocrx_word' id='word_1_638' title='bbox 1503 2503 1563 2538; x_wconf 85' lang='lat' dir='ltr'><strong>AD</strong></span> <span class='ocrx_word' id='word_1_639' title='bbox 1591 2513 1751 2538; x_wconf 80' lang='lat' dir='ltr'>TERTIUM</span> <span class='ocrx_word' id='word_1_640' title='bbox 1771 2513 1956 2539; x_wconf 77' lang='lat' dir='ltr'><strong>mcENDUM</strong></span> <span class='ocrx_word' id='word_1_641' title='bbox 1976 2502 2083 2550; x_wconf 92' lang='lat' dir='ltr'><strong>quod</strong></span> <span class='ocrx_word' id='word_1_642' title='bbox 2102 2502 2197 2540; x_wconf 89' lang='lat' dir='ltr'><strong>ratio</strong></span> <span class='ocrx_word' id='word_1_643' title='bbox 2224 2503 2285 2540; x_wconf 89' lang='lat' dir='ltr'><strong>illa</strong></span> <span class='ocrx_word' id='word_1_644' title='bbox 2303 2503 2477 2552; x_wconf 90' lang='lat' dir='ltr'><strong>procedit</strong></span> <span class='ocrx_word' id='word_1_645' title='bbox 2493 2502 2519 2552; x_wconf 59' lang='grc' dir='ltr'><strong>λ,</strong></span> 
     </span>
     <span class='ocr_line' id='line_1_95' title="bbox 1450 2554 2520 2606; baseline 0.004 -15"><span class='ocrx_word' id='word_1_646' title='bbox 1450 2554 1556 2603; x_wconf 92' lang='lat' dir='ltr'><strong>quod</strong></span> <span class='ocrx_word' id='word_1_647' title='bbox 1590 2554 1729 2591; x_wconf 85' lang='lat' dir='ltr'><strong>falsitas</strong></span> <span class='ocrx_word' id='word_1_648' title='bbox 1764 2566 1842 2591; x_wconf 92' lang='lat' dir='ltr'><strong>non</strong></span> <span class='ocrx_word' id='word_1_649' title='bbox 1871 2555 1917 2591; x_wconf 90' lang='lat' dir='ltr'><strong>sit</strong></span> <span class='ocrx_word' id='word_1_650' title='bbox 1950 2555 1988 2592; x_wconf 93' lang='lat' dir='ltr'><strong>in</strong></span> <span class='ocrx_word' id='word_1_651' title='bbox 2026 2567 2140 2592; x_wconf 90' lang='lat' dir='ltr'><strong>sensu</strong></span> <span class='ocrx_word' id='word_1_652' title='bbox 2177 2556 2271 2593; x_wconf 90' lang='lat' dir='ltr'><strong>sicut</strong></span> <span class='ocrx_word' id='word_1_653' title='bbox 2305 2556 2343 2593; x_wconf 93' lang='lat' dir='ltr'><strong>in</strong></span> <span class='ocrx_word' id='word_1_654' title='bbox 2381 2568 2520 2606; x_wconf 89' lang='lat' dir='ltr'><strong>cogno-</strong></span> 
     </span>
     <span class='ocr_line' id='line_1_96' title="bbox 1451 2608 2032 2645; baseline -0.002 0"><span class='ocrx_word' id='word_1_655' title='bbox 1451 2617 1579 2645; x_wconf 90' lang='lat' dir='ltr'><strong>scente</strong></span> <span class='ocrx_word' id='word_1_656' title='bbox 1606 2619 1744 2645; x_wconf 89' lang='lat' dir='ltr'><strong>verum</strong></span> <span class='ocrx_word' id='word_1_657' title='bbox 1773 2615 1810 2644; x_wconf 90' lang='lat' dir='ltr'><strong>et</strong></span> <span class='ocrx_word' id='word_1_658' title='bbox 1837 2608 1974 2645; x_wconf 88' lang='lat' dir='ltr'><strong>falsum</strong></span> <span class='ocrx_word' id='word_1_659' title='bbox 2002 2614 2032 2645; x_wconf 62' lang='grc' dir='ltr'><strong>μ.</strong></span> 
     </span>
    </p>
   </div>
   <div class='ocr_carea' id='block_1_17' title="bbox 1451 2723 2521 3006">
    <p class='ocr_par' dir='ltr' id='par_1_35' title="bbox 1453 2723 2521 2784">
     <span class='ocr_line' id='line_1_97' title="bbox 1505 2723 2521 2756; baseline 0.002 -7"><span class='ocrx_word' id='word_1_660' title='bbox 1505 2724 1533 2756; x_wconf 89' lang='grc' dir='ltr'><strong>η)</strong></span> <span class='ocrx_word' id='word_1_661' title='bbox 1553 2724 1691 2749; x_wconf 79' lang='lat' dir='ltr'><strong>iudicium.</strong></span> <span class='ocrx_word' id='word_1_662' title='bbox 1709 2737 1728 2742; x_wconf 98' lang='lat'>-</span> <span class='ocrx_word' id='word_1_663' title='bbox 1744 2723 1889 2748; x_wconf 80' lang='lat' dir='ltr'><strong>secundum</strong></span> <span class='ocrx_word' id='word_1_664' title='bbox 1908 2730 2000 2748; x_wconf 81' lang='lat' dir='ltr'><strong>sensus</strong></span> <span class='ocrx_word' id='word_1_665' title='bbox 2019 2723 2117 2748; x_wconf 82' lang='lat' dir='ltr'><strong>addunt</strong></span> <span class='ocrx_word' id='word_1_666' title='bbox 2130 2723 2242 2750; x_wconf 86' lang='lat' dir='ltr'><strong>codices.</strong></span> <span class='ocrx_word' id='word_1_667' title='bbox 2260 2737 2279 2743; x_wconf 94' lang='lat'>-</span> <span class='ocrx_word' id='word_1_668' title='bbox 2297 2724 2379 2750; x_wconf 76' lang='lat' dir='ltr'><strong>etiam</strong></span> <span class='ocrx_word' id='word_1_669' title='bbox 2397 2725 2521 2751; x_wconf 77' lang='lat' dir='ltr'><strong>omittunt</strong></span> 
     </span>
     <span class='ocr_line' id='line_1_98' title="bbox 1453 2759 1582 2784; baseline 0 0"><span class='ocrx_word' id='word_1_670' title='bbox 1453 2759 1511 2784; x_wconf 88' lang='lat' dir='ltr'><strong>edd.</strong></span> <span class='ocrx_word' id='word_1_671' title='bbox 1530 2766 1547 2784; x_wconf 87' lang='lat' dir='ltr'><strong>a</strong></span> <span class='ocrx_word' id='word_1_672' title='bbox 1558 2759 1582 2784; x_wconf 78' lang='lat' dir='ltr'><strong>b.</strong></span> 
     </span>
    </p>

    <p class='ocr_par' dir='ltr' id='par_1_36' title="bbox 1505 2792 2164 2827">
     <span class='ocr_line' id='line_1_99' title="bbox 1505 2792 2164 2827; baseline 0.003 -9"><span class='ocrx_word' id='word_1_673' title='bbox 1505 2792 1530 2827; x_wconf 77' lang='lat'><strong>⁰)</strong></span> <span class='ocrx_word' id='word_1_674' title='bbox 1549 2794 1687 2820; x_wconf 75' lang='lat' dir='ltr'><strong>sensibiIis.</strong></span> <span class='ocrx_word' id='word_1_675' title='bbox 1705 2807 1724 2814; x_wconf 89' lang='lat'><strong>—-</strong></span> <span class='ocrx_word' id='word_1_676' title='bbox 1742 2793 1837 2819; x_wconf 78' lang='lat' dir='ltr'><strong>obiecti</strong></span> <span class='ocrx_word' id='word_1_677' title='bbox 1856 2794 1884 2825; x_wconf 88' lang='lat' dir='ltr'><strong>C,</strong></span> <span class='ocrx_word' id='word_1_678' title='bbox 1899 2802 1953 2819; x_wconf 90' lang='lat' dir='ltr'><strong>om.</strong></span> <span class='ocrx_word' id='word_1_679' title='bbox 1973 2794 2049 2818; x_wconf 83' lang='lat' dir='ltr'><strong>ceteri</strong></span> <span class='ocrx_word' id='word_1_680' title='bbox 2069 2798 2094 2819; x_wconf 90' lang='lat' dir='ltr'><strong>et</strong></span> <span class='ocrx_word' id='word_1_681' title='bbox 2112 2794 2164 2820; x_wconf 83' lang='lat' dir='ltr'><strong>ab.</strong></span> 
     </span>
    </p>

    <p class='ocr_par' dir='ltr' id='par_1_37' title="bbox 1506 2829 1846 2863">
     <span class='ocr_line' id='line_1_100' title="bbox 1506 2829 1846 2863; baseline -0.003 -8"><span class='ocrx_word' id='word_1_682' title='bbox 1506 2829 1525 2863; x_wconf 87' lang='grc' dir='ltr'><strong>ι)</strong></span> <span class='ocrx_word' id='word_1_683' title='bbox 1543 2829 1634 2855; x_wconf 77' lang='lat' dir='ltr'><strong>etiam.</strong></span> <span class='ocrx_word' id='word_1_684' title='bbox 1651 2843 1671 2849; x_wconf 92' lang='lat'><em>—</em></span> <span class='ocrx_word' id='word_1_685' title='bbox 1689 2830 1750 2855; x_wconf 88' lang='lat' dir='ltr'><strong>Om.</strong></span> <span class='ocrx_word' id='word_1_686' title='bbox 1769 2830 1846 2854; x_wconf 82' lang='lat' dir='ltr'><strong>ABD.</strong></span> 
     </span>
    </p>

    <p class='ocr_par' dir='ltr' id='par_1_38' title="bbox 1451 2865 2520 2933">
     <span class='ocr_line' id='line_1_101' title="bbox 1505 2865 2520 2899; baseline 0.002 -9"><span class='ocrx_word' id='word_1_687' title='bbox 1505 2865 1531 2898; x_wconf 77' lang='grc' dir='ltr'><strong>κ)</strong></span> <span class='ocrx_word' id='word_1_688' title='bbox 1543 2866 1629 2899; x_wconf 81' lang='lat' dir='ltr'><strong>salsa.</strong></span> <span class='ocrx_word' id='word_1_689' title='bbox 1645 2879 1666 2885; x_wconf 96' lang='lat'>-</span> <span class='ocrx_word' id='word_1_690' title='bbox 1677 2865 1768 2899; x_wconf 78' lang='lat' dir='ltr'><strong>salsae</strong></span> <span class='ocrx_word' id='word_1_691' title='bbox 1786 2865 1888 2890; x_wconf 82' lang='lat' dir='ltr'><strong>codices</strong></span> <span class='ocrx_word' id='word_1_692' title='bbox 1907 2870 1933 2890; x_wconf 87' lang='lat' dir='ltr'><strong>et</strong></span> <span class='ocrx_word' id='word_1_693' title='bbox 1951 2865 2002 2890; x_wconf 76' lang='lat' dir='ltr'><strong>ab.</strong></span> <span class='ocrx_word' id='word_1_694' title='bbox 2015 2877 2034 2885; x_wconf 86' lang='lat'>-</span> <span class='ocrx_word' id='word_1_695' title='bbox 2050 2865 2101 2890; x_wconf 87' lang='lat' dir='ltr'><strong>Pro</strong></span> <span class='ocrx_word' id='word_1_696' title='bbox 2120 2872 2171 2891; x_wconf 87' lang='lat' dir='ltr'><strong>non</strong></span> <span class='ocrx_word' id='word_1_697' title='bbox 2191 2865 2303 2890; x_wconf 79' lang='lat' dir='ltr'><strong>subsunt</strong></span> <span class='ocrx_word' id='word_1_698' title='bbox 2321 2872 2371 2895; x_wconf 75' lang='lat' dir='ltr'><strong>res,</strong></span> <span class='ocrx_word' id='word_1_699' title='bbox 2385 2873 2438 2891; x_wconf 77' lang='lat' dir='ltr'><strong>non</strong></span> <span class='ocrx_word' id='word_1_700' title='bbox 2456 2870 2520 2892; x_wconf 74' lang='lat' dir='ltr'><strong>sunt</strong></span> 
     </span>
     <span class='ocr_line' id='line_1_102' title="bbox 1451 2900 2318 2933; baseline -0.001 -7"><span class='ocrx_word' id='word_1_701' title='bbox 1451 2907 1494 2926; x_wconf 85' lang='lat' dir='ltr'><strong>res</strong></span> <span class='ocrx_word' id='word_1_702' title='bbox 1512 2901 1543 2931; x_wconf 85' lang='lat' dir='ltr'><strong>D,</strong></span> <span class='ocrx_word' id='word_1_703' title='bbox 1557 2908 1609 2926; x_wconf 81' lang='lat' dir='ltr'><strong>non</strong></span> <span class='ocrx_word' id='word_1_704' title='bbox 1627 2901 1739 2926; x_wconf 78' lang='lat' dir='ltr'><strong>subsunt</strong></span> <span class='ocrx_word' id='word_1_705' title='bbox 1757 2900 1834 2925; x_wconf 82' lang='lat' dir='ltr'><strong>rebus</strong></span> <span class='ocrx_word' id='word_1_706' title='bbox 1852 2901 1886 2932; x_wconf 74' lang='lat'><strong>133</strong></span> <span class='ocrx_word' id='word_1_707' title='bbox 1906 2901 1947 2925; x_wconf 81' lang='lat' dir='ltr'><strong>vel</strong></span> <span class='ocrx_word' id='word_1_708' title='bbox 1966 2908 2017 2926; x_wconf 83' lang='lat' dir='ltr'><strong>non</strong></span> <span class='ocrx_word' id='word_1_709' title='bbox 2037 2904 2101 2926; x_wconf 80' lang='lat' dir='ltr'><strong>sunt</strong></span> <span class='ocrx_word' id='word_1_710' title='bbox 2119 2907 2162 2926; x_wconf 72' lang='lat' dir='ltr'><strong>res</strong></span> <span class='ocrx_word' id='word_1_711' title='bbox 2179 2907 2270 2933; x_wconf 84' lang='lat' dir='ltr'><strong>margo</strong></span> <span class='ocrx_word' id='word_1_712' title='bbox 2288 2901 2318 2925; x_wconf 88' lang='lat' dir='ltr'><strong>B.</strong></span> 
     </span>
    </p>

    <p class='ocr_par' dir='ltr' id='par_1_39' title="bbox 1504 2935 2046 2969">
     <span class='ocr_line' id='line_1_103' title="bbox 1504 2935 2046 2969; baseline 0 -7"><span class='ocrx_word' id='word_1_713' title='bbox 1504 2935 1533 2969; x_wconf 87' lang='grc' dir='ltr'><strong>λ)</strong></span> <span class='ocrx_word' id='word_1_714' title='bbox 1549 2937 1683 2969; x_wconf 77' lang='lat' dir='ltr'><strong>procedit.</strong></span> <span class='ocrx_word' id='word_1_715' title='bbox 1700 2950 1719 2956; x_wconf 96' lang='lat'><em>-</em></span> <span class='ocrx_word' id='word_1_716' title='bbox 1736 2936 1774 2961; x_wconf 80' lang='lat' dir='ltr'><strong>ad</strong></span> <span class='ocrx_word' id='word_1_717' title='bbox 1791 2936 1840 2961; x_wconf 87' lang='lat' dir='ltr'><strong>hoc</strong></span> <span class='ocrx_word' id='word_1_718' title='bbox 1854 2936 1979 2968; x_wconf 75' lang='lat' dir='ltr'><strong>procedit</strong></span> <span class='ocrx_word' id='word_1_719' title='bbox 1997 2937 2046 2969; x_wconf 85' lang='lat' dir='ltr'><strong>pB.</strong></span> 
     </span>
    </p>

    <p class='ocr_par' dir='ltr' id='par_1_40' title="bbox 1506 2971 2203 3006">
     <span class='ocr_line' id='line_1_104' title="bbox 1506 2971 2203 3006; baseline 0 -9"><span class='ocrx_word' id='word_1_720' title='bbox 1506 2972 1535 3006; x_wconf 83' lang='grc' dir='ltr'><strong>μ.)</strong></span> <span class='ocrx_word' id='word_1_721' title='bbox 1548 2972 1663 3006; x_wconf 81' lang='lat' dir='ltr'><strong>salsum.</strong></span> <span class='ocrx_word' id='word_1_722' title='bbox 1679 2986 1699 2991; x_wconf 97' lang='lat'><em>-</em></span> <span class='ocrx_word' id='word_1_723' title='bbox 1716 2975 1743 2997; x_wconf 80' lang='lat' dir='ltr'><strong>et</strong></span> <span class='ocrx_word' id='word_1_724' title='bbox 1761 2971 1799 2997; x_wconf 80' lang='lat' dir='ltr'><strong>sie</strong></span> <span class='ocrx_word' id='word_1_725' title='bbox 1812 2974 1891 3004; x_wconf 80' lang='lat' dir='ltr'><strong>patet</strong></span> <span class='ocrx_word' id='word_1_726' title='bbox 1910 2974 1995 2997; x_wconf 81' lang='lat' dir='ltr'><strong>totum</strong></span> <span class='ocrx_word' id='word_1_727' title='bbox 2015 2971 2113 2997; x_wconf 80' lang='lat' dir='ltr'><strong>addunt</strong></span> <span class='ocrx_word' id='word_1_728' title='bbox 2130 2971 2203 2997; x_wconf 82' lang='lat' dir='ltr'><strong>BGa.</strong></span> 
     </span>
    </p>
   </div>
   <div class='ocr_carea' id='block_1_18' title="bbox 1013 3049 1839 3085">
    <p class='ocr_par' dir='ltr' id='par_1_41' title="bbox 1013 3049 1839 3085">
     <span class='ocr_line' id='line_1_105' title="bbox 1013 3049 1839 3085; baseline 0 -2"><span class='ocrx_word' id='word_1_729' title='bbox 1013 3049 1344 3083; x_wconf 70' lang='lat' dir='ltr'><strong>Commentario.</strong></span> <span class='ocrx_word' id='word_1_730' title='bbox 1367 3049 1617 3084; x_wconf 80' lang='lat' dir='ltr'><strong>Cardinalis</strong></span> <span class='ocrx_word' id='word_1_731' title='bbox 1639 3049 1839 3085; x_wconf 74' lang='lat' dir='ltr'><strong>Caietam</strong></span> 
     </span>
    </p>
   </div>
   <div class='ocr_carea' id='block_1_19' title="bbox 333 3129 1403 3699">
    <p class='ocr_par' dir='ltr' id='par_1_42' title="bbox 393 3129 1400 3171">
     <span class='ocr_line' id='line_1_106' title="bbox 393 3129 1400 3171; baseline -0.001 -10"><span class='ocrx_word' id='word_1_732' title='bbox 393 3141 500 3162; x_wconf 58' lang='lat' dir='ltr'><strong>trusus</strong></span> <span class='ocrx_word' id='word_1_733' title='bbox 524 3140 560 3161; x_wconf 86' lang='lat' dir='ltr'><strong>ex</strong></span> <span class='ocrx_word' id='word_1_734' title='bbox 586 3129 743 3171; x_wconf 89' lang='lat' dir='ltr'><strong>principio</strong></span> <span class='ocrx_word' id='word_1_735' title='bbox 774 3129 916 3170; x_wconf 85' lang='lat' dir='ltr'><strong>corporis</strong></span> <span class='ocrx_word' id='word_1_736' title='bbox 947 3136 993 3160; x_wconf 89' lang='lat' dir='ltr'><strong>est</strong></span> <span class='ocrx_word' id='word_1_737' title='bbox 1024 3130 1136 3161; x_wconf 86' lang='lat' dir='ltr'><strong>clarus.</strong></span> <span class='ocrx_word' id='word_1_738' title='bbox 1160 3147 1179 3152; x_wconf 98' lang='lat'>-</span> <span class='ocrx_word' id='word_1_739' title='bbox 1204 3130 1239 3160; x_wconf 85' lang='lat' dir='ltr'><strong>In</strong></span> <span class='ocrx_word' id='word_1_740' title='bbox 1269 3139 1400 3171; x_wconf 89' lang='lat' dir='ltr'><strong>corpore</strong></span> 
     </span>
    </p>

    <p class='ocr_par' dir='ltr' id='par_1_43' title="bbox 333 3173 1402 3261">
     <span class='ocr_line' id='line_1_107' title="bbox 394 3173 1402 3216; baseline -0.001 -11"><span class='ocrx_word' id='word_1_741' title='bbox 394 3176 476 3206; x_wconf 89' lang='lat' dir='ltr'><strong>duo:</strong></span> <span class='ocrx_word' id='word_1_742' title='bbox 497 3174 612 3216; x_wconf 86' lang='lat' dir='ltr'><strong>primo,</strong></span> <span class='ocrx_word' id='word_1_743' title='bbox 630 3174 766 3205; x_wconf 79' lang='lat' dir='ltr'><strong>declarat</strong></span> <span class='ocrx_word' id='word_1_744' title='bbox 780 3173 864 3204; x_wconf 89' lang='lat' dir='ltr'><strong>tituli</strong></span> <span class='ocrx_word' id='word_1_745' title='bbox 883 3182 1028 3210; x_wconf 87' lang='lat' dir='ltr'><strong>sensum;</strong></span> <span class='ocrx_word' id='word_1_746' title='bbox 1054 3174 1205 3211; x_wconf 88' lang='lat' dir='ltr'><strong>secundo,</strong></span> <span class='ocrx_word' id='word_1_747' title='bbox 1230 3174 1402 3214; x_wconf 87' lang='lat' dir='ltr'><strong>respondet</strong></span> 
     </span>
     <span class='ocr_line' id='line_1_108' title="bbox 333 3218 791 3261; baseline -0.002 -11"><span class='ocrx_word' id='word_1_748' title='bbox 333 3219 488 3261; x_wconf 85' lang='lat' dir='ltr'><strong>quaesito,</strong></span> <span class='ocrx_word' id='word_1_749' title='bbox 513 3219 572 3249; x_wconf 91' lang='lat' dir='ltr'><strong>ibi:</strong></span> <span class='ocrx_word' id='word_1_750' title='bbox 597 3218 652 3249; x_wconf 87' lang='lat' dir='ltr'><strong>Sic</strong></span> <span class='ocrx_word' id='word_1_751' title='bbox 673 3223 791 3249; x_wconf 87' lang='lat' dir='ltr'><strong>autem.</strong></span> 
     </span>
    </p>

    <p class='ocr_par' dir='ltr' id='par_1_44' title="bbox 334 3261 1400 3612">
     <span class='ocr_line' id='line_1_109' title="bbox 392 3261 1399 3303; baseline -0.001 -10"><span class='ocrx_word' id='word_1_752' title='bbox 392 3263 429 3294; x_wconf 91' lang='lat'><strong>11.</strong></span> <span class='ocrx_word' id='word_1_753' title='bbox 455 3263 572 3300; x_wconf 89' lang='lat' dir='ltr'><strong>Quoad</strong></span> <span class='ocrx_word' id='word_1_754' title='bbox 589 3263 752 3303; x_wconf 83' lang='lat' dir='ltr'><strong>primum,</strong></span> <span class='ocrx_word' id='word_1_755' title='bbox 778 3262 853 3292; x_wconf 90' lang='lat' dir='ltr'><strong>dicit</strong></span> <span class='ocrx_word' id='word_1_756' title='bbox 876 3262 964 3303; x_wconf 91' lang='lat' dir='ltr'><strong>quod</strong></span> <span class='ocrx_word' id='word_1_757' title='bbox 989 3272 1099 3293; x_wconf 89' lang='lat' dir='ltr'><strong>sensus</strong></span> <span class='ocrx_word' id='word_1_758' title='bbox 1125 3261 1319 3303; x_wconf 84' lang='lat' dir='ltr'><strong>quaestionis</strong></span> <span class='ocrx_word' id='word_1_759' title='bbox 1344 3268 1399 3298; x_wconf 89' lang='lat' dir='ltr'><strong>est,</strong></span> 
     </span>
     <span class='ocr_line' id='line_1_110' title="bbox 334 3306 1400 3348; baseline -0.002 -10"><span class='ocrx_word' id='word_1_760' title='bbox 334 3314 444 3338; x_wconf 90' lang='lat' dir='ltr'><strong>utrum</strong></span> <span class='ocrx_word' id='word_1_761' title='bbox 467 3317 577 3338; x_wconf 90' lang='lat' dir='ltr'><strong>sensus</strong></span> <span class='ocrx_word' id='word_1_762' title='bbox 601 3307 640 3337; x_wconf 90' lang='lat' dir='ltr'><strong>sit</strong></span> <span class='ocrx_word' id='word_1_763' title='bbox 663 3306 770 3343; x_wconf 49' lang='lat' dir='ltr'><strong>falsus</strong></span> <span class='ocrx_word' id='word_1_764' title='bbox 795 3306 876 3337; x_wconf 89' lang='lat' dir='ltr'><strong>idest</strong></span> <span class='ocrx_word' id='word_1_765' title='bbox 898 3306 1018 3337; x_wconf 86' lang='lat' dir='ltr'><strong>habens</strong></span> <span class='ocrx_word' id='word_1_766' title='bbox 1033 3306 1160 3348; x_wconf 84' lang='lat' dir='ltr'><strong>salsam</strong></span> <span class='ocrx_word' id='word_1_767' title='bbox 1177 3306 1400 3347; x_wconf 83' lang='lat' dir='ltr'><strong>apprehensio-</strong></span> 
     </span>
     <span class='ocr_line' id='line_1_111' title="bbox 335 3350 1400 3391; baseline -0.001 -9"><span class='ocrx_word' id='word_1_768' title='bbox 335 3361 417 3390; x_wconf 86' lang='lat' dir='ltr'><strong>nem,</strong></span> <span class='ocrx_word' id='word_1_769' title='bbox 433 3351 522 3388; x_wconf 83' lang='lat' dir='ltr'><strong>idest,</strong></span> <span class='ocrx_word' id='word_1_770' title='bbox 540 3350 755 3391; x_wconf 80' lang='lat' dir='ltr'><strong>apprehendat</strong></span> <span class='ocrx_word' id='word_1_771' title='bbox 770 3360 837 3381; x_wconf 89' lang='lat' dir='ltr'><strong>rem</strong></span> <span class='ocrx_word' id='word_1_772' title='bbox 854 3350 942 3381; x_wconf 88' lang='lat' dir='ltr'><strong>aliter</strong></span> <span class='ocrx_word' id='word_1_773' title='bbox 957 3361 1055 3391; x_wconf 88' lang='lat' dir='ltr'><strong>quam</strong></span> <span class='ocrx_word' id='word_1_774' title='bbox 1072 3357 1131 3381; x_wconf 89' lang='lat' dir='ltr'><strong>est:</strong></span> <span class='ocrx_word' id='word_1_775' title='bbox 1152 3357 1182 3381; x_wconf 92' lang='lat' dir='ltr'><strong>et</strong></span> <span class='ocrx_word' id='word_1_776' title='bbox 1198 3360 1274 3387; x_wconf 88' lang='lat' dir='ltr'><strong>non,</strong></span> <span class='ocrx_word' id='word_1_777' title='bbox 1291 3357 1400 3381; x_wconf 89' lang='lat' dir='ltr'><strong>utrum</strong></span> 
     </span>
     <span class='ocr_line' id='line_1_112' title="bbox 335 3394 1400 3435; baseline 0 -10"><span class='ocrx_word' id='word_1_778' title='bbox 335 3395 374 3426; x_wconf 88' lang='lat' dir='ltr'><strong>sit</strong></span> <span class='ocrx_word' id='word_1_779' title='bbox 394 3395 501 3431; x_wconf 86' lang='lat' dir='ltr'><strong>falsus,</strong></span> <span class='ocrx_word' id='word_1_780' title='bbox 525 3395 613 3431; x_wconf 84' lang='lat' dir='ltr'><strong>idest,</strong></span> <span class='ocrx_word' id='word_1_781' title='bbox 639 3401 809 3435; x_wconf 87' lang='lat' dir='ltr'><strong>cognoscat</strong></span> <span class='ocrx_word' id='word_1_782' title='bbox 822 3394 873 3425; x_wconf 91' lang='lat' dir='ltr'><strong>vel</strong></span> <span class='ocrx_word' id='word_1_783' title='bbox 888 3395 971 3425; x_wconf 83' lang='lat' dir='ltr'><strong>dicat</strong></span> <span class='ocrx_word' id='word_1_784' title='bbox 994 3394 1119 3425; x_wconf 85' lang='lat' dir='ltr'><strong>falsum.</strong></span> <span class='ocrx_word' id='word_1_785' title='bbox 1136 3395 1316 3435; x_wconf 82' lang='lat' dir='ltr'><strong>Probatque</strong></span> <span class='ocrx_word' id='word_1_786' title='bbox 1338 3394 1400 3425; x_wconf 93' lang='lat' dir='ltr'><strong>hoc</strong></span> 
     </span>
     <span class='ocr_line' id='line_1_113' title="bbox 335 3438 1400 3480; baseline 0 -11"><span class='ocrx_word' id='word_1_787' title='bbox 335 3449 373 3469; x_wconf 87' lang='lat' dir='ltr'><strong>ex</strong></span> <span class='ocrx_word' id='word_1_788' title='bbox 388 3439 515 3470; x_wconf 87' lang='lat' dir='ltr'><strong>veritate</strong></span> <span class='ocrx_word' id='word_1_789' title='bbox 539 3448 667 3470; x_wconf 85' lang='lat' dir='ltr'><strong>sensus:</strong></span> <span class='ocrx_word' id='word_1_790' title='bbox 692 3439 767 3480; x_wconf 91' lang='lat' dir='ltr'><strong>quia</strong></span> <span class='ocrx_word' id='word_1_791' title='bbox 791 3439 906 3469; x_wconf 90' lang='lat' dir='ltr'><strong>eodem</strong></span> <span class='ocrx_word' id='word_1_792' title='bbox 929 3439 1029 3468; x_wconf 91' lang='lat' dir='ltr'><strong>modo</strong></span> <span class='ocrx_word' id='word_1_793' title='bbox 1053 3438 1086 3468; x_wconf 90' lang='lat' dir='ltr'><strong>in</strong></span> <span class='ocrx_word' id='word_1_794' title='bbox 1110 3449 1148 3470; x_wconf 91' lang='lat' dir='ltr'><strong>eo</strong></span> <span class='ocrx_word' id='word_1_795' title='bbox 1172 3438 1331 3470; x_wconf 85' lang='lat' dir='ltr'><strong>invenitur</strong></span> <span class='ocrx_word' id='word_1_796' title='bbox 1348 3448 1400 3469; x_wconf 88' lang='lat' dir='ltr'><strong>ve-</strong></span> 
     </span>
     <span class='ocr_line' id='line_1_114' title="bbox 336 3482 1399 3523; baseline 0.001 -11"><span class='ocrx_word' id='word_1_797' title='bbox 336 3483 426 3519; x_wconf 85' lang='lat' dir='ltr'><strong>ritas,</strong></span> <span class='ocrx_word' id='word_1_798' title='bbox 451 3483 582 3519; x_wconf 87' lang='lat' dir='ltr'><strong>scilicet,</strong></span> <span class='ocrx_word' id='word_1_799' title='bbox 607 3490 643 3514; x_wconf 91' lang='lat' dir='ltr'><strong>ut</strong></span> <span class='ocrx_word' id='word_1_800' title='bbox 666 3483 808 3514; x_wconf 86' lang='lat' dir='ltr'><strong>consistit</strong></span> <span class='ocrx_word' id='word_1_801' title='bbox 836 3483 869 3513; x_wconf 89' lang='lat' dir='ltr'><strong>in</strong></span> <span class='ocrx_word' id='word_1_802' title='bbox 893 3482 1144 3523; x_wconf 84' lang='lat' dir='ltr'><strong>apprehensione</strong></span> <span class='ocrx_word' id='word_1_803' title='bbox 1172 3483 1215 3514; x_wconf 88' lang='lat' dir='ltr'><strong>rei</strong></span> <span class='ocrx_word' id='word_1_804' title='bbox 1240 3482 1328 3514; x_wconf 57' lang='lat' dir='ltr'><strong>sicut*</strong></span> <span class='ocrx_word' id='word_1_805' title='bbox 1343 3489 1399 3513; x_wconf 88' lang='lat' dir='ltr'><strong>est.</strong></span> 
     </span>
     <span class='ocr_line' id='line_1_115' title="bbox 336 3526 1399 3568; baseline 0.001 -12"><span class='ocrx_word' id='word_1_806' title='bbox 336 3527 378 3557; x_wconf 93' lang='lat' dir='ltr'><strong>Et</strong></span> <span class='ocrx_word' id='word_1_807' title='bbox 401 3526 444 3557; x_wconf 91' lang='lat' dir='ltr'><strong>sic</strong></span> <span class='ocrx_word' id='word_1_808' title='bbox 467 3527 562 3557; x_wconf 86' lang='lat' dir='ltr'><strong>etiam</strong></span> <span class='ocrx_word' id='word_1_809' title='bbox 585 3534 670 3567; x_wconf 86' lang='lat' dir='ltr'><strong>patet</strong></span> <span class='ocrx_word' id='word_1_810' title='bbox 693 3527 771 3568; x_wconf 90' lang='lat' dir='ltr'><strong>quid</strong></span> <span class='ocrx_word' id='word_1_811' title='bbox 794 3526 948 3567; x_wconf 86' lang='lat' dir='ltr'><strong>significat</strong></span> <span class='ocrx_word' id='word_1_812' title='bbox 975 3526 1092 3557; x_wconf 83' lang='lat' dir='ltr'><strong>falsitas</strong></span> <span class='ocrx_word' id='word_1_813' title='bbox 1116 3537 1240 3564; x_wconf 87' lang='lat' dir='ltr'><strong>sensus,</strong></span> <span class='ocrx_word' id='word_1_814' title='bbox 1265 3526 1399 3563; x_wconf 86' lang='lat' dir='ltr'><strong>scilicet,</strong></span> 
     </span>
     <span class='ocr_line' id='line_1_116' title="bbox 337 3570 958 3612; baseline 0.002 -12"><span class='ocrx_word' id='word_1_815' title='bbox 337 3570 570 3611; x_wconf 88' lang='lat' dir='ltr'><strong>apprehendere</strong></span> <span class='ocrx_word' id='word_1_816' title='bbox 590 3581 656 3601; x_wconf 92' lang='lat' dir='ltr'><strong>rem</strong></span> <span class='ocrx_word' id='word_1_817' title='bbox 675 3571 763 3602; x_wconf 89' lang='lat' dir='ltr'><strong>aliter</strong></span> <span class='ocrx_word' id='word_1_818' title='bbox 782 3581 880 3612; x_wconf 89' lang='lat' dir='ltr'><strong>quam</strong></span> <span class='ocrx_word' id='word_1_819' title='bbox 903 3578 958 3602; x_wconf 90' lang='lat' dir='ltr'><strong>est.</strong></span> 
     </span>
    </p>

    <p class='ocr_par' dir='ltr' id='par_1_45' title="bbox 338 3614 1403 3699">
     <span class='ocr_line' id='line_1_117' title="bbox 396 3614 1401 3655; baseline 0.001 -11"><span class='ocrx_word' id='word_1_820' title='bbox 396 3614 448 3645; x_wconf 86' lang='lat'><strong>111.</strong></span> <span class='ocrx_word' id='word_1_821' title='bbox 480 3614 597 3651; x_wconf 81' lang='lat' dir='ltr'><strong>Quoad</strong></span> <span class='ocrx_word' id='word_1_822' title='bbox 623 3615 819 3653; x_wconf 85' lang='lat' dir='ltr'><strong>secundum,</strong></span> <span class='ocrx_word' id='word_1_823' title='bbox 849 3615 1012 3646; x_wconf 90' lang='lat' dir='ltr'><strong>conclusio</strong></span> <span class='ocrx_word' id='word_1_824' title='bbox 1044 3615 1228 3655; x_wconf 84' lang='lat' dir='ltr'><strong>responsiva</strong></span> <span class='ocrx_word' id='word_1_825' title='bbox 1257 3614 1401 3655; x_wconf 86' lang='lat' dir='ltr'><strong>quaesito</strong></span> 
     </span>
     <span class='ocr_line' id='line_1_118' title="bbox 338 3658 1403 3699; baseline -0.001 -10"><span class='ocrx_word' id='word_1_826' title='bbox 338 3665 401 3689; x_wconf 86' lang='lat' dir='ltr'><strong>est:</strong></span> <span class='ocrx_word' id='word_1_827' title='bbox 427 3658 552 3695; x_wconf 85' lang='lat' dir='ltr'><strong>Sensus,</strong></span> <span class='ocrx_word' id='word_1_828' title='bbox 570 3665 712 3699; x_wconf 86' lang='lat' dir='ltr'><strong>respectu</strong></span> <span class='ocrx_word' id='word_1_829' title='bbox 734 3659 854 3699; x_wconf 87' lang='lat' dir='ltr'><strong>proprii</strong></span> <span class='ocrx_word' id='word_1_830' title='bbox 871 3659 994 3695; x_wconf 90' lang='lat' dir='ltr'><strong>obiecti,</strong></span> <span class='ocrx_word' id='word_1_831' title='bbox 1012 3669 1077 3690; x_wconf 92' lang='lat' dir='ltr'><strong>non</strong></span> <span class='ocrx_word' id='word_1_832' title='bbox 1094 3666 1140 3690; x_wconf 90' lang='lat' dir='ltr'><strong>est</strong></span> <span class='ocrx_word' id='word_1_833' title='bbox 1156 3658 1252 3690; x_wconf 83' lang='lat' dir='ltr'><strong>falsus</strong></span> <span class='ocrx_word' id='word_1_834' title='bbox 1269 3658 1328 3689; x_wconf 89' lang='lat' dir='ltr'><strong>nisi</strong></span> <span class='ocrx_word' id='word_1_835' title='bbox 1348 3668 1403 3699; x_wconf 91' lang='lat' dir='ltr'><strong>per</strong></span> 
     </span>
    </p>
   </div>
   <div class='ocr_carea' id='block_1_20' title="bbox 1453 3129 2520 3699">
    <p class='ocr_par' dir='ltr' id='par_1_46' title="bbox 1453 3129 2519 3391">
     <span class='ocr_line' id='line_1_119' title="bbox 1454 3129 2519 3171; baseline 0.002 -11"><span class='ocrx_word' id='word_1_836' title='bbox 1454 3129 1611 3166; x_wconf 85' lang='lat' dir='ltr'><strong>accidens;</strong></span> <span class='ocrx_word' id='word_1_837' title='bbox 1637 3129 1692 3160; x_wconf 91' lang='lat' dir='ltr'><strong>sed</strong></span> <span class='ocrx_word' id='word_1_838' title='bbox 1710 3136 1854 3170; x_wconf 87' lang='lat' dir='ltr'><strong>respectu</strong></span> <span class='ocrx_word' id='word_1_839' title='bbox 1871 3130 2026 3161; x_wconf 87' lang='lat' dir='ltr'><strong>sensibilis</strong></span> <span class='ocrx_word' id='word_1_840' title='bbox 2042 3129 2223 3161; x_wconf 86' lang='lat' dir='ltr'><strong>communis</strong></span> <span class='ocrx_word' id='word_1_841' title='bbox 2240 3137 2270 3161; x_wconf 92' lang='lat' dir='ltr'><strong>et</strong></span> <span class='ocrx_word' id='word_1_842' title='bbox 2286 3139 2342 3171; x_wconf 87' lang='lat' dir='ltr'><strong>per</strong></span> <span class='ocrx_word' id='word_1_843' title='bbox 2365 3130 2519 3168; x_wconf 86' lang='lat' dir='ltr'><strong>accidens,</strong></span> 
     </span>
     <span class='ocr_line' id='line_1_120' title="bbox 1454 3173 2518 3214; baseline 0.002 -10"><span class='ocrx_word' id='word_1_844' title='bbox 1454 3181 1501 3205; x_wconf 87' lang='lat' dir='ltr'><strong>est</strong></span> <span class='ocrx_word' id='word_1_845' title='bbox 1524 3173 1632 3205; x_wconf 89' lang='lat' dir='ltr'><strong>falsus.</strong></span> <span class='ocrx_word' id='word_1_846' title='bbox 1649 3191 1670 3197; x_wconf 90' lang='lat'>-</span> <span class='ocrx_word' id='word_1_847' title='bbox 1683 3174 1848 3205; x_wconf 84' lang='lat' dir='ltr'><strong>Probatur.</strong></span> <span class='ocrx_word' id='word_1_848' title='bbox 1873 3174 1990 3205; x_wconf 89' lang='lat' dir='ltr'><strong>Sensus</strong></span> <span class='ocrx_word' id='word_1_849' title='bbox 2013 3174 2057 3205; x_wconf 88' lang='lat' dir='ltr'><strong>sic</strong></span> <span class='ocrx_word' id='word_1_850' title='bbox 2081 3174 2244 3214; x_wconf 84' lang='lat' dir='ltr'><strong>cognoscit</strong></span> <span class='ocrx_word' id='word_1_851' title='bbox 2267 3185 2315 3206; x_wconf 88' lang='lat' dir='ltr'><strong>res</strong></span> <span class='ocrx_word' id='word_1_852' title='bbox 2338 3182 2374 3206; x_wconf 88' lang='lat' dir='ltr'><strong>ut</strong></span> <span class='ocrx_word' id='word_1_853' title='bbox 2396 3175 2518 3206; x_wconf 83' lang='lat' dir='ltr'><strong>assimi-</strong></span> 
     </span>
     <span class='ocr_line' id='line_1_121' title="bbox 1453 3217 2519 3260; baseline 0.003 -12"><span class='ocrx_word' id='word_1_854' title='bbox 1453 3218 1537 3249; x_wconf 90' lang='lat' dir='ltr'><strong>latur</strong></span> <span class='ocrx_word' id='word_1_855' title='bbox 1559 3218 1621 3249; x_wconf 91' lang='lat' dir='ltr'><strong>eis:</strong></span> <span class='ocrx_word' id='word_1_856' title='bbox 1654 3227 1729 3258; x_wconf 85' lang='lat' dir='ltr'><strong>ergo</strong></span> <span class='ocrx_word' id='word_1_857' title='bbox 1753 3218 1911 3258; x_wconf 87' lang='lat' dir='ltr'><strong>quaedam</strong></span> <span class='ocrx_word' id='word_1_858' title='bbox 1938 3228 1995 3259; x_wconf 91' lang='lat' dir='ltr'><strong>per</strong></span> <span class='ocrx_word' id='word_1_859' title='bbox 2017 3228 2050 3248; x_wconf 89' lang='lat' dir='ltr'><strong>se</strong></span> <span class='ocrx_word' id='word_1_860' title='bbox 2077 3217 2202 3258; x_wconf 87' lang='lat' dir='ltr'><strong>primo,</strong></span> <span class='ocrx_word' id='word_1_861' title='bbox 2227 3219 2384 3260; x_wconf 79' lang='lat' dir='ltr'><strong>quaedam</strong></span> <span class='ocrx_word' id='word_1_862' title='bbox 2407 3229 2464 3260; x_wconf 89' lang='lat' dir='ltr'><strong>per</strong></span> <span class='ocrx_word' id='word_1_863' title='bbox 2486 3229 2519 3251; x_wconf 87' lang='lat' dir='ltr'><strong>se</strong></span> 
     </span>
     <span class='ocr_line' id='line_1_122' title="bbox 1454 3261 2518 3304; baseline 0.003 -12"><span class='ocrx_word' id='word_1_864' title='bbox 1454 3272 1520 3292; x_wconf 89' lang='lat' dir='ltr'><strong>non</strong></span> <span class='ocrx_word' id='word_1_865' title='bbox 1543 3262 1659 3302; x_wconf 86' lang='lat' dir='ltr'><strong>primo,</strong></span> <span class='ocrx_word' id='word_1_866' title='bbox 1688 3269 1718 3293; x_wconf 89' lang='lat' dir='ltr'><strong>et</strong></span> <span class='ocrx_word' id='word_1_867' title='bbox 1741 3262 1899 3303; x_wconf 85' lang='lat' dir='ltr'><strong>quaedam</strong></span> <span class='ocrx_word' id='word_1_868' title='bbox 1922 3271 1979 3303; x_wconf 86' lang='lat' dir='ltr'><strong>per</strong></span> <span class='ocrx_word' id='word_1_869' title='bbox 2000 3261 2143 3293; x_wconf 87' lang='lat' dir='ltr'><strong>accidens</strong></span> <span class='ocrx_word' id='word_1_870' title='bbox 2167 3263 2347 3302; x_wconf 88' lang='lat' dir='ltr'><strong>cognoscit:</strong></span> <span class='ocrx_word' id='word_1_871' title='bbox 2373 3273 2447 3304; x_wconf 85' lang='lat' dir='ltr'><strong>ergo</strong></span> <span class='ocrx_word' id='word_1_872' title='bbox 2471 3273 2518 3294; x_wconf 84' lang='lat' dir='ltr'><strong>re-</strong></span> 
     </span>
     <span class='ocr_line' id='line_1_123' title="bbox 1454 3306 2518 3347; baseline 0.002 -10"><span class='ocrx_word' id='word_1_873' title='bbox 1454 3313 1564 3347; x_wconf 85' lang='lat' dir='ltr'><strong>spectu</strong></span> <span class='ocrx_word' id='word_1_874' title='bbox 1588 3306 1742 3337; x_wconf 87' lang='lat' dir='ltr'><strong>sensibilis</strong></span> <span class='ocrx_word' id='word_1_875' title='bbox 1765 3306 1886 3347; x_wconf 87' lang='lat' dir='ltr'><strong>proprii</strong></span> <span class='ocrx_word' id='word_1_876' title='bbox 1908 3306 2036 3337; x_wconf 87' lang='lat' dir='ltr'><strong>nonnisi</strong></span> <span class='ocrx_word' id='word_1_877' title='bbox 2059 3315 2116 3345; x_wconf 90' lang='lat' dir='ltr'><strong>per</strong></span> <span class='ocrx_word' id='word_1_878' title='bbox 2138 3306 2281 3338; x_wconf 85' lang='lat' dir='ltr'><strong>accidens</strong></span> <span class='ocrx_word' id='word_1_879' title='bbox 2312 3307 2448 3343; x_wconf 86' lang='lat' dir='ltr'><strong>fallitur,</strong></span> <span class='ocrx_word' id='word_1_880' title='bbox 2472 3317 2518 3338; x_wconf 90' lang='lat' dir='ltr'><strong>re-</strong></span> 
     </span>
     <span class='ocr_line' id='line_1_124' title="bbox 1455 3350 2050 3391; baseline -0.002 -10"><span class='ocrx_word' id='word_1_881' title='bbox 1455 3357 1564 3391; x_wconf 89' lang='lat' dir='ltr'><strong>spectu</strong></span> <span class='ocrx_word' id='word_1_882' title='bbox 1588 3360 1663 3381; x_wconf 89' lang='lat' dir='ltr'><strong>vero</strong></span> <span class='ocrx_word' id='word_1_883' title='bbox 1687 3350 1824 3381; x_wconf 78' lang='lat' dir='ltr'><strong>aliorum</strong></span> <span class='ocrx_word' id='word_1_884' title='bbox 1848 3350 1912 3380; x_wconf 87' lang='lat' dir='ltr'><strong>falli</strong></span> <span class='ocrx_word' id='word_1_885' title='bbox 1936 3357 2050 3391; x_wconf 88' lang='lat' dir='ltr'><strong>potest.</strong></span> 
     </span>
    </p>

    <p class='ocr_par' dir='ltr' id='par_1_47' title="bbox 1455 3394 2520 3699">
     <span class='ocr_line' id='line_1_125' title="bbox 1508 3394 2516 3436; baseline 0.001 -11"><span class='ocrx_word' id='word_1_886' title='bbox 1508 3395 1707 3425; x_wconf 88' lang='lat' dir='ltr'><strong>Antecedens</strong></span> <span class='ocrx_word' id='word_1_887' title='bbox 1725 3401 1820 3435; x_wconf 86' lang='lat' dir='ltr'><strong>patet.</strong></span> <span class='ocrx_word' id='word_1_888' title='bbox 1845 3394 2082 3435; x_wconf 89' lang='lat' dir='ltr'><strong>Consequentia</strong></span> <span class='ocrx_word' id='word_1_889' title='bbox 2106 3401 2213 3425; x_wconf 84' lang='lat' dir='ltr'><strong>autem</strong></span> <span class='ocrx_word' id='word_1_890' title='bbox 2234 3394 2336 3436; x_wconf 90' lang='lat' dir='ltr'><strong>prima</strong></span> <span class='ocrx_word' id='word_1_891' title='bbox 2351 3395 2516 3436; x_wconf 85' lang='lat' dir='ltr'><strong>probatur:</strong></span> 
     </span>
     <span class='ocr_line' id='line_1_126' title="bbox 1455 3437 2518 3480; baseline 0.001 -12"><span class='ocrx_word' id='word_1_892' title='bbox 1455 3438 1530 3479; x_wconf 86' lang='lat' dir='ltr'><strong>quia</strong></span> <span class='ocrx_word' id='word_1_893' title='bbox 1553 3439 1713 3479; x_wconf 88' lang='lat' dir='ltr'><strong>tripliciter</strong></span> <span class='ocrx_word' id='word_1_894' title='bbox 1736 3437 1910 3469; x_wconf 87' lang='lat' dir='ltr'><strong>similitudo</strong></span> <span class='ocrx_word' id='word_1_895' title='bbox 1926 3437 1960 3468; x_wconf 89' lang='lat' dir='ltr'><strong>in</strong></span> <span class='ocrx_word' id='word_1_896' title='bbox 1976 3448 2068 3469; x_wconf 88' lang='lat' dir='ltr'><strong>sensu</strong></span> <span class='ocrx_word' id='word_1_897' title='bbox 2086 3438 2254 3476; x_wconf 84' lang='lat' dir='ltr'><strong>invenitur,</strong></span> <span class='ocrx_word' id='word_1_898' title='bbox 2272 3439 2397 3476; x_wconf 88' lang='lat' dir='ltr'><strong>scilicet,</strong></span> <span class='ocrx_word' id='word_1_899' title='bbox 2414 3449 2470 3480; x_wconf 88' lang='lat' dir='ltr'><strong>per</strong></span> <span class='ocrx_word' id='word_1_900' title='bbox 2486 3448 2518 3469; x_wconf 90' lang='lat' dir='ltr'><strong>se</strong></span> 
     </span>
     <span class='ocr_line' id='line_1_127' title="bbox 1455 3482 2518 3523; baseline 0.002 -11"><span class='ocrx_word' id='word_1_901' title='bbox 1455 3483 1570 3523; x_wconf 90' lang='lat' dir='ltr'><strong>primo,</strong></span> <span class='ocrx_word' id='word_1_902' title='bbox 1587 3489 1644 3514; x_wconf 90' lang='lat' dir='ltr'><strong>etc.</strong></span> <span class='ocrx_word' id='word_1_903' title='bbox 1669 3482 1814 3513; x_wconf 89' lang='lat' dir='ltr'><strong>Secunda</strong></span> <span class='ocrx_word' id='word_1_904' title='bbox 1837 3488 1943 3512; x_wconf 87' lang='lat' dir='ltr'><strong>autem</strong></span> <span class='ocrx_word' id='word_1_905' title='bbox 1962 3483 2187 3523; x_wconf 88' lang='lat' dir='ltr'><strong>consequentia</strong></span> <span class='ocrx_word' id='word_1_906' title='bbox 2203 3483 2235 3514; x_wconf 91' lang='lat' dir='ltr'><strong>in</strong></span> <span class='ocrx_word' id='word_1_907' title='bbox 2249 3483 2349 3514; x_wconf 89' lang='lat' dir='ltr'><strong>littera</strong></span> <span class='ocrx_word' id='word_1_908' title='bbox 2364 3492 2429 3514; x_wconf 90' lang='lat' dir='ltr'><strong>non</strong></span> <span class='ocrx_word' id='word_1_909' title='bbox 2446 3492 2518 3523; x_wconf 90' lang='lat' dir='ltr'><strong>pro-</strong></span> 
     </span>
     <span class='ocr_line' id='line_1_128' title="bbox 1455 3526 2519 3567; baseline 0 -10"><span class='ocrx_word' id='word_1_910' title='bbox 1455 3527 1556 3562; x_wconf 84' lang='lat' dir='ltr'><strong>batur,</strong></span> <span class='ocrx_word' id='word_1_911' title='bbox 1581 3526 1641 3557; x_wconf 89' lang='lat' dir='ltr'><strong>nisi</strong></span> <span class='ocrx_word' id='word_1_912' title='bbox 1665 3536 1701 3557; x_wconf 84' lang='lat' dir='ltr'><strong>ex</strong></span> <span class='ocrx_word' id='word_1_913' title='bbox 1724 3526 1786 3556; x_wconf 92' lang='lat' dir='ltr'><strong>hoc</strong></span> <span class='ocrx_word' id='word_1_914' title='bbox 1809 3526 1898 3566; x_wconf 91' lang='lat' dir='ltr'><strong>quod</strong></span> <span class='ocrx_word' id='word_1_915' title='bbox 1921 3526 1960 3556; x_wconf 85' lang='lat' dir='ltr'><strong>ad</strong></span> <span class='ocrx_word' id='word_1_916' title='bbox 1985 3536 2040 3567; x_wconf 88' lang='lat' dir='ltr'><strong>per</strong></span> <span class='ocrx_word' id='word_1_917' title='bbox 2059 3537 2090 3557; x_wconf 92' lang='lat' dir='ltr'><strong>se</strong></span> <span class='ocrx_word' id='word_1_918' title='bbox 2107 3527 2211 3567; x_wconf 82' lang='lat' dir='ltr'><strong>primo</strong></span> <span class='ocrx_word' id='word_1_919' title='bbox 2235 3527 2381 3558; x_wconf 89' lang='lat' dir='ltr'><strong>sensibile</strong></span> <span class='ocrx_word' id='word_1_920' title='bbox 2404 3527 2519 3557; x_wconf 87' lang='lat' dir='ltr'><strong>directe</strong></span> 
     </span>
     <span class='ocr_line' id='line_1_129' title="bbox 1456 3569 2519 3612; baseline 0 -12"><span class='ocrx_word' id='word_1_921' title='bbox 1456 3580 1565 3601; x_wconf 88' lang='lat' dir='ltr'><strong>sensus</strong></span> <span class='ocrx_word' id='word_1_922' title='bbox 1589 3570 1730 3606; x_wconf 86' lang='lat' dir='ltr'><strong>refertur,</strong></span> <span class='ocrx_word' id='word_1_923' title='bbox 1755 3569 1794 3599; x_wconf 92' lang='lat' dir='ltr'><strong>ad</strong></span> <span class='ocrx_word' id='word_1_924' title='bbox 1818 3569 1878 3600; x_wconf 84' lang='lat' dir='ltr'><strong>alia</strong></span> <span class='ocrx_word' id='word_1_925' title='bbox 1901 3580 1975 3600; x_wconf 90' lang='lat' dir='ltr'><strong>vero</strong></span> <span class='ocrx_word' id='word_1_926' title='bbox 2000 3581 2036 3601; x_wconf 87' lang='lat' dir='ltr'><strong>ex</strong></span> <span class='ocrx_word' id='word_1_927' title='bbox 2060 3571 2265 3612; x_wconf 89' lang='lat' dir='ltr'><strong>consequenti</strong></span> <span class='ocrx_word' id='word_1_928' title='bbox 2288 3571 2338 3602; x_wconf 84' lang='lat' dir='ltr'><strong>vel</strong></span> <span class='ocrx_word' id='word_1_929' title='bbox 2361 3580 2416 3611; x_wconf 91' lang='lat' dir='ltr'><strong>per</strong></span> <span class='ocrx_word' id='word_1_930' title='bbox 2439 3570 2519 3601; x_wconf 85' lang='lat' dir='ltr'><strong>acci-</strong></span> 
     </span>
     <span class='ocr_line' id='line_1_130' title="bbox 1457 3614 2519 3656; baseline 0 -12"><span class='ocrx_word' id='word_1_931' title='bbox 1457 3614 1548 3644; x_wconf 89' lang='lat' dir='ltr'><strong>dens:</strong></span> <span class='ocrx_word' id='word_1_932' title='bbox 1573 3614 1605 3644; x_wconf 94' lang='lat' dir='ltr'><strong>in</strong></span> <span class='ocrx_word' id='word_1_933' title='bbox 1622 3614 1754 3644; x_wconf 87' lang='lat' dir='ltr'><strong>articulo</strong></span> <span class='ocrx_word' id='word_1_934' title='bbox 1778 3620 1883 3644; x_wconf 85' lang='lat' dir='ltr'><strong>tamen</strong></span> <span class='ocrx_word' id='word_1_935' title='bbox 1899 3614 2042 3655; x_wconf 86' lang='lat' dir='ltr'><strong>sequenti</strong></span> <span class='ocrx_word' id='word_1_936' title='bbox 2058 3615 2136 3646; x_wconf 83' lang='lat' dir='ltr'><strong>ratio</strong></span> <span class='ocrx_word' id='word_1_937' title='bbox 2161 3614 2376 3656; x_wconf 83' lang='lat' dir='ltr'><strong>assignabitur.</strong></span> <span class='ocrx_word' id='word_1_938' title='bbox 2402 3614 2519 3651; x_wconf 82' lang='lat' dir='ltr'><strong>Quoad</strong></span> 
     </span>
     <span class='ocr_line' id='line_1_131' title="bbox 1457 3657 2520 3699; baseline 0.001 -11"><span class='ocrx_word' id='word_1_939' title='bbox 1457 3657 1675 3698; x_wconf 87' lang='lat' dir='ltr'><strong>exceptionem</strong></span> <span class='ocrx_word' id='word_1_940' title='bbox 1691 3664 1807 3694; x_wconf 83' lang='lat' dir='ltr'><strong>tamen,</strong></span> <span class='ocrx_word' id='word_1_941' title='bbox 1824 3658 1904 3689; x_wconf 87' lang='lat' dir='ltr'><strong>idest</strong></span> <span class='ocrx_word' id='word_1_942' title='bbox 1927 3659 1988 3689; x_wconf 84' lang='lat' dir='ltr'><strong>nisi</strong></span> <span class='ocrx_word' id='word_1_943' title='bbox 2005 3669 2068 3699; x_wconf 80' lang='lat' dir='ltr'><strong>per</strong></span> <span class='ocrx_word' id='word_1_944' title='bbox 2083 3659 2240 3697; x_wconf 85' lang='lat' dir='ltr'><strong>accidens,</strong></span> <span class='ocrx_word' id='word_1_945' title='bbox 2257 3657 2474 3689; x_wconf 87' lang='lat' dir='ltr'><strong>manifestatur</strong></span> <span class='ocrx_word' id='word_1_946' title='bbox 2490 3665 2520 3689; x_wconf 86' lang='lat' dir='ltr'><strong>et</strong></span> 
     </span>
    </p>
   </div>
   <div class='ocr_carea' id='block_1_21' title="bbox 2547 2352 2761 2428">
    <p class='ocr_par' dir='ltr' id='par_1_48' title="bbox 2547 2352 2761 2428">
     <span class='ocr_line' id='line_1_132' title="bbox 2547 2352 2761 2376; baseline 0.005 -1"><span class='ocrx_word' id='word_1_947' title='bbox 2547 2354 2557 2363; x_wconf 80' lang='lat'><strong>·</strong></span> <span class='ocrx_word' id='word_1_948' title='bbox 2564 2352 2700 2375; x_wconf 62' lang='lat' dir='ltr'><strong>uenum·</strong></span> <span class='ocrx_word' id='word_1_949' title='bbox 2707 2353 2761 2376; x_wconf 87' lang='lat' dir='ltr'><strong>Did.</strong></span> 
     </span>
     <span class='ocr_line' id='line_1_133' title="bbox 2547 2378 2760 2428; baseline 0.005 -27"><span class='ocrx_word' id='word_1_950' title='bbox 2547 2378 2630 2428; x_wconf 42' lang='lat' dir='ltr'><strong>fila-ff,</strong></span> <span class='ocrx_word' id='word_1_951' title='bbox 2638 2386 2690 2408; x_wconf 76' lang='lat' dir='ltr'><strong>cap.</strong></span> <span class='ocrx_word' id='word_1_952' title='bbox 2695 2386 2760 2408; x_wconf 81' lang='lat' dir='ltr'><strong>xxix,</strong></span> 
     </span>
    </p>
   </div>
  </div>
 </body>
</html>
