2768 4178
47 2510 197 2533 'etms

230 2741 237 2774 ζ
292 2725 444 2760 secundo,
460 2723 609 2755 recitatur
623 2723 736 2764 opinio
759 2724 904 2763 negativa
917 2723 948 2760 *;

1004 245 1272 293 QUAEsrro
1301 245 1390 292 ΧΠ,
1419 243 1714 282 ART1CULUS
1743 246 1757 281 1

281 326 401 375 Quod
420 335 477 365 est
495 328 661 365 alienum
681 340 704 365 a
721 327 811 364 fide.
842 327 884 362 In
908 325 992 374 ipso
1013 324 1116 361 enirn
1146 331 1201 361 est
1219 323 1350 360 ultima

281 381 464 430 perfectio
491 380 682 418 rationalis
711 387 917 426 creaturae,
945 375 1078 426 quod⁰
1103 384 1159 413 est
1187 376 1221 413 ei
1248 375 1350 425 prin-

284 433 426 484 cipium
464 433 637 472 essendi:
675 433 861 470 intantum
901 430 1004 467 enim
1044 429 1350 478 unumquodque

282 487 495 536 perfectum
524 495 600 533 est,
630 486 857 533 inquantum
891 483 940 520 ad
975 495 1088 519 suum
1120 481 1350 531 principium

284 540 440 589 attingit.
461 561 485 568 -
515 538 722 578 Similiter&
747 537 862 574 etiam
890 537 957 573 est'
972 542 1122 584 praeter
1150 534 1349 572 rationem.

284 594 386 631 Inest
400 593 504 630 enim
515 591 663 629 homini
673 590 843 628 naturale
854 587 1084 626 desiderium
1095 587 1351 635 cognoscendi

285 658 451 693 causam,
472 657 560 682 curn
586 644 752 682 intuetur
780 642 976 686 effectum;
1007 648 1043 677 et
1067 652 1113 677 ex
1131 641 1206 677 hoc
1230 640 1351 677 admi-

284 698 379 736 ratio
407 698 447 735 in
474 696 695 734 hominibus
715 694 917 743 consurgit.
948 693 989 731 Si
1013 693 1124 742 igitur
1142 693 1351 730 intellectus

283 750 476 788 rationalis
496 757 690 787 creaturae
711 748 926 799 pertingere
954 747 1034 789 non
1060 746 1182 795 possit
1209 746 1258 783 ad
1276 746 1352 795 pri-

284 815 391 840 mam
411 815 567 840 causam
587 814 728 849 rerum,
749 800 962 839 remanebit
984 800 1099 837 inane
1119 799 1351 837 desiderium

284 863 454 894 naturae.
483 855 597 894 Unde
621 854 840 904 simpliciter
859 852 1152 890 concedendum
1173 860 1229 889 est
1248 852 1353 902 quod

284 909 386 950 beati
414 908 488 947 Dei
517 908 719 946 essentiam
745 907 903 945 videant
920 913 944 943 ¹.
1083 915 1085 917 ’
1140 939 1229 949 -

338 963 397 999 Ar>
417 958 554 999 Primum
583 973 682 998 ERGO
710 972 895 998 mci-:unum
917 959 1022 1009 quod
1041 966 1203 1007 utraque
1223 965 1353 996 aucto-

277 1015 374 1055 sitas
392 1014 559 1064 loquitur
577 1014 626 1052 de
644 1013 794 1051 visione
815 1011 1169 1062 comprehensionis
1182 1011 1214 1049 *.
1239 1011 1352 1049 Unde

283 1067 490 1117 praemittit
516 1067 726 1116 Dionysius
753 1066 974 1103 immediate
1004 1073 1090 1102 ante
1118 1065 1240 1102 verba
1266 1076 1355 1113 pro-

240 1157 243 1159 ,
283 1121 421 1170 posita,
442 1121 591 1158 dicens:
621 1120 794 1157 omnibus
822 1120 900 1168 ipse
926 1124 981 1155 est
1006 1118 1268 1155 universaliter
1299 1117 1355 1154 in-

283 1174 638 1224 comprehensibilis,
659 1179 696 1210 et
712 1185 781 1210 nec
797 1184 927 1209 sensus
954 1177 1008 1208 est
1020 1170 1044 1218 ³,
1065 1178 1134 1208 etc.
1165 1171 1214 1207 Et
1234 1171 1355 1219 Chry-

258 1234 479 1277 sostomus
515 1237 653 1276 parum
691 1234 779 1275 post
814 1225 935 1262 verba
972 1223 1166 1273 praedicta
1204 1223 1353 1260 subdit:

283 1280 465 1317 visionem
484 1281 545 1317 hic
567 1279 657 1317 dicit
677 1279 923 1316 certissimam
946 1277 1071 1314 Patris
1089 1277 1355 1314 consideratio-

285 1345 372 1370 nem
400 1339 437 1370 et
462 1332 844 1382 comprehensionem,
873 1336 1017 1368 tantam
1037 1335 1218 1379 quantam
1242 1331 1356 1367 Pater

284 1387 397 1424 habet
422 1386 468 1423 de
494 1386 605 1423 Filio.

338 1440 398 1476 An
425 1450 617 1476 sacunnum
645 1449 830 1475 mcaunum
850 1436 955 1486 quod
975 1436 1167 1473 infinitum
1187 1435 1295 1484 quod
1314 1448 1354 1472 se

283 1498 388 1529 tenet
414 1503 461 1529 ex
487 1499 595 1541 parte
627 1490 809 1528 materiae
843 1502 922 1527 non
954 1490 1144 1538 perfectae
1176 1501 1246 1538 per
1278 1489 1354 1525 for-

337 1629 362 1664 Θ)
380 1631 461 1665 quod.
478 1644 498 1651 -
514 1630 578 1664 quia
595 1629 730 1655 ABCEsF.
748 1644 766 1649 —
783 1629 809 1655 ei
826 1637 881 1654 om.
893 1630 924 1654 B.

339 1667 357 1699 ι)
377 1666 518 1692 Similiter.
535 1679 555 1685 —
574 1665 661 1690 Simul
679 1665 843 1697 CDEFGpA.

298 1713 301 1716 -
338 1701 364 1735 ι)
383 1701 436 1727 Dei
453 1701 594 1727 essentiam
613 1701 730 1726 videant.
747 1713 766 1720 -
783 1699 925 1725 essentiam
946 1699 999 1725 Dei
1017 1699 1109 1725 vident
1125 1699 1247 1724 ABCDE.

337 1736 366 1770 λ)
380 1740 428 1762 est.
439 1751 459 1756 -
471 1737 528 1762 eius
543 1736 654 1761 codices.
666 1749 686 1754 -
701 1736 737 1760 Et
755 1736 878 1760 omittunt
897 1735 998 1760 ACEG.
1011 1748 1031 1754 —
1043 1735 1094 1760 Pro
1104 1735 1256 1767 praedicta,
1271 1741 1354 1766 prae·

2394 248 2462 283 115

1406 335 1524 370 mam,
1555 323 1727 371 ignotum
1750 331 1806 360 est
1825 324 2036 361 secundum
2064 337 2120 361 se:
2150 325 2239 373 quia
2258 324 2383 361 omnis
2404 337 2466 361 co-

1405 375 1522 424 gnitio
1539 383 1595 413 est
1607 388 1677 425 per
1695 376 1873 413 formam.
1897 377 1972 414 Sed
1987 377 2173 414 infinitum
2190 377 2295 427 quod
2310 390 2350 414 se
2365 386 2467 415 tenet

1407 441 1452 465 ex
1478 435 1585 477 parte
1614 429 1762 465 formae
1791 441 1870 466 non
1898 429 2075 467 limitatae
2099 437 2119 458 ι’*
2145 442 2213 479 per
2245 430 2464 478 materiam,

1407 490 1463 518 est
1482 481 1696 519 secundum
1715 494 1755 518 se
1776 482 1943 519 maxime
1963 490 2109 519 notum.
2132 483 2194 520 Sic
2213 491 2341 520 autem
2361 484 2466 520 Deus

1406 542 1461 571 est
1487 534 1672 582 infinitus,
1704 541 1740 571 et
1768 546 1847 571 non
1880 535 2004 583 primo
2038 536 2175 583 modo,
2206 544 2247 573 ut
2281 548 2327 572 ex
2355 549 2465 585 supe-

1407 587 1569 624 rioribus
1587 587 1608 609 '⁸
1634 595 1748 637 patet.

1459 642 1518 677 AD
1547 652 1706 678 TERTIUM
1734 651 1919 677 DICENDUM
1956 640 2061 688 quod
2089 642 2194 677 Deus
2226 653 2304 678 non
2332 641 2384 678 sic
2413 641 2466 678 di-

1407 693 1502 730 citur
1520 706 1598 730 non
1619 693 1792 740 existens,
1820 693 1929 742 quasi
1957 694 2059 730 nullo
2085 693 2203 730 modo
2224 693 2270 730 sit
2289 694 2465 731 existens:

1407 746 1475 783 sed
1507 746 1596 795 quia
1630 754 1686 783 est
1718 758 1834 794 supra
1868 758 1984 783 omne
2023 746 2205 793 existens,
2242 746 2467 795 inquantum

1408 806 1463 836 est
1481 811 1593 836 suum
1622 811 1717 836 esse.
1747 798 1859 836 Unde
1889 811 1935 835 ex
1961 799 2036 835 hoc
2058 811 2138 836 non
2166 799 2333 847 sequitur
2363 800 2468 848 quod

1407 853 1510 889 nullo
1540 852 1658 889 modo
1687 851 1807 901 possit
1836 851 2035 900 cognosci,
2075 852 2142 888 sed
2170 852 2275 901 quod
2310 865 2467 889 omnem

1409 904 1665 953 cognitionem
1695 904 1872 942 excedat:
1903 905 2008 953 quod
2037 912 2092 941 est
2119 905 2244 954 ipsum
2269 917 2347 942 non
2367 917 2468 942 com-

1407 957 1603 1007 prehendi.

1461 1012 1520 1048 An
1549 1022 1722 1053 QUARTUM
1751 1022 1935 1047 mesanum
1972 1010 2077 1059 quod
2111 1010 2307 1059 proportio
2336 1010 2470 1049 dicitur

1409 1063 1618 1113 dupliciter.
1638 1063 1726 1101 Uno
1746 1064 1878 1110 modo,
1901 1071 2001 1100 certa
2019 1064 2200 1101 habitudo
2220 1063 2332 1101 unius
2351 1076 2470 1112 quan-

1408 1117 1520 1154 titatis
1549 1117 1599 1154 ad
1626 1117 1803 1162 alteram;
1833 1116 2046 1154 secundum
2076 1117 2181 1165 quod
2209 1117 2378 1166 duplum,
2408 1116 2469 1153 tri-

1408 1171 1517 1219 plum
1547 1177 1582 1206 et
1610 1170 1766 1218 aequale
1795 1177 1882 1206 sunt
1909 1169 2054 1218 species
2081 1169 2349 1218 proportionis.
2383 1169 2469 1206 Alio

1410 1223 1542 1269 modo,
1572 1221 1762 1271 quaelibet
1780 1222 1964 1259 habitudo
1989 1222 2100 1259 unius
2125 1223 2173 1260 ad
2198 1223 2357 1260 alterum
2385 1235 2471 1272 pro-

1409 1276 1534 1326 portio
1565 1274 1710 1312 dicitur.
1739 1276 1789 1312 Et
1808 1275 1861 1312 sic
1888 1282 2014 1324 potest
2042 1287 2124 1312 esse
2153 1276 2348 1324 proportio
2369 1288 2471 1312 crea-

1410 1337 1516 1366 turae
1537 1329 1586 1366 ad
1604 1329 1745 1375 Deum,
1775 1327 1998 1376 inquantum
2019 1340 2059 1364 se
2078 1329 2194 1365 habet
2213 1328 2261 1365 ad
2289 1328 2414 1377 ipsum
2431 1336 2474 1365 ut

1411 1382 1567 1420 effectus
1596 1380 1645 1418 ad
1665 1393 1834 1428 causam,
1856 1388 1891 1417 et
1909 1389 1950 1418 ut
1964 1387 1976 1401 ³
1994 1381 2163 1430 potentia
2186 1382 2234 1418 ad
2258 1389 2394 1418 actum.
2425 1381 2474 1417 Et

1410 1435 1623 1473 secundum
1646 1435 1733 1481 hoc,
1754 1434 1962 1471 intellectus
1991 1441 2138 1471 creatus
2165 1434 2474 1483 proportionatus

1412 1501 1493 1525 esse
1523 1495 1649 1537 potest
1677 1487 1726 1525 ad
1754 1486 2066 1535 cognoscendum
2094 1488 2233 1524 Deum.

1407 1629 1488 1654 missa
1507 1629 1610 1653 codices
1629 1633 1654 1653 et
1668 1629 1708 1653 ed.
1721 1635 1739 1652 a
1749 1628 1773 1653 b.
1786 1642 1804 1647 -
1816 1628 1867 1652 Pro
1886 1628 2027 1655 visionem,
2042 1627 2173 1653 rationem
2188 1627 2225 1657 G,
2244 1627 2376 1652 notionem
2396 1629 2473 1652 ceteri

1408 1669 1434 1689 et
1452 1664 1650 1732 expuat-viatu-
1666 1711 1686 1720 -
1703 1702 1858 1724 contractae
1877 1698 1978 1723 codices
1998 1704 2023 1723 et
2041 1705 2058 1722 a
2069 1698 2092 1723 b.
2109 1712 2128 1717 -
2147 1698 2265 1723 maxime
2283 1705 2336 1724 om.
2350 1699 2380 1722 B.

1462 1735 1486 1767 ν)
1505 1737 1532 1759 et
1551 1737 1589 1759 ut.
1606 1747 1626 1754 -
1643 1737 1692 1758 aut
1710 1734 1786 1764 ΑΘΕ,
1804 1737 1852 1759 aut
1871 1737 1901 1759 ut
1919 1734 1948 1758 Β.

966 1831 1298 1865 Commentario.
1321 1830 1570 1864 Gar-dinetus
1593 1830 1794 1864 Caietam

316 1941 337 1962 N
353 1931 458 1967 titulo,
482 1930 661 1961 intellectus
684 1935 829 1967 creatus,
852 1939 920 1959 non
942 1929 1119 1960 humanus:
1143 1935 1174 1959 et
1196 1928 1258 1959 hoc
1278 1929 1358 1958 bene

289 1943 404 2006 Inota.
431 1975 536 2005 Possit
563 1974 721 2010 absolute,
751 1973 816 2004 sive
843 1983 900 2013 per
929 1972 1106 2013 potentiam
1128 1972 1162 2003 in
1185 1972 1263 2009 alio,
1293 1972 1358 2002 sive

285 2019 320 2050 in
343 2029 386 2050 se.
416 2019 530 2049 Videre
545 2028 610 2059 per
632 2019 814 2055 essentiam,
839 2018 920 2048 idest
942 2017 1115 2057 intelligere
1139 2016 1356 2057 quidditative,

285 2064 329 2095 ita
353 2063 389 2095 ut
412 2063 570 2103 complete
598 2062 675 2093 sciat
698 2061 866 2093 terminare
894 2061 1117 2102 quaestionem
1143 2061 1220 2102 quid
1248 2066 1295 2091 est
1319 2061 1358 2091 de

286 2108 372 2139 Deo:
399 2116 590 2147 cognoscere
613 2106 700 2136 enim
719 2106 758 2136 de
781 2105 890 2146 aliquo
909 2105 995 2146 quid,
1012 2111 1058 2136 est
1072 2104 1178 2135 videre
1197 2105 1278 2135 illud
1300 2115 1360 2145 per

287 2151 466 2183 essentiam.
493 2150 656 2190 Complete
672 2157 779 2180 autem
799 2149 870 2180 dico
886 2149 1055 2180 terminare
1069 2149 1146 2189 quid
1166 2154 1222 2185 est,
1239 2155 1275 2179 ut
1295 2149 1358 2178 dis-

287 2195 443 2236 tinguitur
465 2201 575 2225 contra
599 2194 797 2234 incomplete,
822 2203 861 2224 eo
881 2193 982 2224 modo
998 2203 1065 2233 quo
1085 2192 1187 2223 sciens
1211 2203 1357 2223 commu-

287 2240 341 2271 nia
358 2238 537 2280 praedicata
556 2237 733 2269 essentialia
756 2237 902 2275 alicuius,
921 2237 1115 2277 incomplete
1136 2236 1194 2268 scit
1217 2234 1359 2279 (oportet

287 2283 374 2315 enim
397 2283 549 2314 scientem
572 2282 661 2323 quid,
684 2282 799 2313 habere
814 2281 923 2312 omnia
937 2281 1115 2322 praedicata
1138 2280 1356 2322 quidditativa,

283 2337 391 2369 usque
419 2327 460 2357 ad
489 2326 637 2358 ultimam
666 2325 874 2357 differentiam
897 2323 1081 2367 inclusive):
1114 2332 1144 2356 et
1171 2335 1238 2355 non
1262 2335 1357 2355 sumo

288 2372 456 2413 corruptele,
486 2370 568 2402 idest
590 2371 859 2412 comprehensive.
889 2370 959 2400 Imo
984 2369 1062 2400 scire
1084 2370 1162 2410 quid
1189 2374 1235 2400 est
1266 2369 1359 2400 habet

287 2415 488 2449 latitudinem
503 2415 613 2456 quoad
628 2415 766 2446 modum
781 2414 909 2445 sciendi.
934 2413 1094 2445 Dividitur
1117 2413 1203 2444 enirn
1225 2413 1258 2443 in
1275 2423 1357 2444 com-

281 2460 486 2503 prehendere
502 2466 533 2490 et
554 2458 811 2500 apprehendere:
829 2465 860 2490 et
874 2468 995 2494 rursus,
1012 2457 1248 2499 apprehendere
1263 2457 1359 2488 habet

289 2504 411 2536 multos
434 2503 560 2544 gradus,
581 2510 618 2534 ut
635 2502 716 2533 infra
730 2502 748 2522 *
763 2502 892 2544 patebit.
909 2520 930 2525 -
945 2502 1002 2533 Est
1016 2502 1112 2542 igitur
1127 2501 1287 2543 quaestio:
1304 2503 1357 2532 An

289 2548 404 2590 aliquis
429 2554 550 2579 creatus
573 2547 751 2578 intellectus
773 2547 876 2587 possit
898 2546 975 2577 scire
995 2547 1034 2577 de
1049 2547 1120 2577 Deo
1144 2546 1221 2587 quid
1236 2551 1291 2577 est.
1316 2546 1358 2576 Et

290 2593 317 2623 si
333 2592 458 2623 dubitas
473 2592 512 2622 de
528 2591 587 2622 hac
603 2591 811 2632 expositione,
827 2591 899 2621 vide
916 2591 928 2621 I
947 2590 1069 2622 Contra
1087 2590 1217 2628 Gentes,
1233 2600 1300 2630 cap.
1311 2600 1356 2626 111,

291 2643 323 2668 et
344 2636 475 2668 tertium
500 2635 654 2672 eiusdem,
680 2645 747 2675 cap.
763 2645 835 2666 xux
859 2641 889 2666 et
912 2645 941 2666 1..

345 2680 383 2712 11.
403 2680 439 2710 In
459 2689 592 2720 corpore
608 2686 763 2720 quatuor:
787 2679 904 2720 primo,
920 2678 1052 2719 ponitur
1066 2689 1161 2710 causa
1177 2677 1356 2714 dubitandi;

973 2723 1075 2759 tertio,
1092 2723 1291 2763 improbatur
1306 2721 1356 2758 **;

291 2775 416 2811 quarto,
440 2768 650 2808 respondetur
673 2767 817 2809 quaesito
831 2766 860 2798 θ.

346 2812 399 2844 ΠΙ.
425 2812 542 2850 Quoad
559 2813 714 2852 primum,
739 2818 785 2842 est
800 2821 865 2842 una
883 2811 1079 2852 propositio:
1103 2811 1190 2841 Deus
1215 2817 1261 2841 est
1275 2810 1309 2840 in
1325 2819 1358 2839 se

292 2857 430 2888 maxime
453 2855 691 2897 cognoscibilis;
716 2862 846 2896 propter
869 2865 1032 2887 excessum
1046 2862 1153 2886 tamen
1174 2854 1240 2885 eius
1255 2863 1358 2894 respe-

293 2908 346 2934 ctu
366 2901 505 2937 alterius,
523 2907 569 2931 est
592 2900 686 2931 alicui
708 2900 974 2940 incognoscibilis.
991 2918 1012 2922 -
1026 2899 1132 2930 Prima
1155 2908 1226 2939 pars
1242 2899 1357 2939 proba-

293 2953 361 2977 tur:
390 2945 465 2986 quia
487 2945 575 2975 Deus
599 2951 646 2975 est
668 2951 756 2975 actus
778 2954 888 2984 purus.
922 2944 1068 2975 Secunda
1090 2953 1165 2973 vero
1186 2943 1360 2974 declaratur

294 2989 440 3030 exemplo
464 2989 541 3020 solis
564 2995 594 3020 et
616 2989 712 3020 visus.

349 3033 487 3064 Adverte
502 3033 553 3063 hic
572 3033 671 3074 quod,
689 3042 764 3063 curn
779 3042 816 3062 ex
832 3031 859 3062 II
874 3033 1058 3073 Metaphys.
1069 3031 1087 3051 *
1102 3031 1255 3062 habeatur
1270 3031 1359 3072 quod

260 3085 266 3095 ¹
295 3077 462 3108 difficultas
495 3077 708 3118 cognoscendi
731 3086 768 3107 ex
791 3076 918 3107 duobus
947 3076 1021 3106 oriri
1044 3075 1158 3116 possit,
1183 3075 1300 3106 scilicet
1323 3085 1360 3106 ex

296 3121 420 3152 obiecto
435 3121 486 3152 vel
503 3121 662 3162 potentia;
690 3128 720 3152 et
733 3120 785 3151 hic
801 3127 847 3151 est
862 3120 1005 3161 quaestio
1023 3120 1061 3150 de
1077 3119 1264 3150 huiusmodi
1280 3119 1360 3149 diffi-

296 3165 411 3197 cultate
434 3174 490 3196 seu
508 3165 732 3205 possibilitate;
757 3174 939 3195 consonum
957 3164 1017 3195 fuit
1033 3171 1069 3195 ut
1083 3174 1150 3194 non
1166 3164 1360 3204 praetermit-

295 3217 412 3241 teretur
425 3209 477 3240 hic
499 3209 589 3250 quod
613 3219 707 3240 causa
731 3208 819 3239 dubii
842 3218 910 3239 non
933 3215 980 3239 est
999 3218 1036 3239 ex
1054 3215 1142 3248 parte
1157 3207 1281 3244 obiecti,
1306 3208 1362 3238 sed

297 3264 334 3285 ex
349 3260 437 3293 parte
453 3253 651 3284 excellentiae
667 3253 782 3284 obiecti
801 3263 898 3294 supra
912 3252 1104 3293 potentiam;
1128 3253 1217 3293 quod
1233 3258 1280 3282 est
1295 3262 1362 3282 esse

297 3308 335 3328 ex
358 3304 445 3338 parte
467 3297 637 3337 potentiae.

353 3341 406 3372 IV.
423 3341 542 3378 Quoad
555 3342 742 3380 secundum,
760 3341 870 3382 opinio
887 3340 1092 3381 quorundam
1107 3347 1166 3371 est:
1184 3339 1363 3371 Intellectus

298 3392 419 3417 creatus
443 3395 509 3415 non
533 3391 637 3424 potest
659 3385 764 3416 videre
788 3385 847 3416 Dei
867 3384 1044 3415 essentiam.
1069 3384 1163 3414 Ratio
1180 3393 1294 3415 eorum
1317 3390 1364 3414 est

297 3431 367 3470 ipsa
382 3428 564 3460 excellentia
586 3429 645 3459 Dei
663 3439 758 3470 supra
776 3430 972 3461 intellectum
995 3435 1145 3464 creatum,
1162 3435 1198 3459 ut
1214 3428 1247 3458 in
1262 3428 1364 3459 littera

299 3474 427 3510 dicitur,
451 3473 509 3503 ibi:
533 3473 609 3503 Hoc
631 3474 734 3514 igitur
755 3474 885 3514 quidam
909 3473 1117 3504 attendentes.

354 3518 490 3549 Adverte
514 3516 579 3553 hic,
604 3517 692 3557 quod
715 3517 792 3548 haec
815 3517 944 3558 opinio,
969 3517 1088 3548 iudicio
1112 3526 1201 3552 meo,
1226 3526 1293 3546 non
1317 3521 1363 3546 est

299 3562 479 3593 Avicennae
503 3567 557 3591 aut
581 3560 850 3600 philosophorum
873 3560 1048 3603 (quoniam
1072 3561 1183 3591 saltem
1199 3560 1301 3601 prima
1316 3559 1362 3589 in-

300 3606 472 3646 telligentia
500 3611 602 3635 creata
625 3605 789 3644 cognoscit
812 3605 890 3645 quid
913 3612 959 3636 est
985 3606 1089 3642 Deus,
1115 3605 1202 3645 apud
1230 3604 1365 3635 Avicen-

1413 1938 1489 1958 nam
1503 1927 1530 1964 *,
1554 1927 1709 1969 quoniam
1723 1927 1791 1968 ipse
1806 1934 1852 1958 est
1867 1927 1951 1958 illius
1967 1927 2151 1967 proximum
2173 1924 2397 1969 principium):
2422 1926 2477 1956 sed
2502 1930 2563 1979 iraccft'
2572 1930 2716 1984 fiet‘c'sssssss’

2562 1973 2567 1978 .
2605 1973 2611 1984 ,
2673 1974 2678 1979 .
2710 1972 2716 1978 .

1412 1972 1490 2003 haec
1521 1972 1632 2012 opinio
1663 1971 1723 2002 fuit
1751 1971 1934 2012 aliquorum
1965 1971 2238 2007 Christianorum,
2263 1977 2299 2001 ut
2321 1977 2410 2011 puto.
2435 1970 2477 2000 Et

1412 2016 1485 2067 ideo
1503 2023 1619 2079 ²'contra
1643 2025 1714 2046 earn
1738 2026 1774 2046 ex
1797 2015 1845 2046 his
1869 2026 1950 2056 quae
1974 2014 2046 2045 fidei
2070 2022 2158 2051 sunt,
2183 2015 2338 2055 disputat,
2363 2022 2399 2045 ut
2421 2024 2475 2054 pa-

1413 2061 1490 2091 teb1t
1523 2085 1530 2091 .

1414 2148 1488 2179 citer
1503 2148 1530 2179 *.
1555 2149 1684 2185 Primo,
1710 2147 1735 2178 si
1759 2148 1867 2178 nullus
1890 2147 2067 2178 intellectus
2101 2153 2221 2177 creatus
2245 2153 2350 2187 potest
2371 2146 2476 2176 videre

1412 2193 1529 2228 Deum,
1547 2202 1622 2232 ergo
1638 2191 1689 2222 vel
1708 2201 1876 2232 nunquam
1891 2201 1983 2222 suam
1998 2191 2226 2222 beatitudinem
2245 2190 2410 2226 obtinebit,
2425 2190 2477 2220 vel

1413 2236 1576 2267 beatitudo
1594 2236 1661 2266 eius
1677 2235 1710 2266 in
1729 2235 1792 2266 alio
1817 2235 1959 2266 consistit
1973 2245 2072 2275 quam
2087 2235 2120 2265 in
2136 2235 2216 2266 Deo.
2241 2234 2476 2276 Consequentia

1413 2281 1582 2322 probatur:
1607 2279 1682 2320 quia
1705 2279 1867 2310 beatitudo
1884 2279 2023 2310 hominis
2039 2278 2181 2309 consistit
2195 2279 2228 2309 in
2245 2278 2394 2309 altissima
2409 2278 2476 2309 eius

1413 2324 1608 2365 operatione,
1633 2333 1715 2365 quae
1739 2330 1785 2354 est
1807 2323 2023 2364 intelligere-
2039 2322 2247 2364 Consequens
2271 2329 2394 2359 autem,
2417 2332 2475 2363 pro

1412 2369 1516 2410 prima
1539 2375 1644 2409 parte,
1670 2374 1716 2398 est
1739 2367 1904 2398 manifeste
1935 2367 2146 2407 impossibile:
2173 2377 2231 2408 pro
2255 2367 2406 2403 secunda,
2431 2373 2477 2397 est

1412 2413 1551 2444 alienum
1568 2423 1586 2443 a
1600 2411 1671 2443 fide.
1696 2412 1738 2442 Et
1759 2422 1799 2442 ne
1822 2411 1884 2442 hoc
1907 2411 2085 2442 voluntarie
2108 2411 2169 2441 dici
2192 2411 2346 2446 videatur,
2362 2411 2476 2450 proba-

1412 2464 1472 2488 tur.
1497 2457 1585 2488 Deus
1608 2463 1655 2487 est
1673 2455 1865 2496 principium
1894 2455 2016 2486 essendi
2040 2462 2197 2486 creaturae
2216 2454 2375 2485 rationali:
2401 2464 2475 2494 ergo

1411 2501 1542 2532 felicitas
1572 2507 1730 2531 creaturae
1760 2499 1920 2530 rationalis
1951 2498 2093 2530 consistit
2121 2499 2154 2528 in
2185 2498 2408 2529 coniunctione
2436 2499 2476 2528 ad

1411 2546 1528 2576 Deum.
1554 2544 1792 2585 Consequentia
1808 2544 1975 2584 probatur:
2000 2542 2075 2583 quia
2092 2543 2348 2583 unumquodque
2370 2542 2474 2573 intan-

1411 2597 1483 2621 tum
1507 2595 1553 2620 est
1575 2588 1764 2629 perfectum,
1789 2587 1981 2628 inquantum
2004 2596 2063 2617 suo
2087 2586 2290 2626 coniungitur
2310 2586 2474 2627 principio.

1412 2634 1453 2664 Et
1477 2640 1523 2664 est
1545 2631 1723 2673 propositio
1748 2638 1875 2672 sumpta
1899 2641 1935 2662 ex
1958 2631 2040 2661 libro
2063 2631 2103 2661 de
2128 2630 2252 2661 Causis.

1467 2677 1521 2708 VI.
1547 2676 1638 2707 Circa
1660 2675 1883 2716 probationem
1907 2674 2165 2715 consequentiae,
2190 2681 2299 2715 posset
2321 2674 2472 2705 dubitari:

1413 2721 1489 2763 quia
1511 2720 1614 2760 arguit
1636 2730 1655 2750 a
1677 2719 1832 2760 superiori
1856 2719 1896 2749 ad
1918 2719 2048 2750 inferius
2072 2718 2275 2755 affirmative,
2299 2718 2415 2749 scilicet
2437 2718 2476 2748 ab

1413 2765 1564 2796 altissima
1587 2763 1782 2805 operatione,
1805 2773 1887 2804 quae
1912 2770 1958 2794 est
1979 2763 2162 2803 intelligere,
2180 2763 2220 2793 ad
2240 2762 2336 2793 talem
2358 2762 2476 2793 intelle-

1414 2809 1563 2841 ctionem.

1467 2853 1529 2884 Sed
1552 2852 1642 2883 facile
1665 2851 1889 2892 respondetur:
1914 2851 1990 2892 quia
2012 2851 2180 2882 altissimae
2205 2850 2396 2891 operationis
2419 2859 2476 2879 no-

1413 2897 1500 2928 mine
1523 2906 1589 2927 non
1612 2895 1797 2935 intelligitur
1821 2897 1923 2936 ipsum
1939 2905 2044 2936 genus
2059 2896 2175 2936 operis,
2193 2901 2270 2935 puta
2293 2894 2474 2933 intelligere,

1414 2948 1450 2972 ut
1468 2939 1649 2981 superficies
1672 2939 1792 2971 litterae
1808 2949 1883 2980 prae
1906 2949 1939 2970 se
1963 2939 2039 2970 fert:
2065 2939 2119 2970 sed
2137 2948 2296 2969 summum
2317 2938 2404 2968 illius
2421 2947 2476 2978 ge-

1415 2986 1512 3022 neris,
1537 2984 1617 3020 idest
1640 2983 1810 3015 intellectio
1828 2983 1989 3020 altissima,
2015 2990 2072 3014 etc.
2098 2982 2190 3013 Unde
2206 2982 2292 3012 nulla
2315 2981 2478 3012 intercedit

1414 3029 1546 3060 fallacia.
1571 3046 1590 3050 -
1613 3028 1679 3058 Nec
1703 3028 1807 3059 obstat
1837 3028 1926 3069 quod
1956 3026 2208 3058 determinaverit
2230 3035 2329 3065 genus
2353 3025 2474 3065 operis:

1414 3074 1476 3104 hoc
1499 3072 1584 3103 enim
1612 3078 1742 3112 propter
1771 3071 1955 3108 hominem,
1981 3071 2032 3102 cui
2060 3071 2169 3101 insunt
2198 3069 2323 3100 alterius
2355 3068 2477 3108 generis

1416 3127 1529 3158 opera,
1554 3122 1631 3156 puta
1654 3115 1830 3152 sensibilia,
1863 3114 1946 3146 fecit.
1978 3114 2124 3146 Meminit
2150 3121 2257 3144 autem
2281 3112 2421 3143 hominis
2443 3112 2477 3142 in

1415 3161 1619 3202 probatione,
1645 3166 1676 3191 et
1702 3166 1809 3190 tamen
1839 3160 1939 3190 illatio
1971 3166 2035 3189 erat
2065 3159 2103 3188 de
2126 3157 2285 3188 intellectu
2317 3163 2420 3187 creato
2443 3156 2477 3186 in

1417 3204 1591 3240 communi,
1616 3210 1652 3234 ut
1667 3213 1704 3234 ex
1719 3204 1898 3235 notioribus
1922 3203 2099 3234 doctrinam
2123 3202 2274 3237 traderet,
2298 3208 2329 3231 et
2344 3200 2477 3230 eandem

1416 3259 1482 3281 esse
1506 3248 1671 3284 rationem,
1695 3248 1804 3289 quoad
1826 3248 1905 3284 hoc,
1930 3248 1968 3277 de
1991 3247 2151 3277 intellectu
2175 3252 2278 3275 creato
2302 3244 2404 3280 omni,
2429 3244 2477 3274 in-

1416 3300 1545 3328 nueret:
1569 3292 1637 3322 imo
1661 3298 1692 3322 et
1714 3302 1734 3322 a
1758 3293 1877 3323 minori
1899 3297 2123 3331 argumentum
2142 3289 2266 3320 faceret.
2291 3289 2323 3319 Si
2339 3298 2478 3328 namque

1417 3337 1556 3368 hominis
1580 3335 1742 3367 beatitudo
1758 3336 1791 3366 in
1807 3335 2018 3366 intellectione
2042 3334 2192 3364 altissima
2211 3332 2363 3368 consistit,
2381 3343 2399 3362 a
2415 3331 2476 3362 for-

1417 3381 1488 3413 tiori
1512 3380 1650 3411 aliorum
1665 3390 1796 3421 quoque
1819 3378 2080 3410 intellectualium
2104 3377 2234 3408 felicitas
2255 3376 2406 3407 altissima
2422 3376 2479 3406 erit

1417 3424 1599 3467 speculatio.

1473 3469 1540 3500 VII.
1566 3468 1656 3499 Circa
1680 3467 1926 3499 destructionem
1953 3465 2174 3506 consequentis
2197 3464 2214 3483 *
2237 3464 2345 3505 quoad
2368 3474 2477 3495 secun-

1418 3515 1491 3544 dam
1515 3519 1646 3553 partem,
1663 3512 1788 3542 adverte
1804 3512 1901 3552 quod,
1920 3510 2030 3541 volens
2046 3512 2168 3540 Auctor
2187 3508 2379 3539 adversarios
2403 3518 2477 3538 con-

1417 3558 1539 3588 vincere
1567 3557 1656 3596 quod
1679 3556 1758 3586 illud
1781 3555 1820 3586 sit
1844 3561 1951 3585 contra
1973 3553 2080 3590 fidem,
2097 3553 2202 3584 attulit
2225 3552 2477 3593 propositionem

1419 3612 1516 3643 quam
1540 3607 1665 3641 oportet
1689 3609 1831 3640 expresse
1846 3599 1979 3634 credere,
1997 3597 2114 3628 scilicet
2129 3597 2217 3638 quod
2234 3597 2320 3627 Deus
2336 3603 2382 3627 est
2398 3605 2477 3627 crea-

2491 592 2499 599 ·
2517 589 2581 611 Loco
2596 589 2666 610 citato
2681 588 2705 610 in

2493 622 2541 643 arg.

2502 2063 2511 2071 ·
2522 2061 2557 2083 Cf.
2568 2067 2632 2083 num.
2641 2067 2664 2088 v,
2674 2066 2716 2088 vu,

1466 2105 1505 2136 V.
1530 2103 1648 2141 Quoad
1671 2105 1820 2140 tertium,
1845 2103 2032 2143 reprobatur
2062 2102 2174 2143 opinio
2206 2102 2345 2143 praefata
2373 2102 2475 2142 dupli·
2518 2104 2524 2110 ”

2502 2152 2512 2160 “”
2527 2150 2562 2172 Cf.
2578 2155 2643 2172 num.
2657 2155 2706 2171 vm.

2506 3472 2514 3479 ·
2529 3470 2566 3492 Cf.
2581 3475 2644 3492 num.
2655 3476 2678 3491 v.
