2768 4178
65 1245 75 1255 '
93 1243 128 1266 Cf.
143 1249 208 1265 num.
224 1249 240 1265 1.

67 3312 79 3324 ⁴
95 3312 218 3340 Qu..xr.vr.

67 3527 77 3536 ⁶
89 3526 137 3555 Qu.
146 3533 199 3556 xxv,
210 3532 251 3551 art.
259 3534 280 3551 2.

303 232 381 280 488
963 229 1230 277 QUAESTIO
1260 229 1418 277 XLVII,
1447 228 1744 266 ARTICULUS
1774 230 1825 266 III

365 311 485 343 Contra
508 310 590 342 hanc
613 317 721 341 autem
744 309 932 350 opinionem
955 309 1096 349 arguitur
1113 307 1147 338 in
1163 307 1274 344 littera,
1299 307 1375 348 quia

306 362 489 396 sequeretur
518 355 608 396 quod
627 354 811 385 universitas
835 353 1051 393 corporalium
1074 358 1288 383 creaturarum
1308 361 1375 382 non

306 406 387 431 esset
408 406 538 440 propter
560 399 619 429 Dei
643 398 819 429 bonitatem
843 397 1153 432 communicandam,
1171 395 1227 426 sed
1245 402 1375 436 propter

305 450 471 485 peccatum
494 443 703 484 puniendum.
729 443 791 474 Sed
809 442 871 472 hoc
888 451 954 472 esse
977 440 1203 472 inconveniens
1223 440 1375 480 probatur

305 488 490 519 auctoritate
515 487 647 518 Genesis
670 494 701 518 et
723 485 904 527 Augustini.

363 531 416 563 III.
439 532 576 562 Adverte
605 531 657 562 hic
686 532 776 572 quod
806 539 873 561 non
902 529 1078 561 excluditur
1105 528 1138 558 in
1161 528 1222 558 hac
1253 527 1374 559 ratione

304 575 442 607 totaliter
465 575 569 606 divina
593 575 736 612 bonitas,
761 576 916 616 quoniam
940 574 1035 605 etiam
1058 573 1195 604 iustitiae
1211 571 1374 613 punitivae

304 619 376 650 finis
399 626 446 650 est
473 619 578 650 divina
608 619 752 650 bonitas:
783 620 839 650 sed
869 618 1044 650 excluditur
1075 617 1181 647 divina
1208 617 1333 647 bonitas
1356 627 1375 647 a

305 663 475 694 solitudine
499 662 676 695 sufficIenti.
701 664 788 694 Haec
812 664 898 694 enirn
922 669 968 693 est
991 661 1164 692 differentia
1186 661 1268 692 inter
1289 661 1375 691 bona

304 708 457 744 absolute,
483 714 514 738 et
535 708 621 738 bona
644 708 772 739 nonnisi
796 708 954 748 punidve,
979 706 1068 748 quod
1091 705 1271 746 primorum
1293 704 1373 735 ratio

305 752 372 782 sola
389 751 495 782 divina
511 752 635 783 bonitas
659 759 719 783 est:
744 753 959 783 secundorum
982 761 1058 781 vero
1082 759 1251 790 nunquam
1268 748 1374 779 divina

304 796 429 827 bonitas
453 806 547 827 causa
570 803 630 833 est,
655 797 715 827 nisi
739 797 894 827 demerito
918 795 1097 836 supposito,
1123 794 1213 835 quod
1236 803 1303 824 non
1327 800 1374 824 est

304 851 322 870 a
345 841 424 871 Deo.
449 841 491 871 Et
513 848 681 882 propterea
702 841 736 871 in
758 841 860 872 littera
884 850 950 871 non
980 846 1026 871 est
1055 838 1239 879 simpliciter
1262 844 1375 877 negata

305 884 411 915 divina
434 884 568 922 bonitas,
589 885 645 915 sed
667 885 812 926 apposita
832 891 878 916 est
894 883 1098 920 adversativa,
1113 883 1239 919 scilicet,
1259 882 1316 913 sed
1331 881 1375 912 ad

298 929 499 969 puniendum
517 934 711 970 peccatum:
741 939 778 960 ex
800 929 863 960 hoc
887 929 973 959 enim
1000 928 1179 959 insinuatur
1206 926 1296 968 quod
1327 926 1373 956 di-

302 983 418 1003 ximus.

359 1016 577 1048 Manifestatur
599 1027 674 1048 vero
699 1018 821 1058 optime
848 1016 1075 1048 inconveniens
1106 1026 1142 1046 ex
1166 1015 1295 1046 inducta
1318 1024 1373 1045 au-

304 1061 459 1098 ctoritate,
491 1061 572 1092 Vidit
593 1062 685 1092 Deus
707 1067 823 1093 cuncta
847 1072 930 1102 quae
942 1061 1092 1103 fecerat,
1117 1066 1148 1091 et
1163 1065 1258 1090 erant
1279 1059 1374 1091 valde

303 1105 395 1136 bona.
420 1106 512 1143 Quae
536 1106 622 1136 enim
645 1106 774 1137 nonnisi
798 1106 838 1136 ad
853 1106 1055 1146 puniendum
1076 1105 1163 1135 bona
1186 1111 1269 1140 sunt,
1293 1103 1374 1134 inter

303 1149 487 1190 simpliciter
509 1150 594 1180 bona
622 1160 687 1181 non
713 1157 1001 1189 connumerantur:
1031 1149 1188 1191 quoniam
1211 1159 1278 1179 non
1301 1154 1375 1179 sunt

303 1194 486 1234 simpliciter
509 1194 701 1235 appetibilia.

362 1239 414 1270 IV.
440 1239 558 1276 Quoad
580 1239 756 1270 secundum
777 1239 804 1277 *,
828 1238 992 1270 conclusio
1017 1237 1203 1279 responsiva
1230 1244 1292 1268 est:
1318 1237 1373 1268 Sa-

303 1282 421 1323 pientia
444 1283 513 1319 Dei,
531 1284 612 1315 sicut
636 1291 683 1315 est
705 1294 799 1315 causa
823 1282 1033 1315 distinctionis
1057 1292 1182 1319 rerum,
1207 1282 1250 1312 ita
1274 1288 1305 1312 et
1327 1281 1374 1311 in-

357 1406 406 1439 ***
427 1406 501 1432 Inter
519 1406 663 1432 secundum
683 1410 709 1431 et
728 1406 836 1431 tertium
851 1406 996 1433 articulum
1010 1405 1088 1431 huius
1102 1405 1274 1438 quaestionis,
1286 1405 1375 1430 codex

306 1442 470 1471 Casinensis,
491 1442 525 1467 de
543 1449 594 1475 quo
614 1442 640 1466 in
661 1445 725 1467 nota
743 1441 761 1470 β
779 1442 817 1467 ad
829 1442 976 1475 prologum
995 1441 1074 1467 huius
1094 1441 1265 1474 quaestionis,
1285 1440 1375 1469 minio,

302 1477 350 1503 sed
367 1477 460 1502 eadem
475 1477 569 1509 prima
588 1485 678 1507 manu,
699 1481 791 1502 notat:
809 1477 941 1502 Articulus
959 1478 1008 1502 iste
1026 1485 1080 1502 non
1099 1477 1227 1502 invenitur
1245 1477 1270 1501 in
1290 1483 1376 1501 exem-

302 1513 367 1546 plari
386 1514 510 1538 Summae
530 1512 682 1538 Parisiensis
702 1513 786 1537 fratris
798 1512 926 1538 Thomae.
947 1512 1052 1538 Deinde
1067 1512 1220 1538 immediate
1231 1511 1376 1536 articulum

298 1549 379 1581 ponit
397 1549 435 1574 ad
453 1555 529 1581 quem
548 1555 576 1573 se
595 1549 679 1582 refert
697 1548 762 1573 haec
781 1551 853 1578 nota,
873 1551 900 1573 et
918 1548 964 1581 qui
982 1548 1031 1574 hoc
1050 1549 1129 1574 modo
1146 1555 1174 1573 se
1193 1547 1287 1573 habet:

356 1605 403 1633 An
425 1613 556 1633 TERTIUM
577 1613 621 1633 src
642 1611 841 1633 raoc-rrUR.
861 1604 983 1633 Videtur
1004 1605 1085 1642 quod
1106 1604 1136 1633 in
1157 1604 1294 1633 creaturis
1315 1613 1377 1632 non

304 1646 341 1674 sit
362 1645 436 1673 ordo
458 1645 614 1683 agentium.
645 1645 733 1680 Quod
755 1644 834 1673 enim
855 1645 914 1682 agit
934 1644 997 1674 sine
1024 1645 1139 1681 medio,
1162 1651 1204 1674 est
1225 1643 1377 1682 perfectius

303 1694 392 1724 agens
414 1694 503 1722 quam
525 1686 606 1722 quod
627 1685 686 1723 agit
706 1694 758 1722 per
779 1685 919 1713 medium.
941 1685 999 1713 Sed
1020 1686 1099 1714 Deus
1113 1691 1157 1713 est
1170 1694 1259 1723 agens
1272 1691 1376 1721 poten-

302 1725 456 1754 tissimum.
479 1726 556 1763 Ergo
578 1735 639 1754 non
660 1725 718 1762 agit
739 1734 790 1762 per
812 1724 951 1753 medium.
974 1725 1012 1753 Et
1032 1724 1072 1754 ita
1090 1735 1151 1754 una
1171 1732 1301 1754 creatura
1315 1733 1377 1752 non

303 1765 362 1804 agit
382 1765 412 1793 In
434 1764 529 1794 aliam.

358 1813 385 1834 2.
409 1807 596 1840 PRAETEREA,
611 1806 647 1833 de
667 1804 779 1833 ratione
794 1804 904 1842 agentis
919 1810 971 1840 est,
988 1811 1020 1833 ut
1034 1804 1118 1833 faciat
1132 1805 1188 1834 sibi
1201 1805 1303 1834 simile.
1319 1804 1377 1832 Sed

303 1846 334 1874 id
355 1846 392 1874 ad
414 1845 495 1874 cuius
517 1845 735 1874 similitudinem
750 1845 781 1873 fit
801 1845 921 1882 aliquid,
936 1851 979 1873 est
993 1845 1148 1882 exemplar.
1167 1845 1198 1874 Si
1218 1845 1304 1883 igitur
1318 1853 1377 1872 una

304 1892 435 1914 creatura
455 1885 491 1914 sit
513 1895 599 1915 causa
620 1882 708 1924 age‘ns
730 1892 863 1922 respectu
884 1884 1016 1921 alterius,
1039 1893 1208 1923 sequeretur
1229 1885 1310 1923 quod
1330 1884 1377 1912 di-

303 1926 407 1963 gniora
427 1925 457 1954 in
478 1926 593 1954 entibus
624 1927 691 1954 s‘unt
719 1925 894 1962 exemplaria
921 1925 1101 1954 inferiorum.
1125 1926 1214 1962 Quod
1239 1925 1378 1963 reprobat

304 1965 472 2003 Dionysius,
493 1974 513 1994 v
534 1975 596 2003 cap.
619 1966 655 1994 de
677 1966 746 1994 Diu.
763 1966 851 1994 Nom.

360 2007 386 2035 3.
408 2007 595 2042 PRAETERRA,
616 2015 704 2043 agens
726 2012 754 2034 et
774 2005 840 2034 finis
862 2005 994 2034 incidunt
1014 2005 1045 2034 in
1065 2005 1144 2035 idem
1163 2005 1269 2044 specie,
1284 2011 1317 2034 ut
1332 2005 1376 2033 di-

305 2046 378 2075 citur
398 2046 428 2074 in
450 2047 472 2074 11
494 2046 614 2085 Physic.
641 2045 671 2074 Si
692 2045 778 2083 igitur
808 2055 868 2074 una
888 2051 1021 2074 creatura
1042 2052 1085 2074 est
1108 2055 1195 2076 causa
1218 2045 1310 2075 activa
1335 2045 1378 2073 al-

304 2086 402 2122 terius,
416 2095 476 2115 una
490 2087 543 2115 erit
563 2095 650 2115 causa
666 2085 760 2114 finalis
782 2085 907 2114 alterius.
925 2086 1014 2120 Quod
1028 2085 1141 2115 videtur
1155 2095 1216 2115 esse
1231 2092 1334 2115 contra
1348 2085 1377 2113 id

305 2127 386 2164 quod
407 2127 549 2155 Proverb.
564 2135 628 2155 xvn
654 2126 798 2155 Universa
814 2131 942 2164 propter
952 2126 1139 2165 semetipsum
1160 2131 1301 2165 operatur
1315 2125 1378 2154 Do-

305 2175 410 2195 minus.

360 2207 418 2234 San
440 2214 561 2234 CONTRA
582 2213 634 2234 ssr
663 2205 743 2243 quod
765 2205 834 2234 dicit
859 2206 1032 2242 Apostolus,
1055 2206 1140 2235 Rom.
1161 2215 1227 2235 xm:
1256 2207 1337 2240 Quae
1360 2215 1378 2234 a

307 2247 372 2274 Deo
387 2251 462 2280 sunt,
485 2246 620 2274 ordinata
641 2251 715 2274 sunt.
731 2246 767 2273 Et
788 2245 945 2282 Dionysius
963 2245 1032 2274 dieit
1047 2246 1127 2283 quod
1148 2246 1193 2275 lex
1214 2245 1379 2274 Divinitatis

306 2292 350 2314 est
369 2295 422 2322 per
446 2285 597 2322 superiora
622 2285 759 2314 inferiora
783 2286 921 2314 reducere
946 2285 977 2314 in
1003 2295 1044 2314 se.
1066 2287 1132 2315 Una
1151 2295 1222 2324 ergo
1247 2292 1378 2314 creatura

306 2325 364 2364 agit
384 2325 415 2354 in
436 2325 531 2354 aliam.

359 2366 536 2394 RESPONnEo
558 2373 712 2393 mcuNDUM
734 2365 815 2402 quod
836 2364 966 2402 quidam,
984 2365 1138 2402 loquentes
1159 2365 1190 2394 in
1210 2366 1273 2404 lege
1294 2366 1377 2394 Mau—

306 2415 416 2441 rorum,
432 2411 591 2442 posuerunt
612 2406 694 2442 quod
715 2405 795 2434 nulla
813 2411 944 2434 creatura
965 2405 1053 2434 habet
1066 2405 1195 2443 aliquam
1215 2405 1376 2441 actionem;

306 2445 434 2475 dicentes
448 2446 530 2483 quod
544 2446 623 2474 Deus
646 2446 725 2484 (Iege
746 2444 831 2482 ignis)
853 2454 914 2474 non
929 2445 1068 2481 calefacit,
1086 2446 1137 2474 sed
1156 2447 1235 2474 Deus
1250 2445 1280 2474 in
1301 2445 1376 2483 igne.

306 2486 363 2514 Sed
378 2487 539 2514 secundum
554 2486 620 2521 hoc,
635 2486 740 2514 frustra
755 2491 851 2514 essent
865 2485 1017 2514 attributae
1032 2487 1119 2514 rebus
1133 2485 1251 2514 virtutes
1267 2486 1378 2514 activae

305 2532 333 2554 et
348 2525 499 2563 qualitates
513 2532 542 2554 et
555 2526 676 2554 formae.
697 2527 734 2554 Et
747 2525 814 2554 ideo
836 2525 991 2555 dicendum
1007 2526 1087 2563 quod
1102 2525 1165 2563 ipsa
1187 2525 1378 2563 inaequalitas

306 2566 460 2594 constituta
474 2575 526 2603 per
546 2565 675 2594 divinam
696 2565 868 2603 sapientiam
882 2565 912 2594 in
927 2567 1013 2594 rebus
1028 2565 1139 2602 creatis,
1154 2573 1187 2594 ut
1201 2565 1310 2595 dietum
1325 2572 1377 2602 est,

305 2606 390 2643 exigit
411 2607 491 2643 quod
519 2615 579 2635 una
605 2612 736 2635 creatura
756 2613 823 2644 agat
849 2605 880 2634 in
905 2605 1002 2635 aliam.
1032 2607 1199 2636 Secundum
1221 2607 1278 2635 hoc
1298 2605 1378 2634 enim

304 2646 461 2674 attenditur
481 2646 511 2674 in
533 2645 670 2675 creaturis
691 2645 894 2684 inaequalitas,
917 2646 999 2683 quod
1019 2656 1078 2675 una
1099 2653 1142 2675 est
1162 2646 1316 2684 perfectior
1337 2646 1378 2675 al-

305 2692 374 2715 tera.
403 2685 558 2715 Perfectius
587 2692 684 2715 autem
709 2693 895 2724 comparatur
921 2686 957 2715 ad
983 2686 1080 2715 minus
1101 2686 1276 2724 perfectum,
1305 2685 1380 2715 sicut

304 2732 385 2755 actus
400 2727 437 2755 ad
456 2726 626 2763 potentiam.
643 2727 694 2755 Est
707 2733 804 2755 autem
819 2727 855 2755 de
869 2726 982 2756 ratione
997 2726 1143 2756 existentis
1157 2726 1187 2755 in
1206 2733 1281 2762 actu,
1297 2727 1379 2764 quod

1429 307 1636 348 aequalitatis.
1651 325 1671 330 -
1684 308 1725 338 Et
1747 308 1901 348 probatur
1924 307 2040 348 primo,
2058 308 2148 349 quod
2171 308 2211 340 sit
2234 318 2329 339 causa
2351 309 2501 351 inaequa-

1428 352 1538 388 litatis;
1564 352 1716 388 secundo,
1741 352 1830 393 quod
1852 352 1934 383 sicut
1956 360 2002 384 est
2026 362 2120 383 causa
2143 352 2364 391 distinctionis,
2388 354 2432 385 ita
2454 354 2501 385 in-

1429 396 1635 437 aequalitatis.
2441 421 2452 430 .

1488 440 1632 471 Primum
1656 450 1731 480 ergo
1755 440 1908 481 probatur
1931 440 1984 471 sic.
2002 440 2161 481 Sapientia
2177 441 2236 472 Dei
2256 448 2302 473 est
2321 452 2416 473 causa
2440 442 2501 473 dis-

1429 484 1589 516 tinctionis
1622 493 1746 515 rerum:
1780 495 1855 525 ergo
1889 491 1936 516 est
1971 495 2064 516 causa
2095 485 2306 517 distinctionis
2337 486 2499 517 formalis:

1429 539 1504 570 ergo
1521 535 1568 559 est
1583 539 1677 559 causa
1687 529 1956 570 inaequalitatis.-
1967 529 2074 560 Prima
2087 530 2315 571 consequentia
2330 531 2499 572 probatur:

1419 573 1505 614 quia
1538 573 1698 604 distinctio
1730 573 1873 604 formalis
1906 580 1953 604 est
1982 574 2164 614 principalis
2197 574 2368 606 distinctio.
2401 575 2502 613 Quod

1429 617 1597 658 probatur:
1623 618 1709 658 quia,
1727 618 1850 648 duabus
1867 625 1992 649 tantum
2008 619 2212 650 existentibus
2232 619 2499 657 distinctionibus,

1429 661 1546 692 scilicet
1569 662 1725 692 numerali
1749 669 1780 693 et
1802 662 1938 699 formali,
1964 663 2094 694 materia
2118 670 2165 694 est
2187 670 2319 704 propter
2342 663 2497 701 formam;

1429 715 1504 745 ergo
1529 705 1687 736 distinctio
1712 706 1881 737 materialis
1905 713 1952 738 est
1975 714 2105 748 propter
2128 707 2308 740 formalem.
2333 708 2375 740 Et
2392 718 2502 739 rursus

1429 749 1648 780 manifestatur
1670 760 1688 779 a
1711 750 1813 790 signo,
1838 751 1927 791 quod
1949 751 2096 782 videmus
2120 752 2276 783 unitatem
2292 759 2323 784 et
2337 752 2501 793 pluralita-

1428 800 1494 824 tem
1517 793 1715 824 numeralem
1736 803 1804 824 esse
1818 801 1947 836 propter
1962 795 2101 827 formam
2115 796 2304 837 specificam.
2320 815 2341 821 -
2357 797 2503 828 Secunda

1429 844 1537 868 autern
1553 838 1780 879 consequentia
1795 839 1962 878 probatur:
1983 840 2058 880 quia
2077 840 2237 872 distinctio
2254 841 2396 873 formalis
2420 851 2502 873 sem-

1429 892 1485 922 per
1499 881 1759 922 inaequalitatem
1779 882 1919 924 requirit.
1945 884 2044 921 Quod
2062 885 2216 924 probatur
2231 886 2411 927 dupliciter:
2430 887 2503 927 pri-

1429 936 1491 964 mo,
1517 926 1592 967 quia
1615 926 1737 957 formae
1761 937 1868 957 rerum
1891 934 1966 958 sunt
1989 927 2071 959 sicut
2089 929 2223 966 numeri,
2249 940 2286 961 ex
2304 931 2377 962 VIII
2395 931 2502 962 Meta-

1422 971 1541 1012 phys.;
1562 970 1714 1009 secundo,
1732 971 1808 1012 quia
1831 971 1864 1001 in
1880 972 1974 1002 rebus
1993 972 2188 1004 naturalibus
2204 974 2323 1014 species
2340 974 2503 1006 ordinatae

1428 1014 1583 1055 gradatim
1603 1022 1769 1056 apparent,
1789 1023 1826 1047 ut
1844 1022 1932 1057 patet
1950 1016 2120 1048 inductive.

1487 1059 1654 1096 Secundo,
1679 1060 1834 1100 probatur
1856 1061 1946 1101 quod
1969 1061 2051 1092 sicut
2074 1068 2120 1092 est
2148 1071 2242 1093 causa
2273 1062 2502 1101 distinctionis,

1429 1103 1472 1135 ita
1495 1103 1741 1144 inaequalitatis,
1766 1104 1821 1136 sic.
1850 1105 2044 1146 Universum
2067 1116 2135 1137 non
2158 1114 2241 1138 esset
2262 1107 2454 1148 perfectum,
2478 1108 2506 1139 si

1430 1158 1514 1178 unus
1537 1150 1663 1179 tantum
1687 1149 1837 1188 bonitatis
1859 1149 1976 1190 gradus
2004 1150 2214 1182 inveniretur:
2247 1161 2325 1192 ergo
2351 1151 2504 1192 perfectio

1429 1192 1568 1223 universi
1592 1192 1723 1234 requirit
1745 1193 2024 1235 inaequalitatem:
2054 1205 2130 1235 ergo
2155 1195 2199 1227 sic
2226 1195 2434 1237 inaequalitas
2459 1202 2506 1228 est

1430 1247 1448 1267 a
1472 1237 1542 1267 Deo
1566 1244 1697 1278 propter
1720 1238 1950 1278 perfectionem
1973 1239 2122 1276 universi,
2139 1239 2221 1271 sicut
2244 1247 2275 1271 et
2297 1240 2469 1272 distinctio.
2484 1258 2505 1264 -

1431 1281 1536 1312 Totus
1560 1292 1727 1322 processus
1752 1290 1848 1323 patet.

1430 1411 1496 1442 agat
1517 1405 1547 1433 in
1568 1405 1598 1434 id
1620 1407 1701 1444 quod
1722 1413 1765 1435 est
1790 1406 1820 1435 in
1847 1407 1987 1444 potentia.
2015 1408 2052 1435 Et
2073 1406 2114 1435 sic
2135 1416 2254 1436 necesse
2275 1414 2319 1436 est
2345 1409 2426 1445 quod
2446 1418 2508 1439 una

1430 1451 1561 1474 creatura
1575 1453 1641 1483 agat
1655 1446 1685 1474 in
1699 1446 1796 1475 aliam.
1812 1447 1869 1475 Sed
1884 1446 1958 1476 sicut
1972 1453 2103 1476 creatura
2117 1456 2180 1476 esse
2196 1447 2227 1476 in
2241 1454 2307 1476 actu
2322 1448 2474 1486 participat
2487 1457 2506 1478 a

1430 1486 1504 1521 Deo,
1519 1485 1570 1523 qui
1584 1492 1628 1514 est
1642 1496 1732 1523 purus
1747 1493 1842 1523 actus,
1862 1487 1901 1516 ita
1915 1494 1943 1515 et
1956 1486 2092 1516 virtutem
2107 1488 2212 1525 agendi
2227 1487 2382 1525 participat
2397 1497 2416 1517 a.
2429 1490 2504 1525 Deo,

1430 1531 1458 1553 et
1472 1525 1530 1563 agit
1545 1525 1605 1554 eius
1620 1526 1733 1562 virtute,
1749 1527 1822 1556 sicut
1836 1536 1923 1556 causa
1938 1528 2066 1556 secunda
2079 1528 2183 1556 virtute
2203 1537 2308 1557 causae
2321 1528 2445 1565 primae.

1483 1566 1530 1594 An
1552 1574 1667 1595 ramim
1688 1575 1768 1595 ERGO
1789 1575 1944 1595 mmmmm
1970 1568 2051 1604 quod
2078 1568 2178 1596 omnia
2200 1577 2405 1606 quaecumque
2431 1569 2506 1598 fiunt

1429 1614 1483 1642 per
1502 1605 1649 1634 actionem
1673 1613 1836 1643 creaturae,
1856 1608 1934 1636 Deus
1956 1614 2055 1644 posset
2075 1607 2169 1636 facere
2191 1608 2253 1637 sine
2274 1615 2414 1638 creatura.
2437 1610 2506 1638 Non

1431 1654 1500 1682 ergo
1522 1652 1566 1674 est
1586 1655 1620 1675 ex
1641 1646 1754 1676 defectu
1775 1647 1924 1684 potentiae
1943 1647 2004 1676 eius
2019 1649 2101 1685 quod
2120 1649 2266 1677 mediante
2287 1655 2418 1678 creamra
2431 1649 2504 1687 agit3

1430 1686 1482 1714 sed
1503 1694 1537 1714 ex
1557 1687 1736 1716 abundantia
1761 1687 1899 1716 bonitatis
1925 1687 2030 1725 ipsius,
2052 1697 2086 1717 ex
2107 1698 2167 1726 qua
2187 1685 2321 1726 provenit
2341 1690 2423 1727 quod
2443 1699 2506 1719 non

1430 1725 1526 1754 solum
1547 1727 1747 1756 communicat
1761 1734 1908 1756 creaturae
1931 1729 2012 1765 quod
2033 1728 2069 1756 sit
2090 1727 2120 1756 in
2141 1737 2172 1757 se
2193 1729 2282 1764 bona,
2304 1730 2356 1758 sed
2370 1730 2446 1759 hanc
2459 1729 2503 1759 di-

1430 1765 1569 1803 gnitatem
1589 1773 1622 1795 ut
1642 1767 1678 1795 sit
1698 1767 1761 1796 aliis
1782 1776 1870 1797 causa
1890 1767 2037 1797 bonitatis.

1483 1806 1531 1834 AD
1553 1814 1712 1835 SECUNDUM
1732 1814 1888 1837 memma
1909 1809 1991 1845 quod
2018 1807 2119 1844 opinio
2147 1807 2267 1836 illorum
2294 1809 2469 1846 reprobatur
2487 1818 2507 1839 a

1430 1845 1592 1883 Dionysio,
1622 1846 1672 1884 qui
1700 1849 1850 1884 ponebant
1877 1849 2022 1886 quaedam
2051 1847 2254 1877 intellectualia
2281 1855 2416 1886 separata
2442 1859 2506 1880 me

1430 1885 1525 1923 prima
1550 1887 1743 1924 exemplaria:
1767 1897 1835 1917 nam
1861 1888 1989 1925 primum
2015 1888 2162 1925 exemplar
2187 1888 2321 1918 omnium
2347 1890 2427 1918 Deus
2452 1896 2505 1919 est.

1430 1926 1477 1994 Nlil
1498 1933 1596 1972 tamen
1617 1927 1753 1964 prohibet
1777 1928 1951 1957 secundario
1977 1937 2067 1957 unam
2092 1934 2255 1957 creaturam
2276 1937 2339 1958 esse
2360 1930 2508 1968 exemplar

1430 1976 1447 1995 a
1458 1973 1556 1995 tenus.

1483 2008 1531 2036 An
1552 2015 1685 2036 tuarum
1705 2015 1861 2036 DicaNnUM
1882 2009 1963 2046 quod
1985 2008 2051 2037 finIs
2069 2008 2190 2038 ultimus
2205 2009 2338 2038 omnium
2353 2011 2434 2039 Deus
2446 2017 2504 2040 est:

1431 2054 1498 2075 sunt
1518 2053 1617 2076 tamen
1639 2054 1667 2076 et
1688 2047 1760 2077 fines
1781 2048 1829 2076 alii
1851 2049 1905 2077 sub
1927 2049 1984 2078 isto
1999 2048 2066 2085 fine,
2081 2049 2243 2078 secundum
2257 2050 2339 2087 quod
2353 2059 2413 2079 una
2425 2059 2506 2081 crea-

1430 2094 1495 2116 tura
1516 2087 1554 2116 ad
1574 2087 1662 2116 aliam
1690 2087 1842 2117 ordinatur
1861 2095 1894 2117 ut
1914 2090 1951 2118 ad
1973 2089 2077 2124 finem,
2100 2089 2313 2126 imperfectiora
2340 2089 2448 2119 scilicet
2467 2091 2507 2120 ad

1431 2127 1617 2164 perfectiora,
1639 2134 1671 2156 ut
1692 2128 1813 2157 materia
1833 2130 1871 2158 ad
1892 2129 2027 2166 formam,
2052 2129 2196 2159 elementa
2215 2131 2254 2159 ad
2275 2129 2373 2166 mixta,
2388 2131 2506 2168 plantae

1431 2168 1469 2196 ad
1496 2167 1648 2203 animalia,
1670 2168 1808 2198 animalia
1828 2169 1865 2197 ad
1887 2169 2038 2206 homines,
2060 2176 2093 2199 ut
2119 2170 2243 2199 habetur
2266 2170 2340 2199 Gen.
2362 2179 2383 2199 1.
2407 2171 2445 2200 Et
2464 2170 2507 2201 eie

1430 2214 1509 2245 patet
1530 2208 1612 2245 quod
1633 2208 1707 2236 ordo
1728 2208 1854 2237 universi
1875 2210 2034 2238 attenditur
2061 2211 2222 2239 secundum
2244 2211 2325 2247 quod
2346 2220 2406 2240 una
2426 2220 2506 2241 crea-

1430 2255 1495 2276 tura
1516 2247 1574 2285 agit
1594 2247 1624 2276 in
1645 2248 1742 2283 aliam,
1764 2255 1792 2276 et
1813 2250 1973 2278 secundum
1996 2251 2077 2286 quod
2097 2260 2158 2279 una
2178 2250 2210 2278 fit
2230 2250 2269 2279 ad
2287 2250 2504 2280 similitudinem

1431 2287 1557 2323 alterius,
1579 2294 1607 2316 et
1627 2288 1789 2316 secundum
1810 2289 1891 2326 quod
1911 2298 1972 2318 una
1993 2295 2036 2318 est
2057 2289 2122 2318 finis
2143 2290 2269 2319 alterius.

1430 2391 1441 2416 ι
1486 2354 1516 2380 In
1537 2354 1625 2380 Indice
1643 2357 1732 2380 autem
1755 2355 1941 2387 quaestionum
1960 2359 1989 2381 et
2005 2355 2198 2386 articulorum,
2219 2356 2245 2381 in
2258 2356 2318 2389 fine
2335 2357 2447 2388 codicis,
2466 2358 2506 2388 sic

1440 2391 1545 2424 egitur.-

1485 2452 1611 2482 Quaestio
1628 2452 1731 2478 XLVII.
1750 2452 1790 2477 De
1808 2451 1972 2488 distinctione
1991 2452 2016 2476 In
2036 2452 2180 2477 communi.
2198 2451 2239 2477 111.

1435 2495 1456 2513 ι.
1479 2487 1573 2513 Utrum
1591 2495 1679 2512 rerum
1698 2487 1837 2512 multitudo
1857 2493 1882 2513 et
1901 2487 2029 2512 distinctio
2048 2487 2082 2512 sit
2101 2495 2116 2512 a
2134 2487 2199 2513 Deo.

1433 2531 1457 2548 2.
1481 2523 1574 2548 Utrum
1594 2531 1682 2548 rerum
1702 2522 1871 2556 inaequalitas
1891 2523 1923 2548 sit
1941 2530 1956 2548 a
1974 2522 2039 2548 Deo.
2059 2522 2138 2555 (Alia
2157 2523 2258 2556 manu)
2277 2523 2371 2549 Utrum
2390 2523 2415 2548 in
2434 2531 2506 2550 crea-

1484 2558 1549 2584 turis
1569 2559 1601 2584 sit
1619 2559 1685 2583 ordo
1703 2559 1844 2591 agentium.
2456 2558 2458 2562 '
2492 2566 2499 2570 ·

1434 2593 1458 2620 3.
1480 2594 1575 2620 Utrum
1594 2595 1627 2619 sit
1645 2599 1746 2620 tantum
1765 2602 1834 2620 unus
1854 2594 1977 2626 mundus,
1996 2599 2040 2619 aut
2058 2594 2156 2628 plures.

1486 2659 1613 2686 Haestat
1631 2663 1726 2686 notare
1745 2660 1816 2692 quod
1835 2667 1919 2686 novus
1938 2660 1988 2686 Iste
2005 2660 2146 2689 articulus.
2161 2667 2180 2685 a
2191 2660 2284 2686 codice
2304 2660 2444 2686 casinen-u·
2455 2667 2505 2686 ex·-

1432 2695 1542 2726 hibitus,
1563 2703 1615 2721 non
1635 2696 1721 2721 solum
1741 2703 1793 2720 non
1818 2695 1954 2721 invenitur
1972 2696 1999 2721 in
2019 2695 2171 2729 exemplari
2190 2696 2316 2722 Summae
2335 2695 2505 2726 Parisiensxzt,

1431 2731 1479 2757 sed
1497 2734 1524 2761 et
1542 2731 1568 2756 in
1588 2731 1710 2757 omnibus
1727 2731 1789 2756 aliis
1807 2731 1942 2757 codicibus
1960 2731 2094 2765 hucusque
2111 2732 2263 2764 exploratis
2282 2731 2461 2757 desideratur.

1108 2887 1428 2930 ARTICULUS
1455 2887 1687 2930 TERTIUS

1002 2980 1159 3011 UTRUM
1183 2979 1250 3011 sn*
1274 2980 1388 3012 UNUS
1411 2980 1592 3011 MUNDUS
1615 2980 1804 3011 TANTUM

698 3059 739 3083 De
758 3059 824 3088 Pet„
845 3066 889 3091 qu.
907 3065 945 3088 111,
965 3064 1012 3084 art.
1035 3057 1074 3090 16,
1094 3058 1126 3083 ad
1150 3065 1175 3089 ¹3
1194 3058 1240 3084 XII
1258 3058 1422 3093 Metaphys„
1442 3059 1499 3084 lect.
1518 3066 1548 3090 ις
1568 3059 1577 3083 1
1597 3059 1630 3084 de
1651 3059 1724 3084 Cael.
1743 3062 1770 3084 et
1787 3058 1893 3088 Mami„
1914 3059 1972 3084 lect.
1986 3047 2028 3084 xvi
2047 3066 2108 3092 sqq.

308 3179 310 3182 ,
339 3158 367 3195 ξ,
392 3162 402 3187 ι
422 3162 499 3212 5145<
517 3159 540 3184 n
560 3159 721 3185 TERTIUM
740 3159 794 3185 sm
819 3159 1060 3185 PROCEDrrUR.
1081 3147 1240 3186 Videtur
1268 3147 1375 3196 quod

333 3188 367 3215 Μ’
442 3197 597 3258 {ginon
617 3200 662 3238 sit
681 3213 780 3237 unus
809 3201 977 3238 mundus
1005 3208 1164 3248 tantum,
1195 3201 1264 3238 sed
1292 3201 1375 3251 plu-

356 3250 373 3295 ’,
410 3255 490 3306 ς’(ι
519 3266 591 3291 res.
622 3253 734 3301 Quia,
764 3261 806 3290 ut
829 3254 1062 3302 Augustinus
1092 3253 1191 3302 dicit,
1211 3254 1250 3292 in
1279 3255 1374 3292 libro

363 3318 376 3335 s
398 3300 463 3336 ³⁹35>
478 3296 511 3341 N
524 3307 721 3357 Octoginta
741 3307 855 3344 trium
880 3308 1028 3350 Quaest.
1048 3307 1079 3355 ³¹²,
1096 3307 1374 3346 inconveniens

307 3366 363 3396 est
400 3359 523 3397 dicere
561 3360 668 3409 quod
704 3361 810 3397 Deus
839 3359 921 3397 sine
957 3360 1102 3398 ratione
1130 3373 1191 3398 res
1220 3360 1373 3399 creavit.

308 3412 386 3449 Sed
414 3425 460 3450 ea
479 3413 622 3450 ratione
653 3425 728 3463 qua
757 3413 899 3451 creavit
921 3426 1063 3461 unum,
1093 3414 1218 3463 potuit
1245 3426 1374 3452 creare

306 3466 466 3503 multos:
487 3478 575 3503 cum
592 3466 672 3503 eius
686 3466 855 3516 potentia
870 3479 949 3504 non
964 3467 1010 3504 sit
1029 3467 1183 3504 limitata
1197 3467 1247 3504 ad
1262 3467 1374 3505 unius

308 3518 441 3556 mundi
479 3519 731 3566 creationem,
762 3519 829 3557 sed
859 3527 914 3558 est
941 3520 1103 3568 infinita,
1132 3528 1175 3558 ut
1211 3533 1327 3569 supra
1354 3520 1374 3543 '¹‘

309 3579 504 3609 ostensum
521 3580 586 3610 est.
605 3573 707 3621 Ergo
728 3574 833 3611 Deus
853 3574 982 3622 plures
1001 3573 1169 3611 mundos
1182 3573 1372 3623 produxit.

1484 3159 1519 3185 2.
1550 3149 1784 3195 PRAETEREA,
1814 3155 1950 3186 natura
1978 3147 2065 3185 facit
2093 3147 2198 3197 quod
2219 3147 2358 3185 melius
2378 3155 2445 3196 est,
2467 3155 2503 3185 et

1429 3201 1550 3238 multo
1571 3201 1692 3250 magis
1720 3202 1838 3239 Deus.
1871 3201 1949 3239 Sed
1976 3200 2114 3239 melius
2143 3207 2243 3238 esset
2271 3212 2354 3238 esse
2374 3201 2504 3250 plures

1429 3254 1597 3292 mundos
1626 3267 1743 3304 quam
1772 3267 1916 3292 unum:
1955 3254 2045 3304 quia
2071 3254 2180 3303 plura
2213 3254 2318 3291 bona
2345 3253 2502 3303 paucio-

1429 3307 1533 3345 ribus
1553 3308 1711 3346 meliora
1739 3316 1838 3346 sunt.
1869 3309 1972 3356 Ergo
2001 3308 2130 3357 plures
2150 3307 2285 3346 mundi
2308 3307 2395 3345 faeti
2415 3314 2503 3346 sunt

1429 3373 1452 3398 a
1478 3362 1577 3398 Deo.

1485 3415 1518 3452 3.
1549 3415 1792 3462 PRAETEREA‚
1829 3426 1947 3452 omne
1976 3413 2081 3463 quod
2116 3414 2232 3451 habet
2266 3413 2432 3451 formam
2461 3412 2501 3450 in

1429 3467 1598 3515 materia,
1627 3474 1754 3517 potest
1776 3466 2015 3516 multiplicari
2045 3467 2258 3505 secundum
2280 3477 2499 3514 numerum,

1428 3528 1608 3558 manente
1629 3520 1766 3558 eadem
1786 3520 1934 3570 specie:
1965 3520 2055 3570 qma
2083 3519 2345 3570 multiplicatio
2366 3530 2501 3557 secun-

1430 3573 1523 3611 dum
1543 3586 1750 3611 numerum
1771 3581 1828 3611 est
1847 3586 1892 3611 ex
1912 3573 2083 3612 materia.
2105 3574 2183 3612 Sed
2202 3574 2371 3612 mundus
2385 3571 2501 3610 habet

2757 3733 2768 4178 ffl-fflQ—.——n—
2756 3306 2768 3727 mssm1⁴·.1.-.-
2764 3283 2768 3299 —
2763 3217 2768 3273 .-4.
2766 3199 2768 3205 .
2762 3179 2768 3185 Α
2764 3151 2768 3170 ,.
2766 3127 2768 3130 .
