2768 4178
54 569 66 580 ⁸
79 569 130 591 Art.
145 569 252 597 praeced.

50 933 65 954 Ρ
79 933 147 956 Ven.
157 940 185 956 n.

57 3309 108 3327 flu.

985 271 1253 317 QUAESTIO
1283 271 1389 317 XIX,

297 347 443 384 bonum
463 349 521 386 fit:
552 350 670 386 multa
691 349 792 386 enirn
818 350 919 386 bona
941 358 1099 398 possunt
1113 355 1130 371 ⁰³
1150 350 1242 396 fieri,
1265 362 1362 399 quae

295 412 374 437 non
403 401 510 438 fiunt.
549 402 639 439 Non
669 414 758 450 ergo
787 403 965 439 voluntas
1002 402 1074 439 Dei
1108 414 1261 451 semper
1294 403 1363 439 im-

294 454 431 502 pletur.

351 507 385 543 3.
407 507 641 554 PRAETEREA,
661 507 839 544 voluntas
867 507 951 553 Dei,
974 520 1062 544 cum
1082 508 1128 544 sit
1156 521 1270 546 causa
1289 509 1363 558 pri-

293 571 370 606 ma,
400 572 480 597 non
508 560 671 597 excludit
699 571 832 597 causas
850 560 1009 607 medias,
1030 568 1072 597 ut
1097 561 1239 598 dictum
1261 561 1360 599 est*.

297 612 375 649 Sed
404 613 561 649 effectus
590 624 727 649 causae
755 613 902 662 primae
930 621 1055 661 potest
1089 614 1266 663 impediri
1294 627 1363 663 per

296 665 488 703 defectum
517 677 654 702 causae
683 666 895 703 secundae:
925 666 1021 702 sic'ut
1041 667 1197 704 effectus
1216 668 1363 706 virtutis

295 718 463 755 motivae
478 718 684 767 impeditur
696 726 852 767 propter
866 719 1098 757 debilitatem
1113 721 1237 758 tibiae.
1260 722 1362 769 Ergo

296 779 332 807 et
360 770 517 808 effectus
542 771 691 808 divinae
710 771 916 809 voluntatis
936 779 1061 821 potest
1079 773 1255 822 impediri
1275 788 1362 824 pro-

293 831 378 872 pter
407 823 599 861 defectum
629 825 885 862 secundarum
916 838 1129 863 causarum.
1161 828 1252 865 Non
1272 841 1361 877 ergo

293 877 470 914 voluntas
499 877 571 913 Dei
600 889 754 926 semper
782 878 969 927 impletur.

349 930 423 967 SED
453 941 599 967 CONTRA
619 942 685 967 Ε3τ
704 931 809 980 quod
839 931 1001 968 dicitur
993 945 1031 969 1n
1050 933 1202 970 Psalmo
1223 934 1361 971 cxi11*:

295 983 423 1020 omnia
451 995 710 1032 quaecumque
736 985 855 1021 voluit
879 986 995 1032 Deus,
1011 987 1122 1034 fecit.

349 1037 575 1074 Responnsso
603 1049 787 1075 mel-:unum
820 1038 927 1087 quod
959 1051 1115 1076 necesse
1145 1048 1200 1076 est
1227 1041 1363 1078 volun-

294 1096 410 1126 tatem
439 1089 512 1126 Dei
541 1102 693 1139 semper
719 1091 879 1140 impleri.
909 1092 971 1128 Ad
991 1092 1098 1129 cuius
1119 1093 1361 1140 evidentiam,

295 1142 616 1180 considerandum
637 1152 693 1180 est
713 1145 828 1193 quod,
851 1156 939 1181 cum
965 1145 1122 1182 effectus
1147 1146 1362 1183 conforme-

294 1201 355 1233 tur
374 1196 498 1244 agenti
518 1197 731 1234 secundum
753 1209 862 1234 suam
892 1198 1070 1245 formam,
1101 1199 1237 1236 eadem
1267 1199 1360 1236 ratio

296 1257 351 1286 est
370 1248 408 1286 in
429 1249 553 1291 causis
579 1250 789 1298 agentibus,
819 1263 918 1299 quae
940 1258 995 1287 est
1014 1251 1052 1287 in
1073 1252 1194 1288 causis
1223 1252 1363 1290 forma-

270 1317 273 1318 ’
294 1302 404 1339 libus.
434 1298 478 1340 In
498 1303 630 1340 formis
650 1311 777 1340 autem
797 1303 849 1340 sic
876 1311 930 1340 est
949 1304 1066 1352 quod,
1087 1304 1172 1341 licet
1191 1305 1331 1353 aliquid
1345 1303 1363 1334 β

294 1355 414 1405 possit
443 1356 608 1393 deficere
627 1357 675 1393 ab
696 1356 822 1405 aliqua
841 1357 965 1393 forma
983 1357 1208 1406 particulari,
1234 1366 1362 1396 tamen

295 1421 318 1446 a
346 1409 470 1446 forma
501 1409 706 1446 universali
735 1409 826 1446 nihil
861 1409 1025 1446 deficere
1058 1418 1204 1459 potest:
1237 1419 1364 1460 potest

296 1461 398 1499 enim
431 1474 515 1499 esse
534 1462 676 1511 aliquid
696 1462 801 1511 quod
825 1474 903 1499 non
924 1470 979 1499 est
997 1463 1117 1501 homo
1136 1465 1198 1501 vel
1212 1465 1361 1513 vivum,

294 1527 376 1553 non
394 1523 524 1552 autem
549 1523 675 1564 potest
702 1528 785 1553 esse
814 1516 956 1565 aliquid
985 1517 1088 1566 quod
1117 1529 1196 1554 non
1216 1518 1263 1555 sit
1283 1531 1360 1556 ens.

294 1568 407 1606 Unde
427 1576 464 1605 et
478 1573 493 1595 ⁷
513 1569 588 1605 hoc
607 1568 710 1605 idem
731 1569 768 1605 in
790 1570 912 1606 causis
927 1570 1126 1617 agentibus
1146 1571 1363 1620 contingere

294 1628 455 1671 oportet.
486 1622 616 1658 Potest
644 1622 746 1659 enim
775 1622 916 1671 aliquid
942 1623 1026 1660 fieri
1056 1631 1158 1661 extra
1187 1624 1361 1662 ordinem

295 1674 452 1712 alicuius
489 1686 627 1712 causae
663 1675 896 1724 particularis
925 1677 1090 1724 agentis:
1120 1689 1199 1714 non
1234 1686 1362 1715 autem

295 1735 398 1765 extra
425 1727 602 1766 ordinem
631 1727 788 1765 alicuius
817 1726 830 1749 δ
860 1741 996 1766 causae
1024 1729 1261 1778 universalis,
1292 1732 1362 1768 sub

294 1793 372 1832 qua
391 1794 527 1819 omnes
547 1794 684 1818 causae
703 1781 947 1830 particulares
972 1784 1361 1832 comprehenduntur.

295 1834 413 1882 Quia,
443 1835 474 1872 si
502 1834 627 1883 aliqua
656 1847 771 1872 causa
798 1835 1032 1884 particularis
1062 1836 1213 1874 deficiat
1241 1850 1262 1874 a
1291 1850 1361 1875 suo

296 1887 453 1935 effectu,
483 1888 559 1924 hoc
596 1896 651 1925 est
678 1895 834 1937 propter
869 1888 1034 1937 aliquam
1062 1889 1175 1926 aliam
1206 1902 1361 1928 causam

293 1941 561 1990 particularem
598 1941 891 1990 impedientem,
921 1954 1020 1991 quae
1051 1943 1263 1980 continetur
1291 1945 1361 1981 sub

294 1994 427 2032 ordine
448 2007 585 2032 causae
603 1993 848 2032 universalis:
878 1995 980 2032 unde
1005 1995 1162 2033 effectus
1186 1996 1360 2034 ordinem

294 2059 432 2085 causae
468 2047 693 2085 universalis
726 2048 829 2084 nullo
859 2048 978 2085 modo
1007 2057 1133 2097 potest
1161 2050 1274 2087 exire.
1314 2051 1362 2087 Et

293 2101 368 2138 hoc
389 2101 503 2138 etiam
521 2108 624 2150 patet
647 2101 685 2138 in
706 2101 977 2150 corporalibus.
1008 2103 1137 2139 Potest
1165 2103 1266 2140 enirn
1291 2103 1361 2140 im-

292 2154 415 2203 pediri
434 2154 540 2204 quod
559 2154 685 2202 aliqua
704 2155 808 2191 stella
829 2166 908 2191 non
923 2160 933 2175 ¹
951 2155 1106 2192 inducat
1128 2168 1242 2192 suum
1271 2156 1362 2193 effe-

294 2214 418 2245 ctum:
449 2207 516 2244 sed
553 2214 682 2244 tamen
719 2207 952 2256 quicumque
986 2208 1143 2245 effectus
1173 2221 1217 2245 ex
1247 2222 1361 2246 causa

293 2273 479 2310 corporea
502 2260 762 2309 impediente
754 2273 793 2297 m
813 2261 927 2297 rebus
948 2262 1208 2310 corporalibus
1229 2274 1361 2300 conse-

292 2321 442 2363 quatur,
459 2320 610 2373 oportet
629 2313 734 2362 quod
753 2313 956 2351 reducatur
973 2327 1044 2363 per
1062 2315 1207 2364 aliquas
1228 2328 1362 2353 causas

292 2366 439 2405 medias
467 2366 506 2404 in
533 2366 790 2404 universalem
817 2367 998 2404 virtutem
1025 2367 1140 2416 primi
1169 2369 1272 2406 caeli.

347 2421 448 2458 Cum
476 2419 587 2468 igitur
613 2421 791 2457 voluntas
820 2420 892 2457 Dei
921 2421 967 2458 sit
993 2421 1226 2459 universalis
1247 2434 1360 2459 causa

293 2473 468 2511 omnium
493 2485 632 2520 rerum,
655 2473 889 2523 impossibile
919 2482 974 2512 est
1002 2475 1107 2523 quod
1136 2475 1264 2512 divina
1291 2488 1361 2513 vo-

292 2527 414 2565 luntas
453 2539 567 2563 suum
606 2526 785 2563 effectum
823 2539 902 2564 non
940 2536 1205 2576 consequatur.
1249 2528 1360 2566 Unde

292 2580 400 2631 quod
428 2579 606 2617 recedere
634 2580 785 2617 videtur
804 2593 827 2617 a
846 2580 975 2618 divina
1002 2582 1198 2618 voluntate
1228 2595 1361 2619 secun·

294 2633 387 2671 dum
415 2645 538 2670 unum
567 2632 764 2680 ordinem,
804 2633 982 2671 relabitur
1010 2634 1048 2672 in
1075 2635 1199 2684 ipsam
1229 2646 1362 2672 secun-

294 2687 388 2725 dum
417 2685 554 2723 alium:
585 2685 680 2723 sicut
706 2694 897 2735 peccator,
919 2687 994 2736 qui,
1025 2696 1210 2737 quantum
1240 2697 1296 2725 est
1323 2689 1361 2726 in

294 2752 347 2787 se,
368 2738 509 2777 recedit
528 2752 550 2776 a
571 2739 699 2776 divina
717 2739 912 2777 voluntate
936 2742 1146 2790 peccando,
1167 2741 1295 2779 incidit
1322 2742 1361 2779 in

295 2792 470 2831 ordinem
501 2791 652 2830 divinae
680 2793 901 2842 voluntatis,
932 2795 1026 2832 dum
1054 2807 1123 2843 per
1152 2795 1231 2832 eius
1259 2795 1361 2832 iusti-

293 2845 384 2884 tiam
413 2846 578 2895 punitur.

347 2901 407 2936 An
436 2911 574 2936 PmMUM
602 2911 700 2937 ERGO
729 2911 914 2938 DICENDUM
942 2901 1049 2949 quod
1076 2901 1167 2938 illud
1196 2902 1361 2940 verbum

294 2951 479 3002 Apostoli,
501 2954 607 3002 quod
622 2951 636 2978 ς
655 2953 760 2990 Deus
779 2953 860 2989 vult
885 2965 1014 2991 omnes
1040 2954 1209 2991 homines
1236 2955 1361 2992 salvos

283 3006 380 3054 fieri
397 3013 479 3053 etc.,
499 3013 626 3054 potest
653 3005 843 3055 tripliciter
866 3005 1030 3055 intelligi.
1060 3007 1147 3044 Uno
1168 3007 1301 3054 modo,
1322 3016 1363 3045 ut

295 3058 341 3096 sit
367 3058 581 3096 accomoda
599 3064 613 3082 '¹
643 3059 874 3106 distributio,
905 3060 1118 3097 secundum
1146 3060 1249 3098 hunc
1277 3074 1360 3098 sen-

296 3123 395 3158 sum,
416 3111 520 3149 Deus
533 3111 612 3149 vult
629 3112 754 3149 salvos
761 3113 858 3161 fieri
875 3125 1004 3150 omnes
1017 3114 1186 3150 homines
1206 3114 1272 3162 qui
1287 3115 1360 3152 sal-

294 3169 451 3202 vantur.-
482 3180 501 3198 «
519 3177 599 3203 non
617 3165 706 3214 quia
724 3166 849 3202 nullus
868 3166 988 3203 homo
1009 3167 1055 3204 sit
1073 3179 1190 3215 quern
1211 3168 1361 3205 salvum

295 3217 378 3254 fieri
406 3229 486 3255 non
512 3217 615 3266 velit,
641 3219 708 3256 sed
738 3218 826 3268 quia
854 3219 978 3256 nullus
1007 3220 1134 3257 salvus
1162 3220 1215 3266 fit,
1246 3223 1373 3270 quem‘

55 3277 205 3306 ‘Enetum
217 3284 268 3306 cap-
297 3283 376 3308 non
403 3270 495 3308 velit
522 3271 671 3309 salvum
699 3272 795 3319 fieri,
815 3288 833 3305 »
864 3280 904 3309 ut
934 3271 1020 3309 dicit
1048 3273 1282 3321 Augustinus
1301 3273 1332 3311 *.

351 3323 530 3361 Secundo
557 3331 683 3373 potest
709 3324 874 3373 intelligi,
895 3333 936 3362 ut
964 3325 1031 3362 fiat
1057 3325 1268 3363 distributio
1289 3339 1360 3375 pro

351 3420 377 3451 α)
393 3423 517 3452 possunt.
534 3433 554 3438 -
567 3423 678 3452 possent
696 3421 770 3446 codd.
790 3426 815 3447 et
834 3422 891 3446 edd.
911 3422 961 3446 ab.

351 3454 375 3487 β)
395 3455 507 3487 aliquid.
523 3469 542 3473 -
560 3455 656 3487 aliquis
674 3456 772 3482 ABCE.
788 3470 809 3476 -
826 3458 877 3482 Pro
891 3457 987 3489 possit,
1002 3461 1094 3489 posset
1111 3458 1165 3483 BD.

349 3491 376 3524 γ)
401 3491 475 3515 Unde
493 3493 528 3515 et.
545 3504 564 3509 —
587 3491 661 3515 Unde
678 3491 708 3515 P.

350 3526 374 3558 ὃ)
394 3526 515 3551 alicuius.
533 3539 553 3544 -
570 3525 631 3550 Om.
650 3526 761 3551 codices.

350 3563 372 3593 ε)
393 3569 453 3586 non.
472 3575 490 3579 —
509 3561 570 3586 Om.
585 3561 616 3585 D.

350 3596 375 3629 ζ)
397 3597 475 3628 quod.
493 3610 512 3615 —
530 3596 576 3628 qui
594 3595 687 3622 BFGa.
705 3610 725 3616 -
743 3596 816 3622 Deus
835 3605 887 3622 orn.
907 3598 1009 3623 codices
1029 3604 1054 3623 et
1070 3599 1121 3623 ab.

350 3631 377 3664 η)
391 3632 571 3657 accommoda.
580 3645 599 3650 -
608 3632 810 3657 accommodata
820 3632 851 3657 G.
860 3633 959 3658 —Idem
973 3639 1032 3666 post
1046 3641 1151 3659 sensum
1165 3635 1234 3660 addit
1248 3638 1361 3660 tantum.

441 3685 550 3709 SUMMAE
569 3684 670 3709 Tumi..
690 3685 721 3709 D.
736 3684 849 3709 Tuomst:
869 3685 901 3710 T.
920 3686 928 3709 Ι

1419 272 1715 310 ARTICULUS
1743 274 1794 310 Vl
2406 291 2474 326 241

1418 351 1621 398 generibus
1646 352 1890 400 singulorum,
1922 363 1957 391 et
1985 368 2062 392 non
2090 369 2160 405 pro
2190 357 2343 405 singulis
2372 371 2482 406 gene-

1419 416 1516 450 rum,
1539 405 1751 442 secundum
1776 406 1877 442 hunc
1897 419 2066 444 sensum:
2097 410 2200 446 Deus
2227 411 2307 447 vult
2329 386 2392 447 deD
2392 423 2482 459 quo-

1419 457 1506 493 libet
1521 463 1617 494 statu
1637 459 1831 495 hominum
1851 459 1975 496 salvos
1983 462 2087 508 fierz,
2108 475 2232 500 mares
2251 469 2287 499 et
2298 465 2480 512 feminaS,

1418 511 1580 548 Iudaeos
1599 517 1634 548 et
1655 511 1828 557 Gentiles,
1844 523 1987 560 parvos
2006 520 2040 550 et
2059 527 2238 564 magnos;
2263 529 2337 553 non
2358 523 2480 554 tamen

1419 575 1548 600 omnes
1577 565 1622 601 de
1647 564 1807 614 singulis
1833 565 1997 605 statibus.

1472 617 1632 664 Tertio,
1655 617 1868 654 secundum
1898 619 2182 657 Damascenum
2202 621 2241 665 ²¹²,
2271 622 2483 671 intelligitur

1420 669 1466 706 de
1490 671 1686 707 voluntate
1714 671 1962 717 antecedente,
1992 684 2068 708 non
2098 674 2144 709 de
2172 675 2366 712 voluntate
2395 688 2481 713 con-

1417 729 1601 771 sequente
1632 723 1742 770 Quae
1771 723 1927 772 quidem
1956 724 2173 761 distinctio⁰
2201 739 2279 764 non
2303 728 2482 777 accipitur

1420 787 1464 812 ex
1491 783 1597 824 parte
1626 775 1743 825 ipsius
1771 776 1976 814 voluntatis
2011 777 2182 825 divinae,
2212 779 2250 816 in
2279 792 2354 827 qua
2391 782 2481 818 nihil

1419 836 1475 865 est
1502 829 1606 877 prius
1628 830 1691 866 vel
1719 829 1928 878 posterius;
1958 830 2026 867 sed
2055 842 2099 867 ex
2128 839 2232 879 parte
2260 833 2478 871 volitorum.

1417 882 1479 918 Ad
1509 882 1615 919 cuius
1644 882 1895 929 intellectum,
1931 883 2274 921 considerandum‘
2294 894 2350 922 est
2376 888 2481 935 quod

1417 935 1746 985 unumquodque,
1777 935 1990 972 secundum
2019 937 2124 985 quod
2154 937 2300 974 bonum
2330 947 2398 985 est,
2430 940 2482 976 sic

1418 996 1474 1025 est
1501 988 1663 1025 volitum
1693 1001 1715 1025 a
1743 989 1840 1025 Deo.
1870 989 2025 1038 Aliquid
2045 997 2171 1026 autem
2198 998 2322 1038 potest
2343 1004 2424 1028 esse
2444 992 2482 1029 in

1417 1041 1541 1090 prima
1570 1041 1626 1078 sui
1656 1041 1971 1089 consideratione,
1997 1043 2209 1079 secundum
2239 1044 2342 1092 quod
2372 1046 2482 1082 abso-

1417 1096 1493 1131 lute
1514 1094 1785 1142 consideratur,
1802 1095 1950 1132 bonum
1964 1096 2027 1133 vel
2046 1096 2204 1143 malum,
2221 1097 2326 1145 quod
2341 1106 2481 1145 tamen,

1417 1155 1532 1196 prout
1560 1160 1649 1184 cum
1678 1148 1805 1197 aliquo
1835 1148 2013 1185 adiuncto
2033 1154 2047 1168 ¹
2075 1150 2355 1197 consideratur,
2384 1163 2481 1200 quae

1419 1208 1474 1237 est
1503 1213 1742 1249 consequens
1772 1201 2023 1238 consideratio
2055 1201 2146 1249 eius,
2178 1214 2197 1239 e
2228 1204 2413 1241 contrario
2442 1217 2482 1241 se

1417 1253 1543 1290 habet.
1576 1253 1680 1290 Sicut
1707 1254 1906 1291 hominem
1933 1254 2066 1291 vivere
2096 1263 2151 1292 est
2179 1256 2338 1304 bonum,
2361 1265 2395 1294 et
2414 1258 2482 1295 ho-

1418 1306 1563 1343 minem
1597 1306 1719 1343 occidi
1748 1315 1803 1343 est
1830 1308 1997 1354 malum,
2027 1308 2240 1345 secundum
2270 1310 2483 1347 absolutam

1418 1359 1780 1397 considerationem:
1802 1360 1870 1397 sed
1889 1360 1919 1397 si
1939 1360 2100 1397 addatur
2116 1361 2214 1398 circa
2233 1362 2397 1412 aliquem
2415 1364 2484 1400 ho·

1418 1412 1585 1460 minem,
1620 1412 1726 1461 quod
1755 1411 1800 1449 sit
1827 1413 2039 1460 homicida,
2069 1415 2131 1450 vel
2158 1415 2293 1452 vivens
2322 1416 2359 1453 in
2387 1417 2484 1466 peri-

1419 1467 1548 1502 culum
1583 1466 1852 1513 multitudinis,
1882 1466 1935 1503 sic
1963 1467 2109 1503 bonurn
2139 1476 2194 1504 est
2223 1480 2311 1505 eum
2341 1470 2481 1516 occidi,

1419 1527 1454 1556 et
1474 1520 1619 1556 malum
1642 1527 1697 1556 est
1723 1531 1812 1556 eum
1831 1519 1975 1556 vivere.
2006 1520 2116 1558 Unde
2135 1529 2260 1570 potest
2279 1522 2350 1559 dici
2380 1524 2483 1572 quod

1418 1572 1531 1609 iudex
1559 1572 1676 1609 iustus
1705 1572 1972 1610 antecedenter
1998 1574 2080 1610 vult
2108 1586 2264 1611 omnem
2283 1576 2482 1613 hominem

1417 1625 1570 1671 vivere,
1609 1626 1678 1663 sed
1720 1634 1998 1674 consequenter
2030 1628 2111 1663 vult
2146 1628 2380 1666 homicidam
2423 1642 2482 1666 su·

1418 1679 1563 1728 spendi.
1595 1679 1773 1716 Similiter
1800 1680 1906 1715 Deus
1934 1681 2201 1717 antecedenter
2218 1683 2300 1718 vult
2325 1694 2481 1719 omnem

1417 1732 1615 1769 hominem
1636 1732 1789 1778 salvari;
1810 1732 1878 1769 sed
1899 1729 2176 1792 consequenter
2194 1735 2286 1771 vult
2294 1735 2481 1794 quosdam

1418 1785 1610 1832 damnari,
1640 1785 1853 1822 secundum
1892 1785 2115 1834 exigentiam
2145 1799 2235 1824 suae
2268 1787 2436 1825 iustitiae.

1419 1840 1556 1887 Neque
1576 1847 1707 1876 tamen
1726 1838 1763 1875 id
1783 1838 1889 1887 quod
1905 1839 2172 1876 antecedenter
2185 1841 2376 1887 volumus,
2393 1841 2481 1878 sim-

1416 1892 1561 1941 pliciter
1588 1892 1786 1938 volumus,
1817 1892 1884 1928 sed
1913 1893 2125 1929 secundum
2154 1893 2255 1941 quid.
2287 1894 2386 1940 Quia
2413 1907 2481 1931 vo—

1417 1947 1541 1982 luntas
1579 1952 1823 2004 comparatur
1856 1945 1904 1982 ad
1943 1957 2022 1992 res,
2061 1946 2272 1983 secundum
2310 1947 2414 1995 quod
2442 1947 2480 1984 in

1416 1998 1550 2047 seipsis
1570 2005 1671 2035 sunt:
1700 1997 1737 2034 in
1766 1997 1897 2046 seipsis
1927 2005 2054 2035 autem
2083 2007 2169 2035 sunt
2188 1999 2226 2036 in
2244 2000 2478 2048 particulari:

1416 2052 1518 2088 unde
1539 2050 1758 2100 simpliciter
1771 2052 1953 2088 volumus
1973 2051 2125 2099 aliquid,
2142 2053 2354 2089 secundum
2375 2054 2480 2101 quod

1414 2105 1596 2141 volumus
1616 2103 1705 2141 illud
1731 2104 1976 2141 consideratis
1996 2104 2173 2141 omnibus
2194 2105 2480 2143 circumstantiis

1414 2157 1718 2206 particularibus:
1739 2157 1844 2206 quod
1865 2165 1920 2194 est
1939 2166 2217 2206 consequenter
2233 2159 2342 2195 velle.
2368 2160 2478 2196 Unde

1415 2218 1540 2260 potest
1569 2210 1641 2247 dici
1670 2210 1775 2258 quod
1803 2210 1916 2247 iudex
1936 2210 2054 2247 iustus
2075 2211 2290 2259 simpliciter
2304 2213 2386 2248 vult
2412 2213 2480 2249 ho—

1415 2264 1597 2301 micidam
1617 2263 1820 2312 suspendi:
1842 2263 1910 2300 sed
1925 2263 2138 2300 secundum
2153 2264 2244 2312 quid
2259 2265 2372 2301 vellet
2392 2278 2480 2302 eum

1414 2317 1558 2364 vivere,
1580 2316 1719 2353 scilicet
1737 2316 1961 2365 inquantum
1990 2325 2046 2354 est
2063 2317 2195 2354 homo.
2226 2317 2337 2355 Unde
2361 2318 2481 2367 magis

1415 2378 1540 2419 potest
1574 2369 1647 2407 dici
1674 2369 1861 2417 velleitas,
1892 2382 2010 2417 quam
2047 2371 2220 2407 absoluta
2246 2372 2434 2408 voluntas.
2455 2393 2479 2399 -

1416 2424 1465 2460 Et
1484 2423 1537 2460 sic
1555 2430 1659 2472 patet
1686 2422 1791 2472 quod
1811 2422 1997 2472 quidquid
2025 2424 2130 2460 Deus
2150 2423 2369 2472 simpliciter
2386 2425 2478 2470 vult,

1415 2477 1475 2523 fit3
1505 2476 1590 2522 licet
1618 2475 1709 2513 illud
1738 2477 1842 2525 quod
1871 2476 2138 2512 antecedenter
2164 2477 2264 2522 vult,
2294 2489 2373 2514 non
2401 2478 2478 2514 fiat.

1469 2532 1527 2566 Ao
1557 2541 1746 2566 SECUNDUM
1775 2540 1958 2566 DICENDUM
1987 2529 2091 2578 quod
2125 2537 2229 2566 actus
2259 2530 2479 2577 cognosciti-

1414 2596 1488 2620 vae
1516 2582 1663 2619 virtutis
1693 2589 1747 2618 est
1774 2582 1986 2618 secundum
2015 2583 2120 2630 quod
2149 2582 2341 2630 cognitum
2367 2591 2423 2620 est
2442 2583 2479 2620 in

1417 2642 1686 2684 cognoscente:
1716 2642 1821 2671 actus
1850 2642 1977 2671 autem
2005 2635 2153 2672 virtutis
2179 2635 2404 2684 appetitivae
2426 2645 2481 2673 est

1416 2689 1612 2726 ordinatus
1628 2688 1676 2725 ad
1692 2700 1763 2734 res,
1780 2688 1992 2725 secundum
2014 2688 2119 2737 quod
2137 2688 2175 2725 in
2195 2688 2328 2737 seipsis
2348 2697 2434 2726 sunt
2447 2689 2478 2726 ²¹².

1417 2741 1614 2791 Quidquid
1642 2748 1769 2778 autem
1797 2748 1922 2789 potest
1947 2741 2090 2778 habere
2116 2741 2300 2778 rationem
2330 2742 2424 2779 entis
2445 2751 2481 2779 et

1414 2795 1506 2841 veri,
1527 2802 1650 2832 totum
1677 2801 1732 2830 est
1750 2794 1956 2831 virtualiter
1974 2794 2012 2831 in
2040 2795 2142 2839 Deo;
2173 2795 2240 2831 sed
2260 2807 2338 2832 non
2358 2803 2479 2833 totum

1417 2848 1536 2885 existit
1563 2847 1601 2884 in
1630 2847 1743 2884 rebus
1773 2847 1915 2884 creatis.
1955 2847 2004 2884 Et
2031 2847 2118 2885 ideo
2147 2848 2253 2884 Deus
2288 2848 2481 2896 cognoscit

1416 2913 1532 2938 omne
1552 2913 1706 2937 verum:
1737 2912 1815 2937 non
1835 2907 1963 2937 tamen
1982 2902 2065 2937 vult
2084 2913 2199 2937 omne
2220 2901 2379 2948 bonum,
2409 2901 2479 2938 nisi

1415 2954 1640 3003 inquantum
1668 2954 1751 2990 vult
1778 2966 1831 3000 se,
1861 2954 1899 2990 in
1928 2966 2005 3002 quo
2033 2953 2242 2991 virtualiter
2269 2966 2384 2990 omne
2410 2955 2478 2991 bo-

1416 3020 1510 3045 num
1540 3006 1671 3043 existit.

1469 3063 1527 3097 AD
1555 3071 1714 3096 TERTIUM
1742 3070 1926 3096 DICENDUM
1955 3059 2060 3108 quod
2090 3071 2203 3096 causa
2239 3060 2361 3107 prima
2389 3067 2478 3096 tunc

1415 3121 1540 3162 potest
1562 3111 1736 3161 impediri
1756 3125 1778 3149 a
1798 3124 1868 3149 suo
1889 3111 2025 3149 effectu
2044 3125 2114 3162 per
2133 3113 2320 3149 defectum
2341 3125 2476 3150 causae

1417 3167 1626 3212 secundae,
1656 3165 1810 3215 quando
1840 3178 1918 3202 non
1948 3173 2003 3202 est
2037 3165 2296 3202 universaliter
2330 3165 2475 3214 prima,

1417 3220 1486 3257 sub
1516 3232 1556 3256 se
1585 3231 1721 3255 omnes
1750 3230 1882 3255 causas
1903 3218 2231 3267 comprehendens
2250 3216 2278 3254 ²:
2308 3218 2397 3267 quia
2425 3219 2477 3255 sic

1418 3273 1572 3310 effeetus
1601 3272 1704 3308 nullo
1743 3271 1861 3308 modo
1889 3280 2019 3320 posset
2046 3284 2158 3308 suurn
2187 3271 2360 3308 ordinem
2388 3284 2476 3308 eva-

1417 3326 1506 3363 dere
1520 3332 1549 3362 s‘.
1572 3325 1620 3362 Et
1639 3325 1692 3361 sic
1712 3332 1767 3361 est
1786 3325 1832 3362 de
1847 3325 2042 3362 voluntate
2061 3324 2144 3370 Dei,
2161 3332 2202 3361 ut
2217 3324 2358 3361 dictum
2375 3332 2430 3361 est
2444 3324 2474 3361 ²⁸.

1469 3421 1493 3454 θ)
1514 3422 1656 3447 distinctio.
1674 3435 1694 3441 -
1712 3422 1865 3447 distributio
1886 3421 1953 3454 CpF.
1971 3435 1990 3440 -
2010 3421 2059 3446 Pro
2077 3421 2216 3453 accipitur,
2235 3421 2384 3453 accipiatur
2397 3422 2438 3447 ed.
2451 3429 2476 3447 α.

1471 3458 1488 3490 ι)
1508 3458 1741 3483 considerandum.
1758 3471 1777 3476 —
1795 3457 1930 3482 sciendum
1950 3457 2058 3481 codices.

1470 3494 1494 3524 κ)
1514 3493 1649 3518 adiuncto.
1667 3506 1686 3512 -
1704 3493 1844 3517 coniuncto
1863 3493 1917 3517 FG.
1934 3506 1953 3510 -
1972 3492 2022 3516 Pro
2041 3499 2116 3524 quae,
2136 3491 2206 3524 quod
2224 3492 2253 3516 B.

1469 3527 1496 3560 λ)
1516 3528 1747 3560 comprehendens.
1760 3541 1779 3547 -
1790 3528 1837 3553 sed
1851 3527 1957 3559 quando
1976 3530 2015 3552 est
2034 3527 2220 3552 universaliter
2234 3527 2335 3558 prima,
2350 3530 2413 3552 tunc
2426 3534 2476 3552 non

1413 3566 1503 3596 potest
1522 3563 1645 3595 impediri
1663 3563 1732 3588 addit
1750 3564 1796 3588 sA.

1472 3599 1499 3632 μ)
1519 3599 1638 3623 evadere.
1657 3612 1675 3618 -
1692 3599 1716 3623 si
1737 3605 1786 3623 sua
1811 3596 1871 3630 (illa
1890 3598 1940 3630 sB)
1964 3605 2045 3623 causa
2065 3597 2156 3630 prima
2181 3601 2248 3622 esset
2271 3604 2361 3622 omnes
2385 3598 2432 3622 sub
2450 3604 2478 3622 se

1418 3641 1513 3660 causas
1531 3634 1755 3666 comprehendens
1774 3634 1842 3658 addit
1861 3634 1890 3658 B.

2303 3686 2330 3710 31

2510 629 2517 636 ·
2529 627 2564 648 De
2572 628 2630 649 Fide
2641 628 2708 650 Orth.
2703 645 2718 655 .,

2509 653 2548 675 li.b
2558 654 2586 680 11
2595 661 2645 682 cap.
2655 662 2709 677 xxix

2607 729 2619 754 Θ

2507 2696 2515 2704 ·
2531 2694 2559 2716 D.
2574 2700 2620 2716 222.

2600 3224 2618 3249 λ

2598 3314 2616 3338 μ.

2505 3341 2512 3348 ·
2529 3338 2554 3359 ln
2571 3344 2675 3366 corpore.
