2768 4178
64 1301 74 1310 ‘¹
89 1298 146 1326 Cap.
161 1304 199 1319 xx.

69 1875 78 1884 ·
92 1873 103 1894 Ι
118 1873 175 1901 Cap.
185 1878 219 1895 ιιι
226 1878 278 1901 sqq.

65 2187 77 2198 ¹*
93 2186 129 2209 Cf.
145 2192 208 2209 num.
224 2193 248 2209 x.

70 2453 79 2462 ·
95 2452 131 2474 Cf.
146 2457 211 2475 num.
225 2458 258 2475 rx.

69 2670 79 2679 ·
94 2669 147 2691 Art.
160 2674 181 2697 3.

300 252 378 298 448

302 331 392 368 ritus
413 331 573 368 Sanctus
594 330 704 367 datur
723 329 935 366 secundum
953 328 1099 365 donum
1120 326 1271 375 gratiae.
1295 327 1372 364 Sed

302 392 432 420 tamen
460 383 584 432 ipsum
607 383 753 420 donum
773 381 912 430 gratiae
933 388 988 418 est
1007 393 1029 417 a
1050 380 1190 429 Spiritu
1211 381 1370 417 Sancto:

305 445 340 473 et
359 437 434 473 hoc
453 436 695 484 significatur,
718 448 806 472 curn
837 434 971 472 dieitur
999 433 1104 482 quod
1133 434 1272 470 caritas
1299 433 1375 470 Dei

304 490 526 539 diffunditur
553 489 590 526 in
611 489 784 526 cordibus
813 488 947 525 nostris
964 493 972 507 ‘
984 498 1058 535 per
1077 486 1257 535 Spiritum
1277 487 1372 523 San-

304 548 415 579 ctum.

357 597 415 632 AD
435 606 594 632 TERTmM
614 606 797 631 ulcENDUM
818 593 935 642 quod,
956 592 1042 629 licet
1060 604 1131 640 per
1149 591 1297 641 aliquos
1322 592 1374 629 ef-

303 648 423 685 fectus
451 647 567 684 Filius
597 647 775 696 cognosci
803 646 922 696 possit
950 659 972 683 a
1001 645 1124 692 nobis,
1145 658 1224 682 non
1243 653 1373 682 tamen

301 713 371 750 per
399 701 546 750 aliquos
576 701 733 738 effectus
761 713 832 737 nos
862 699 1054 746 inhabitat,
1083 699 1147 736 vel
1173 698 1288 736 etiam
1307 699 1372 735 ha-

303 755 413 791 betur
441 767 463 791 a
491 754 602 791 nobis
622 760 646 791 ’‘.

356 809 414 844 AD
445 819 617 849 QUARTUM
645 819 829 844 DICENDUM
854 807 960 855 quod
981 804 1152 854 operatio
1172 804 1373 841 miraculo-

304 872 388 897 rum
426 868 480 897 est
513 860 791 897 manifestativa
825 859 963 908 gratiae
1001 866 1149 906 gratum
1182 857 1371 916 facientis,

977 248 1245 296 QUAESTIO
1274 249 1414 295 XLIII,
1444 247 1742 286 ARTICULUS
1772 248 1822 284 III

1426 327 1539 375 gratis
1568 327 1666 364 data.
1696 326 1810 364 Unde
1839 328 1852 363 I
1884 327 1971 363 Cor.
1992 338 2041 363 ΧΠ
2059 326 2080 348 *
2086 327 2242 374 ‚gratia
2270 327 2382 375 gratis
2411 327 2535 365 data·

1426 380 1645 417 nominatur
1672 380 1924 444 manifestatio
1954 379 2123 428 Spiritus.
2165 380 2227 416 Sic
2254 380 2367 429 igitur
2393 383 2497 440 Apo-

1427 433 1529 470 stolis
1559 433 1694 470 dicitur
1707 425 1831 470 *datus
1861 433 2020 482 Spiritus
2045 433 2206 470 Sanctus
2233 433 2282 470 ad
2311 434 2498 482 operatio-

1427 499 1518 524 nem
1547 486 1839 534 miraculorum,
1869 486 1959 536 quia
1989 486 2076 523 data
2105 494 2162 523 est
2190 485 2244 523 eis
2271 486 2388 535 gratia
2417 499 2498 535 gra-

1426 546 1508 576 tum
1537 539 1681 577 faciens
1709 552 1797 577 cum
1825 539 1933 587 signo
1962 539 2239 577 manifestante.
2255 560 2281 568 -
2301 539 2341 577 Si
2370 547 2500 578 autem

1428 592 1581 630 daretur
1612 594 1738 630 solum
1776 592 1926 641 signum
1964 592 2105 641 gratiae
2143 600 2291 640 gratum
2329 592 2499 630 facientis

1427 645 1508 682 sine
1527 645 1656 694 gratia,
1686 658 1765 683 non
1785 646 1973 683 diceretur
1997 646 2077 683 dari
2096 645 2318 694 simpliciter
2340 645 2502 695 Spiritus

1429 699 1610 745 Sanctus;
1640 699 1711 736 nisi
1743 699 1840 736 forte
1874 712 1964 736 cum
1999 699 2125 748 aliqua
2161 698 2498 747 determinatione,

1428 751 1642 789 secundum
1672 752 1777 801 quod
1806 752 1940 790 dicitur
1964 752 2069 802 quod
2089 753 2201 790 alicui
2221 752 2331 790 datur
2348 752 2500 801 spiritus

1422 805 1663 853 propheticus
1681 806 1745 842 vel
1764 806 2052 864 miraculorum,
2081 806 2306 855 inquantum
2322 818 2344 842 a
2360 805 2502 855 Spiritu

1429 858 1569 894 Sancto
1599 858 1715 895 habet
1741 858 1920 896 virtutem
1950 859 2203 908 prophetandi
2225 860 2289 897 vel
2317 859 2500 896 miracula

304 914 398 950 sicut
433 922 469 950 et
502 915 648 951 donum
685 913 925 962 prophetiae,
962 920 997 948 et
1032 911 1223 960 quaelibet
1257 910 1373 958 gratia
1428 910 1602 968 faciendi.

358 1054 376 1087 ι)
397 1054 423 1078 in
443 1053 566 1078 cordibus
585 1053 692 1078 nostris.
711 1067 729 1071 -
748 1053 809 1077 Om.
829 1052 930 1077 codices
950 1057 975 1077 et
995 1052 1035 1076 ed.
1054 1059 1080 1077 a.

1483 1052 1508 1085 κ)
1528 1059 1545 1077 a
1563 1052 1646 1078 nobis.
1664 1066 1683 1071 —
1702 1053 1763 1077 Om.
1782 1052 1963 1077 ACDEFGab.

983 1154 1316 1187 commentaria
1339 1153 1591 1188 Cardinalis
1613 1154 1816 1188 Caietam

334 1264 354 1283 N
373 1253 476 1289 titulo,
497 1252 606 1283 missio
626 1253 790 1284 invisibilis
810 1253 930 1284 dicitur.
957 1253 1130 1291 Quoniam,
1151 1259 1187 1284 ut
1207 1253 1246 1283 ab
1265 1255 1375 1293 Augu-

307 1266 427 1334 Istino,
445 1297 486 1328 lV
502 1297 541 1328 de
570 1298 656 1328 Trin.
673 1296 701 1334 θ’,
722 1297 798 1328 etin
815 1308 855 1328 xv
874 1297 1074 1328 distinctione
1090 1297 1197 1334 Primi,
1217 1304 1374 1334 tractatur,

304 1341 413 1372 missio
438 1341 640 1381 distinguitur
662 1341 695 1372 in
719 1343 899 1373 missionem
917 1342 1082 1379 visibilem,
1100 1342 1178 1373 etin
1193 1343 1373 1373 missionem

305 1386 501 1418 invisibilem.
520 1386 561 1416 Et
577 1385 689 1417 dicitur
701 1386 839 1423 visibilis,
853 1386 907 1417 illa
922 1397 1004 1428 quae
1020 1386 1055 1417 fit
1070 1397 1144 1418 curn
1159 1386 1267 1427 aliquo
1283 1387 1374 1427 signo

306 1430 460 1461 sensibili:
485 1430 566 1460 sicut
589 1430 723 1470 Spiritus
747 1431 880 1462 Sanctus
903 1431 1019 1462 missus
1043 1438 1090 1462 est
1112 1431 1145 1462 in
1169 1430 1273 1461 forma
1295 1430 1375 1471 ignis

305 1482 336 1505 et
358 1475 534 1511 columbae,
560 1481 591 1505 et
613 1475 711 1505 Filius
734 1475 767 1505 in
792 1485 884 1506 carne
898 1475 1048 1506 humana.
1075 1475 1240 1506 Invisibilis
1256 1482 1374 1512 autem,

305 1529 379 1550 cum
397 1518 433 1549 fit
450 1519 536 1549 intus
554 1518 587 1549 in
607 1519 714 1549 anima
735 1520 854 1560 absque
878 1520 1085 1551 exterioribus
1107 1519 1220 1560 signis;
1244 1526 1280 1550 ut
1299 1529 1375 1550 cum

304 1563 481 1594 infunditur
492 1563 590 1603 gratia
602 1564 824 1595 communiter.
837 1565 885 1595 De
900 1564 960 1595 hac
973 1574 1048 1604 ergo
1063 1564 1212 1595 invisibili
1223 1564 1376 1595 missione

306 1607 429 1638 divinae
456 1608 614 1639 Personae
640 1608 681 1638 ad
711 1608 867 1645 animam,
893 1615 940 1640 est
965 1619 1052 1640 nunc
1079 1608 1240 1650 quaestio:
1266 1615 1376 1640 utrum

305 1652 482 1683 attendatur
511 1658 636 1683 tantum
664 1653 841 1684 secundum
869 1653 1001 1694 gratiam
1033 1660 1160 1693 gratum
1187 1653 1374 1689 facientem,

306 1706 387 1737 quae
410 1695 493 1726 filios
517 1696 577 1727 Dei
600 1697 781 1734 constituit;
811 1708 851 1727 an
875 1697 971 1729 etiam
994 1697 1172 1728 secundum
1195 1697 1255 1728 alia
1279 1698 1373 1733 dona,

305 1740 490 1771 communia
508 1740 601 1771 bonis
618 1747 648 1771 et
664 1741 764 1778 malis,
785 1747 863 1781 puta
881 1742 1058 1773 secundum
1079 1741 1251 1778 scientiam,
1267 1740 1373 1778 fidem,

305 1785 515 1826 prophetiam,
536 1792 594 1816 etc.
618 1786 660 1816 Et
682 1786 796 1817 dicitur
818 1786 916 1826 gratia
938 1793 1064 1826 gratum
1087 1786 1213 1822 faciens,
1234 1786 1274 1817 ad
1290 1786 1376 1816 diffe-

306 1829 440 1860 rentiam
462 1829 578 1870 gratiae
601 1830 696 1870 gratis
719 1831 819 1867 datae,
843 1837 879 1862 ut
902 1838 976 1862 sunt
998 1831 1070 1862 illae
1094 1831 1132 1862 de
1152 1830 1270 1872 quibus
1287 1833 1375 1871 Apo-

307 1873 408 1905 stolus
431 1874 475 1905 ad
500 1874 682 1905 Corinthios
697 1874 726 1906 ’ἦ

366 1918 404 1949 ΙΙ.
429 1918 464 1948 In
489 1928 622 1959 corpore
644 1919 702 1949 tria
725 1918 858 1950 intendit
881 1919 1025 1960 probare.
1050 1919 1194 1953 Primum
1214 1925 1269 1955 est,
1286 1918 1376 1960 quod

305 1962 444 1993 Persona
468 1962 575 1993 divina
598 1963 732 1994 mittitur
755 1963 951 1994 invisibiliter
979 1963 1156 1994 secundum
1181 1963 1284 1994 solam
1306 1973 1375 2004 gra-

305 2006 382 2037 tiam
406 2014 531 2047 gratum
555 2006 733 2039 facientem.
763 2008 804 2038 Et
826 2008 903 2039 haec
927 2015 973 2039 est
1003 2007 1167 2039 conclusio
1192 2007 1306 2038 directe
1329 2017 1376 2038 re-

306 2051 455 2092 sponsiva
477 2052 632 2093 quaesito.
651 2070 670 2075 -
690 2052 875 2083 Secundum
898 2059 961 2089 est,
991 2053 1081 2093 quod
1103 2053 1242 2083 Persona
1270 2052 1377 2082 divina

306 2096 398 2126 datur
420 2096 516 2127 etiam
539 2097 717 2128 secundum
736 2097 838 2128 solam
856 2097 1001 2137 gratiam.
1017 2115 1036 2121 -
1051 2097 1197 2128 Tertium
1214 2104 1269 2134 est,
1287 2097 1377 2138 quod

305 2140 444 2171 Persona
467 2140 573 2171 divina
599 2141 633 2171 in
656 2141 727 2193 ipso
751 2141 866 2182 gratiae
895 2142 983 2173 dono
1011 2142 1108 2174 simul
1136 2141 1229 2172 datur
1251 2148 1282 2173 et
1304 2141 1376 2172 mit-

305 2184 390 2221 titur,
415 2184 475 2215 ibi:
500 2185 563 2216 Sed
586 2191 691 2216 tamen
716 2187 748 2216 in
773 2188 840 2227 ipso
863 2186 946 2217 dono
962 2185 990 2217 *.

361 2229 478 2260 Probat
501 2235 608 2260 autem
631 2230 717 2266 haec,
743 2231 914 2261 adunando
939 2230 1004 2261 duo
1027 2221 1140 2280 prima,
1166 2230 1218 2261 sic.
1244 2230 1377 2261 Divinae

307 2273 464 2303 Personae
487 2273 598 2304 missio
623 2274 754 2324 quidem
778 2274 871 2314 exigit
894 2274 1091 2305 existentiam
1114 2284 1201 2304 novo
1225 2274 1352 2305 modo
1343 2285 1377 2305 1n

308 2316 426 2358 aliquo,
452 2317 538 2348 datio
561 2324 669 2348 autem
693 2318 786 2359 exigit
809 2319 899 2360 quod
922 2319 1074 2349 habeatur
1092 2319 1131 2349 ab
1152 2318 1276 2359 aliquo:
1301 2328 1377 2358 ergo

307 2367 481 2402 utrumque
505 2362 599 2403 exigit
621 2362 754 2403 gratiam
776 2370 902 2403 gratum
932 2362 1110 2394 facientem.
1127 2380 1146 2386 -
1163 2362 1204 2394 Et
1226 2363 1379 2403 probatur

308 2406 451 2447 sequela:
475 2406 551 2447 quia
570 2414 720 2439 neutrum
739 2407 858 2438 horum
872 2414 918 2438 est
934 2407 994 2438 nisi
1010 2407 1188 2438 secundum
1206 2407 1378 2448 perfectam

306 2450 448 2491 gratiam.
474 2451 571 2489 Quod
594 2450 628 2482 in
650 2451 752 2483 littera
775 2451 957 2492 singillatim
980 2452 1133 2492 probatur
1147 2450 1175 2482 ’ἦ

366 2495 417 2526 111.
442 2496 483 2526 Et
505 2495 621 2536 primo,
647 2496 685 2526 de
709 2506 795 2527 novo
819 2497 919 2527 modo
939 2495 1102 2532 existendi,
1121 2495 1174 2526 sic.
1200 2495 1290 2526 Modi
1314 2495 1377 2527 exi-

308 2540 409 2571 stendi
432 2540 491 2571 Dei
515 2540 547 2570 in
572 2540 719 2571 creaturis
737 2547 811 2571 sunt
830 2541 906 2577 duo,
924 2540 1107 2571 communis
1122 2539 1239 2571 scilicet
1257 2547 1288 2571 et
1306 2550 1378 2582 spe-

309 2585 403 2616 cialis.
428 2585 554 2616 Primus
573 2585 743 2616 attenditur
765 2585 943 2616 secundum
967 2584 1242 2625 participationem
1265 2595 1378 2616 causae

308 2630 347 2661 ab
371 2629 547 2666 effectibus;
572 2636 602 2660 et
617 2629 819 2670 distinguitur
838 2639 894 2670 per
915 2629 1093 2666 essentiam,
1118 2629 1328 2670 praesentiam
1347 2637 1379 2661 et

308 2674 499 2714 potentiam,
529 2674 567 2704 de
598 2674 716 2715 quibus
737 2674 772 2704 in
795 2684 849 2715 qu.
872 2684 925 2704 vm
945 2672 963 2691 ἕ
988 2673 1100 2705 diffuse
1127 2680 1296 2705 tractatum
1319 2680 1376 2706 est.

307 2718 472 2749 Secundus
490 2728 576 2755 vero,
597 2718 749 2760 specialiS,
770 2718 941 2750 attenditur
964 2718 1142 2749 secundum
1161 2728 1228 2749 esse
1247 2718 1376 2750 obiecti-

305 2772 384 2793 vum
401 2770 544 2803 respectu
561 2762 659 2793 solius
676 2769 834 2794 creaturae
853 2762 1022 2794 rationalis.
1048 2762 1089 2794 Et
1107 2763 1183 2804 quia
1199 2763 1376 2794 secundum

306 2807 391 2838 hunc
415 2807 551 2838 modum
575 2807 661 2838 Deus
685 2807 753 2848 ipse
776 2806 939 2847 attingitur
961 2813 999 2838 ut
1021 2814 1144 2838 amatus
1168 2813 1199 2838 et
1218 2807 1374 2848 cognitus,

306 2851 378 2882 ideo
394 2851 438 2882 sic
453 2851 556 2883 existit
569 2861 655 2882 novo
671 2852 771 2882 modo
788 2851 821 2882 in
840 2858 981 2882 creatura
995 2851 1140 2882 rationali
1153 2857 1189 2883 ut
1204 2851 1237 2882 in
1253 2852 1375 2892 templo

307 2906 378 2927 suo.
402 2897 443 2927 Et
462 2903 692 2937 consequenter
715 2896 892 2927 secundum
908 2896 1010 2927 solam
1025 2895 1158 2936 gratiam
1173 2906 1260 2927 novo
1275 2897 1375 2928 modo

306 2940 417 2972 existit.

362 2984 414 3016 IV.
432 2984 523 3016 Circa
537 2984 618 3015 hanc
633 2983 868 3021 deductionem,
882 2984 1018 3015 dubium
1034 2984 1170 3016 occurrit
1185 2985 1224 3016 de
1239 2984 1373 3022 intento,

308 3036 339 3060 et
357 3029 394 3060 de
413 3029 444 3059 vi
463 3038 638 3070 processus.
659 3029 708 3060 De
723 3028 845 3060 intento
865 3029 1010 3070 quidem:
1036 3039 1075 3059 an
1092 3029 1234 3060 intendat
1252 3039 1376 3060 novum

307 3074 443 3104 modum
462 3073 614 3104 existendi
628 3080 781 3114 tanquam
798 3073 992 3114 disparatum
1007 3074 1045 3104 ab
1061 3073 1121 3104 illis
1140 3080 1280 3115 quatuor
1298 3084 1375 3105 enu-

307 3117 433 3149 meratis
457 3116 587 3160 (scilicet
609 3127 667 3158 per
689 3117 866 3155 essentiam,
892 3118 1112 3158 praesentiam,
1135 3118 1323 3159 potentiam,
1345 3125 1376 3150 et

307 3169 342 3193 ut
361 3161 525 3202 cognitum
549 3172 584 3193 ac
607 3160 774 3203 amatum),
799 3162 842 3192 ita
865 3162 954 3203 quod
978 3162 1069 3193 detur
1091 3163 1222 3204 quintus
1245 3163 1375 3200 modus,

307 3206 454 3247 proprius
481 3207 614 3247 gratiae,
639 3206 817 3238 secundum
846 3216 945 3247 quern
967 3207 1106 3238 Persona
1135 3207 1241 3239 divina
1265 3207 1375 3239 existat

308 3261 382 3281 curn
405 3250 554 3288 mittitur;
578 3257 634 3282 aut
656 3250 790 3282 intendit
817 3261 940 3281 novum
970 3251 1106 3282 modum
1130 3251 1281 3283 existendi
1306 3258 1375 3283 tan-

307 3305 404 3336 quam
429 3303 546 3325 novam
569 3295 707 3336 speciem
732 3294 864 3326 alicuius
883 3295 1019 3326 istorum
1035 3302 1173 3337 quatuor
1187 3296 1371 3327 modorum.

307 3338 338 3370 Si
354 3339 494 3379 primum
509 3339 652 3376 intendit,
677 3349 752 3380 ergo
769 3338 885 3370 falsum
900 3339 974 3371 dicit
989 3340 1077 3380 quod
1093 3341 1270 3371 secundum
1281 3340 1374 3371 illum

307 3383 442 3414 modurn
465 3394 531 3425 quo
556 3390 698 3415 amatum
718 3390 764 3414 est
786 3384 819 3414 in
839 3390 975 3421 amante,
1000 3384 1087 3415 Deus
1106 3385 1225 3416 habitat
1241 3385 1274 3415 in
1290 3395 1374 3416 crea—

307 3434 377 3458 tura
400 3427 543 3458 rationali
567 3435 602 3459 ut
625 3428 658 3459 in
681 3428 814 3468 templo.
832 3445 850 3451 —
868 3428 900 3459 Si
927 3438 1003 3459 vero
1027 3428 1162 3460 intendit
1185 3429 1372 3466 secundum,

307 3471 383 3512 pari,
404 3478 435 3502 et
449 3471 528 3503 forte
552 3472 674 3503 meliori
690 3472 821 3509 ratione,
847 3482 951 3503 novus
970 3472 1021 3504 hic
1040 3474 1157 3504 modus
1176 3480 1282 3514 potest
1295 3473 1374 3514 poni

307 3525 391 3546 nova
418 3515 551 3547 alicuius
578 3516 708 3547 illorum
736 3517 834 3548 trium
857 3517 1002 3557 priorum
1034 3517 1209 3549 modorum
1237 3517 1372 3559 species,

307 3566 384 3600 puta
415 3569 481 3590 esse
509 3570 565 3600 per
593 3560 776 3591 essentiam:
801 3561 957 3602 quoniam
984 3561 1082 3602 gratia
1110 3569 1157 3594 est
1183 3562 1216 3593 in
1241 3562 1374 3594 essentia

306 3603 430 3634 animae
454 3614 471 3634 a
494 3604 564 3635 Deo
588 3604 825 3636 immediatione
847 3605 970 3637 virtutis
995 3612 1027 3637 et
1048 3606 1219 3647 suppositi.

1489 1253 1527 1284 V.
1552 1253 1601 1283 De
1619 1252 1650 1283 vi
1667 1259 1775 1283 autem
1791 1263 1967 1293 processus,
1989 1252 2124 1283 dubium
2143 1259 2190 1284 est
2213 1252 2328 1293 primo,
2346 1253 2502 1294 quoniam

1431 1307 1524 1328 causa
1540 1298 1660 1328 reddita
1676 1297 1709 1327 in
1724 1298 1825 1328 littera
1837 1307 1904 1327 non
1919 1304 1965 1328 est
1981 1307 2085 1328 causa.
2104 1297 2139 1327 In
2153 1297 2254 1328 littera
2271 1297 2356 1328 enim
2373 1297 2500 1328 dicitur:

1429 1343 1518 1383 quia,
1535 1342 1756 1383 cognoscendo
1780 1347 1810 1373 et
1833 1342 1984 1380 amando,
2009 1347 2161 1373 creatura
2178 1342 2347 1373 rationalis
2369 1342 2503 1384 attingit

1429 1388 1616 1427 operatione
1631 1397 1691 1418 sua
1710 1386 1754 1417 ad
1777 1387 1879 1428 ipsum
1896 1387 2015 1423 Deum,
2032 1386 2105 1417 ideo
2121 1386 2298 1417 secundum
2317 1386 2416 1417 istum
2431 1395 2501 1418 mo-

1430 1431 1508 1462 durn
1532 1432 1619 1462 Deus
1642 1428 1762 1462 habitat
1775 1431 1808 1461 in
1824 1441 1861 1461 ea
1877 1431 1958 1462 utin
1979 1431 2110 1471 templo.
2132 1431 2232 1469 Quod
2255 1431 2341 1462 enirn
2355 1430 2418 1462 hoc
2433 1441 2500 1462 non

1429 1475 1469 1507 sit
1492 1486 1595 1512 causa,
1620 1475 1786 1506 manifeste
1811 1476 1980 1516 probatur:
2004 1475 2089 1516 quia,
2108 1485 2183 1506 cum
2197 1475 2302 1515 posita
2325 1485 2420 1506 causa
2442 1485 2502 1517 po-

1429 1527 1522 1551 natur
1545 1520 1682 1557 effectus,
1707 1526 1891 1561 sequeretur
1913 1520 2003 1560 quod
2022 1520 2055 1550 in
2079 1519 2170 1550 omni
2193 1526 2334 1551 creatura
2356 1519 2504 1559 rationali

1430 1571 1642 1605 cognoscente
1665 1571 1696 1596 et
1718 1572 1845 1596 amante
1860 1565 1977 1601 Deum,
1993 1564 2148 1596 habitaret
2171 1570 2208 1595 ut
2225 1564 2259 1595 in
2277 1564 2399 1604 templo
2424 1571 2505 1601 εικῆ

1429 1609 1518 1651 quod
1542 1616 1628 1650 patet
1651 1619 1718 1640 esse
1741 1609 1858 1640 falsum
1881 1609 1914 1639 in
1937 1609 2108 1650 gentilibus
2131 1608 2343 1650 philosophis,
2368 1615 2428 1640 etc.

1485 1654 1631 1685 Dubium
1645 1661 1691 1685 est
1706 1653 1857 1690 secundo,
1871 1653 1956 1694 quia,
1968 1663 2120 1684 concesso
2133 1653 2223 1694 quod
2237 1653 2393 1693 assignata
2408 1662 2505 1684 causa

1429 1698 1470 1729 sit
1485 1697 1602 1735 efficax,
1620 1698 1809 1738 ambiguum
1824 1704 1931 1729 tamen
1950 1704 2044 1729 restat
2067 1698 2152 1728 unde
2168 1703 2319 1738 sequatur
2334 1697 2502 1735 exclusiva,

1429 1742 1547 1774 scilicet
1573 1743 1662 1784 quod
1686 1742 1864 1774 secundum
1892 1742 1994 1773 solam
2022 1741 2155 1782 gratiam
2178 1741 2218 1772 sit
2241 1751 2344 1772 novus
2372 1741 2501 1773 modus.

1429 1787 1586 1825 Quamvis
1609 1787 1696 1817 enim
1719 1787 1822 1823 Deus,
1846 1793 1884 1817 ut
1906 1786 2053 1827 cognitus
2077 1793 2107 1817 et
2130 1792 2271 1822 amatus,
2291 1796 2378 1816 novo
2401 1785 2505 1818 modo

1430 1832 1470 1863 sit
1491 1841 1549 1872 per
1570 1831 1714 1872 gratiam,
1737 1841 1804 1862 non
1827 1837 1936 1862 tamen
1958 1840 2014 1870 per
2037 1830 2156 1862 solam:
2181 1830 2257 1871 quia
2279 1839 2338 1870 per
2359 1828 2457 1861 fidem
2472 1835 2504 1861 et

1430 1876 1632 1917 prophetiam
1655 1875 1751 1907 etiam
1774 1882 1831 1912 est,
1856 1882 1893 1906 ut
1915 1874 2061 1916 cognitus
2081 1882 2112 1906 et
2127 1881 2262 1912 amatus,
2281 1884 2369 1906 novo
2385 1874 2504 1911 modo;

1430 1927 1466 1952 ut
1489 1927 1575 1961 patet
1597 1920 1631 1951 in
1654 1919 1840 1952 Christianis
1869 1919 2072 1950 existentibus
2095 1919 2128 1950 in
2152 1918 2279 1950 mortali
2302 1926 2450 1960 peccato,
2473 1925 2504 1951 et

1430 1965 1532 1996 multa
1555 1974 1653 2006 opera
1675 1965 1760 1995 bona
1784 1974 1893 1995 amore
1909 1963 1968 1995 Dei
1985 1963 2181 1995 facientibus.
2198 1981 2217 1987 -
2233 1963 2275 1994 Et
2290 1962 2448 2014 quidquid
2464 1962 2505 1994 sit

1430 2009 1470 2040 de
1492 2019 1539 2046 re,
1566 2009 1640 2040 dato
1664 2009 1754 2050 quod
1781 2008 1822 2039 sit
1848 2018 1961 2039 verum
1991 2008 2081 2049 quod
2104 2018 2161 2049 per
2183 2007 2287 2039 solam
2309 2007 2442 2048 gratiam
2465 2005 2506 2039 sit

1431 2063 1534 2085 novus
1553 2054 1681 2090 modus,
1699 2053 1785 2084 unde
1802 2053 1866 2084 hoc
1884 2052 2065 2094 probatur
2054 2062 2088 2083 m
2103 2050 2222 2084 littera?
2245 2052 2287 2083 Et
2305 2059 2412 2084 tamen
2427 2061 2504 2083 cum

1431 2106 1508 2130 nota
1536 2098 1687 2130 illationis
1715 2097 1877 2128 subditur:
1909 2097 1964 2128 Sic
1986 2098 2090 2138 igitur
2118 2097 2229 2128 nullus
2255 2097 2342 2128 alius
2371 2096 2506 2137 effectus

1425 2148 1532 2184 potest
1555 2152 1624 2174 esse
1646 2143 1731 2174 ratio
1753 2142 1839 2184 quod
1861 2142 1972 2173 divina
1990 2142 2135 2173 Persona
2158 2142 2288 2179 existat,
2305 2142 2367 2172 nisi
2391 2141 2505 2191 gratia

1429 2193 1563 2229 gratum
1579 2187 1712 2229 faciens
1735 2194 1793 2218 etc.
1819 2186 1916 2226 Nulla
1935 2186 2021 2217 enim
2045 2186 2105 2217 alia
2128 2196 2222 2217 causa
2235 2184 2332 2217 huius
2355 2183 2505 2217 illationis

1431 2232 1464 2262 in
1479 2231 1580 2262 littera
1596 2237 1726 2272 apparet
1749 2230 1809 2261 nisi
1833 2230 2027 2271 supradicta;
2052 2240 2134 2272 quae
2150 2237 2206 2261 aut
2221 2230 2325 2260 solam
2344 2238 2505 2271 exponen-

1431 2282 1497 2306 tem
1519 2275 1749 2311 affirmativam,
1774 2281 1830 2305 aut
1852 2275 1975 2305 nullam
1997 2274 2100 2306 infert.
2125 2274 2312 2306 Voluntarie
2334 2274 2433 2315 igitur
2454 2283 2505 2305 ex-

1432 2319 1551 2350 clusiva
1573 2319 1659 2350 illata
1682 2326 1737 2355 est,
1763 2326 1821 2350 etc.

1490 2364 1543 2395 VI.
1568 2364 1621 2395 Ad
1643 2363 1785 2404 primum
1815 2362 1952 2394 dubium
1966 2362 1985 2382 *
2006 2362 2135 2399 dicitur,
2160 2363 2250 2404 quod
2279 2363 2415 2394 intendit
2437 2372 2506 2394 non

1432 2408 1471 2439 de
1495 2408 1654 2449 disparato
1678 2408 1796 2444 modo,
1824 2407 1880 2439 sed
1903 2408 1942 2438 de
1965 2407 2068 2448 specie
2096 2417 2183 2438 nova
2208 2407 2312 2448 quarti
2339 2406 2439 2438 modi.
2463 2406 2507 2438 Et

1432 2453 1522 2494 quod
1550 2459 1680 2494 quartus
1710 2452 1828 2483 modus
1857 2451 1896 2484 sit
1919 2451 2020 2493 magis
2043 2451 2156 2483 habilis
2178 2451 2219 2483 ad
2243 2451 2322 2488 hoc,
2346 2451 2380 2482 in
2403 2451 2506 2483 littera

1432 2497 1550 2538 duplex
1572 2497 1651 2527 ratio
1675 2496 1872 2533 insinuatur,
1897 2496 2075 2527 secundum
2103 2496 2182 2526 duas
2206 2495 2395 2527 differentias
2423 2495 2505 2527 inter

1431 2541 1539 2582 ipsum
1563 2548 1593 2572 et
1616 2541 1695 2572 alios
1719 2540 1847 2581 positas.
1872 2540 1978 2571 Prima
2002 2546 2061 2577 est,
2087 2540 2177 2581 quod
2199 2539 2257 2571 iste
2281 2546 2330 2571 est
2351 2538 2504 2581 specialis,

1430 2585 1683 2627 idest⁴proprius
1710 2585 1815 2619 ration
1845 2584 1852 2591 “
1877 2591 2053 2616 creaturae:
2078 2584 2193 2626 reliqui
2214 2594 2291 2616 vero
2315 2593 2506 2616 communes

1431 2637 1506 2661 sunt
1529 2630 1691 2661 omnibus.
1715 2630 1819 2661 Secun
1849 2667 1851 2670 Α
1885 2636 1940 2666 est,
1964 2629 2054 2670 quod
2073 2639 2130 2670 per
2144 2628 2243 2660 istum
2265 2629 2353 2661 Deus
2371 2629 2441 2670 ipse
2458 2634 2505 2661 at-

1430 2674 1562 2715 tingitur
1584 2685 1602 2705 a
1625 2681 1780 2706 creatura:
1806 2683 1864 2715 per
1880 2673 1962 2711 illos,
1978 2673 2107 2705 effectus
2131 2673 2199 2705 eius
2214 2680 2351 2706 tantum.
2368 2673 2505 2714 Oportet

1431 2719 1517 2750 enim
1540 2729 1612 2750 eam
1627 2719 1832 2750 excellentem
1847 2717 2044 2755 missionem,
2065 2724 2177 2758 utpote
2197 2717 2320 2749 divinae
2347 2716 2505 2749 Personae

1430 2763 1469 2794 ad
1493 2763 1674 2800 rationalia,
1706 2762 1824 2794 attendi
1853 2763 2031 2794 secundum
2059 2762 2228 2804 proprium
2256 2769 2287 2794 et
2315 2771 2504 2804 supremum

1429 2807 1590 2839 rationalis
1614 2814 1782 2839 creaturae.
1813 2807 1886 2838 Hoc
1914 2813 2023 2838 autem
2052 2813 2176 2838 constat
2205 2816 2272 2837 non
2300 2815 2368 2837 esse
2395 2813 2504 2838 actum

1429 2852 1571 2894 aliquem
1593 2852 1745 2893 primum,
1770 2851 1926 2893 quoniam
1941 2857 1988 2882 est
2001 2852 2083 2884 sicut
2105 2850 2280 2882 dormiens:
2305 2860 2365 2882 nec
2387 2859 2501 2892 quem-

1428 2897 1505 2929 libet
1518 2903 1627 2928 actum
1639 2896 1828 2933 secundum,
1848 2897 1902 2927 sed
1922 2906 1998 2928 eum
2017 2906 2084 2937 quo
2103 2895 2306 2936 cognoscitur
2324 2905 2360 2926 ac
2378 2901 2504 2926 amatur

1428 2941 1495 2982 ipse
1519 2942 1607 2972 Deus
1631 2941 1782 2982 optimus.
1808 2941 1901 2972 Unde
1925 2940 2015 2972 Deus
2037 2947 2073 2972 ut
2096 2949 2152 2981 per
2173 2939 2290 2981 gratiae
2308 2939 2454 2970 habitum
2468 2938 2503 2970 in

1429 2985 1535 3016 anima
1550 2985 1695 3023 existens,
1710 2985 1892 3026 ignobiliori
1912 2984 2012 3016 modo
2027 2984 2130 3016 existit
2144 2994 2243 3026 quam
2258 2983 2326 3024 ipse
2341 2983 2375 3014 in
2390 2983 2503 3014 eadem

1428 3040 1484 3071 per
1507 3029 1632 3071 gratiae.
1646 3036 1748 3067 actus,
1774 3029 1890 3060 scilicet
1913 3028 2130 3071 cognitionem
2153 3035 2184 3060 et
2202 3038 2356 3065 amorem,
2380 3034 2504 3069 quanto

1428 3081 1516 3106 actus
1544 3081 1681 3116 praestat
1709 3073 1847 3110 habitui,
1878 3080 1910 3105 et
1941 3081 2067 3114 tangere
2097 3072 2274 3104 semndurn
2303 3083 2336 3103 se
2366 3077 2503 3113 praestat

1427 3119 1525 3150 tactui
1549 3129 1605 3160 per
1623 3118 1720 3150 aliud.
1744 3118 1840 3150 Solus
1856 3117 1952 3158 igitur
1969 3123 2101 3159 quartus
2117 3117 2235 3148 modus
2252 3124 2307 3153 est,
2325 3116 2504 3148 secundum

1428 3173 1527 3205 quem
1549 3173 1653 3195 novus
1675 3162 1884 3205 inquirendus
1909 3169 1955 3194 est
1978 3162 2096 3193 modus
2115 3161 2268 3193 existendi
2287 3161 2348 3193 Dei
2365 3161 2398 3192 in
2418 3170 2503 3192 crea-

1427 3215 1499 3240 tura
1521 3207 1677 3239 rationali.

1482 3252 1550 3284 VII.
1575 3252 1626 3283 Ad
1650 3251 1828 3283 secundum
1851 3261 1926 3283 vero
1951 3257 1982 3282 et
2000 3249 2130 3282 tertium
2146 3250 2282 3281 dubium
2296 3249 2315 3268 ⁴⁵

1428 3296 1517 3333 citur,
1533 3296 1621 3338 quod
1640 3296 1742 3328 littera
1757 3302 1864 3337 potest
1878 3294 2046 3337 dupliciter
2060 3292 2187 3336 exponi.
2206 3294 2325 3330 Primo,
2342 3300 2378 3325 ut
2392 3293 2503 3326 reddat

1428 3351 1557 3372 causam
1580 3340 1670 3382 quasi
1689 3340 1810 3382 proprii
1831 3340 1983 3382 generis;
2007 3339 2157 3376 secundo,
2182 3346 2218 3370 ut
2241 3338 2350 3370 reddat
2372 3347 2502 3372 causam

1427 3385 1518 3426 quasi
1534 3385 1680 3426 propriae
1686 3384 1825 3426 formae
1838 3383 1866 3415 ³.
1888 3384 1997 3415 Potest
2015 3383 2174 3425 siquidem
2192 3383 2325 3424 intelligi
2339 3383 2378 3414 de
2392 3392 2501 3413 amore

1428 3436 1458 3460 et
1482 3429 1662 3469 cognitione
1686 3429 1746 3460 Dei
1769 3428 1926 3460 absolute:
1952 3435 1983 3459 et
2005 3434 2111 3469 potest
2128 3427 2260 3468 intelligi
2284 3427 2322 3458 de
2346 3436 2455 3458 amore
2471 3433 2502 3458 et

1428 3473 1609 3514 cognitione
1637 3473 1696 3504 Dei
1719 3473 1753 3504 in
1775 3483 1825 3510 se,
1850 3479 1886 3504 ut
1909 3479 1956 3503 est
1979 3482 2016 3503 ex
2040 3471 2164 3504 caritate
2189 3471 2377 3513 diligendus.
2405 3470 2438 3502 Si
2461 3470 2501 3502 de

1427 3517 1618 3548 amore-Dei
1641 3517 1785 3548 absolute
1807 3516 2039 3558 intelligamus,
2064 3524 2140 3548 tunc
2163 3516 2303 3548 redditur
2326 3515 2406 3547 ratio
2425 3524 2500 3556 pro-

1426 3561 1487 3602 prii
1510 3568 1541 3592 et
1564 3571 1619 3602 per
1643 3571 1676 3592 se
1699 3561 1821 3602 generis
1851 3561 1937 3592 illius
1961 3561 2036 3592 novi
2061 3560 2151 3592 modi
2174 3561 2231 3602 qui
2254 3559 2426 3602 quaeritur.
2452 3558 2501 3590 Ex

1427 3615 1465 3637 eo
1490 3605 1576 3636 enim
1599 3605 1689 3647 quod
1712 3605 1770 3636 iste
1799 3605 1917 3636 modus
1946 3612 2077 3646 quartus
2107 3611 2154 3637 est
2176 3604 2318 3646 specialis
2342 3609 2501 3635 creaturae

2339 3249 2436 3280 simul
2455 3248 2502 3280 di-

2550 337 2618 359 Vers.
2633 343 2654 365 7.

2534 2367 2545 2378 '
2557 2366 2594 2391 of.
2608 2372 2674 2390 num.
2689 2372 2721 2389 iv.

2529 3252 2540 3264 ·
2555 3251 2591 3274 Cf.
2605 3257 2671 3276 num.
2685 3257 2708 3277 v.

2527 3383 2540 3397 ⁸
2553 3383 2591 3408 Cf.
2605 3389 2669 3407 num.
2685 3390 2736 3413 seq.
