2768 4178
3 3955 17 3975 χι,

0 4020 28 4133 esest.

46 2824 261 2880 aufflfflssflk:

46 3134 57 3146 ‘
72 3135 125 3157 Art.
139 3140 201 3157 exer.

48 3176 59 3186 ·
72 3180 156 3197 eam
170 3180 192 3197 ι’.

971 229 1238 277 QUAESTIO
1268 229 1373 276 XLI,
1402 228 1698 266 ARTICULUS
1726 229 1778 265 Vl

2384 229 2461 275 433

954 333 1287 366 commentaria.
1309 330 1559 364 Cardinalis
1581 332 1781 366 Caietam

310 452 331 473 N
353 441 465 478 titulo,
490 441 615 472 adverte
644 441 734 481 quod
756 450 823 470 non
850 439 1011 480 quaeritur
1035 439 1101 475 hic,
1130 449 1171 469 an
1194 447 1347 478 personae

281 454 434 516 Idivinae
448 485 572 526 possint
589 494 656 515 esse
678 484 785 525 plures
807 484 922 514 tribus:
946 483 1008 513 hoc
1032 483 1116 513 enim
1132 482 1165 512 in
1185 492 1240 523 qu.
1256 492 1316 512 xxx
1330 482 1348 501 *

281 530 460 561 discussum
479 535 534 560 est.
560 529 621 559 Sed
639 528 691 559 hic
706 534 832 559 tantum
854 527 1031 568 quaeritur,
1055 537 1096 556 an
1111 526 1190 557 ratio
1205 525 1347 556 formalis

282 581 388 605 atoma
411 573 543 604 alicuius
566 581 720 612 personae
743 571 843 611 possit
866 570 1045 611 plurificari,
1064 570 1107 601 ita
1126 570 1241 601 scilicet
1259 570 1348 610 quod

281 627 348 648 non
371 617 411 648 sit
433 623 558 648 tantum
580 626 665 647 unus
688 615 788 646 Filius
811 621 866 645 aut
888 624 972 645 unus
987 614 1121 654 Spiritus
1139 614 1288 644 Sanctus:
1313 620 1349 644 ut

281 661 325 692 sic
348 661 407 692 ista
429 660 573 702 quaestio
589 659 710 690 differat
725 659 764 690 ab
782 658 845 695 illa,
862 658 952 699 quod
966 658 1010 688 ibi
1026 659 1065 688 de
1083 657 1260 698 pluralitate
1279 667 1347 697 per-

282 714 435 736 sonarum
457 703 655 744 simpliciter,
680 702 731 733 hic
755 709 862 733 autem
885 703 924 732 de
944 702 1122 742 pluralitate
1139 711 1348 742 personarum

281 749 426 780 eiusdem
447 747 576 778 rationis
599 746 751 783 formalis,
775 746 919 787 quaestio
944 753 1000 777 est.

337 791 512 832 Dupliciter
525 797 633 822 autem
645 790 810 830 imaginari
828 800 1000 830 possumus
1015 789 1111 820 talem
1125 789 1347 830 pluralitatem.

281 836 405 872 Primo,
430 842 466 866 ut
488 835 551 866 sint
573 835 680 875 plures
702 834 790 871 Filii,
819 844 960 875 quorum
988 840 1099 864 neuter
1121 834 1160 865 sit
1181 834 1272 864 Pater
1294 841 1349 864 aut

281 879 426 920 Spiritus.
455 879 623 917 Secundo,
647 885 684 910 ut
705 878 767 909 sint
789 878 895 919 plures
918 878 1008 917 Filii,
1032 885 1068 909 ut
1097 878 1192 909 etiam
1214 877 1348 918 Spiritus

281 923 415 955 Sanctus
430 923 470 954 sit
483 923 583 954 Filius
599 923 659 954 alia
674 922 836 954 filiatione.
859 923 901 953 Et
918 922 1061 953 similiter
1078 929 1184 962 potest
1199 921 1348 962 distingui

282 968 322 998 de
345 967 472 999 duobus
495 967 663 1008 Spiritibus
686 967 824 998 Sanctis:
850 966 967 997 scilicet
982 973 1037 997 aut
1055 973 1091 997 ut
1106 972 1216 997 neuter
1231 966 1272 997 sit
1294 965 1346 996 Fi-

280 1011 353 1048 lius,
378 1018 433 1042 aut
455 1018 491 1042 ut
514 1011 609 1042 etiam
633 1011 732 1042 Filius
755 1011 795 1042 sit
817 1010 951 1051 Spiritus
975 1010 1107 1041 Sanctus
1131 1010 1191 1040 alia
1212 1020 1347 1041 numero

282 1055 453 1096 spiratione
475 1055 608 1096 passiva.
633 1055 778 1096 Utroque
801 1055 887 1086 enirn
909 1055 1009 1085 modo
1033 1061 1136 1085 essent
1153 1055 1259 1095 plures
1278 1053 1348 1084 Filii

282 1105 315 1131 et
336 1099 442 1140 plures
465 1099 599 1140 Spiritus
624 1099 739 1130 Sancti.
763 1099 805 1130 Et
826 1109 894 1129 uno
913 1099 1023 1134 mode,
1041 1105 1144 1129 essent
1158 1099 1264 1139 plures
1279 1107 1348 1138 per-

283 1153 380 1175 sonae
402 1153 502 1184 quam
524 1150 603 1175 tres:
627 1143 689 1174 alio
711 1152 787 1173 vero
810 1143 920 1179 modo,
945 1152 1021 1173 non.
1046 1142 1178 1182 Propter
1200 1142 1299 1183 quod,
1322 1141 1349 1172 si

283 1187 437 1219 subtiliter
455 1188 670 1219 consideretur
687 1186 830 1228 quaestio
853 1187 922 1223 ista,
946 1193 1007 1216 stat
1022 1196 1097 1216 cum
1112 1186 1265 1217 Trinitate
1280 1195 1348 1226 per-

283 1240 451 1268 sonarum;
475 1238 506 1263 et
527 1232 601 1262 ideo
624 1231 727 1272 posita
750 1238 797 1262 est
818 1237 892 1271 post
914 1230 1159 1261 determinatum
1178 1239 1349 1260 numerum

282 1285 501 1316 personarum.
526 1276 592 1306 Nec
607 1275 648 1306 ad
662 1285 732 1306 eam
746 1281 864 1315 spectat
887 1274 1040 1305 discutere
1063 1274 1122 1304 nisi
1138 1273 1350 1314 pluralitatem

282 1329 363 1360 pure
385 1320 592 1356 numeralem,
617 1329 672 1350 seu
695 1318 932 1350 individualem.

292 1395 294 1398 ,
341 1363 379 1394 11.
403 1364 440 1395 ln
463 1373 596 1404 corpore
623 1363 718 1394 unica
739 1369 786 1394 est
809 1362 986 1398 conclusio,
1012 1372 1049 1392 ex
1070 1361 1235 1395 Athanasii
1257 1361 1349 1402 Sym-

282 1407 374 1439 bolo:
399 1407 435 1438 In
451 1407 564 1438 divinis
581 1413 627 1438 est
641 1413 767 1438 tantum
785 1415 871 1437 unus
892 1407 1000 1444 Pater,
1026 1415 1111 1436 unus
1132 1406 1248 1443 Filius,
1266 1415 1351 1436 unus

282 1451 423 1492 spir-itus
444 1452 594 1483 Sanctus.
609 1469 629 1474 -
645 1451 686 1482 Et
704 1451 856 1491 probatur
869 1450 1126 1491 quadrupliciter.
1149 1450 1190 1480 Et
1214 1449 1349 1480 rationes

284 1495 416 1536 quidem
437 1495 472 1526 in
494 1495 595 1526 littera
617 1495 691 1526 satis
719 1494 873 1525 formatae
900 1501 992 1525 sunt:
1017 1494 1093 1535 quia
1115 1500 1221 1525 tamen
1244 1493 1349 1534 impu-

282 1545 429 1580 gnantur,
453 1538 635 1579 singillatim
658 1538 930 1570 examinabuntur.

333 1583 503 1615 HLPrima
513 1593 592 1624 ergo
602 1584 696 1620 ratio,
705 1582 835 1613 fundata
847 1592 942 1623 super
952 1582 1024 1619 hoc,
1033 1581 1123 1623 quod
1125 1581 1243 1622 forma
1255 1582 1351 1612 unius

281 1627 397 1669 qeeiei
419 1636 483 1658 non
507 1627 741 1668 multiplicatur
763 1627 827 1658 nisi
839 1626 1014 1658 secundum
1031 1627 1213 1664 materiam,
1230 1626 1349 1656 multos

247 1689 254 1696 ·
282 1670 379 1703 habet
399 1671 601 1707 adversarios,
626 1670 743 1702 scilicet
761 1671 902 1707 Scotum,
922 1670 1111 1706 Aureolum,
1127 1671 1242 1707 Adam,
1258 1677 1306 1701 etc
1319 1669 1348 1700 θ.

247 1716 254 1728 ’
283 1715 434 1754 Quorum
455 1715 620 1746 instantiae
644 1715 821 1746 consistunt
841 1715 874 1745 in
888 1715 960 1751 hoc,
980 1715 1069 1756 quod
1091 1714 1251 1746 invenitur
1265 1714 1349 1744 mul-

283 1758 437 1800 tiplicatio
460 1759 582 1790 formae
604 1759 802 1790 accidentalis
820 1759 854 1789 in
870 1760 981 1789 eadem
995 1759 1134 1789 materia.
1158 1759 1200 1789 Et
1218 1758 1351 1789 afferunt

282 1803 403 1840 lumen,
417 1803 555 1844 speciem
568 1803 602 1834 in
618 1803 724 1834 medio
739 1813 795 1835 seu
811 1803 916 1840 oculo,
933 1809 964 1834 et
979 1803 1174 1833 relationem.
1192 1803 1227 1833 ln
1239 1803 1350 1833 eadem

283 1847 442 1889 siquidem
465 1854 553 1888 parte
575 1847 724 1887 diaphani
742 1847 887 1878 videmus
903 1847 1003 1878 multa
1021 1847 1153 1883 lumina,
1173 1847 1350 1878 secundum

283 1891 523 1923 multitudinem
540 1891 799 1928 illuminantium,
816 1899 852 1922 ut
866 1891 1014 1932 opposita
1032 1891 1205 1922 multitudo
1225 1892 1350 1922 umbra-

283 1945 356 1967 rum
379 1942 411 1967 et
432 1935 705 1967 illuminationum
718 1943 858 1967 testatur.
875 1953 894 1959 -
911 1936 946 1966 In
962 1935 1076 1966 eodem
1094 1945 1226 1976 quoque
1242 1935 1349 1966 medio

284 1980 403 2021 species
426 1987 473 2011 est
495 1980 660 2021 utriusque
682 1980 808 2020 parietis
832 1980 974 2010 eiusdem
999 1979 1198 2020 quantitatis,
1223 1979 1348 2016 coloris,

283 2023 417 2065 figurae,
441 2031 511 2061 etc„
534 2024 578 2055 ita
599 2031 637 2055 ut
658 2034 726 2055 non
748 2024 787 2055 sit
809 2024 916 2065 aliqua
937 2024 1017 2054 ratio
1042 2023 1226 2054 diversitatis
1250 2023 1350 2064 speci-

283 2067 371 2100 ficae.
386 2086 405 2092 -
421 2068 685 2109 Unumquodque
705 2068 814 2099 album
833 2068 949 2099 multas
964 2068 1059 2099 habet
1074 2067 1294 2099 similitudines
1310 2068 1351 2098 ad

282 2112 405 2154 reliqua
427 2113 515 2143 alba:
541 2119 572 2144 et
594 2113 736 2144 similiter
749 2123 833 2143 unus
849 2119 937 2152 pater
950 2112 1094 2152 pluribus
1113 2112 1350 2152 paternitatibus

283 2156 416 2188 refertur
431 2157 471 2187 ad
486 2157 593 2197 plures
606 2156 704 2188 filios:
725 2156 868 2198 alioquin
883 2156 991 2187 relatio
1011 2163 1186 2187 remaneret
1199 2163 1350 2197 corrupto

283 2201 430 2232 termino.

341 2245 525 2277 Afferuntur
548 2252 579 2276 et
601 2245 662 2276 alia
685 2252 794 2276 contra
815 2244 897 2275 hanc
919 2244 1092 2280 rationem,
1116 2254 1198 2285 quae
1220 2244 1302 2280 vide,
1326 2244 1351 2274 si

283 2289 342 2326 vis,
359 2290 445 2330 apud
461 2289 665 2329 Capreolum,
681 2289 714 2320 in
726 2299 769 2319 vn
785 2288 985 2319 distinctione
998 2288 1095 2319 Primi
1109 2285 1140 2319 *z
1161 2298 1198 2319 ex
1213 2288 1352 2319 dicendis

286 2333 419 2376 quidem
441 2334 581 2365 solvetur
603 2333 708 2364 omnis
731 2333 930 2373 ambiguitas.

341 2378 394 2409 IV.
409 2377 524 2418 Arguit
537 2387 669 2419 quoque
684 2377 807 2414 Scotus‚
823 2377 856 2407 in
874 2376 1080 2414 Quodlibetis,
1095 2376 1220 2417 qu.n*,
1238 2376 1352 2407 directe

285 2421 501 2462 multipliciter
523 2422 612 2463 quod
626 2421 873 2452 immaterialitas
889 2421 1010 2452 formae
1025 2430 1092 2451 non
1107 2427 1154 2451 est
1169 2421 1248 2451 ratio
1263 2421 1352 2461 quod

285 2466 354 2507 ipsa
376 2466 416 2497 sit
438 2476 476 2496 ex
497 2476 532 2496 se
552 2467 647 2503 haec,
672 2476 728 2496 seu
750 2465 1042 2505 immultiplicabilis
1070 2474 1215 2495 numero.
1244 2465 1351 2495 Primo

286 2510 341 2541 sic.
366 2510 442 2547 Quo
465 2509 570 2549 primo
594 2509 715 2550 aliquid
737 2515 784 2540 est
805 2509 838 2540 in
862 2515 934 2540 actu
958 2516 1042 2539 extra
1065 2518 1192 2539 causam
1215 2515 1246 2539 et
1262 2508 1351 2539 intel-

286 2554 418 2590 lectum,
442 2563 482 2584 eo
505 2560 552 2584 est
573 2554 634 2584 hoc
661 2553 783 2594 primo:
808 2553 863 2583 sed
891 2553 1050 2593 quaelibet
1073 2552 1184 2583 entitas
1207 2553 1351 2583 absoluta

287 2597 390 2638 seipsa
411 2597 517 2638 primo
540 2604 587 2628 est
610 2604 694 2628 extra
712 2607 841 2628 causam
856 2603 887 2627 et
904 2596 1114 2627 intellectum:
1139 2606 1224 2637 ergo.
1241 2614 1260 2620 —
1275 2597 1352 2627 Pro—

286 2642 379 2673 batur
405 2641 525 2672 maior:
550 2641 626 2682 quia
658 2651 724 2671 esse
748 2647 832 2672 extra
855 2651 983 2672 causam
1011 2646 1041 2671 et
1067 2640 1262 2672 intellectum
1285 2651 1351 2671 non

289 2685 435 2717 convenit
458 2685 517 2715 nisi
539 2686 623 2716 huic.

340 2730 382 2761 Et
405 2729 619 2760 confirmatur.
649 2729 711 2759 Res
735 2739 801 2759 non
824 2735 871 2759 est
893 2729 972 2759 haec
994 2738 1050 2768 per
1071 2728 1152 2759 illud
1174 2729 1263 2770 quod
1286 2739 1351 2759 non

289 2780 335 2805 est
357 2784 414 2814 per
436 2783 469 2804 se
492 2783 586 2804 causa
609 2773 691 2803 eius:
716 2773 771 2803 sed
793 2772 923 2804 materia
946 2782 1012 2803 non
1036 2779 1082 2803 est
1105 2783 1198 2803 causa
1221 2773 1351 2809 formae,

287 2818 465 2850 secundum
486 2817 683 2848 Avicennam
697 2816 730 2847 *:
755 2826 829 2857 ergo
853 2816 956 2847 forma
974 2827 1041 2847 non
1060 2823 1106 2847 est
1120 2818 1198 2848 haec
1213 2827 1269 2858 per
1286 2828 1352 2848 ma-

287 2862 409 2894 teriam.
620 2869 623 2871 ’

345 2907 522 2943 Praeterea,
547 2911 730 2947 sequeretur
753 2905 842 2946 quod
866 2904 991 2935 Gabriel
1014 2911 1094 2936 esset
1117 2915 1154 2935 ex
1176 2915 1208 2935 se
1231 2905 1299 2936 hic:
1323 2911 1354 2936 et

289 2956 519 2991 consequenter
534 2951 652 2991 absque
668 2948 914 2980 contradictione
929 2959 996 2979 non
1014 2955 1121 2989 posset
1135 2949 1213 2989 poni
1229 2949 1352 2980 univer-

289 2994 370 3031 salis,
395 2994 610 3035 praedicabilis
633 2994 672 3024 de
694 2993 849 3034 pluribus,
873 2999 931 3024 etc.

346 3039 517 3075 Praeterea,
535 3045 644 3069 contra
662 3037 742 3068 hanc
765 3037 1019 3078 propositionem
1038 3043 1112 3067 sunt
1130 3036 1251 3067 articuli
1269 3036 1353 3067 Pari-

290 3082 355 3113 sius
378 3082 534 3113 damnati:
558 3082 594 3113 Si
608 3082 743 3124 formae
766 3091 829 3112 non
854 3082 1011 3122 recipiunt
1029 3081 1213 3112 divisionem
1229 3082 1292 3112 nisi
1305 3090 1353 3112 se-

290 3126 429 3157 cundum
453 3128 632 3157 materiam.
655 3126 763 3156 Error
786 3132 843 3156 etc.
861 3124 880 3143 ἕ

342 3170 385 3201 Et
406 3171 535 3201 tandem
557 3170 651 3201 infert
673 3180 739 3200 non
759 3179 825 3200 esse
842 3169 1019 3200 secundum
1031 3168 1049 3188 *
1067 3168 1252 3205 doctrinam,
1278 3179 1353 3199 con-

290 3214 467 3245 clusionem
490 3214 568 3245 adeo
592 3221 710 3245 certam
733 3221 763 3245 et
785 3213 991 3244 necessariam
1015 3219 1119 3244 tenere
1138 3223 1194 3253 per
1208 3213 1353 3254 proposi-

289 3258 392 3290 tiones
415 3258 573 3298 generales
595 3258 699 3294 nimis,
725 3265 755 3289 et
778 3268 852 3289 cum
875 3264 923 3288 tot
945 3257 1109 3288 instantiis.

348 3302 388 3333 V.
412 3302 464 3333 Ad
485 3302 603 3332 horum
626 3302 824 3338 evidentiam,
849 3308 925 3332 nota
947 3301 1066 3342 primo,
1091 3301 1180 3341 quod
1199 3302 1354 3332 materiae

290 3346 420 3377 nomine
449 3346 511 3376 hoc
538 3346 571 3376 in
600 3346 674 3377 loco
702 3346 886 3386 intelligitur
913 3355 1009 3376 omne
1039 3346 1242 3385 receptivum.
1271 3345 1354 3375 Nam

290 3397 413 3422 constat
431 3390 520 3431 quod
539 3390 647 3421 caritas
663 3390 767 3421 forma
785 3397 831 3421 est
846 3389 941 3420 unius
960 3388 1073 3429 speciei
1092 3388 1299 3429 multiplicata
1315 3389 1354 3419 ad

290 3434 528 3466 multitudinem
550 3434 717 3465 beatorum
735 3435 921 3475 angelorum
940 3440 970 3464 et
988 3433 1175 3463 hominum:
1200 3440 1231 3464 et
1248 3440 1354 3464 tamen

290 3479 377 3510 nulla
401 3485 447 3509 est
464 3478 498 3508 in
520 3478 683 3509 voluntate
703 3478 831 3509 materia
850 3488 932 3519 quae
951 3484 997 3508 est
1013 3487 1084 3518 pars
1104 3477 1282 3517 compositi,
1300 3477 1355 3507 sed

290 3523 445 3563 receptiva
467 3528 592 3553 tantum
614 3522 766 3562 potentia.
800 3523 892 3564 Unde
915 3521 1025 3553 sensus
1048 3521 1274 3561 propositionis
1298 3527 1353 3557 est,

290 3568 379 3608 quod
403 3566 506 3598 forma
529 3565 674 3607 specifica
696 3576 763 3596 non
785 3566 1012 3606 multiplicatur
1030 3565 1090 3596 nisi
1109 3566 1285 3596 secundum
1307 3575 1354 3596 re-

432 3630 540 3654 Summa
560 3628 661 3652 Tar-:orn
682 3628 712 3652 D.
731 3628 845 3652 Tuosne
863 3627 895 3652 Τ.
915 3628 934 3653 Ι.

1401 439 1572 478 ceptivum.
1597 439 1638 470 Et
1659 439 1793 470 intendit
1815 439 1913 480 quod,
1939 439 1964 470 si
1988 446 2034 470 est
2057 439 2159 470 forma
2175 439 2370 480 receptibilis,
2394 440 2464 479 plu-

1402 482 1538 514 rificatur
1560 484 1601 513 ad
1623 483 1888 524 plurificationem
1911 483 2143 523 receptivorum
2161 490 2232 514 actu
2251 483 2301 514 vel
2323 483 2465 524 potentia

1401 524 1505 568 (quod
1528 527 1598 557 dico
1622 534 1751 567 propter
1773 527 1894 558 animas
1916 525 2150 570 intellectivas):
2167 527 2192 557 si
2207 534 2315 558 autern
2331 534 2377 558 est
2392 527 2464 558 irre-

1403 570 1564 610 cepfibilis,
1590 581 1628 601 eo
1652 571 1723 611 ipso
1747 578 1794 602 est
1816 571 2084 611 implurificabilis.

1454 615 1591 645 Adverte
1606 615 1756 652 secundo,
1774 615 1872 656 quod,
1890 622 1926 646 ut
1940 622 2026 655 patet
2039 616 2068 646 V
2082 615 2265 656 Metaphys.
2275 615 2293 635 *
2310 613 2378 657 (ubi
2394 615 2464 646 fun-

1403 659 1549 689 damenta
1568 659 1671 689 omnis
1686 659 1832 690 scientiae
1852 659 2026 695 traduntur,
2043 659 2121 689 dum
2135 659 2283 690 omnium
2306 659 2465 690 seminum

1401 702 1538 733 rationes
1556 701 1734 745 habemus),
1750 713 1849 734 unum
1867 713 2002 733 numero
2015 708 2101 741 sunt,
2116 713 2251 744 quorum
2267 705 2402 734 materia
2419 708 2464 734 est

1403 757 1479 777 una.
1505 746 1652 777 Identitas
1679 747 1774 787 igitur
1798 747 1969 777 numeralis
1996 756 2093 787 penes
2116 747 2270 778 unitatem
2297 747 2466 778 attenditur

1402 790 1563 822 materiae:
1588 801 1645 821 nec
1669 801 1744 821 curn
1768 790 1887 821 unitate
1911 791 2058 821 materiae
2081 797 2141 822 stat
2163 791 2325 831 pluralitas
2352 801 2463 822 nume-

1402 835 1474 865 ralis
1497 834 1617 865 formae
1641 834 1783 865 eiusdem
1807 834 1931 875 speciei.

1457 879 1511 910 Vl.
1527 879 1569 910 Et
1583 886 1758 919 propterea,
1774 878 1978 909 Aristotelem
1998 885 2174 919 sequentes,
2191 888 2343 919 negamus
2357 879 2465 909 omnia

1401 922 1434 953 in
1457 922 1612 954 instantiis
1634 929 1796 963 assumpta
1811 922 1837 953 *.
1863 923 2027 960 Quoniam
2049 929 2109 954 stat
2132 922 2269 953 formam
2285 932 2351 954 esse
2367 933 2466 953 unam

1402 967 1435 997 in
1459 967 1608 1003 essendo,
1633 973 1664 998 et
1686 966 1896 1006 multiplicem
1918 967 1951 997 in
1974 967 2192 1007 dependendo,
2216 967 2266 997 vel
2289 976 2465 1007 repraesen-

1402 1011 1514 1047 tando,
1537 1011 1588 1041 vel
1610 1010 1820 1051 respiciendo,
1844 1010 1894 1041 vel
1917 1010 1984 1041 aliis
2006 1010 2202 1041 huiusmodi.
2227 1011 2268 1041 Et
2291 1011 2334 1041 sic
2357 1010 2465 1041 simili-

1402 1055 1481 1085 tudo
1505 1055 1567 1085 albi
1591 1055 1631 1085 ad
1653 1054 1762 1085 omnia
1784 1054 1872 1091 alba,
1902 1064 1966 1084 una
1994 1061 2041 1085 est
2063 1054 2171 1085 relatio
2199 1055 2233 1085 in
2260 1055 2411 1091 essendo,
2436 1061 2467 1086 et

1403 1098 1569 1139 multiplex
1595 1099 1628 1129 in
1650 1098 1857 1139 respiciendo.
1885 1099 1933 1129 De
1963 1098 2086 1129 defectu
2114 1105 2222 1129 autern
2244 1099 2284 1129 ad
2307 1098 2466 1130 defectum

1402 1142 1538 1179 termini,
1554 1142 1720 1183 distingue,
1744 1143 1832 1183 quod
1856 1142 1960 1173 deficit
1981 1142 2021 1172 ad
2045 1142 2204 1173 defectum
2226 1142 2352 1173 termini
2375 1143 2465 1173 ada&

1403 1187 1501 1227 quati,
1525 1196 1591 1216 non
1615 1194 1721 1217 autem
1746 1186 1956 1227 inadaequati,
1981 1186 2160 1217 cuiusmodi
2184 1194 2258 1217 sunt
2280 1187 2404 1226 singula
2418 1196 2466 1217 re-

1403 1237 1509 1270 specta
1532 1230 1570 1260 ab
1593 1240 1670 1261 uno.
1695 1230 1863 1270 Singulum
1884 1230 1970 1260 enim
1992 1230 2220 1270 inadaequatur
2238 1230 2410 1261 extensive:
2435 1237 2467 1261 et

1403 1274 1486 1310 ideo,
1507 1274 1604 1308 altero
1627 1280 1817 1310 remanente,
1841 1284 1906 1304 non
1931 1273 2045 1304 sufficit
2067 1274 2107 1304 ad
2129 1274 2191 1304 hoc
2209 1281 2246 1305 ut
2261 1274 2341 1305 desit
2355 1274 2464 1305 relatio

1404 1328 1486 1358 quae
1505 1324 1570 1348 erat
1592 1318 1632 1347 ad
1655 1318 1781 1358 ipsum;
1806 1318 1862 1348 sed
1884 1318 1925 1347 ad
1947 1318 2009 1348 hoc
2032 1318 2121 1358 quod
2144 1318 2265 1349 desinat
2286 1318 2394 1358 ipsum
2417 1328 2465 1349 re-

1403 1363 1535 1402 spicere.
1551 1379 1570 1384 -
1589 1361 1714 1402 Species
1733 1371 1864 1401 quoque
1879 1361 1912 1391 in
1928 1361 2045 1397 medio,
2063 1361 2158 1392 etiam
2172 1368 2314 1402 respectu
2331 1362 2467 1392 obiecto-

1403 1416 1477 1436 rum
1494 1405 1609 1436 intensi
1628 1412 1659 1436 et
1677 1405 1808 1441 remissi,
1826 1405 1919 1435 unica
1933 1412 1979 1436 est
1998 1406 2173 1436 secundum
2192 1415 2276 1436 esse:
2301 1405 2467 1446 multiplex

1404 1457 1511 1481 autem
1534 1449 1566 1480 in
1589 1449 1852 1489 repraesentando
1877 1456 1907 1480 et
1930 1449 2150 1489 dependendo.
2172 1450 2214 1480 Et
2232 1457 2407 1490 propterea,
2431 1456 2467 1481 ut

1402 1494 1536 1525 intentio
1553 1500 1599 1524 est
1620 1493 1726 1529 huius,
1751 1493 1837 1524 ducit
1859 1494 1899 1523 ad
1921 1493 2002 1529 hoc;
2027 1499 2057 1524 et
2072 1500 2108 1524 ut
2122 1493 2216 1531 illius,
2233 1494 2272 1524 ad
2287 1494 2375 1525 illud.
2393 1511 2411 1517 -
2426 1494 2468 1525 Et

1404 1538 1505 1568 simile
1533 1544 1580 1568 est
1607 1537 1646 1568 de
1672 1537 1809 1568 lumine:
1843 1544 1889 1568 est
1912 1537 1997 1568 enim
2027 1547 2130 1568 unum
2151 1538 2261 1568 lumen
2291 1538 2467 1568 secundum

1404 1592 1480 1619 esse,
1501 1589 1532 1613 et
1554 1581 1721 1622 multiplex
1743 1581 1776 1611 in
1801 1581 2026 1622 dependentiis.
2050 1582 2092 1612 Et
2109 1589 2274 1622 propterea
2289 1582 2467 1613 concedun-

1403 1633 1455 1657 tur
1473 1626 1592 1657 multae
1605 1625 1868 1656 illuminationes:
1894 1632 1924 1656 et
1941 1625 2123 1657 conceditur
2136 1626 2226 1666 quod
2241 1632 2288 1657 est
2302 1626 2468 1667 multiplex

1403 1671 1581 1701 secundum
1602 1670 1669 1700 vias
1692 1679 1748 1700 seu
1771 1670 1963 1707 tendentias‚
1987 1677 2017 1701 et
2040 1670 2210 1701 obstacula.
2240 1670 2281 1701 Et
2303 1676 2468 1711 propterea

1403 1721 1555 1755 apparent
1576 1714 1696 1745 multae
1718 1714 1859 1745 umbrae.

1461 1759 1529 1790 Stat
1550 1758 1646 1799 igitur
1667 1758 1700 1788 in
1723 1767 1783 1788 suo
1807 1758 1921 1788 robore
1949 1765 2112 1799 assumpta
2134 1758 2329 1798 propositio,
2353 1758 2387 1788 in
2409 1765 2469 1789 tra-

1404 1810 1488 1834 ctatu
1513 1803 1551 1833 de
1575 1802 1704 1843 Angelis
1719 1802 1737 1821 *
1760 1801 1954 1833 stabilienda.

1463 1847 1530 1878 VII.
1555 1847 1606 1877 Ad
1621 1846 1758 1887 primam
1777 1853 1884 1876 autem
1899 1846 1985 1877 Scoti
2003 1846 2158 1877 rationem
2173 1846 2199 1883 *,
2224 1846 2337 1877 dicitur
2352 1846 2466 1887 primo,

1404 1891 1493 1932 quod
1515 1891 1583 1931 ipse
1606 1900 1672 1920 non
1696 1890 1847 1921 intellexit
1869 1890 2123 1930 propositionem
2146 1896 2234 1920 tanto
2266 1890 2370 1921 studio
2394 1901 2412 1920 a
2435 1900 2468 1920 se

1403 1935 1634 1976 impugnatam.
1657 1935 1733 1965 Non
1756 1934 1842 1965 enim
1864 1934 2119 1971 immaterialitas‚
2143 1934 2223 1965 idest
2246 1934 2380 1965 carentia
2401 1943 2468 1964 ma-

1404 1979 1498 2011 teriae
1527 1988 1609 2020 quae
1632 1986 1679 2009 est
1701 1978 1796 2010 altera
1818 1988 1890 2018 pars
1914 1978 2101 2018 compositi;
2130 1978 2185 2008 sed
2211 1978 2467 2014 immaterialitas‚

1404 2024 1484 2054 idest
1507 2023 1641 2054 carentia
1663 2022 1827 2059 materiae,
1851 2022 1932 2053 idest
1959 2022 2118 2062 potentiae
2146 2022 2336 2062 receptivae,
2360 2029 2407 2053 est
2429 2022 2468 2053 de

1405 2078 1469 2109 qua
1491 2070 1613 2098 Auctor
1634 2066 1794 2107 loquitur;
1819 2073 1855 2097 ut
1873 2066 2143 2097 manifestavimus
2157 2066 2184 2103 *,
2209 2073 2240 2097 et
2258 2066 2353 2097 etiam
2367 2066 2468 2097 littera

1404 2112 1543 2142 insinuat
1561 2111 1612 2141 hic
1626 2111 1659 2141 in
1678 2110 1824 2151 exemplo
1841 2110 1879 2141 de
1893 2110 2036 2141 albedine
2059 2110 2085 2140 si
2101 2110 2290 2141 subsisteret.
2308 2128 2327 2133 -
2340 2111 2382 2141 Et
2395 2120 2468 2151 pro-

1405 2163 1511 2197 pterea
1532 2165 1612 2185 vane
1643 2155 1790 2186 articulos
1812 2154 2017 2191 Pan‘sienses,
2042 2154 2097 2195 qui
2125 2155 2164 2184 de
2188 2155 2317 2185 materia
2345 2161 2381 2185 ut
2402 2164 2468 2184 ma-

1405 2201 1481 2231 teria
1502 2200 1689 2240 loquuntur,
1713 2198 1815 2239 affert:
1841 2209 1924 2234 cum,
1950 2199 2126 2229 secundum
2143 2198 2315 2235 veritatem,
2339 2199 2469 2229 materia

1405 2251 1442 2275 ut
1464 2243 1606 2284 potentia
1628 2243 1798 2282 receptiva,
1823 2242 1994 2273 formaliter
2015 2242 2190 2283 loquendo,
2214 2242 2248 2272 in
2270 2242 2328 2273 hac
2351 2252 2469 2283 propo-

1406 2288 1519 2319 sitione
1551 2287 1751 2327 intelligatur.
1782 2287 1919 2323 Verum,
1948 2296 1988 2316 ne
2011 2287 2122 2316 eadem
2149 2293 2334 2326 argumenta
2361 2286 2471 2317 fierent

1406 2339 1515 2363 contra
1537 2330 1842 2372 irreceptibilitatem,
1865 2330 2073 2371 respondetur
2095 2330 2135 2360 ad
2158 2330 2290 2370 singula.

1465 2376 1517 2407 Ad
1540 2376 1682 2416 primum
1705 2374 1844 2416 quidem,
1868 2374 1946 2404 falsa
1969 2381 2015 2405 est
2030 2374 2140 2405 maior.
2165 2374 2248 2412 Quia
2264 2374 2469 2414 unumquod-

1406 2430 1469 2462 que
1493 2426 1539 2450 est
1561 2420 1666 2460 primo
1690 2426 1774 2450 extra
1797 2429 1924 2449 causam
1943 2425 1974 2449 et
1988 2418 2183 2449 intellectum
2206 2428 2274 2449 esse
2296 2417 2468 2458 significato

1406 2474 1463 2505 per
1485 2464 1661 2494 secundum
1684 2463 1842 2493 adiacens:
1867 2469 1898 2493 et
1919 2469 2025 2493 tamen
2041 2472 2106 2492 non
2130 2469 2176 2493 est
2198 2462 2254 2492 illo
2273 2462 2341 2492 hoc.
2357 2480 2377 2484 -
2392 2462 2468 2492 Pro-

1406 2508 1491 2539 batio
1514 2517 1590 2538 vero
1606 2506 1685 2537 nihil
1699 2507 1790 2542 valet,
1808 2507 1902 2537 etiam
1916 2506 2093 2536 secundum
2115 2506 2340 2546 apparentiam,
2356 2516 2394 2536 ex
2406 2505 2469 2536 hoc

1406 2552 1496 2593 quod
1518 2561 1584 2582 non
1608 2550 1668 2581 nisi
1690 2550 1839 2590 singulari
1862 2550 1968 2590 aliqua
1990 2550 2066 2586 duo,
2091 2550 2207 2580 scilicet
2230 2559 2296 2580 esse
2319 2556 2403 2581 extra
2420 2550 2467 2580 in-

1406 2596 1567 2627 tellectum
1591 2601 1622 2625 et
1640 2604 1767 2625 causam
1791 2600 1821 2625 et
1843 2604 1909 2624 esse
1927 2594 1996 2631 hoc,
2014 2594 2215 2630 conveniunt,
2231 2594 2366 2624 inferens
2382 2593 2468 2624 iden-

1406 2640 1527 2671 titatem
1550 2638 1719 2669 formalem
1742 2638 1906 2679 utriusque
1928 2647 2000 2678 quo.

1465 2684 1517 2714 Ad
1535 2683 1712 2714 secundum
1729 2692 1814 2718 vero,
1831 2682 1920 2722 quod
1938 2692 1996 2712 nec
2012 2681 2241 2712 somniavimus
2263 2682 2352 2722 quod
2366 2681 2469 2712 forma

1406 2728 1440 2758 in
1462 2727 1592 2758 materia
1620 2726 1752 2757 existens
1781 2726 1820 2757 sit
1846 2727 1925 2757 haee
1951 2735 2007 2766 per
2034 2726 2197 2756 materiam
2219 2726 2384 2756 intrinsece
2413 2735 2469 2755 seu

1407 2771 1588 2807 formaliter,
1605 2771 1659 2801 sed
1674 2771 1857 2801 causaliter.
1874 2787 1892 2792 -
1907 2770 1949 2801 Et
1964 2770 2036 2801 licet
2050 2770 2188 2806 materia,
2205 2770 2380 2800 secundum
2396 2769 2470 2800 Avi-

1407 2826 1549 2852 cennam,
1574 2825 1640 2845 non
1663 2814 1702 2845 sit
1725 2824 1818 2845 causa
1847 2813 2014 2844 materialis
2042 2813 2176 2850 formae,
2208 2814 2263 2844 sed
2290 2813 2468 2854 compositi,

1407 2860 1483 2901 quia
1502 2869 1595 2890 causa
1618 2858 1785 2889 materialis
1809 2858 1954 2889 nominat
1977 2868 2104 2889 causam
2127 2857 2344 2894 intrinsecam
2365 2864 2410 2888 est
2424 2864 2470 2888 ta-

1407 2914 1482 2934 men
1511 2903 1640 2934 materia
1664 2913 1757 2933 causa
1785 2902 1905 2932 formae
1937 2903 1970 2933 in
1992 2912 2114 2943 genere
2137 2911 2254 2932 causae
2276 2901 2468 2939 materialis,

1409 2947 1552 2979 educitur
1575 2947 1661 2978 enim
1683 2947 1722 2976 de
1746 2956 1781 2977 ea
1805 2953 1841 2977 ut
1863 2946 2008 2983 materia;
2034 2953 2064 2977 et
2086 2946 2148 2976 hoc
2171 2945 2295 2976 sufficit.

1461 2992 1512 3022 Ad
1529 3001 1565 3022 ea
1578 3000 1653 3021 vero
1669 3001 1751 3031 quae
1765 2991 1804 3020 de
1822 2990 1940 3030 angelis
1958 2997 2139 3030 tanguntur,
2157 3000 2216 3020 suo
2240 2990 2312 3020 loco
2337 2989 2455 3020 dicetur
2461 2997 2469 3025 ;

1409 3043 1439 3067 et
1462 3036 1583 3066 dictum
1598 3041 1644 3066 est
1659 3035 1693 3065 in
1712 3034 1957 3065 Commentariis
1979 3034 2019 3065 de
2040 3035 2125 3064 Ente
2147 3039 2178 3064 et
2199 3034 2349 3064 Essentia
2364 3033 2390 3070 *,
2416 3032 2471 3063 ubi
2498 3042 2507 3050 ·

1409 3080 1503 3112 etiam
1526 3079 1673 3110 articulos
1696 3078 1884 3109 parisienses
1902 3078 2120 3118 glossavimus.

1463 3124 1504 3154 Et
1527 3123 1652 3154 adverte
1675 3122 1765 3163 quod
1792 3123 1869 3153 haec
1898 3122 2040 3153 doctrina
2066 3122 2166 3152 modo
2196 3121 2308 3152 tradita
2335 3131 2402 3151 non
2425 3127 2471 3152 est

1409 3178 1501 3204 nova,
1522 3167 1577 3198 sed
1600 3166 1680 3198 forte
1703 3167 1872 3197 ascendens
1892 3167 1931 3196 ad
1950 3166 2147 3197 altitudinem
2165 3165 2276 3196 intenti
2299 3165 2362 3195 divi
2381 3164 2469 3195 Tho-

1409 3222 1489 3243 mae.
1514 3211 1699 3242 Nominavit
1714 3217 1820 3242 autern
1838 3210 2134 3250 irreceptibilitatem
2157 3209 2469 3246 immaterialitatem,

1409 3263 1478 3287 tum
1502 3255 1576 3296 quia
1603 3255 1635 3285 in
1659 3254 1840 3285 substantiis
1871 3254 2018 3294 separatis
2045 3253 2290 3293 irreceptibilitas
2318 3262 2384 3283 non
2411 3253 2471 3283 nisi

1408 3299 1703 3330 immaterialitatem
1718 3298 1940 3329 subsistentem
1955 3298 1988 3328 in
2003 3297 2104 3338 specie
2119 3296 2287 3338 significat:
2312 3303 2382 3327 tum
2397 3297 2472 3337 quia

1409 3343 1550 3385 potentia
1565 3343 1720 3383 receptiva
1744 3353 1780 3373 ex
1802 3349 1889 3382 parte
1912 3342 2059 3373 materiae
2082 3352 2114 3372 se
2138 3348 2231 3377 tenet,
2248 3348 2279 3372 et
2292 3340 2382 3371 facile
2396 3351 2471 3381 pro-

1409 3395 1514 3429 pterea
1537 3394 1601 3418 erat
1623 3397 1660 3418 ex
1683 3387 1741 3418 hac
1769 3386 1856 3417 illam
1884 3386 2063 3426 intelligere.
2091 3403 2108 3408 -
2131 3386 2173 3416 Et
2195 3385 2239 3415 sic
2262 3391 2347 3425 patet
2369 3384 2472 3425 prima

1410 3432 1498 3468 ratio,
1516 3438 1643 3471 sumpta
1661 3441 1698 3461 ex
1714 3430 1938 3462 communibus
1962 3430 2111 3460 omnibus
2130 3429 2264 3460 omnino
2286 3428 2472 3459 immateria-

1408 3477 1490 3507 libus
1514 3475 1623 3505 formis
1647 3475 1896 3506 subsistentibus.

1462 3520 1527 3550 Nec
1542 3519 1724 3550 inconvenit
1738 3529 1809 3549 eam
1827 3518 1992 3548 adduxisse
2008 3518 2047 3548 ad
2062 3517 2267 3558 proprietates
2279 3516 2469 3557 personales.

1410 3564 1479 3594 Imo
1502 3573 1628 3594 necesse
1652 3563 1725 3594 fuit:
1750 3562 1905 3603 quoniam
1927 3562 2013 3602 ipsae
2037 3562 2075 3592 de
2099 3561 2211 3592 talium
2229 3571 2364 3592 numero
2388 3567 2470 3596 sunt,

2297 3621 2327 3647 55

2492 620 2501 629 '¹
2513 618 2545 641 ea
2563 635 2570 641 .
2578 625 2619 640 vu.
2627 630 2638 635 -
2649 618 2703 640 Did.

2490 645 2590 700 {libis-V,
2606 651 2656 673 cap.
2671 650 2704 672 vr,

2492 932 2501 941 ·
2516 930 2553 953 Cf.
2567 936 2632 953 num.
2651 936 2685 953 m.

2495 1808 2504 1817 ·
2521 1807 2568 1835 Qu.
2583 1813 2612 1834 ι,
2627 1810 2670 1828 art.
2683 1814 2708 1834 4.

2495 1833 2532 1856 ef.
2548 1834 2680 1855 Comment.

2494 1862 2503 1870 ·
2519 1860 2556 1882 Cf.
2571 1866 2637 1882 num.
2648 1866 2681 1882 ιν.

2494 2071 2505 2082 *
2518 2070 2590 2092 Num.
2605 2076 2628 2091 v.
