2768 4178
63 1741 71 1750 ”
85 1740 136 1762 Art.
151 1746 173 1768 5.

61 2542 70 2550 ·
90 2540 138 2568 Qu.
146 2546 182 2567 vi,
198 2543 239 2562 art.
250 2546 273 2567 4.

60 2718 69 2726 ·
85 2716 122 2739 Cf.
137 2722 201 2739 num.
216 2722 239 2738 ιι.

59 3471 70 3481 ·
79 3471 153 3494 Lib.11
171 3478 274 3500 cap.v1n;

60 3488 210 3547 gxfoliloq„
223 3505 273 3527 cap.

302 298 380 334 214

302 367 478 398 univocum
494 374 524 398 et
536 367 707 407 analogum
735 367 767 397 in
792 367 862 404 hoc,
879 369 968 409 quod
991 369 1070 399 illud
1091 369 1124 399 in
1140 369 1283 410 quolibet
1305 368 1374 399 uni—

301 418 416 442 vocato
438 412 575 442 salvatur
591 412 767 442 secundum
783 413 947 452 propriam
962 413 1135 449 rationem;
1160 413 1245 443 istud
1266 419 1373 444 autern

302 456 335 486 in
359 456 464 495 primo
486 462 611 486 tantum
635 456 726 496 ponit
748 457 911 497 propriam
932 457 1097 493 rationem,
1118 457 1151 487 in
1176 457 1243 487 aliis
1267 464 1374 488 autem

303 500 474 530 fundatum
498 500 644 530 ordinem
670 500 710 530 ad
735 500 887 541 primum.
916 502 1070 542 Exempla
1092 501 1248 532 habentur
1268 501 1302 531 in
1324 501 1373 532 lit-

303 552 379 576 tera.
393 562 413 566 -
426 544 543 581 Quoad
563 544 595 574 id
615 554 691 575 vero
715 545 805 585 quod
826 545 862 575 in
884 546 1023 576 secunda
1044 552 1131 585 parte
1151 545 1373 587 consequentis

303 588 454 628 implicite
478 588 643 625 clauditur,
668 589 786 620 scilicet
800 590 889 630 quod
905 590 1013 620 omnia
1029 589 1196 630 respiciant
1211 590 1374 620 veritatem

303 632 479 663 intellectus
496 632 604 669 divini,
624 634 792 673 probatur:
818 634 892 675 quia
911 634 955 664 illi
970 634 1228 674 unumquodque
1255 633 1374 664 assimi-

303 677 386 707 latur
401 677 578 707 secundum
594 687 687 708 suam
702 678 874 709 entitatem.
904 679 945 709 Et
961 677 1169 709 confirmatur
1184 677 1287 718 prima
1302 687 1374 718 pars

305 721 527 762 consequentis
551 722 736 752 auctoritate
761 722 902 759 Glossae,
928 729 963 753 ut
986 722 1127 762 patet-in
1150 722 1261 753 littera.

362 766 400 796 11.
426 765 517 796 Circa
533 773 656 806 partem
670 766 807 806 primam
825 767 1056 807 consequentis,
1075 766 1210 796 dubium
1227 765 1372 797 occurrit.

304 812 370 840 Aut
393 810 447 840 illa
470 820 551 851 pars,
570 810 687 841 scilicet
710 812 829 842 veritas
845 812 1025 841 intellectus
1046 811 1289 851 multiplicatur,
1308 820 1374 840 non

305 861 351 885 est
378 854 411 884 in
434 854 535 885 littera
557 855 689 895 probata
718 855 776 885 nisi
801 855 986 886 auctoritate
1014 855 1163 886 Glossae:
1187 861 1241 885 aut
1262 854 1374 885 veritas

304 898 463 929 invenitur
486 899 621 929 univoce
645 899 678 929 in
700 899 850 930 omnibus
873 899 1092 935 intellectibus,
1121 899 1234 930 saltem
1254 898 1372 929 creatis.

305 943 485 984 Utrumque
500 951 607 974 autem
623 943 740 974 horum
764 950 810 974 est
834 943 1069 974 inconveniens.
1095 944 1192 983 Ergo.
1205 960 1225 965 -
1239 945 1374 973 Assum-

304 994 398 1028 ptum
422 987 584 1027 probatur.
609 988 643 1017 In
667 987 768 1018 littera
792 988 879 1018 nulla
899 988 1046 1029 probatio
1071 995 1116 1019 est
1138 987 1197 1017 nisi
1225 997 1262 1017 ex
1288 986 1372 1017 diffe-

304 1031 404 1062 rentia
425 1031 505 1062 inter
529 1031 703 1062 univocum
728 1039 758 1063 et
783 1032 966 1072 analogum.
991 1033 1032 1063 Et
1055 1042 1091 1062 ex
1116 1039 1203 1072 parte
1227 1031 1372 1071 analogi,

304 1082 341 1106 ut
361 1082 447 1116 patet
469 1075 501 1105 in
524 1075 635 1112 littera,
659 1086 725 1106 non
747 1076 879 1106 infertur
902 1076 1134 1116 multiplicatio,
1157 1076 1211 1106 sed
1231 1085 1268 1106 ex
1286 1082 1374 1117 parte

304 1119 441 1150 univoci.
459 1120 544 1159 Ergo
561 1126 616 1150 aut
631 1130 697 1150 non
713 1121 878 1160 probatur:
896 1127 951 1151 aut
967 1121 1120 1161 probatur
1136 1130 1173 1151 ex
1191 1120 1374 1151 conditione

302 1163 441 1200 univoci,
459 1164 548 1204 quod
565 1164 794 1204 multiplicatur
809 1165 848 1195 ad
864 1165 1165 1205 multiplicationem
1188 1164 1373 1195 univocato-

304 1217 390 1238 rum:
416 1214 446 1238 et
460 1208 503 1238 sic
519 1208 711 1248 supponitur
725 1208 887 1240 veritatem
912 1209 1048 1240 univoce
1071 1209 1203 1240 inveniri
1219 1209 1252 1239 in
1269 1208 1373 1239 omni-

303 1252 363 1282 bus
381 1251 590 1283 intellectibus
607 1252 725 1284 creatis.
737 1271 757 1275 —
770 1254 868 1291 Quod
884 1260 992 1284 autem
1009 1261 1183 1294 utrumque
1200 1253 1318 1284 horum
1334 1253 1374 1284 sit

303 1296 538 1333 inconveniens,
559 1296 787 1328 manifestatur.
810 1298 851 1328 Et
866 1298 1007 1338 primum
1024 1298 1165 1339 quidem,
1183 1297 1258 1339 quia
1274 1297 1308 1328 in
1324 1297 1373 1328 lit-

303 1347 377 1377 tera,
395 1348 469 1381 post
485 1340 690 1372 differentiam
713 1341 794 1372 inter
817 1342 994 1373 univocum
1011 1350 1040 1374 et
1060 1342 1242 1382 analogum,
1267 1352 1303 1372 ac
1319 1352 1374 1382 ap-

303 1385 508 1425 plicationem
525 1385 592 1416 eius
609 1386 648 1416 ad
664 1386 828 1417 materiam
845 1387 883 1417 de
898 1397 961 1428 qua
985 1393 1031 1417 est
1045 1397 1160 1423 sermo,
1177 1386 1282 1417 statim
1299 1396 1374 1417 cum

304 1436 380 1460 nota
402 1429 551 1460 illationis
575 1430 784 1467 concluditur,
810 1431 954 1468 dicendo,
971 1432 1000 1462 si
1021 1441 1100 1472 ergo
1126 1432 1299 1472 loquamur
1314 1438 1371 1462 etc.

304 1474 488 1505 Secundum
509 1481 626 1511 autern,
651 1475 726 1515 quia
742 1475 854 1506 veritas
873 1475 906 1506 in
922 1475 1081 1506 intellectu
1098 1482 1208 1506 nostro
1223 1482 1270 1506 est
1285 1473 1373 1506 com—

303 1518 421 1559 positio
447 1525 478 1549 et
501 1519 632 1549 divisio:
662 1519 695 1549 in
718 1519 878 1551 intellectu
893 1530 968 1550 vero
993 1520 1136 1560 angelico
1157 1527 1187 1551 et
1204 1519 1311 1550 divino
1328 1526 1374 1550 est

303 1563 437 1603 simplex
455 1563 668 1603 intelligentia,
692 1564 866 1595 eminenter
882 1564 1075 1604 praehabens
1095 1564 1252 1605 quidquid
1269 1571 1300 1595 et
1316 1574 1372 1594 no-

304 1614 366 1638 stra
389 1607 522 1647 simplex
547 1607 760 1648 intelligentia,
786 1615 816 1639 et
839 1608 1031 1649 compositio
1056 1615 1087 1639 et
1109 1609 1222 1639 divisio
1245 1609 1349 1639 habet.

363 1652 414 1683 111.
433 1651 524 1683 Circa
539 1652 673 1682 eandem
696 1663 827 1694 quoque
843 1660 966 1693 partem
982 1653 1117 1684 dubium
1134 1653 1279 1689 occurrit,
1297 1652 1373 1694 quia

302 1696 426 1727 videtur
441 1696 543 1727 littera
558 1696 729 1737 implicare.
753 1697 917 1735 Quoniam
941 1697 966 1728 si
983 1698 1156 1739 analogum
1170 1697 1203 1728 in
1220 1708 1286 1728 uno
1304 1704 1372 1728 tan-

303 1747 374 1771 tum
397 1741 575 1771 secundum
590 1741 752 1781 propriam
769 1742 927 1773 rationem
943 1742 1093 1779 salvatur;
1119 1749 1149 1773 et
1168 1752 1205 1772 ex
1221 1752 1274 1783 qu.
1288 1752 1342 1772 xm
1353 1740 1372 1759 ⁴*

303 1792 426 1816 constat
453 1785 561 1815 omnia
591 1785 723 1816 nomina
756 1786 941 1817 communia
968 1786 1039 1817 Deo
1064 1794 1094 1818 et
1117 1786 1184 1817 aliis
1208 1796 1275 1817 esse
1299 1796 1371 1817 ana-

302 1830 385 1869 loga,
410 1836 440 1860 et
459 1837 689 1870 consequenter
711 1830 873 1861 veritatem
897 1830 1059 1871 analogice
1082 1830 1214 1861 inveniri
1231 1830 1263 1861 in
1280 1830 1372 1861 intel-

301 1874 385 1904 lectu
410 1873 517 1904 divino
542 1881 572 1904 et
595 1874 662 1904 aliis
681 1874 904 1911 intellectibus;
929 1875 1072 1916 sequitur
1095 1875 1184 1916 quod
1207 1875 1240 1905 in
1263 1874 1371 1905 multis

303 1918 513 1949 intellectibus
537 1928 603 1948 non
628 1926 702 1949 sunt
725 1919 844 1950 multae
867 1919 1030 1956 veritates,
1056 1920 1111 1950 sed
1140 1929 1252 1950 omnes
1281 1919 1372 1950 intel-

301 1963 401 1993 lectus
418 1969 492 1993 sunt
506 1962 571 1993 veri
595 1973 659 1993 una
683 1963 751 1993 sola
774 1963 911 1999 veritate,
930 1963 1048 1994 scilicet
1065 1963 1243 1994 intellectus
1260 1963 1370 1994 divini.

302 2008 342 2038 Et
366 2017 382 2037 e
395 2017 559 2043 converso,
577 2007 602 2037 si
625 2007 737 2038 veritas
761 2007 991 2048 multiplicatur
1011 2008 1050 2038 ad
1072 2008 1371 2048 multiplicationem

300 2051 519 2082 intellectuum
541 2061 708 2088 verorum,
734 2062 808 2092 ergo
831 2062 898 2082 non
915 2062 971 2092 per
986 2052 1073 2093 prius
1100 2060 1130 2083 et
1146 2052 1303 2093 posterius
1327 2052 1371 2082 di-

301 2095 380 2126 citur
403 2096 442 2126 de
471 2095 531 2126 eis:
556 2095 631 2136 quia
655 2096 744 2137 quod
769 2107 826 2137 per
848 2097 936 2137 prius
962 2104 992 2127 et
1018 2097 1175 2138 posterius
1197 2096 1319 2133 dicitur,
1336 2096 1369 2127 in

301 2150 368 2171 uno
392 2146 518 2171 tantum
541 2140 717 2171 formaliter
735 2141 903 2177 invenitur,
926 2148 962 2172 ut
985 2140 1087 2172 littera
1109 2148 1210 2172 sonat.

359 2185 412 2215 IV.
437 2184 528 2215 Circa
552 2185 725 2215 secundam
748 2195 879 2226 quoque
903 2191 1026 2226 partem
1053 2185 1285 2226 consequentis,
1313 2185 1369 2216 du·

301 2229 392 2259 bium
414 2228 559 2259 occurrit.
585 2229 670 2266 Quia
694 2239 768 2260 cum
793 2229 906 2260 dicitur
929 2231 1036 2260 omnia
1061 2239 1129 2260 esse
1143 2240 1220 2260 vera
1238 2231 1371 2261 veritate

301 2273 421 2309 divina,
442 2273 607 2314 loquendo
625 2273 662 2303 de
685 2273 815 2304 veritate
837 2273 897 2310 rei,
920 2280 975 2304 aut
995 2274 1178 2314 intelligitur
1193 2274 1371 2304 secundum

303 2317 597 2348 denominationem
621 2317 837 2354 extrinsecam,
863 2325 918 2349 aut
939 2317 1150 2349 intrinsecam.
1166 2318 1241 2348 Non
1262 2317 1371 2348 intrin-

302 2371 416 2398 secam,
430 2368 466 2392 ut
479 2368 580 2402 patet:
598 2361 902 2402 ergoextrinsecam.
921 2362 962 2392 Et
977 2362 1002 2392 si
1019 2362 1072 2398 sic,
1086 2372 1160 2402 ergo
1173 2372 1221 2392 res
1234 2369 1289 2392 aut
1304 2372 1370 2392 non

302 2412 376 2436 sunt
386 2416 476 2436 verae
491 2405 683 2436 formaliter:
704 2406 793 2447 quod
809 2412 855 2436 est
869 2406 1105 2442 inconveniens,
1120 2406 1196 2447 quia
1210 2416 1371 2447 unaquae-

302 2460 365 2491 que
384 2460 432 2480 res
447 2450 543 2481 habet
557 2450 590 2480 in
605 2460 637 2481 se
654 2450 816 2491 propriam
831 2450 994 2481 veritatem
1011 2450 1064 2487 rei,
1081 2461 1146 2491 qua
1160 2450 1273 2481 dicitur
1287 2460 1369 2487 vera,

303 2501 338 2525 ut
353 2501 439 2535 patet
454 2495 492 2525 de
509 2504 603 2525 sensu
625 2502 768 2535 respectu
786 2494 905 2535 proprii
925 2494 1089 2526 sensibilis.
1109 2497 1176 2526 Aut
1191 2502 1265 2526 sunt
1280 2505 1371 2525 verae

301 2546 438 2580 utroque
450 2539 565 2575 modo;
577 2538 658 2570 sicut
669 2539 701 2569 in
714 2539 777 2576 Qu.
787 2539 827 2570 de
835 2539 928 2570 Bono
938 2539 955 2558 *
967 2539 1088 2570 dictum
1103 2546 1150 2570 est
1161 2539 1250 2580 quod
1261 2539 1371 2570 omnia

302 2590 376 2614 sunt
394 2584 479 2614 bona
502 2583 641 2614 bonitate
661 2583 767 2614 divina
783 2583 1010 2624 exemplariter,
1027 2583 1160 2614 finaliter
1176 2590 1206 2614 et
1221 2583 1369 2620 effective,

301 2634 332 2658 et
345 2634 462 2664 tamen,
480 2638 555 2658 cum
571 2627 642 2664 hoc,
668 2634 742 2659 sunt
765 2627 960 2659 bonitatibus
976 2627 1112 2668 propriis
1129 2627 1301 2659 formaliter
1316 2628 1372 2658 bo-

302 2682 369 2702 nae.
395 2672 435 2702 Et
459 2672 484 2702 si
508 2672 561 2708 sic,
587 2682 661 2712 ergo
685 2682 751 2702 non
776 2679 850 2703 sunt
872 2682 963 2703 verae
988 2672 1057 2702 sola
1080 2672 1209 2703 veritate
1231 2672 1346 2703 divina.

358 2717 397 2747 V.
423 2717 474 2747 Ad
497 2716 634 2757 primam
658 2716 922 2747 dubitationem*
941 2716 1064 2753 dicitur,
1082 2717 1228 2757 negando
1252 2716 1370 2747 disiun-

302 2760 417 2791 ctivam
440 2760 541 2791 illam:
562 2761 717 2802 quoniam
741 2761 833 2792 datur
856 2761 965 2792 tertius
991 2761 1107 2791 modus
1126 2761 1305 2801 exponendi
1321 2761 1370 2792 lit-

301 2811 410 2835 teram.
436 2805 487 2835 Ad
511 2805 600 2835 cuius
625 2805 825 2842 evidentiam,
850 2805 929 2836 scito
953 2805 1043 2846 quod
1064 2805 1098 2836 in
1123 2805 1260 2836 univoca
1283 2815 1371 2846 prae-

302 2849 458 2880 dicatione
487 2849 552 2879 duo
577 2849 783 2880 clauduntur:
814 2849 946 2886 scilicet,
971 2850 1162 2890 praedicari
1177 2849 1372 2891 formaliter

301 2893 341 2924 de
376 2894 553 2925 univocatis
564 2903 579 2932 ,·
611 2900 642 2924 et
668 2894 858 2934 praedicari
889 2895 928 2925 de
955 2895 1001 2925 eis
1029 2894 1205 2925 secundum
1239 2894 1370 2925 eandem

980 289 1247 336 QUAESTIO
1277 290 1383 336 XVI,
1413 289 1710 327 ARTICULUS
1739 290 1808 327 VII

1429 370 1557 399 omnino
1584 371 1740 400 rationem
1756 369 1948 410 formalem,
1976 376 2011 400 ut
2034 377 2119 409 patet
2141 369 2174 399 in
2198 371 2333 400 animali
2355 378 2498 412 respectu

1429 413 1518 443 bovis
1543 420 1573 444 et
1591 414 1702 444 leonis.
1727 413 1950 454 Multiplicatio
1975 421 2083 444 autem
2108 414 2174 444 eius
2199 415 2238 444 ad
2261 415 2498 456 multiplicatio-

1428 467 1503 487 nem
1526 457 1759 494 subiectorum,
1784 468 1851 488 non
1876 458 2023 489 convenit
2047 458 2075 488 ei
2099 468 2136 488 ex
2160 459 2300 489 secundo
2324 457 2499 501 (quoniam

1427 501 1488 541 ipsi
1513 501 1572 532 soli
1596 502 1793 538 conveniret,
1818 503 1908 543 quod
1931 510 2055 533 constat
2078 512 2144 533 esse
2169 502 2319 545 falsum):
2344 505 2399 534 sed
2423 514 2498 535 con-

1427 546 1514 576 venit
1530 546 1558 576 ei
1575 556 1612 577 ex
1631 548 1746 587 primo,
1770 546 1804 576 in
1827 557 1894 588 quo
1919 547 2135 578 communicat
2158 557 2233 578 cum
2256 547 2415 588 aliquibus
2431 558 2498 578 non

1429 590 1582 621 univocis.
1617 591 1728 627 Unde,
1753 601 1827 621 cum
1851 591 1884 621 in
1907 591 2075 632 proposito
2104 591 2144 622 sit
2167 602 2272 622 sermo
2296 592 2334 622 de
2359 592 2498 623 univoco

1428 634 1621 675 inquantum
1644 635 1873 676 multiplicatur
1892 636 1931 666 ad
1954 636 2254 676 multiplicationem
2270 636 2497 673 subiectorum,

1429 688 1627 719 consequens
1655 686 1701 710 est
1723 680 1814 720 quod
1835 680 2016 720 propositio
2039 680 2073 711 in
2097 680 2188 711 cuius
2210 680 2324 711 virtute
2349 687 2434 711 tenet
2452 691 2498 711 se-

1429 723 1523 763 quela
1538 724 1647 763 quoad
1663 723 1801 764 primam
1824 731 1956 764 partem,
1981 735 2048 755 non
2073 732 2119 756 est
2136 725 2204 761 ista,
2230 726 2399 756 univocum
2417 725 2498 755 mul-

1429 767 1595 806 tiplicatur
1609 768 1653 798 ad
1667 768 1961 808 multiplicationem
1983 770 2245 800 univocatorum:
2265 770 2319 800 sed
2335 769 2394 800 ista
2411 779 2498 800 corn-

1428 811 1578 847 munior,
1600 818 1639 842 *et
1662 812 1768 842 clausa
1795 812 1829 842 in
1860 813 2038 853 praedicta,
2065 814 2288 854 praedicatum
2307 814 2499 855 formaliter

1429 855 1664 895 multiplicatur
1689 856 1732 886 ad
1762 857 2056 896 multiplicationem
2089 859 2315 889 subiectorum.
2350 859 2391 889 Et
2421 865 2498 889 tunc

1429 900 1586 935 concedo,
1612 900 1701 940 quod
1725 901 1870 931 subsumi
1893 901 2096 942 intelligitur,
2121 903 2211 943 quod
2233 902 2346 933 veritas
2370 902 2410 933 sit
2433 902 2498 933 for-

1429 943 1552 973 maliter
1580 944 1797 983 praedicatum
1825 951 1968 985 respectu
1997 946 2183 977 intellectus.
2216 947 2257 977 Et
2280 947 2324 978 sic
2347 947 2496 978 infertur:

1429 997 1503 1027 ergo
1519 987 1632 1018 veritas
1649 988 1878 1028 multiplicatur
1894 989 1933 1019 ad
1949 989 2248 1030 multiplicationem
2264 991 2497 1027 intellectuum;

1428 1031 1530 1062 immo
1558 1031 1807 1068 intellectorum,
1831 1032 1896 1063 sive
1920 1033 1952 1063 in
1981 1044 2048 1064 uno
2077 1034 2141 1065 sive
2164 1035 2198 1065 in
2221 1035 2349 1066 diversis
2377 1036 2499 1066 intelle-

1429 1075 1540 1107 ctibus.
1565 1076 1712 1107 Meminit
1733 1083 1841 1107 autem
1855 1077 1957 1108 littera
1980 1077 2088 1118 potius
2112 1080 2240 1110 univoci
2258 1089 2357 1120 quam
2366 1075 2498 1120 praedi-

1428 1121 1492 1151 cati
1506 1120 1709 1161 formaliter,
1730 1127 1766 1151 ut
1785 1132 1802 1151 a
1821 1121 1998 1152 notioribus
2018 1122 2191 1153 traderetur
2209 1123 2385 1164 disciplina.

1486 1165 1540 1195 VI.
1564 1165 1616 1195 Ad
1633 1166 1805 1196 secundam
1819 1175 1895 1196 vero
1911 1166 2145 1197 dubitationem
2159 1166 2177 1186 *
2193 1167 2316 1204 dicitur,
2334 1169 2423 1209 quod
2445 1168 2500 1199 illa

1428 1209 1536 1249 regula
1555 1210 1593 1240 de
1610 1209 1746 1250 analogo
1770 1210 1882 1241 tradita
1904 1210 1938 1240 in
1960 1210 2071 1247 littera,
2097 1221 2163 1241 non
2187 1218 2234 1242 est
2257 1211 2441 1243 universalis
2460 1213 2499 1243 de

1429 1253 1518 1284 omni
1543 1254 1707 1294 analogiae
1736 1255 1854 1285 modo:
1885 1254 1970 1291 imo,
1995 1255 2123 1296 proprie
2145 1255 2330 1296 loquendo,
2355 1263 2391 1287 ut
2413 1263 2499 1297 patet

1429 1298 1440 1328 Ι
1460 1295 1602 1335 Ethic.*,
1627 1298 1707 1329 nulli
1732 1299 1867 1339 analogo
1893 1299 2049 1336 convenit,
2075 1300 2130 1330 sed
2151 1299 2300 1331 convenit
2314 1299 2500 1333 nominibus

1428 1342 1471 1373 ad
1495 1353 1594 1373 unum
1618 1343 1668 1373 vel
1692 1344 1723 1373 in
1747 1353 1811 1373 uno
1835 1350 1890 1374 aut
1905 1344 1945 1374 ab
1967 1354 2042 1381 uno,
2068 1354 2150 1385 quae
2174 1354 2233 1374 nos
2257 1343 2386 1375 abusive
2404 1354 2498 1376 voca-

1428 1397 1500 1418 mus
1525 1387 1667 1427 analoga.
1693 1387 1814 1418 Veritas
1839 1394 1960 1424 autem,
1985 1388 2011 1418 si
2036 1395 2238 1429 comparetur
2262 1389 2301 1419 ad
2325 1398 2373 1420 res
2398 1395 2429 1420 et
2450 1389 2498 1420 in-

2525 1174 2537 1185 ·
2551 1173 2588 1196 Cf.
2603 1180 2669 1197 num.
2683 1181 2718 1197 ιιι.

2527 1307 2536 1316 ’
2551 1306 2609 1336 Cap.
2619 1313 2650 1335 vr,
2660 1313 2684 1330 n.
2694 1313 2726 1330 ιι,

1427 1431 1580 1468 tellectus‚
1598 1438 1644 1462 est
1659 1442 1778 1462 nomen
1801 1432 1841 1462 ab
1863 1440 1946 1463 uno:
1969 1433 2125 1473 quoniam
2142 1434 2175 1463 in
2189 1433 2350 1464 intellectu
2366 1433 2438 1464 solo
2453 1440 2500 1466 est
2529 1455 2531 1457 ·

1427 1475 1550 1512 veritas,
1575 1486 1593 1506 a
1616 1486 1680 1516 qua
1703 1486 1751 1507 res
1777 1476 1926 1507 dicuntur
1948 1487 2050 1508 verae.
2075 1477 2108 1508 Si
2131 1487 2207 1508 vero
2232 1484 2435 1518 comparetur
2457 1478 2499 1509 ad

1427 1520 1604 1551 intellectus
1624 1520 1705 1551 inter
1720 1531 1764 1557 se,
1782 1520 1826 1551 sic
1842 1528 1889 1551 est
1912 1531 2031 1552 nomen
2055 1521 2243 1562 analogum:
2268 1532 2344 1552 nam
2363 1532 2497 1563 propor-

1427 1564 1584 1595 tionaliter
1608 1565 1753 1601 salvatur,
1779 1565 1952 1596 formaliter
1974 1572 2089 1602 tamen,
2114 1566 2147 1596 in
2170 1566 2314 1607 quolibet
2334 1566 2497 1598 intellectu

1428 1616 1640 1650 cognoscente
1667 1619 1789 1640 verum.
1820 1610 1898 1640 Esse
1921 1619 1996 1650 ergo
2021 1620 2141 1641 nomen
2165 1610 2296 1652 aliquod
2319 1611 2498 1642 secundum

1427 1653 1590 1694 propriam
1613 1654 1771 1684 rationem
1791 1654 1823 1684 in
1841 1663 1907 1684 uno
1921 1661 2065 1691 ¹tantum,
2091 1662 2138 1686 est
2161 1655 2301 1686 conditio
2325 1655 2498 1686 nominum

1427 1708 1509 1738 quae
1534 1705 1608 1729 sunt
1630 1698 1674 1728 ad
1697 1708 1797 1729 unum
1827 1705 1882 1729 aut
1904 1698 1945 1729 ab
1968 1709 2052 1736 uno,
2078 1705 2152 1730 etc.:
2182 1705 2213 1730 et
2235 1709 2302 1730 non
2325 1700 2498 1730 nominum

1426 1742 1706 1783 proportionaliter
1732 1742 1900 1774 dictorum.
1925 1743 2047 1774 Veritas
2072 1750 2189 1780 autern,
2207 1751 2350 1784 respectu
2374 1744 2497 1775 intelle-

1428 1793 1495 1817 ctus
1520 1786 1617 1817 divini
1642 1793 1671 1818 et
1695 1786 1846 1823 aliorum,
1870 1787 2111 1827 proportionale
2135 1798 2254 1818 nomen
2279 1795 2334 1819 est.
2359 1789 2401 1820 Et
2423 1788 2496 1820 ideo

1426 1841 1492 1861 non
1512 1831 1655 1871 sequitur
1678 1831 1767 1872 quod
1783 1830 1815 1861 in
1836 1831 1906 1862 solo
1930 1831 2000 1862 Deo
2016 1831 2063 1863 sit.
2082 1832 2148 1862 Iam
2165 1831 2251 1862 enim
2266 1832 2388 1863 dictum
2402 1839 2449 1864 est
2463 1832 2497 1863 in

1427 1875 1586 1906 solutione
1602 1875 1695 1915 primi
1713 1875 1800 1905 dubii
1812 1875 1838 1911 *,
1855 1876 1945 1916 quod
1961 1875 2050 1906 omni
2069 1876 2250 1916 praedicato
2269 1875 2443 1907 formaliter
2459 1877 2497 1907 de

1426 1919 1581 1960 pluribus»,
1595 1919 1744 1950 convenit
1755 1918 1925 1960 plurificari
1937 1920 1977 1950 ad
1989 1919 2257 1960 plurificationem
2269 1920 2496 1958 subiectorum,

1427 1964 1491 1994 sive
1515 1964 1594 1994 illud
1618 1963 1657 1994 sit
1680 1963 1869 2000 univocum,
1894 1971 1931 1995 ut
1952 1965 2087 2002 animal,
2113 1964 2177 1996 sive
2193 1964 2442 2005 proportionale,
2462 1972 2499 1996 ut

1427 2018 1494 2046 ens,
1512 2015 1569 2039 etc.
1588 2025 1606 2031 -
1621 2008 1669 2039 De
1686 2008 1873 2038 huiusmodi
1896 2015 2005 2039 autem
2029 2008 2202 2040 differentia
2218 2009 2388 2040 nominum
2404 2009 2497 2050 plene

1427 2053 1581 2092 scriptum
1604 2052 1744 2083 invenies
1768 2052 1800 2083 in
1824 2059 1956 2084 tractatu
1980 2054 2020 2084 de
2041 2054 2206 2095 Analogia
2229 2054 2404 2085 Nominum
2419 2054 2446 2086 *.
2492 2091 2493 2094 Ἴ

1485 2097 1552 2128 V11.
1577 2097 1627 2127 Ad
1652 2097 1788 2127 dubium
1811 2104 1919 2128 autem
1947 2105 2056 2128 contra
2079 2098 2253 2129 secundam
2275 2105 2398 2139 partem
2422 2108 2498 2130 con-

1427 2141 1579 2172 clusionis
1595 2139 1620 2178 *,
1646 2141 1811 2181 responsio
1836 2151 1871 2172 ex
1895 2141 1997 2172 littera
2020 2142 2166 2179 habetur,
2191 2141 2246 2173 ubi
2271 2142 2385 2173 dicitur
2408 2143 2498 2185 quod

1427 2186 1500 2217 licet
1517 2186 1633 2226 plures
1655 2187 1719 2216 sint
1747 2187 1903 2216 essentiae
1927 2186 1977 2217 vel
1990 2186 2127 2227 formae
2150 2196 2273 2224 rerum,
2299 2192 2405 2218 tamen
2431 2197 2497 2219 una

1427 2235 1475 2261 est
1497 2231 1617 2261 veritas
1640 2236 1698 2260 etc.
1723 2230 1811 2260 Haec
1835 2230 1921 2260 enim
1949 2231 2043 2261 verba
2074 2238 2148 2271 post
2175 2232 2343 2271 probatam
2367 2232 2497 2263 conclu·

1428 2274 1552 2304 sionem
1575 2273 1723 2304 adiuncta
1746 2281 1839 2310 sunt,
1870 2274 1910 2304 ad
1938 2274 2159 2305 declarandam
2187 2274 2395 2306 differentiam
2416 2276 2499 2308 inter

1427 2317 1603 2349 bonitatem
1626 2324 1657 2348 et
1684 2317 1848 2348 veritatem
1876 2319 1985 2358 quoad
2011 2319 2084 2350 hoc.
2110 2319 2275 2356 Quoniam
2305 2329 2353 2350 res
2384 2330 2497 2351 omnes

2525 1886 2534 1896 ·
2549 1885 2622 1908 Num.
2637 1892 2716 1915 praec.

2525 2058 2535 2068 ·
2557 2057 2578 2080 0
2597 2063 2647 2080 nnc.
2664 2057 2742 2080 Caiet-

2524 2084 2572 2107 vol.
2613 2083 2706 2112 ,Tr-aet.
2713 2091 2741 2112 v,

2525 2117 2577 2139 cup.
2587 2117 2605 2138 1,
2620 2117 2643 2139 ιι,
2659 2117 2692 2133 ιιι.

2525 2152 2534 2162 ·
2550 2150 2587 2173 Cf.
2602 2156 2668 2174 ιιιιιιι.
2683 2157 2715 2173 rv.

1428 2362 1577 2393 dicuntur
1599 2362 1703 2392 bonae
1727 2361 1912 2402 dupliciter,
1938 2362 2104 2394 intrinsece
2129 2370 2159 2394 et
2183 2362 2374 2400 extrinsece,
2405 2371 2441 2395 ut
2463 2364 2496 2395 in
2527 2378 2533 2385 ·

1428 2416 1481 2447 qu.
1493 2417 1524 2436 vr
1535 2405 1554 2424 ⁴*
1571 2406 1692 2437 dictum
1708 2413 1768 2437 est:
1791 2416 1882 2437 verae
1898 2413 2006 2443 autern
2022 2407 2170 2438 dicuntur
2186 2407 2357 2438 extrinseca
2372 2415 2498 2439 tantum
2524 2416 2534 2426 ·

1428 2450 1697 2487 denominatione,
1722 2450 1765 2481 ita
1788 2450 1989 2492 quod,nnna
2012 2458 2058 2483 est
2080 2451 2114 2482 in
2133 2452 2226 2483 rebus
2250 2451 2426 2483 formaliter
2443 2463 2497 2484 ve-

1427 2495 1517 2531 ritas;
1538 2495 1592 2526 sed
1614 2494 1768 2526 imitative
1791 2505 1847 2526 seu
1864 2491 2067 2536 adimpretive
2090 2503 2235 2536 respectu
2258 2497 2437 2528 intellectus
2452 2497 2497 2528 di-

1426 2539 1501 2576 vini,
1519 2546 1549 2571 et
1563 2539 1727 2570 causaliter
1750 2546 1893 2580 respectu
1918 2540 2018 2571 nostri
2041 2540 2218 2572 intellectus
2242 2541 2438 2582 speculativi.
2463 2541 2497 2573 Si

1427 2584 1513 2615 enim
1536 2584 1644 2615 nullus
1668 2590 1748 2614 esset
1770 2583 1957 2620 intellectus,
1982 2584 2070 2615 nulla
2090 2595 2138 2616 res
2152 2595 2235 2622 vera,
2255 2585 2363 2616 nullus
2387 2595 2498 2618 sensus

1427 2638 1519 2659 verus
1544 2628 1605 2659 dici
1629 2635 1745 2668 posset,
1762 2627 1821 2658 nisi
1846 2628 2028 2670 aequivoce,
2047 2635 2082 2660 ut
2104 2629 2137 2659 in
2159 2629 2222 2667 Qu.
2241 2629 2281 2660 de
2302 2630 2384 2668 Ver„
2406 2640 2461 2672 qu.
2475 2641 2496 2668 1,

1427 2679 1482 2704 art.
1499 2682 1540 2713 4,
1565 2672 1694 2703 dicitur:
1720 2673 2013 2713 quemadmodum,
2043 2673 2068 2703 si
2092 2683 2158 2704 non
2183 2680 2264 2704 esset
2292 2674 2408 2705 sanitas
2431 2674 2498 2705 ani-

1427 2717 1529 2753 malis,
1554 2717 1641 2747 nulla
1663 2717 1829 2753 medicina,
1847 2717 1999 2758 nullaque
2024 2717 2125 2749 diaeta
2148 2728 2223 2748 sana
2239 2717 2301 2749 dici
2315 2725 2432 2759 posset.
2457 2719 2499 2750 Et

1426 2761 1575 2792 omnium
1591 2771 1655 2792 una
1671 2768 1718 2792 est
1740 2761 1839 2792 ratio:
1864 2762 1940 2802 quia
1955 2761 2073 2793 scilicet
2086 2762 2120 2792 in
2136 2762 2258 2793 ratione
2273 2762 2338 2793 veri
2354 2763 2388 2793 in
2404 2763 2498 2794 rebus

1426 2806 1509 2837 cadit
1526 2805 1640 2837 veritas
1655 2805 1846 2842 intellectus;
1871 2813 1903 2836 et
1918 2806 1986 2836 sani
2009 2806 2042 2836 in
2066 2806 2223 2838 medicina
2240 2814 2270 2838 et
2286 2807 2397 2843 diaeta,
2416 2807 2499 2838 cadit

1427 2850 1542 2882 sanitas
1566 2850 1724 2886 animalis;
1749 2856 1780 2881 et
1803 2850 1846 2881 sic
1870 2850 1909 2880 de
1933 2850 2009 2881 aliis.
2035 2851 2164 2882 Sublata
2189 2851 2274 2882 enim
2298 2850 2496 2888 definitione,

1426 2905 1493 2925 non
1515 2901 1657 2925 remanet
1680 2894 1767 2925 idem
1790 2904 1910 2924 nornen
1934 2894 1993 2925 nisi
2017 2895 2199 2936 aequivoce.

1092 3057 1411 3099 ARTICULUS
1441 3055 1709 3099 SEPTIMUS

951 3153 1108 3184 UTRUM
1131 3153 1316 3184 VEmTAs
1340 3152 1517 3184 CREATA
1541 3153 1608 3184 sn·
1632 3153 1839 3183 AETERNA

584 3241 675 3273 Supra,
689 3247 735 3273 qu.
749 3247 773 3269 x,
788 3244 833 3264 art.
855 3239 876 3270 3,
891 3240 922 3264 ad
944 3239 972 3271 35
992 3240 1001 3264 1
1021 3240 1104 3269 Sent.,
1121 3240 1178 3265 dist.
1191 3247 1241 3265 xxx.
1255 3247 1300 3272 qu.
1318 3247 1342 3270 v,
1358 3244 1405 3264 art.
1421 3238 1450 3269 3;
1470 3239 1490 3264 11
1511 3240 1588 3264 Cont.
1604 3240 1690 3269 Gent„
1705 3247 1760 3272 cap.
1778 3247 1856 3270 xxxv,
1876 3240 1915 3271 111,
1932 3247 1987 3273 cap.
2001 3246 2092 3271 Lxxxu,
2106 3246 2210 3271 Lxxxtv;

978 3275 1018 3300 De
1043 3275 1131 3304 Verit„
1145 3283 1189 3308 qu.
1204 3283 1222 3307 r,
1237 3280 1284 3300 art.
1297 3273 1311 3299 5
1320 3282 1327 3306 ;
1348 3275 1390 3299 De
1408 3275 1476 3304 Por„
1491 3282 1536 3308 qu.
1551 3282 1588 3305 ιιι,
1602 3280 1648 3300 art.
1667 3283 1706 3308 17,
1721 3275 1753 3300 ad
1774 3282 1815 3308 27.

331 3393 488 3476 ᾅέᾈὶἒῇ
512 3418 652 3455 veritas
672 3425 795 3454 creata
815 3417 861 3454 sit
880 3425 1043 3454 aeterna.
1061 3417 1158 3454 Dicit
1175 3417 1277 3454 enim
1292 3418 1371 3456 Au-

349 3467 354 3473 *
378 3483 435 3518 *Vi
455 3456 477 3483 ἰ
496 3466 696 3519 gustinus,
723 3470 762 3508 in
787 3470 882 3507 libro
911 3470 957 3507 de
983 3471 1121 3507 Libero
1149 3470 1318 3508 Arbitrio
1337 3469 1368 3517 ³¹⁸,

320 3472 619 3572 wquod
647 3524 738 3562 nihil
776 3531 831 3561 est
867 3523 988 3572 magis
1017 3531 1214 3561 aeternum
1250 3535 1367 3572 quam

356 3663 383 3697 α)
404 3671 481 3690 omne
499 3664 569 3697 quod
587 3667 626 3690 est
644 3672 756 3697 semper.
774 3679 792 3684 -
810 3672 887 3691 omne
907 3665 978 3697 quod
997 3668 1036 3691 est
1056 3665 1149 3698 ubique
1168 3668 1194 3690 et
1212 3671 1315 3697 semper
1334 3664 1363 3690 E.

448 3384 471 3398 2-
495 3377 535 3401 D
556 3376 734 3402 sap-rmum
755 3375 808 3401 sm
828 3375 1068 3401 PROCEDlTUR.
1089 3364 1248 3401 Videtur
1267 3363 1371 3412 quod
1425 3363 1519 3400 ratio
1541 3363 1680 3410 circuli,
1703 3371 1739 3401 et
1759 3363 1836 3401 duo
1867 3370 1903 3400 et
1921 3362 1990 3400 tria
2020 3375 2102 3400 esse
2128 3363 2308 3412 quinque.
2330 3363 2407 3401 Sed
2426 3364 2495 3401 ho-

1426 3429 1511 3453 rum
1531 3417 1671 3454 veritas
1692 3425 1747 3454 est
1764 3416 1905 3455 veritas
1925 3424 2061 3454 creata.
2090 3417 2192 3465 Ergo
2212 3417 2351 3454 veritas
2370 3424 2495 3454 creata

1426 3477 1482 3506 est
1508 3477 1672 3506 aeterna.
2026 3511 2031 3519 Ι

1479 3534 1514 3559 2.
1545 3523 1788 3569 PRAETEREA,
1819 3534 1937 3559 omne
1966 3523 2072 3572 quod
2101 3531 2156 3561 est
2189 3535 2343 3572 semper
2369 3528 2407 3570 ⁸,
2439 3529 2495 3558 est
