2768 4178
0 1120 21 1207 .Ϊ5“Γ’“““
0 1039 4 1088 “W‘'
0 1019 1 1027 ⁴

86 521 98 533 ⁴
111 520 141 543 D·
155 526 206 548 475-

87 734 97 744 ·
108 733 158 761 Qu.
165 739 213 761 xm,
224 736 268 755 art.
276 739 300 760 4.

1052 218 1321 265 QUAESTIO
1351 219 1456 266 xlv,
1485 220 1783 257 ARTICULUS
1814 223 1826 257 1

329 298 654 347 quandocumque
688 297 845 347 aliquod
872 309 1018 334 nomen
1046 304 1244 345 sumptum
1266 309 1288 333 a
1307 309 1400 345 qua-

330 363 496 399 cumque
515 350 748 400 perfectione
778 358 971 387 creaturae
991 351 1076 387 Deo
1098 350 1320 397 attribuitur,
1342 362 1399 386 se-

330 404 501 441 cludatur
529 404 577 441 ab
608 403 688 441 eius
721 403 994 452 significatione
1023 415 1140 440 omne
1169 402 1259 440 illud
1294 402 1400 451 quod

327 457 491 507 pertinet
528 457 576 494 ad
612 457 881 506 imperfectum
918 453 1082 493 modum
1116 456 1180 505 qui
1219 455 1401 504 competit

330 518 536 548 creaturae.
563 510 675 548 Unde
699 509 854 547 scientia
873 521 952 546 non
972 516 1028 546 est
1046 509 1207 557 qualitas
1226 509 1265 546 in
1279 510 1365 546 Deo
1379 509 1400 531 '¹‘

329 565 392 601 vel
419 563 583 611 habitus,
614 562 683 600 sed
710 562 920 599 substantia
948 570 984 599 et
1012 570 1118 599 actus
1145 575 1277 611 purus.

381 618 442 654 Ao
471 628 661 654 SECUNDUM
689 627 876 653 DICENDUM
904 615 1011 664 quod
1039 628 1085 653 ea
1114 628 1213 664 quae
1240 622 1328 652 sunt
1346 614 1398 652 di-

328 669 440 707 visim
471 677 507 706 et
534 668 791 718 multipliciter
827 668 866 705 in
901 668 1101 716 creaturis,
1131 669 1171 706 in
1198 670 1283 706 Deo
1314 676 1401 705 sunt

328 722 548 772 simpliciter
573 729 610 758 61
631 721 749 770 1111116,
774 729 817 759 111
835 734 950 771 supra
964 722 984 744 '¹‘
1004 722 1147 759 dictum
1169 730 1235 759 est.
1266 723 1398 758 Homo

328 783 469 822 autem,
498 774 713 812 secundum
734 774 885 813 diversa
909 776 1070 824 cognita,
1090 776 1207 813 habet
1230 775 1399 813 diversas

328 828 584 877 cognitiones:
614 841 704 865 nam
725 829 940 866 secundum
960 829 1064 877 quod
1085 829 1279 877 cognoscit
1296 828 1400 877 prin-

328 882 436 931 cipia,
454 881 587 919 dicitur
601 882 744 919 habere
759 882 1063 932 intelligentiam‚·
1080 883 1275 920 scientiam
1289 894 1397 930 vero,

327 935 541 973 secundum
576 935 682 984 quod
711 936 905 984 cognoscit
938 936 1223 982 conclusiones;
1251 935 1398 984 sapien-

326 989 439 1035 tiam,
475 989 690 1026 secundum
724 989 829 1037 quod
859 989 1053 1037 cognoscit
1081 1001 1237 1026 causam
1266 988 1400 1026 altissi-

327 1054 451 1088 mam3
481 1042 678 1079 consilium
698 1043 760 1080 vel
780 1043 1034 1091 prudentiam,
1057 1042 1271 1079 secundum
1291 1042 1398 1090 quod

328 1095 523 1144 cognoscit
550 1095 711 1144 agibilia.
743 1096 820 1133 Sed
845 1097 941 1133 haec
961 1096 1092 1133 omnia
1111 1097 1217 1132 Deus
1237 1108 1314 1131 una
1334 1099 1399 1131 et¹⁰

328 1148 490 1198 simplici
518 1149 734 1198 cognitione
765 1148 979 1197 cognoscit,
1009 1157 1051 1186 ut
1078 1148 1175 1185 infra
1193 1148 1213 1170 '¹‘
1241 1148 1397 1197 patebit.

380 1310 407 1343 η)
427 1314 461 1336 et.
479 1323 499 1329 -
517 1310 579 1335 0m.
597 1309 720 1335 Ascua.

380 1344 405 1378 θ)
425 1345 563 1378 quidquid.
577 1358 598 1365 —-
616 1345 689 1377 quod
707 1344 818 1375 codices,
838 1344 911 1377 quod
929 1344 1001 1369 ratio
1020 1344 1053 1369 ed
1071 1351 1098 1368 a.

381 1382 400 1414 ι)
420 1381 483 1414 ipse.
501 1395 520 1400 —
537 1384 565 1406 et
583 1381 638 1412 ipse
657 1380 685 1405 P.

2400 246 2405 253 ·
2450 224 2521 271 167

1454 298 1566 335 Unde
1595 298 1755 358 simplex
1778 300 1849 336 Dei
1878 301 2041 359 cognitio
2062 302 2242 339 omnibus
2261 302 2338 339 istis
2358 303 2521 340 nomini-

1454 350 1526 387 bus
1546 351 1735 388 nominari
1763 360 1904 400 potest:
1935 354 1985 390 ita
2003 362 2131 392 tamen
2151 355 2257 403 quod
2277 356 2324 392 ab
2344 368 2521 405 unoquo-

1455 415 1530 452 que
1551 416 1697 452 eorum,
1720 406 1933 442 secundum
1953 407 2086 454 quod
2078 420 2116 444 111
2137 408 2306 445 divinam
2326 409 2520 458 praedica-

1454 457 1598 494 tionem
1626 458 1741 505 venit,
1772 459 1986 496 secludatur
2014 460 2196 509 quidquid
2224 461 2520 510 imperfectionis

1456 517 1523 557 est,
1558 518 1594 547 et
1622 511 1826 549 retineatur
1854 512 2040 560 quidquid
2063 511 2076 534 ⁶
2104 514 2344 562 perfectionis
2374 523 2440 552 est.
2472 516 2521 552 Et

1455 564 1668 601 secundum
1700 565 1776 602 hoc
1804 565 1939 602 dicitur
1969 567 2039 602 Iob
2057 567 2156 603 X11*:
2190 568 2293 615 apud
2319 568 2440 616 ipsum
2469 575 2523 605 est

1453 617 1635 665 sapientia
1655 623 1691 654 et
1700 618 1913 666 fortitudo;
1941 619 2018 667 ipse
2035 625 2043 639 ³
2071 620 2182 656 habet
2199 621 2393 657 consilium
2413 627 2447 658 et
2466 622 2521 658 in-

1455 669 1709 719 telligentiam.

1507 725 1565 760 AD
1594 735 1754 761 TERT1UM
1782 736 1967 761 DICENDUM
1995 724 2101 772 quod
2130 725 2284 762 scientia
2313 734 2368 763 est
2386 739 2519 764 secun-

1455 776 1548 813 dum
1578 777 1741 814 modum
1781 777 2066 825 cognoscentis:
2097 778 2233 815 scitum
2267 779 2367 815 enim
2401 787 2456 817 est
2482 780 2520 817 in

1453 829 1595 866 sciente
1623 830 1837 867 secundum
1866 830 2028 868 modum
2057 831 2217 868 scientis.
2243 832 2292 868 Et
2311 832 2409 879 ideo,
2432 846 2519 869 curn

1454 883 1595 920 modus
1615 883 1767 921 divinae
1792 884 1977 920 essentiae
1993 890 2006 905 ¹
2034 884 2080 920 sit
2100 884 2208 921 altior
2235 897 2351 933 quarn
2381 886 2520 923 modus

1454 949 1531 985 quo
1567 944 1760 974 creaturae
1796 945 1903 984 sunt,
1934 937 2089 974 scientia
2127 937 2255 974 divina
2291 950 2369 974 non
2407 939 2522 975 habet

1452 989 1616 1026 modum
1651 997 1798 1027 creatae
1832 990 2026 1037 scientiae,
2056 998 2097 1027 ut
2129 991 2269 1028 scilicet
2297 991 2342 1028 sit
2368 991 2520 1029 univer-

1453 1043 1540 1080 salis
1566 1043 1629 1080 vel
1657 1043 1891 1092 particularis
1910 1043 1946 1090 ²³⁸,
1975 1045 2037 1080 vel
2064 1044 2104 1081 in
2131 1043 2263 1081 habitu
2290 1045 2352 1081 vel
2381 1044 2420 1082 in
2450 1057 2519 1094 po-

1452 1095 1578 1143 tentia,
1608 1097 1670 1133 vel
1689 1098 1901 1134 secundum
1931 1097 2097 1145 aliquem
2116 1098 2230 1134 talem
2260 1098 2421 1135 modum
2447 1098 2520 1135 dis-

1452 1156 1587 1198 posna.

1505 1308 1531 1341 κ)
1551 1309 1645 1334 modus
1669 1309 1777 1335 divinae
1800 1310 1938 1335 essentiae.
1957 1324 1975 1329 -
1994 1310 2200 1338 modusaivini
2224 1318 2279 1335 esse
2303 1312 2413 1337 codices,
2432 1326 2450 1332 —-
2468 1314 2519 1338 Pro

1452 1344 1560 1369 modum
1579 1348 1686 1370 creatae
1703 1345 1837 1375 scientiae,
1858 1346 1966 1370 modum
1985 1346 2111 1371 scientiae
2133 1349 2274 1371 creaturae
2292 1347 2391 1378 ACDE,
2411 1349 2518 1373 modum

1451 1379 1578 1405 scientiae
1595 1383 1703 1405 creatae
1722 1381 1752 1406 B.

1006 1457 1340 1514 Commentaria
1362 1479 1615 1513 Car-<linaiis
1636 1481 1838 1527 Caietam

387 1594 505 1615 nunus.
534 1583 695 1614 Scientia:
725 1583 856 1614 nomine
883 1583 1030 1614 scientiae
1059 1583 1265 1623 intelligimus
1289 1584 1398 1623 cogni-

388 1629 506 1659 tionem
531 1628 758 1659 intellectivam
782 1634 903 1659 certam
928 1634 959 1659 et
980 1628 1166 1659 evidentem.

379 1673 416 1703 In
428 1682 562 1713 corpore
576 1682 641 1703 una
655 1672 829 1709 conclusio,
842 1672 1026 1713 responsiva
1040 1671 1185 1713 quaesito
1198 1671 1397 1702 affirmative:

326 1718 363 1748 In
375 1717 446 1748 Deo
463 1723 509 1748 est
523 1716 652 1748 scientia
668 1716 902 1757 perfectissime.
923 1735 943 1739 —
958 1717 1124 1747 Probatur.
1148 1715 1398 1746 Immaterialitas

326 1768 373 1793 est
388 1761 469 1792 ratio
485 1761 576 1802 quod
599 1761 719 1802 aliquid
742 1761 781 1792 sit
797 1761 1064 1802 cognoscitivum;
1090 1768 1120 1792 et
1134 1761 1311 1791 secundum
1327 1769 1397 1790 mo-

326 1806 406 1837 dum
429 1805 702 1836 immaterialitatis
726 1812 773 1836 est
795 1806 912 1836 modus
937 1805 1137 1845 cognitionis.
1163 1805 1226 1836 Sed
1241 1805 1328 1835 Deus
1352 1811 1398 1834 est

325 1850 359 1881 in
375 1860 505 1881 summo
521 1849 803 1881 immaterialitatis.
828 1850 913 1890 Ergo
930 1850 1017 1880 Deus
1033 1857 1080 1880 est
1095 1850 1127 1879 in
1144 1859 1273 1879 summo
1290 1848 1397 1889 cogni-

325 1894 439 1926 tionis:
464 1895 554 1935 quod
578 1901 624 1924 est
646 1894 761 1924 habere
784 1893 1011 1934 perfectissime
1034 1893 1208 1925 scientiam.

386 1938 490 1970 Maior
504 1938 600 1969 habet
623 1938 701 1968 duas
725 1945 838 1978 partes,
864 1945 895 1969 et
917 1939 1026 1979 quoad
1049 1945 1218 1978 utramque
1234 1937 1397 1978 probatur.

331 1983 448 2021 Quoad
456 1984 601 2023 primam
612 1988 755 2023 partem,
773 1983 949 2023 dupliciter.
964 1983 1083 2019 Primo,
1100 1983 1231 2018 ratione,
1249 1982 1302 2013 sic.
1320 1982 1397 2012 Esse

328 2037 523 2068 cognoscens
548 2033 595 2057 651
618 2037 655 2057 611
677 2026 792 2058 habere
815 2027 954 2058 formam
977 2037 1068 2058 suam
1092 2034 1123 2058 et
1145 2027 1291 2058 alterius:
1321 2036 1396 2066 ergo

328 2082 365 2102 ex
380 2071 591 2112 amplitudine
606 2077 751 2102 naturae:
769 2081 844 2112 ergo
861 2081 898 2102 ex
913 2071 1185 2102 immaterialitate.
1198 2071 1397 2101 Antecedens

327 2116 494 2156 probatur:
512 2115 588 2156 quia
603 2115 635 2146 in
650 2115 712 2146 hoc
728 2115 830 2146 differt
846 2126 1041 2156 cognoscens
1057 2126 1075 2146 a
1091 2126 1157 2146 non
1174 2121 1396 2155 cognoscente.

325 2160 433 2191 Prima
450 2170 527 2190 vero
547 2159 774 2200 consequentia
797 2170 834 2190 ex
857 2170 890 2190 se
914 2166 960 2191 est
979 2160 1123 2191 evidens:
1148 2160 1225 2200 quia
1243 2159 1333 2199 quod
1352 2165 1398 2188 est

326 2205 436 2246 ipsum
452 2210 483 2235 et
497 2203 568 2242 alin,
585 2210 632 2234 est
646 2204 746 2244 magis
762 2204 908 2244 amplum
924 2214 1023 2245 quarn
1039 2205 1129 2245 quod
1144 2210 1190 2235 est
1205 2204 1314 2244 ipsum
1328 2209 1397 2233 tan-

324 2250 408 2280 tum.
431 2249 473 2279 Et
496 2247 703 2279 confirmatur
725 2248 910 2279 auctoritate
934 2249 975 2279 111
999 2250 1039 2280 de
1056 2250 1195 2279 Anima:
1217 2249 1327 2278 anima
1352 2252 1398 2277 est

326 2292 561 2334 quodammodo
584 2293 703 2323 omnia.
730 2292 875 2323 Secunda
898 2303 974 2324 vero
999 2293 1226 2334 consequentia
1247 2293 1399 2332 probatur

328 2347 366 2368 ex
381 2337 471 2368 dictis
487 2337 520 2367 in
543 2347 598 2378 qu.
615 2347 668 2373 vn,
692 2337 783 2377 quod
807 2337 976 2369 coarctatio
1001 2337 1121 2368 formae
1141 2343 1188 2368 est
1204 2347 1240 2367 ex
1256 2336 1396 2372 materia,

325 2388 359 2412 et
381 2381 520 2412 infinitas
543 2381 720 2412 formarum
750 2387 807 2421 per
833 2391 991 2412 recessum
1015 2391 1032 2412 a
1057 2381 1196 2412 materia.
1214 2399 1233 2404 -
1249 2380 1397 2412 Secundo

326 2423 482 2467 probatur
499 2426 601 2456 maior
620 2425 806 2456 auctoritate
829 2426 1016 2462 Aristotelis,
1042 2427 1068 2456 11
1092 2427 1133 2457 de
1154 2427 1283 2463 Anima,
1309 2425 1398 2466 quod

324 2470 456 2511 ¹plantae
479 2480 547 2500 non
569 2476 778 2510 cognoscunt,
802 2477 932 2510 propter
955 2480 1047 2501 suam
1070 2470 1332 2501 materialitatem.

366 2531 368 2533 >
389 2514 505 2551 Quoad
526 2514 701 2545 secundam
725 2524 801 2544 vero
825 2521 958 2554 partem,
983 2515 1136 2555 probatur
1159 2515 1261 2545 maior
1277 2524 1314 2544 ex
1329 2523 1397 2554 gra-

329 2558 422 2589 dibus
440 2558 652 2598 cognoscendi
667 2558 701 2588 in
713 2568 807 2588 sensu
825 2565 855 2589 et
870 2559 1041 2590 intellectu.
1060 2559 1115 2589 Ille
1131 2559 1217 2589 enim
1233 2558 1397 2598 cognosci-

328 2603 412 2634 tivus
427 2609 482 2641 651,
500 2602 575 2643 quia
588 2601 764 2642 receptivus
779 2602 956 2642 specierum
971 2603 1037 2634 sine
1053 2603 1199 2634 materia:
1214 2603 1271 2633 iste
1286 2602 1396 2642 magis,

326 2646 406 2687 quia
428 2653 589 2686 separatus
614 2652 644 2676 et
667 2645 840 2683 immixtus,
865 2653 902 2677 ut
924 2647 1038 2678 dicitur
1061 2644 1101 2678 111
1125 2648 1165 2679 de
1179 2649 1308 2678 Anima.

388 2690 495 2721 Minor
513 2697 622 2720 autem
641 2699 678 2720 ex
697 2691 883 2730 supradictis
903 2698 950 2722 est
969 2698 1055 2722 nota.

388 2735 426 2766 II.
451 2734 544 2765 Circa
567 2733 775 2765 differentiam
798 2735 988 2775 assignatam
1010 2736 1091 2767 inter
1114 2736 1338 2776 cognoscentia
1369 2741 1399 2765 et

328 2789 397 2810 non
421 2778 661 2819 cognoscentia,
691 2778 862 2810 dubitatur.
885 2782 969 2816 Aut,
994 2791 1068 2811 cum
1099 2781 1212 2811 dicitur
1235 2780 1324 2821 quod
1347 2789 1398 2810 co-

327 2833 489 2866 gnoscens
513 2828 624 2853 natum
641 2828 687 2853 est
704 2833 772 2854 esse
791 2825 885 2854 etiam
908 2825 987 2862 alia,
1011 2825 1148 2856 intendis
1172 2825 1261 2865 quod
1280 2825 1312 2865 ly
1331 2833 1399 2854 esse

329 2867 522 2908 intelligatur
542 2877 606 2908 per
622 2867 851 2899 identitatem:
879 2873 909 2899 et
937 2869 980 2899 sic
1007 2869 1125 2900 falsum
1148 2875 1212 2905 est,
1244 2866 1399 2909 quoniam

324 2912 436 2942 anima
458 2911 648 2942 intellectiva
672 2922 739 2942 non
763 2918 809 2942 est
827 2919 900 2943 nata
916 2923 983 2943 esse
998 2913 1084 2943 idem
1098 2913 1188 2954 quod
1203 2892 1292 2953 lapis,
1310 2912 1399 2957 quod

330 2957 399 2992 bos,
424 2963 482 2987 etc.
507 2958 574 2986 Aut
589 2965 653 3006 per
676 2951 958 2997 informationem:
981 2963 1012 2988 et
1035 2964 1120 2993 tunc,
1145 2963 1200 2987 aut
1217 2967 1280 2997 per
1298 2958 1398 2987 inten-

329 3001 502 3038 tionalem,
526 3006 557 3030 et
579 3000 623 3030 sic
647 3007 693 3031 est
716 3000 793 3030 falsa
817 3000 998 3038 differentia,
1023 3002 1098 3042 quia
1121 3012 1173 3032 aer
1196 3008 1242 3032 est
1260 3011 1326 3032 non
1347 3011 1398 3031 co-

331 3054 497 3084 gnoscens,
515 3050 546 3075 et
560 3051 668 3075 tamen
684 3044 793 3084 recipit
810 3045 932 3076 colores
947 3046 1211 3077 intentionaliter:
1236 3053 1291 3076 aut
1307 3050 1398 3076 natu-

331 3088 451 3125 ralem,
476 3094 508 3119 et
529 3095 605 3119 tunc
629 3096 675 3119 est
698 3088 882 3125 falsissima,
912 3096 983 3120 tum
1006 3090 1082 3131 quia
1103 3090 1183 3130 lapis
1207 3100 1274 3120 non
1298 3096 1344 3120 est
1366 3089 1398 3119 in

332 3132 447 3167 anima,
463 3139 534 3162 tum
549 3132 625 3173 quia
641 3143 707 3163 non
724 3134 946 3173 cognoscentia
969 3133 1031 3165 hoc
1050 3135 1150 3165 modo
1167 3141 1241 3164 sunt
1257 3133 1326 3164 alia.

390 3175 539 3206 Similiter
553 3177 587 3218 ly
602 3177 669 3207 alia
686 3184 741 3208 aut
758 3184 818 3208 stat
840 3187 898 3217 pro
915 3179 1082 3219 omnibus:
1106 3185 1136 3209 et
1150 3178 1193 3209 sic
1210 3185 1257 3209 est
1271 3178 1398 3214 falsum,

327 3219 408 3261 -quia
426 3229 536 3251 sensus
556 3230 626 3251 non
645 3228 691 3252 est
714 3228 806 3252 natus
831 3231 898 3252 esse
921 3222 1040 3259 omnia,
1064 3224 1119 3253 sed
1142 3223 1310 3263 quaedam.
1334 3224 1400 3252 Aut

332 3274 392 3305 pro
415 3264 623 3304 quibusdam:
646 3272 677 3296 et
700 3266 743 3296 sic
767 3265 939 3296 differentia
955 3273 1001 3297 est
1019 3267 1121 3303 nulla;
1138 3267 1293 3307 quoniam
1313 3277 1400 3297 com-

332 3317 431 3339 mune
455 3315 501 3338 est
524 3308 673 3340 omnibus
702 3320 784 3351 quae
807 3311 894 3350 apud
916 3321 976 3340 nos
1000 3317 1087 3347 sunt,
1113 3321 1179 3341 esse
1203 3321 1270 3341 non
1293 3311 1399 3341 solum

323 3353 410 3392 ipsa,
428 3352 484 3382 sed
507 3353 664 3393 quaedam
687 3353 747 3384 alia
769 3354 878 3395 aliquo
902 3354 1011 3391 modo,
1030 3354 1147 3385 scilicet
1169 3365 1225 3395 per
1248 3354 1399 3397 informa-

333 3397 469 3432 tionem;
490 3397 645 3438 quoniam
659 3398 773 3429 ‚omnia
788 3409 854 3429 non
874 3399 981 3429 solum
1000 3406 1075 3429 sunt
1093 3399 1285 3430 substantiae
1303 3399 1336 3429 in
1356 3409 1398 3436 se,

333 3441 389 3471 sed
404 3440 521 3471 habent
536 3441 576 3470 ad
592 3440 698 3472 minus
721 3452 779 3474 sua
801 3443 972 3475 accidentia
993 3443 1170 3474 conformia
1188 3443 1307 3474 naturis
1326 3453 1399 3483 pro-

325 3485 425 3526 priis;
449 3485 530 3524 ignis
555 3484 642 3515 enim
664 3495 730 3516 non
753 3487 860 3517 solum
883 3494 930 3518 est
951 3486 1052 3528 ignis,
1082 3488 1136 3518 sed
1159 3487 1245 3524 leve,
1274 3498 1398 3529 rarum,

333 3529 486 3565 lucidum,
513 3529 660 3559 calidum.
685 3529 726 3560 Et
749 3531 1025 3571 quemadmodum
1047 3532 1124 3562 haec
1143 3531 1260 3562 habent
1275 3542 1333 3562 sua
1348 3542 1399 3562 ac-

332 3573 480 3609 cidentia,
500 3573 543 3603 ita
562 3583 756 3613 cognoscens
779 3573 874 3606 habet
895 3585 953 3606 sua
975 3576 1105 3616 propria
1128 3576 1308 3613 accidentia,
1330 3586 1399 3616 spe-

1453 1583 1514 1614 cies
1538 1583 1770 1615 intentionales.
1804 1585 1896 1615 Unde
1926 1585 1959 1614 in
1983 1585 2045 1615 hoc
2074 1586 2162 1616 nulla
2190 1593 2318 1626 apparet
2347 1586 2519 1618 differentia

1452 1628 1532 1658 inter
1555 1628 1779 1667 cognoscentia
1803 1635 1833 1659 et
1856 1639 1922 1659 non
1946 1630 2177 1669 cognoscentia.

1509 1672 1560 1702 111.
1585 1672 1636 1702 Ad
1659 1672 1849 1703 evidentiam
1872 1673 1968 1704 huius
1993 1673 2125 1704 difficilis
2150 1685 2185 1705 ac
2209 1674 2297 1705 ardui
2322 1674 2519 1706 fundamenti

1452 1720 1585 1756 magnae
1609 1717 1705 1757 partis
1724 1717 1958 1759 metaphysicae
1978 1728 2012 1748 ac
2031 1718 2253 1759 philosophiae
2273 1720 2431 1755 naturalis,
2453 1720 2518 1750 duo

1452 1761 1595 1792 facienda
1614 1768 1703 1792 sunt:
1729 1762 1844 1802 primo,
1862 1762 2036 1793 formaliter
2059 1763 2230 1793 dicendum
2250 1770 2295 1794 est
2309 1764 2348 1794 ad
2368 1764 2519 1794 obiectio-

1451 1813 1525 1850 nes;
1549 1806 1700 1842 secundo,
1721 1806 1807 1836 radix
1823 1807 1971 1837 omnium
1994 1807 2198 1847 producenda
2219 1808 2311 1839 estin
2327 1809 2432 1838 lucem
2447 1808 2473 1839 *.

1509 1850 1560 1880 Ad
1584 1850 1706 1881 obiecta
1721 1850 1811 1881 facile
1830 1851 1953 1887 dicitur,
1974 1852 2063 1892 quod
2079 1852 2111 1892 ly
2127 1861 2195 1882 esse
2218 1852 2368 1883 abstrahit
2383 1863 2400 1882 a
2415 1853 2519 1883 modis

1452 1894 1575 1924 essendi
1597 1904 1653 1934 per
1675 1894 1872 1926 identitatem
1895 1902 1950 1926 aut
1972 1895 2250 1926 informationem.
2276 1903 2306 1927 et
2329 1896 2470 1927 similiter
2486 1897 2518 1938 ly

1451 1939 1517 1970 alia
1542 1938 1692 1970 abstrahit
1715 1939 1753 1969 ab
1777 1940 1923 1970 omnibus
1953 1946 2008 1971 aut
2035 1940 2240 1980 quibusdam:
2265 1940 2346 1972 sicut
2368 1941 2463 1972 etiam
2485 1941 2518 1982 ly

1451 1984 1701 2024 cognoscitivum
1726 1983 1877 2014 abstrahit
1892 1994 1910 2014 a
1926 1984 1980 2015 tali
2000 1990 2030 2014 et
2049 1984 2102 2014 tali
2126 1984 2351 2025 cognoscitivo.
2355 1980 2368 1997 Ι
2376 1985 2517 2026 Aliquod

1452 2027 1537 2058 enim
1557 2037 1752 2067 cognoscens
1777 2034 1832 2064 est,
1853 2028 1942 2068 quod
1966 2035 2012 2059 est
2035 2029 2144 2059 omnia
2166 2039 2222 2068 per
2244 2029 2456 2066 identitatem,
2482 2037 2517 2060 ut

1451 2072 1552 2108 Deus;
1571 2071 1712 2113 aliquod,
1728 2072 1818 2112 quod
1834 2079 1880 2103 est
1894 2072 1999 2113 aliqua
2014 2083 2070 2113 per
2085 2073 2290 2110 identitatem,
2303 2080 2334 2103 et
2343 2073 2448 2114 aliqua
2462 2084 2519 2114 per

1451 2116 1721 2152 informationem,
1742 2123 1778 2147 ut
1793 2116 1908 2156 angeli;
1933 2117 2073 2157 aliquod,
2098 2117 2187 2158 quod
2211 2124 2258 2148 est
2276 2118 2384 2147 omnia
2400 2128 2456 2158 per
2470 2118 2517 2148 in-

1452 2160 1687 2196 formationem,
1703 2168 1739 2191 ut
1751 2161 1856 2190 anima
1871 2167 1991 2197 nostra;
2014 2161 2154 2202 aliquod,
2177 2162 2265 2202 quod
2282 2168 2328 2192 est
2344 2161 2448 2202 aliqua
2463 2172 2518 2202 per

1451 2204 1721 2240 informationem,
1746 2211 1782 2235 ut
1800 2205 1906 2235 anima
1922 2215 2001 2245 pure
2017 2205 2232 2238 sensitiva.)Et
2248 2213 2415 2246 propterea
2431 2206 2517 2236 diffe-

1452 2246 1599 2279 rentiain
1616 2248 1782 2279 communi
1805 2249 1918 2289 posita,
1943 2249 2093 2281 abstrahit
2109 2250 2147 2280 ab
2165 2250 2314 2280 omnibus
2330 2250 2378 2280 his
2402 2250 2516 2287 modis,

1452 2300 1488 2324 ut
1511 2293 1619 2323 nullus
1643 2293 1834 2328 excludatur,
1861 2294 1915 2323 sed
1939 2304 2051 2325 omnes
2073 2294 2108 2324 in
2131 2294 2266 2325 confuso
2287 2294 2516 2325 contineantur.

1514 2338 1567 2368 IV.
1599 2337 1700 2367 Radix
1732 2343 1840 2368 autem
1868 2337 1927 2368 ista
1958 2338 2125 2375 elucescit,
2157 2339 2182 2368 si
2212 2338 2374 2369 intuemur
2402 2349 2457 2379 per
2485 2349 2517 2369 se

1452 2382 1659 2413 differentiam
1682 2381 1764 2412 inter
1787 2382 1923 2412 modum
1954 2392 2020 2422 quo
2045 2393 2239 2422 cognoscens
2264 2390 2310 2413 est
2333 2383 2515 2422 cognitum,

1453 2433 1484 2457 et
1498 2436 1564 2467 quo
1582 2426 1712 2457 materia
1727 2426 1822 2456 habet
1840 2426 1987 2457 formam.
2003 2427 2044 2457 Et
2060 2427 2210 2462 similiter,
2228 2437 2326 2467 quam
2342 2427 2517 2457 differenter

1451 2470 1487 2502 fit
1510 2481 1614 2501 unum
1637 2481 1674 2501 ex
1698 2477 1908 2510 cognoscente
1932 2478 1962 2501 et
1986 2471 2123 2510 cognito,
2149 2478 2179 2501 et
2198 2470 2328 2501 materia
2346 2477 2377 2501 et
2395 2471 2514 2501 forma:

1450 2516 1537 2546 idem
1561 2515 1646 2545 enim
1669 2514 1824 2545 iudicium
1847 2521 1894 2545 est
1917 2515 1955 2544 de
1979 2525 2045 2545 esse
2069 2522 2100 2546 et
2123 2515 2161 2545 de
2185 2525 2261 2551 uno,
2288 2525 2362 2545 cum
2384 2515 2516 2545 eandem

1452 2567 1599 2590 naturam
1622 2558 1806 2599 significent,
1832 2565 1868 2589 ut
1890 2558 1923 2588 in
1947 2559 1989 2590 IV
2011 2559 2194 2599 Metaphys.
2211 2558 2229 2576 ⁷³*
2253 2559 2376 2590 dicitur.

1475 2628 1478 2631 ,
1510 2603 1682 2634 Sciendum
1706 2610 1751 2633 est
1775 2602 1849 2642 ergo
1873 2603 1962 2644 quod
1984 2598 2041 2643 per
2064 2613 2096 2633 se
2121 2603 2292 2634 differentia
2310 2603 2343 2633 in
2369 2603 2430 2634 hoc
2455 2610 2513 2640 est,

1452 2648 1541 2689 quod
1565 2657 1759 2687 cognoscens
1789 2653 1835 2677 est
1860 2647 1968 2687 ipsum
1998 2647 2162 2687 cognitum
2186 2654 2257 2678 actu
2280 2647 2329 2678 vel
2353 2648 2514 2688 potentia,

1452 2692 1582 2722 materia
1606 2698 1712 2721 autem
1736 2701 1902 2731 nunquam
1919 2697 1966 2722 est
1980 2690 2048 2732 ipsa
2072 2691 2183 2722 forma.
2209 2692 2256 2722 Ex
2270 2692 2328 2723 hac
2345 2692 2516 2723 differentia

1452 2736 1561 2777 quoad
1577 2745 1653 2771 esse,
1671 2734 1813 2775 sequitur
1836 2735 2008 2766 differentia
2030 2736 2138 2776 quoad
2157 2736 2327 2766 unitatem:
2352 2737 2440 2777 quod
2457 2737 2515 2767 sci-

1451 2781 1524 2811 licet
1558 2789 1754 2820 cognoscens
1785 2786 1816 2809 et
1846 2780 2011 2819 cognitum
2043 2787 2117 2811 sunt
2151 2780 2250 2820 magis
2283 2791 2386 2811 unum
2418 2791 2516 2821 quam

1453 2824 1583 2856 materia
1599 2831 1629 2854 et
1645 2823 1757 2859 forma,
1774 2830 1810 2854 ut
1825 2824 1947 2863 egregie
1963 2823 2039 2855 dixit
2052 2824 2231 2855 Averroes'
2223 2835 2256 2854 111
2272 2825 2313 2855 111
2330 2825 2370 2855 de
2383 2826 2513 2862 Anima,

1454 2879 1570 2899 comm.
1587 2867 1645 2898 v*.
1669 2868 1710 2898 Et
1724 2867 1880 2898 rationem
1895 2868 2030 2899 reddidit
2045 2869 2144 2909 modo
2165 2868 2295 2905 dictam,
2320 2869 2395 2909 quia
2415 2879 2451 2899 ex
2468 2869 2515 2898 in—

1452 2913 1578 2944 tellectu
1603 2919 1634 2942 et
1655 2912 1815 2942 intellecto
1839 2922 1905 2942 non
1934 2911 1969 2943 fit
1991 2912 2138 2949 tertium,
2168 2913 2248 2943 sicut
2275 2923 2311 2943 ex
2334 2913 2462 2943 materia
2486 2919 2516 2942 et

1454 2957 1572 2988 forma:
1598 2956 1787 3006 assignando
1811 2956 1897 2986 enim
1920 2967 1979 2996 pro
2007 2957 2128 2987 ratione
2158 2957 2286 2987 maioris
2314 2957 2441 2988 unitatis
2466 2967 2515 2987 ex-

1455 3001 1632 3033 elusionem
1655 3000 1746 3036 terni,
1771 3007 1876 3040 aperte
1900 3001 2009 3032 docuit
2033 3001 2186 3031 unitatem
2210 3001 2378 3032 consistere
2393 3001 2427 3031 in
2443 3001 2513 3037 hoc,

1455 3045 1530 3087 quia
1553 3055 1657 3075 unum
1684 3051 1730 3075 est
1745 3044 1840 3075 aliud.
1867 3045 1959 3075 Unde
1978 3045 2171 3081 Aristoteles,
2195 3045 2228 3075 in
2244 3046 2285 3075 III
2302 3046 2341 3076 de
2355 3046 2472 3075 Anima
2484 3044 2512 3081 θ’,

1454 3091 1517 3120 1106
1546 3090 1631 3119 idem
1655 3088 1849 3129 praedocuit,
1875 3089 1980 3120 dicens
2011 3090 2100 3130 quod
2123 3089 2228 3119 anima
2252 3095 2297 3120 est
2320 3089 2428 3119 omnia
2447 3099 2515 3119 sen-

1455 3134 1555 3164 sibilia
1579 3140 1609 3163 et
1631 3132 1845 3172 intelligibilia.

1507 3177 1693 3209 Ostenditur
1716 3183 1823 3207 autem
1846 3177 1928 3208 hanc
1951 3187 2017 3207 esse
2041 3187 2147 3207 veram
2170 3187 2226 3217 per
2244 3187 2276 3207 se
2298 3177 2517 3213 differentiam,

1455 3233 1491 3253 ex
1507 3233 1545 3252 eo
1560 3222 1649 3262 quod
1673 3231 1784 3251 omnes
1809 3231 1996 3252 communes
2020 3221 2116 3252 animi
2140 3221 2362 3261 conceptiones
2386 3228 2416 3251 et
2440 3231 2515 3252 con-

1454 3267 1609 3298 clusiones
1634 3266 1662 3295 ei
1686 3272 1879 3296 consonant:
1909 3265 2034 3302 scilicet,
2059 3266 2147 3306 quod
2170 3263 2281 3296 accidit
2300 3265 2514 3315 cognoscitivo

1454 3318 1484 3342 et
1497 3310 1624 3350 cognito
1641 3309 1801 3340 diversitas
1816 3310 1896 3340 inter
1912 3320 1957 3346 ea,
1975 3317 2005 3340 et
2021 3310 2162 3340 similiter
2177 3309 2368 3349 compositio
2386 3319 2514 3345 eorum;

1454 3362 1484 3386 et
1500 3354 1650 3390 similiter,
1675 3354 1764 3394 quod
1789 3354 1953 3404 cognitum
1971 3354 2083 3384 habeat
2107 3363 2172 3384 esse
2195 3353 2423 3384 111161111οῃ316
2415 3364 2449 3384 111
2464 3364 2515 3384 co-

1453 3405 1641 3439 gnoscente;
1667 3405 1697 3428 et
1720 3398 1810 3438 quod
1833 3398 1866 3428 in
1892 3398 1979 3428 nulla
2002 3405 2113 3428 natura
2136 3404 2270 3437 possunt
2300 3399 2378 3428 adeo
2403 3392 2515 3428 elex‘ari

1454 3443 1583 3474 materia
1606 3449 1636 3472 et
1654 3441 1767 3478 forma,
1783 3442 1960 3473 subiectum
1979 3449 2009 3472 et
2028 3442 2180 3477 accidens,
2200 3449 2236 3472 ut
2254 3452 2357 3472 unum
2377 3442 2416 3472 sit
2431 3442 2515 3472 idem

1454 3487 1556 3523 alteri,
1582 3485 1673 3516 salvis
1697 3486 1870 3516 rationibus
1900 3496 2030 3522 eorum,
2057 3493 2092 3516 ut
2115 3486 2153 3516 de
2178 3493 2386 3526 cognoscente
2411 3493 2440 3517 et
2464 3496 2514 3516 co-

1453 3531 1541 3572 gnito
1565 3530 1788 3570 comperimus.

1511 3575 1549 3606 V.
1574 3574 1748 3605 Necessitas
1773 3581 1879 3605 autem
1902 3574 1964 3604 hoc
1987 3573 2143 3614 ponendi,
2170 3583 2207 3604 ex
2231 3554 2353 3605 duabus
2378 3574 2514 3604 nascitur

2647 527 2659 552 θ

2548 585 2556 593 ”
2570 583 2638 606 Vei-s.
2653 590 2684 613 ¹3·

2649 638 2658 653 ῐ

2547 1056 2599 1104 'D‘-
2613 1056 2668 1084 285
2682 1056 2727 1084 476
2736 1073 2743 1083 ,

2547 1815 2607 1837 'Cs.
2617 1821 2681 1837 num.
2692 1822 2741 1844 seq.

2542 2565 2553 2575 ⁸
2568 2565 2600 2587 Ca
2618 2581 2624 2586 .
2635 2571 2660 2587 u.
2674 2574 2685 2580 ·-
2698 2565 2754 2586 Did.

2542 2591 2600 2646 iib⁸5
2632 2608 2638 2618 ,
2653 2597 2704 2619 cap.
2719 2597 2751 2618 11,

2543 2877 2551 2885 ·
2584 2875 2740 2906 Digressionis

2542 2905 2610 2932 parte
2633 2902 2687 2927 ult.,
2715 2902 2739 2923 in

2542 2928 2657 2950 solutione
2670 2934 2709 2956 qu.
2715 2934 2739 2949 11.

2542 3052 2550 3060 “
2567 3049 2624 3077 Cap.
2634 3055 2683 3077 vm,
2699 3055 2722 3071 n.
2734 3055 2751 3071 1.
