2768 4178
26 3019 184 3070 1,“ι’ξ’ῐέ;ψ.ι.

955 253 1223 299 QUAESTIO
1253 253 1392 300 XVIII,
1421 254 1718 292 ARTICULUS
1748 256 1761 291 1

2378 262 2451 296 225

818 477 1230 555 QUAESTIO
1268 479 1917 536 DECIMAOCTAVA

1163 607 1247 646 DE
1279 606 1426 648 VITA
1460 608 1562 648 DEI

1062 721 1097 745 IN
1127 720 1297 752 QUATUOR
1324 722 1526 748 ARTICULOS
1539 738 1541 740 v
1554 723 1670 748 DIVISA

362 834 502 860 υοΝῙΑΜ
532 831 659 860 autem
686 823 890 871 intelligere
917 823 1132 861 viventium
1158 833 1223 872 est,
1249 833 1337 874 post

269 825 708 932 Qconsiderationem
739 876 786 914 de
816 877 969 914 scientia
1001 885 1037 914 et
1063 877 1253 915 intellectu
1283 878 1335 915 di-

24 937 83 988 ἓξὲξ-
93 943 190 967 ‹iu-nv,
200 937 240 960 1¹¹-
266 929 371 976 vino,
394 928 714 967 considerandum
744 938 800 967 est
828 930 875 967 de
903 930 982 967 vita
1010 930 1127 980 ipsius
1154 931 1185 968 ²¹⁰.

267 983 317 1019 Et
345 982 442 1019 circa
470 982 545 1019 hoc
572 990 807 1032 quaeruntur
834 991 1010 1031 quatuor.

1444 826 1593 863 Primo:
1623 839 1789 875 quorum
1819 828 1864 864 sit
1891 828 2034 866 vivere.

1445 880 1646 917 Secundo:
1677 880 1769 928 quid
1798 880 1843 917 sit
1869 881 1958 918 vita.

1443 932 1597 970 Tertio:
1626 941 1755 970 utrum
1782 933 1860 970 vita
1888 935 1973 971 Deo
2004 935 2216 972 conveniat.

1444 986 1613 1033 Quarto:
1642 994 1772 1024 utrum
1801 987 1932 1024 omnia
1959 987 1998 1024 in
2026 989 2110 1025 Deo
2141 988 2213 1025 sint
2239 989 2328 1027 vita.

1082 1102 1400 1145 ARTICULUS
1431 1103 1638 1147 PRIMUS

802 1196 958 1227 UTRUM
982 1195 1159 1227 OMNIUM
1182 1196 1473 1227 NATURALIUM
1496 1197 1648 1228 RERUM
1671 1198 1738 1229 Sir
1761 1199 1920 1230 VIVERE

282 1298 287 1299 ⁷
327 1296 335 1298 ,
407 1287 413 1289 >
430 1285 441 1287 ⁴
455 1280 485 1285 s
596 1274 627 1299 111
647 1274 730 1304 Sent„
751 1268 810 1300 dist.
823 1282 896 1304 xm,
915 1282 960 1307 qu.
978 1282 996 1304 1,
1015 1279 1061 1299 art.
1080 1282 1106 1304 1;
1125 1274 1168 1303 IV,
1189 1274 1248 1299 dist.
1266 1281 1316 1303 xw,
1335 1282 1380 1307 qu.
1394 1282 1421 1305 ir,
1441 1280 1488 1299 art.
1508 1275 1531 1305 3,
1551 1277 1598 1308 qu·
1614 1283 1642 1306 2;
1662 1277 1720 1301 dist.
1738 1284 1805 1308 nu,
1825 1285 1871 1310 qu.
1884 1286 1902 1307 1,
1922 1283 1969 1304 art.
1990 1287 2014 1310 2,
2034 1281 2080 1312 qu=
2097 1279 2125 1311 3;

338 1309 348 1334 1
369 1310 447 1335 Cont.
465 1310 551 1338 Gent„
570 1317 626 1342 cap.
644 1317 727 1341 xcvn;
748 1310 789 1335 De
807 1310 895 1339 Verit„
915 1318 960 1343 qu.
974 1317 1009 1341 nr,
1027 1315 1074 1334 art.
1089 1308 1121 1340 8;
1141 1309 1183 1334 De
1202 1309 1268 1339 Por„
1285 1317 1330 1342 qu.
1343 1318 1373 1340 x,
1391 1315 1439 1335 art.
1456 1317 1482 1340 13
1502 1311 1544 1336 De
1566 1311 1628 1336 Diu.
1641 1312 1729 1341 Nom„
1749 1319 1806 1345 cap.
1819 1321 1857 1343 vr.
1877 1314 1935 1339 lect.
1948 1322 1972 1345 1;
1991 1315 2018 1339 in
2038 1316 2122 1347 Ioan„
2141 1324 2197 1349 cap.
2210 1325 2271 1347 xvn,
2290 1318 2348 1343 lect.
2361 1326 2383 1350 13

1104 1345 1113 1369 1
1134 1345 1176 1370 De
1192 1345 1301 1375 Anima,
1320 1346 1378 1370 lect.
1396 1353 1451 1376 xlv;
1471 1346 1500 1376 11,
1520 1346 1578 1371 lect.
1597 1354 1615 1371 1.

303 1443 329 1457 Μ·
356 1445 368 1471 ε»
391 1451 460 1497 a<
481 1446 504 1471 D
532 1445 669 1471 PR1MUM
698 1445 751 1470 stc
779 1445 1019 1471 PROCEDrmR.
1045 1433 1203 1471 Videtur
1230 1435 1335 1482 quod

412 1480 441 1490 ι.-

320 1485 341 1526 ’ῗῖ
409 1489 461 1529 ῑᾞῇ
482 1486 657 1524 omnium
695 1498 823 1523 rerum
852 1486 1081 1524 naturalium
1115 1487 1161 1524 sit
1187 1487 1331 1524 vivere.

288 1565 309 1588 ,λς
344 1581 362 1590 -
373 1533 408 1589 ξ,
420 1520 451 1578 ’ὲ
481 1539 581 1577 Dicit
595 1539 698 1576 enim
713 1540 982 1589 Philosophus,
994 1540 1032 1577 in
1041 1541 1128 1577 V111
1140 1541 1279 1589 Physic
1288 1540 1333 1587 *.,

277 1600 285 1609 ¹
328 1604 337 1613 ¹*
360 1584 424 1620 ⁷4³5)
441 1580 587 1643 quod
607 1600 735 1630 motus
756 1601 811 1630 est
833 1599 873 1630 ut
888 1593 965 1630 vita
989 1593 1176 1642 quaedam
1196 1599 1334 1631 natura

267 1649 506 1687 existentibus
524 1646 707 1684 omnibus
726 1647 804 1684 Sed
819 1659 955 1684 omnes
971 1659 1030 1684 res
1045 1647 1234 1684 naturales
1248 1659 1333 1696 par-

267 1702 424 1752 ticipant
449 1708 600 1739 motum
620 1705 648 1736 ⁰‘.
680 1700 783 1748 Ergo
803 1712 938 1737 omnes
958 1713 1018 1737 res
1037 1701 1228 1738 naturales
1247 1712 1333 1749 par-

266 1755 421 1805 ticipant
446 1755 576 1792 vitam.

321 1821 356 1847 2.
378 1810 611 1853 PRAETEREA,
637 1806 788 1855 plantae
818 1805 993 1843 dicuntur
1010 1806 1154 1854 vivere,
1175 1806 1334 1855 inquan-

265 1870 348 1900 tum
372 1862 515 1898 habent
533 1860 572 1896 in
592 1859 724 1908 seipsis
743 1859 972 1908 principium
993 1866 1121 1896 motus
1141 1859 1334 1907 augmenti

267 1923 303 1953 et
335 1913 578 1952 decrementi.
615 1913 692 1950 Sed
720 1919 848 1949 motus
881 1912 1011 1949 localis
1045 1919 1101 1949 est
1131 1912 1334 1960 perfectior

266 1976 303 2005 et
332 1967 438 2017 prior
470 1965 683 2004 secundum
721 1973 896 2002 naturam
934 1978 1051 2014 quarn
1085 1973 1211 2002 motus
1245 1978 1333 2014 aug-

22 2027 238 2083 3337&ssae
266 2020 384 2058 menti
405 2028 441 2057 et
461 2018 704 2065 decrementi,
726 2026 767 2055 ut
785 2019 968 2067 probatur
986 2018 1024 2055 in
1043 2018 1130 2055 VIII
1146 2019 1295 2067 Physic.
1312 2019 1332 2041 '¹²

266 2075 368 2111 Cum
405 2073 516 2121 igitur
549 2071 680 2109 omnia
718 2083 879 2120 corpora
911 2071 1095 2108 naturalia
1130 2071 1333 2109 habeantss

226 2163 237 2168 ,
265 2127 421 2176 aliquod
453 2125 679 2175 principium
713 2132 841 2161 motus
874 2124 1014 2171 localis,
1043 2124 1194 2161 videtur
1226 2125 1332 2174 quod

265 2180 396 2220 omnia
425 2191 585 2228 corpora
613 2177 799 2223 naturalia
825 2177 968 2214 vivant.

318 2234 353 2270 3.
383 2234 618 2278 PRAETEREA,
648 2230 744 2267 inter
773 2242 935 2279 corpora
954 2229 1137 2266 naturalia
1155 2229 1332 2279 imperfe-

264 2285 382 2323 ctiora
401 2292 488 2323 sunt
507 2285 705 2321 elementa.
737 2283 815 2320 Sed
836 2283 888 2320 eis
917 2282 1129 2320 attribuitur
1151 2283 1247 2319 vita:
1278 2283 1332 2320 di-

263 2346 399 2376 cuntur
436 2338 537 2375 enim
571 2349 695 2386 aquae
729 2336 839 2374 vivae
863 2341 888 2373 ⁷.
920 2337 1021 2384 Ergo
1054 2337 1174 2373 multo
1211 2336 1331 2385 magis

263 2392 336 2430 alia
364 2403 527 2440 corpora
554 2390 738 2428 naturalia
764 2390 884 2427 vitam
913 2390 1066 2426 habent.

318 2445 392 2483 SED
421 2456 568 2482 CONTRA
595 2455 662 2481 EST
690 2442 796 2493 quod
825 2442 915 2480 dicit
941 2442 1161 2491 Dionysius,
1190 2455 1226 2479 vi
1247 2455 1327 2491 cap.

49 2507 133 2530 S-Th-
147 2508 201 2530 lect·
216 2514 232 2530 ι-
263 2498 309 2536 de
336 2499 425 2535 Div.
444 2498 562 2535 Nom.
583 2496 616 2544 ²¹⁶,
643 2496 748 2546 quod
761 2496 918 2544 plantae
935 2496 1139 2533 secundum
1160 2495 1330 2533 ultimam

263 2551 518 2589 resonantiam
545 2550 645 2587 vitae
671 2550 808 2586 habent
835 2549 988 2585 vivere:
1027 2561 1072 2585 ex
1100 2562 1176 2598 quo
1205 2557 1330 2598 potest

263 2604 383 2653 accipi
406 2603 511 2652 quod
534 2602 712 2639 ultimum
737 2602 897 2650 gradum
916 2601 1018 2639 vitae
1038 2602 1209 2640 obtinent
1226 2603 1331 2651 plan·

262 2665 334 2694 tae.
375 2657 453 2694 Sed
488 2668 650 2704 corpora
686 2655 894 2692 inanimata
927 2662 1015 2692 sunt
1046 2655 1142 2701 infra
1168 2656 1326 2705 plantas.

263 2710 366 2758 Ergo
397 2721 532 2746 eorum
561 2721 639 2745 non
669 2716 725 2745 est
751 2707 896 2745 vivere.

317 2765 543 2800 RESPONDEO
573 2773 759 2798 DICENDUM
788 2761 892 2810 quod
922 2773 967 2798 ex
994 2760 1052 2798 his
1086 2774 1184 2810 quae
1208 2764 1329 2801 mani-

262 2817 355 2853 feste
382 2816 539 2862 vivunt,
571 2814 741 2863 accipere
774 2826 981 2863 possumus
1006 2827 1171 2863 quorum
1201 2816 1247 2853 sit
1273 2817 1329 2855 vi-

261 2882 366 2916 vere,
397 2877 433 2906 et
461 2881 628 2918 quorum
657 2880 736 2904 non
764 2867 810 2904 sit
827 2867 958 2904 vivere
978 2865 1002 2904 ὅ.
1032 2868 1174 2905 Vivere
1202 2877 1329 2907 autem

262 2922 460 2959 manifeste
494 2921 721 2958 animalibus
756 2921 954 2958 convenit:
994 2921 1128 2958 dicitur
1161 2922 1262 2959 enim
1290 2924 1329 2960 in

26 2985 234 3041 D‘ffl'ffis‘tii'
261 2975 358 3013 libro
377 2975 423 3012 de
448 2975 722 3025 Vegetahilibus
736 2973 767 3021 ³²,
798 2973 902 3022 quod
929 2974 1006 3010 vita
1034 2975 1071 3011 in
1100 2974 1328 3013 animalibus

262 3029 462 3076 manifesta
490 3034 553 3065 est.
583 3027 697 3065 Unde
726 3026 939 3064 secundum
966 3026 1058 3065 illud
1083 3035 1232 3076 oportet
1256 3029 1329 3067 dis-

262 3081 432 3129 tinguere
468 3081 637 3118 viventia
666 3093 687 3117 a
720 3092 798 3117 non
834 3079 1074 3129 viventibus,
1114 3082 1326 3120 secundum

263 3134 368 3183 quod
387 3133 564 3171 animalia
593 3133 768 3171 dicuntur
784 3132 928 3170 vivere.
959 3133 1046 3170 Hoc
1064 3141 1194 3171 autern
1215 3143 1270 3172 est
1288 3136 1326 3173 in

263 3199 339 3235 quo
373 3187 498 3235 primo
533 3186 794 3223 manifestatur
820 3185 918 3233 vita,
950 3194 986 3223 et
1018 3187 1058 3224 in
1086 3199 1162 3236 quo
1190 3188 1326 3226 ultimo

263 3247 444 3277 remanet.
483 3239 614 3277 Primo
648 3247 776 3277 autem
805 3239 966 3276 dicimus
1003 3240 1145 3277 animal
1171 3241 1324 3290 vivere,

254 3292 418 3342 quando
452 3292 580 3341 incipit
613 3305 658 3329 ex
687 3305 727 3330 se
756 3300 904 3329 motum
938 3293 1102 3339 habere;
1127 3301 1169 3333 ,et
1195 3295 1326 3332 tandiu

261 3346 448 3383 iudicatur
475 3345 615 3382 animal
642 3345 794 3394 vivere,
826 3345 994 3395 quandiu
1022 3346 1104 3383 talis
1132 3354 1260 3384 motus
1288 3348 1326 3385 in

316 3460 343 3492 α)
363 3463 472 3485 motum.
490 3472 508 3477 —
527 3462 599 3484 motu
618 3459 766 3489 ACDEGa,·
783 3461 900 3486 similiter
918 3469 978 3486 mox
997 3461 1061 3486 uita.

316 3494 342 3528 β)
361 3495 483 3520 habeant.
502 3508 520 3515 -·
538 3494 564 3518 in
584 3501 611 3519 se
629 3495 727 3519 addunt
745 3496 855 3521 codices.

313 3531 340 3564 γ)
360 3531 444 3556 vivae.
461 3543 481 3549 -
499 3530 587 3554 vivere
605 3529 727 3555 ACDEF.

314 3565 338 3598 ὃ)
359 3566 456 3591 vivere.
474 3579 492 3584 -
511 3565 573 3590 Om.
590 3565 713 3591 ABCDE.

315 3601 337 3634 ε)
357 3602 474 3634 aliquam
493 3600 604 3632 speciem
624 3604 719 3626 motus.
737 3614 756 3621 —
774 3601 887 3633 aliquem
906 3606 1005 3628 motum
1025 3604 1054 3628 B.

404 3655 513 3678 Summi:
533 3654 633 3678 Timor..
654 3653 686 3678 D.
699 3653 813 3678 ΤΗοΜΑΕ
832 3654 864 3679 T.
882 3655 900 3679 Ι.

1392 1446 1438 1470 eo
1472 1443 1650 1484 apparet;
1680 1437 1835 1485 quando
1863 1450 1957 1475 vero
1986 1438 2062 1476 iam
2093 1452 2137 1477 ex
2166 1453 2205 1477 se
2235 1454 2313 1479 non
2340 1443 2455 1481 habet

1391 1486 1559 1535 aliquem
1592 1496 1762 1535 motum,
1799 1490 1867 1527 sed
1898 1499 2077 1529 movetur
2103 1501 2250 1531 tantum
2280 1496 2327 1532 ab
2357 1497 2452 1545 alio,

1389 1547 1479 1577 tunc
1515 1541 1648 1578 dicitur
1676 1542 1815 1579 animal
1845 1551 2053 1592 mortuum,
2082 1558 2152 1595 per
2181 1547 2370 1586 defectum
2398 1550 2454 1586 vi-

1389 1601 1461 1630 tae.
1491 1595 1550 1631 Ex
1570 1607 1647 1643 quo
1670 1603 1774 1644 patet
1793 1596 1900 1644 quod
1918 1597 1980 1634 illa
1998 1599 2150 1648 proprie
2171 1608 2258 1637 sunt
2275 1601 2452 1648 viventia,

1390 1659 1488 1696 quae
1518 1647 1643 1697 seipsa
1671 1649 1885 1687 secundum
1914 1650 2081 1699 aliquam
2111 1653 2279 1701 speciem
2300 1662 2452 1692 motus*

1389 1707 1566 1747 movent3
1596 1701 1678 1738 sive
1706 1701 1910 1750 accipiatur
1927 1712 2056 1742 motus
2074 1706 2240 1754 proprie,
2261 1707 2357 1744 sicut
2371 1721 2453 1746 mo-

1388 1760 1448 1790 tus
1469 1753 1603 1791 dicitur
1622 1762 1727 1791 actus
1753 1755 1974 1804 imperfecti,
2002 1757 2100 1795 idest
2119 1759 2308 1797 existentis
2327 1761 2365 1798 in
2384 1774 2453 1810 po-

1388 1814 1521 1853 tentia3
1551 1807 1632 1844 sive
1652 1815 1780 1845 motus
1809 1809 2013 1858 accipiatur
2046 1813 2311 1861 communiter,
2340 1822 2454 1862 prout

1388 1867 1517 1896 motus
1551 1860 1685 1897 dicitur
1708 1860 1722 1887 ζ
1751 1870 1856 1899 actus
1891 1863 2067 1912 perfecti,
2103 1873 2218 1913 prout
2249 1866 2452 1915 intelligere

1389 1920 1425 1948 et
1458 1913 1597 1950 sentire
1634 1914 1770 1951 dicitur
1802 1916 1968 1962 moveri,
2007 1924 2049 1954 ut
2083 1917 2217 1955 dicitur
2249 1919 2287 1956 in
2324 1921 2374 1956 III
2407 1921 2453 1957 de

1387 1965 1528 2002 Anima
1547 1965 1578 2003 ³¹⁴.
1608 1967 1659 2004 Ut
1677 1967 1729 2004 sic
1748 1968 1916 2006 viventia
1935 1969 2107 2007 dicantur
2125 1983 2392 2021 quaecumque
2411 1986 2452 2010 se

1389 2026 1505 2066 agunt
1539 2019 1587 2056 ad
1621 2027 1771 2057 motum
1799 2022 1861 2058 vel
1895 2023 2157 2070 operationem
2191 2024 2375 2073 aliquam:
2406 2039 2451 2063 ea

1386 2083 1480 2108 vero
1509 2071 1548 2108 in
1581 2085 1746 2121 quorum
1774 2082 1907 2111 natura
1935 2087 2014 2112 non
2043 2083 2098 2113 est
2124 2084 2166 2114 ut
2194 2090 2235 2114 se
2264 2086 2375 2126 agant
2403 2080 2451 2117 ad

1387 2124 1554 2173 aliquem
1586 2133 1735 2163 motum
1768 2128 1830 2164 vel
1865 2128 2148 2176 operationem,
2177 2130 2346 2168 viventia
2379 2132 2451 2169 dici

1387 2189 1466 2214 non
1493 2186 1666 2226 possunt,
1696 2179 1766 2216 nisi
1793 2192 1863 2229 per
1891 2181 2055 2229 aliquam
2084 2182 2382 2222 similitudinem.

1439 2231 1499 2266 AD
1528 2242 1665 2268 PR1MUM
1693 2243 1791 2269 ERGO
1820 2245 2004 2271 DICENDUM
2032 2236 2138 2282 quod
2169 2237 2333 2274 verbum
2361 2238 2451 2276 illud

1386 2283 1609 2333 Philosophi
1646 2292 1772 2333 potest
1806 2285 1958 2334 intelligi
1990 2289 2052 2324 vel
2086 2288 2132 2325 de
2168 2297 2275 2326 motu
2302 2290 2450 2339 primo,

1387 2336 1527 2374 scilicet
1555 2350 1762 2386 corporum
1792 2340 2028 2387 caelestium;
2057 2342 2119 2378 vel
2147 2342 2193 2378 de
2214 2351 2322 2380 motu
2347 2357 2452 2381 com-

1386 2390 1550 2427 muniter
1568 2396 1594 2427 η.
1625 2392 1674 2428 Et
1700 2398 1864 2440 utroque
1894 2393 2013 2430 modo
2042 2402 2170 2432 motus
2190 2395 2324 2433 dicitur
2343 2397 2451 2446 quasi

1385 2443 1463 2480 vita
1492 2456 1698 2493 corporum
1728 2446 1966 2493 naturalium,
1994 2459 2064 2495 per
2086 2447 2384 2496 similitudinem3
2416 2458 2452 2487 et

1386 2508 1465 2533 non
1492 2509 1563 2545 per
1588 2497 1872 2546 proprietatem.
1912 2500 2016 2535 Nam
2044 2508 2172 2537 motus
2206 2502 2298 2538 caeli
2328 2510 2383 2539 est
2410 2503 2449 2540 in

1384 2549 1566 2587 universo
1601 2551 1857 2599 corporalium
1890 2559 2110 2590 naturarum
2138 2551 2167 2600 ⁰,
2197 2554 2292 2591 sicut
2320 2563 2447 2592 motus

1386 2602 1508 2639 cordis
1531 2603 1571 2640 in
1590 2603 1754 2651 animali,
1776 2616 1853 2652 quo
1884 2613 2131 2643 conservatur
2152 2607 2241 2644 vita.
2273 2608 2450 2646 Similiter

1386 2655 1499 2692 etiam
1528 2655 1761 2705 quicumque
1795 2664 1922 2695 motus
1950 2659 2128 2696 naturalis
2155 2661 2231 2697 hoc
2259 2661 2379 2698 modo
2408 2675 2448 2699 se

1384 2709 1500 2745 habet
1532 2709 1581 2746 ad
1613 2721 1672 2746 res
1700 2711 1909 2759 naturales,
1942 2719 1986 2748 ut
2017 2712 2209 2760 quaedam
2242 2714 2447 2752 similitudo

1383 2761 1507 2799 vitalis
1527 2762 1767 2811 operationis.
1788 2763 1910 2811 Unde,
1933 2764 1964 2801 si
1984 2772 2107 2802 totum
2123 2766 2345 2804 universum
2367 2781 2448 2805 cor-

1383 2815 1514 2864 porale
1548 2822 1646 2852 esset
1677 2828 1799 2852 unum
1828 2817 1981 2866 animal,
2014 2818 2065 2855 ita
2089 2819 2194 2867 quod
2224 2819 2293 2857 iste
2321 2829 2448 2858 motus

1385 2875 1484 2905 esset
1502 2880 1524 2904 a
1543 2876 1724 2905 movente
1753 2869 1967 2918 intrinseco,
1988 2878 2030 2908 ut
2048 2872 2205 2920 quidam
2225 2882 2446 2921 posuerunt,

1384 2928 1607 2969 sequeretur
1633 2921 1738 2970 quod
1757 2930 1884 2960 motus
1914 2931 2012 2961 esset
2037 2925 2116 2962 vita
2142 2926 2316 2963 omnium
2340 2935 2448 2964 natu-

1383 2974 1519 3011 ralium
1549 2987 1767 3023 corporum.

1436 3029 1495 3064 AD
1524 3039 1714 3064 SECUNDUM
1742 3040 1926 3066 DICENDUM
1946 3030 2051 3078 quod
2080 3031 2304 3080 corporibus
2324 3032 2446 3080 gravi-

1384 3081 1455 3117 bus
1485 3087 1520 3117 et
1548 3080 1696 3117 levibus
1725 3093 1804 3117 non
1828 3083 2010 3131 competit
2032 3084 2193 3132 moveri,
2219 3085 2289 3121 nisi
2313 3098 2446 3122 secun-

1379 3135 1477 3171 dum
1506 3134 1611 3182 quod
1631 3141 1718 3170 sunt
1738 3141 1839 3171 extra
1859 3135 2145 3184 dispositionem
2166 3150 2255 3174 suae
2276 3146 2445 3186 naturae,

1382 3194 1515 3235 utpote
1553 3198 1641 3223 cum
1675 3194 1763 3224 sunt
1796 3195 1898 3225 extra
1934 3189 2064 3226 locum
2096 3191 2316 3238 proprium:
2355 3204 2443 3228 curn

1384 3241 1484 3277 enim
1512 3247 1599 3276 sunt
1626 3239 1665 3276 in
1692 3241 1777 3277 loco
1805 3241 1961 3290 proprio
1982 3250 2019 3278 et
2037 3243 2206 3290 naturali,
2235 3243 2444 3291 quiescunt.

1384 3293 1461 3330 Sed
1488 3293 1638 3342 plantae
1659 3300 1695 3329 et
1713 3293 1808 3330 aliae
1833 3306 1893 3331 res
1911 3295 2084 3332 viventes
2108 3304 2313 3333 moventur
2336 3305 2445 3334 motu

1381 3346 1505 3393 vitali,
1539 3346 1749 3383 secundum
1775 3347 1851 3383 hoc
1879 3349 1984 3396 quod
2011 3356 2098 3385 sunt
2124 3348 2162 3385 in
2190 3361 2259 3386 sua
2287 3349 2445 3399 disposi-

1435 3462 1460 3494 ζ)
1480 3461 1587 3486 dicitur.
1604 3474 1624 3479 -
1641 3460 1722 3485 etiam
1741 3461 1838 3486 addunt
1855 3461 1944 3486 ACEF
1946 3461 1978 3486 G.
1995 3475 2013 3480 -
2032 3462 2082 3486 Pro
2102 3461 2200 3487 dicitur
2219 3463 2327 3492 moveri,
2345 3463 2447 3488 moveri

1382 3497 1508 3522 dicuntur
1525 3497 1554 3521 B.

1433 3533 1460 3564 η)
1480 3531 1662 3557 communiter.
1681 3545 1700 3550 -
1717 3531 1817 3557 dictum
1837 3533 1906 3557 addit
1923 3533 1953 3557 B.

1435 3566 1459 3600 θ)
1479 3568 1505 3592 in
1531 3567 1653 3592 universo
1676 3567 1855 3599 corporalium
1881 3571 2051 3594 naturarum.
2068 3581 2087 3589 -
2105 3568 2131 3593 in
2157 3568 2279 3594 universo
2302 3576 2443 3601 corporum

1381 3603 1545 3628 naturalium
1563 3602 1634 3635 BpD.
2214 3618 2216 3620 >

2266 3665 2298 3690 29

2479 1983 2488 1992 '¹
2504 1982 2560 2010 Cap.
2576 1989 2607 2007 ιν,
2624 1989 2647 2004 n.
2662 1989 2689 2010 9:

2478 2014 2518 2035 vu,
2527 2015 2548 2035 ις
2560 2009 2688 2031 s.Th-lect.

2478 2041 2510 2061 ix,
2525 2041 2566 2057 ¹11.
2575 2046 2585 2051 —
2602 2035 2637 2057 cf.
2649 2035 2689 2057 lib.

2478 2062 2511 2086 Η,
2524 2068 2573 2089 cap.
2584 2068 2617 2088 xi,
2628 2068 2688 2088 n.11;

2478 2088 2548 2110 s.Th.
2566 2089 2617 2110 lect.
2628 2094 2690 2110 xxm.
