2768 4178
58 1148 70 1160 ·
83 1147 120 1171 ᾱ.
133 1153 200 1175 num.
213 1154 244 1170 I..

58 1367 72 1380 ⁵
85 1366 125 1391 Cf.
137 1366 197 1391 ibid.

0 2805 5 2812 '
61 2815 73 2826 ¹
81 2814 174 2844 emec.
185 2815 226 2839 ub.
233 2815 275 2842 vr.

62 2846 276 2891 §famata-t

62 3393 72 3404 ·
86 3393 155 3416 νει-ι.
172 3400 189 3416 I.

965 226 1234 273 QUAESTIO
1263 227 1403 275 XLVI,

294 305 442 337 voluerit.
458 323 478 328 -
495 305 536 336 Et
559 311 644 336 tenet
665 303 811 345 sequela:
837 303 912 344 quia
934 304 1014 334 nihil
1033 305 1113 335 circa
1132 312 1287 336 creaturas
1311 316 1363 336 ne-

298 349 431 380 cessario
453 350 531 381 vult.

355 394 408 424 111.
425 394 517 425 Circa
532 393 756 434 probationem
770 391 890 433 primae
906 392 1002 433 partis
1017 393 1227 423 antecedentis
1242 403 1364 424 assum-

297 437 358 478 pti,
384 438 508 469 adverte
532 437 622 479 quod
643 437 690 467 vis
713 436 843 467 rationis
867 436 1010 467 consistit
1023 436 1057 466 in
1072 436 1149 467 hoc:
1177 437 1272 474 Quod
1289 438 1365 478 quid

298 486 346 512 est
367 482 619 523 uniuscuiusque
642 481 686 512 rei
710 487 839 516 creatae,
859 479 1003 520 specifice
1023 487 1199 520 sumptum,
1217 481 1366 512 abstrahit

297 526 337 556 ab
361 525 412 556 hic
435 533 466 557 et
488 535 590 563 nunc;
619 535 694 566 ergo
722 534 789 555 non
817 530 922 564 potest
949 534 1016 554 esse
1039 524 1198 555 sufficiens
1221 525 1365 555 medium

298 569 339 600 ad
361 570 564 601 inferendum
586 569 760 601 novitatem
782 569 844 605 rei,
873 568 949 608 quia
971 568 1095 598 novitas
1122 568 1190 608 ipsa
1213 570 1365 609 temporis

298 613 506 645 differentiam
529 614 685 650 continet3
706 612 830 653 liquido
854 612 940 642 enim
964 618 1087 642 constat
1106 622 1172 642 non
1189 623 1255 643 esse
1270 613 1365 643 ratio-

298 667 374 688 nem
398 658 520 689 essendi
542 668 628 689 nunc
652 664 682 689 et
705 667 771 687 non
794 656 892 698 prim,
916 657 1006 697 quod
1025 657 1202 687 secundum
1223 667 1255 686 se
1274 657 1365 687 indif-

298 701 401 733 ferens
425 709 471 734 est
494 702 535 733 ad
557 712 643 733 nunc
666 708 696 732 et
719 701 816 742 prius.
845 701 938 732 Unde
961 703 1175 731 Auctornon
1198 700 1304 731 solum
1328 701 1366 731 de

298 746 433 783 mundo,
458 746 513 777 sed
536 746 574 777 de
598 755 802 787 quacumque
821 755 853 775 re
870 745 992 781 mundi,
1017 745 1124 775 intulit
1142 745 1230 786 quod
1247 755 1284 775 ex
1299 745 1366 775 eius

299 790 474 831 quidditate
496 800 562 820 non
586 796 692 830 potest
714 789 884 820 monstrari
907 789 975 819 eius
998 789 1122 820 novitas
1145 789 1336 829 simpliciter.

357 835 410 866 IV.
441 834 532 865 Circa
558 834 765 874 principalem
796 833 1075 874 consequentiam,
1106 834 1232 864 adverte
1260 834 1366 874 quod,

299 888 375 909 cum
388 878 530 909 mundus
546 877 699 918 significet
716 878 952 909 universitatem
967 880 1083 914 rerum',
1100 884 1131 908 et
1146 884 1231 908 extra
1246 877 1368 908 univer-

299 932 372 953 sum
387 922 466 953 nihil
489 922 529 953 sit
551 922 611 962 nisi
627 930 723 963 caput
740 922 854 963 ipsius;
880 932 1078 962 consequens
1095 928 1141 952 est
1156 922 1245 962 quod
1261 922 1368 952 nullus

298 966 389 997 locus
412 966 607 1008 relinquatur
630 965 892 998 demonstrationi
915 967 1002 1007 quia,
1028 966 1067 996 ad
1090 965 1292 996 inferendum
1311 976 1367 996 no-

297 1010 428 1042 vitatem
443 1011 566 1042 mundi.
591 1011 633 1042 Et
655 1017 822 1052 propterea
844 1010 955 1047 littera,
980 1010 1105 1040 exclusa
1127 1020 1221 1041 causa
1240 1016 1270 1040 et
1285 1011 1369 1051 quod

298 1055 376 1096 quid
399 1061 446 1086 est
467 1056 568 1095 ipsius
591 1062 622 1086 et
645 1055 794 1086 omnium
817 1053 885 1085 eius
908 1054 1057 1094 partium,
1077 1064 1136 1094 pro
1152 1055 1308 1086 constanti
1322 1065 1368 1085 re-

298 1099 393 1140 liquit
415 1100 590 1131 novitatem
613 1099 727 1130 mundi
749 1099 1074 1130 indemonstrabilem.

359 1144 397 1175 V.
422 1144 540 1181 Quoad
563 1144 701 1184 primam
723 1153 799 1174 vero
816 1149 938 1184 partem
962 1142 1176 1173 conclusionis
1194 1142 1227 1179 *,
1253 1142 1370 1174 scilicet

299 1188 390 1230 quod
412 1187 475 1219 fide
501 1195 662 1225 teneatur,
692 1187 921 1218 manifestatur.
945 1187 1101 1218 Voluntas
1131 1186 1238 1217 divina
1265 1194 1371 1228 potest

299 1232 425 1264 homini
447 1232 640 1269 manifestari
668 1242 725 1273 per
752 1231 995 1263 revelationem:
1027 1241 1102 1271 ergo
1135 1231 1296 1262 mundum
1323 1231 1370 1262 in-

299 1276 443 1317 coepisse
463 1283 510 1308 est
529 1276 684 1308 credibile.
700 1294 721 1300 —
737 1277 778 1307 Et
796 1282 882 1307 tenet
897 1275 1042 1317 sequela:
1067 1275 1142 1316 quia
1160 1274 1238 1306 fides
1254 1275 1370 1306 revela-

300 1321 382 1353 tioni
403 1321 558 1352 innititur.

359 1365 414 1397 VI.
438 1366 549 1396 Tertio
564 1364 593 1402 ἓ,
617 1365 695 1396 utile
711 1371 770 1402 est,
794 1364 908 1405 inquit,
932 1364 995 1395 hoc
1019 1363 1228 1395 considerare.
1252 1364 1294 1396 Et
1309 1363 1371 1395 hoc

301 1420 339 1441 ex
354 1410 478 1441 duabus
498 1410 684 1441 utilitatibus
707 1408 902 1440 manifestat:
926 1408 1029 1449 prima
1051 1415 1097 1439 est
1112 1408 1266 1448 repressio
1282 1418 1371 1449 prae-

301 1454 511 1495 sumptionis;
535 1454 673 1485 secunda
687 1460 734 1484 est
749 1453 877 1484 evitatio
892 1452 1045 1484 irrisionis
1061 1453 1100 1483 ab
1115 1452 1311 1490 infidelibus3
1335 1459 1372 1484 ut

301 1498 383 1531 clare
405 1505 492 1539 patet
514 1498 548 1529 in
570 1498 681 1529 littera.
878 1526 884 1532 ,

357 1543 427 1574 vn.
443 1542 479 1574 In
494 1542 702 1583 responsione
721 1542 762 1572 ad
782 1541 966 1582 septimum,
983 1541 1120 1578 adverte,
1136 1541 1265 1578 novitie,
1282 1542 1371 1582 quod

301 1587 387 1618 aliud
406 1593 453 1618 est
471 1587 583 1623 dicere,
607 1586 759 1617 Socrates
775 1592 875 1627 pater
898 1591 945 1616 est
967 1595 1066 1617 causa
1083 1595 1147 1626 per
1169 1595 1204 1617 se
1226 1586 1371 1616 Platonis

290 1631 370 1673 filii,
395 1636 426 1662 et
447 1631 540 1661 Plato
556 1640 621 1671 per
642 1640 677 1661 se
699 1629 799 1661 causa
825 1630 991 1661 Ciceronis
996 1637 1010 1668 ;
1033 1636 1064 1661 et
1083 1630 1169 1660 aliud
1188 1637 1235 1661 est
1257 1630 1369 1666 dicere,

299 1675 451 1707 Socrates
474 1680 504 1706 et
526 1675 618 1706 Plato
641 1680 717 1706 sunt
733 1685 798 1715 per
819 1684 855 1706 se
877 1684 996 1705 causae
1021 1674 1196 1705 Ciceronis.
1226 1674 1370 1705 Primum

301 1719 387 1751 enim
410 1726 456 1751 est
470 1719 689 1750 verissimum:
714 1719 879 1760 quoniam,
897 1718 978 1750 sicut
1000 1719 1101 1749 homo
1120 1725 1248 1760 generat
1266 1718 1370 1749 homi-

300 1774 376 1795 nem
399 1774 455 1805 per
479 1774 522 1800 se,
545 1763 589 1794 ita
611 1770 642 1794 te
665 1770 754 1805 pater
776 1770 861 1800 tuus,
886 1770 922 1794 ut
944 1763 1059 1794 dicitur
1081 1763 1138 1794 XII
1162 1763 1369 1804 Metaphys„

265 1831 273 1844 ,
299 1815 373 1840 text.
384 1818 424 1850 27
430 1808 457 1839 *.
471 1808 656 1839 Secundum
668 1814 776 1838 autem
788 1814 835 1838 est
850 1807 1066 1839 falsissimum.
1082 1807 1247 1846 Quoniam
1259 1818 1370 1838 causae

300 1862 357 1894 per
372 1862 404 1883 se
421 1852 582 1883 ordinatae
598 1858 742 1893 respectu
765 1852 898 1883 alicuius
915 1851 1052 1889 effectus,
1068 1859 1152 1888 sunt,
1170 1858 1206 1883 ut
1220 1852 1254 1882 in
1269 1852 1370 1883 littera

300 1896 432 1934 dicitur,
457 1896 655 1927 diversorum
679 1896 839 1933 ordinum,
865 1896 960 1927 simul
984 1903 1147 1928 causantes
1170 1895 1317 1927 effectum
1336 1896 1371 1926 il-

1432 229 1728 267 ARTICULUS
1757 232 1806 268 III
2395 238 2471 284 483

1416 307 1498 343 lum;
1523 315 1554 338 et
1576 315 1741 349 propterea
1771 320 1836 340 non
1859 319 1993 350 possunt
2018 312 2174 344 infinitati.
2203 315 2293 345 Pater
2316 322 2422 346 autem
2446 323 2476 346 et

1418 361 1494 400 avus
1518 352 1659 382 eiusdem
1675 353 1792 383 ordinis
1817 365 1927 385 causae
1951 363 2032 393 sunt,
2050 367 2116 387 non
2132 357 2226 388 simul
2241 366 2402 390 causantes
2417 367 2474 390 ter-

1418 401 1515 424 tium:
1540 397 1694 436 quamvis,
1712 404 1747 428 ut
1770 398 1890 429 dictum
1913 407 1967 436 est,
1992 400 2072 431 inter
2095 412 2127 431 se
2150 412 2226 432 avus
2250 402 2342 433 fuerit
2364 413 2420 443 per
2443 414 2475 433 se

1419 448 1512 469 causa
1534 440 1639 479 patris,
1664 447 1694 471 et
1716 448 1804 481 pater
1826 442 1890 474 filii.
1920 444 1961 474 Et
1982 451 2147 484 propterea
2170 446 2209 476 ad
2233 447 2475 486 productionem

1418 482 1553 513 Socratis
1576 493 1642 514 non
1664 484 1757 516 refert
1770 485 1873 517 finitas
1895 487 1945 517 vel
1960 487 2096 519 infinitas
2112 490 2360 529 progenitorum.

1419 570 1426 576 ·
1452 570 1459 576 θ
1476 527 1558 576 Vill.
1576 528 1611 557 In
1626 529 1831 568 responsione
1847 531 1887 560 ad
1901 537 2059 568 octavum,
2084 533 2246 574 diligenter
2261 535 2384 569 adverte
2399 535 2476 575 quid

1419 570 1461 600 IbI
1476 571 1598 620 dicitur,
1610 578 1640 602 et
1654 582 1749 612 quare
1762 573 1892 605 dicatur.
1904 575 1980 606 Post
1994 577 2134 608 recitatas
2148 588 2285 619 namque
2300 579 2475 618 opiniones,

1420 614 1526 645 subdit
1549 616 1812 647 considerandum
1828 628 1894 648 esse
1910 620 1994 659 quod
2007 620 2085 651 haec
2100 623 2183 652 ratio
2192 623 2405 662 particularis
2420 629 2475 654 est.

1420 658 1460 688 Et
1482 668 1593 688 verum
1618 660 1710 690 dixit:
1739 662 1892 701 quoniam
1916 663 2108 702 particularis
2132 673 2186 702 est,
2211 677 2277 696 non
2299 667 2331 696 in
2355 677 2396 703 se,
2422 668 2477 698 sed

1420 709 1562 742 respectu
1587 704 1733 744 quaesiti,
1758 712 1792 735 ut
1815 706 1948 745 ipsemet
1971 708 2084 739 subdit.
2113 709 2300 746 Quaesitum
2323 718 2368 742 est
2392 711 2477 741 enim

1420 745 1481 781 hic,
1505 753 1612 776 utrum
1636 747 1801 786 mundum,
1826 749 1906 780 idest
1928 751 2160 783 universitatem
2184 761 2409 791 creaturarum,
2430 756 2477 785 in-

1421 790 1562 830 coepisse
1585 791 1624 821 sit
1646 792 1795 823 articulus
1819 793 1906 824 fidei:
1926 801 1957 824 et
1974 805 2049 832 non,
2070 803 2177 827 utrum
2200 798 2337 838 singulas
2360 799 2478 839 species

1422 841 1633 865 creaturarum
1645 835 1820 876 incoepisse
1836 838 1875 868 sit
1890 838 2038 869 articulus
2048 839 2130 871 fidei.
2147 842 2229 872 Dato
2240 852 2378 883 namque
2389 843 2478 884 quod

1421 877 1586 908 hominem
1602 879 1775 919 incoepisse
1791 881 1830 911 sit
1845 881 2094 920 demonstrabile,
2107 885 2209 915 adhuc
2225 886 2358 916 dubium
2376 894 2478 923 restat,

1423 930 1531 952 utrum
1559 923 1742 953 universum
1774 924 1947 965 incoepisse
1975 927 2013 957 sit
2037 928 2295 960 demonstrabile:
2326 932 2479 971 quoniam

1422 973 1482 997 stat
1506 976 1580 996 cum
1602 967 1803 1007 incoeptione
1830 969 1968 1000 hominis
1992 973 2154 1003 aeternitas
2177 974 2288 1004 mundi
2315 975 2364 1004 vel
2388 985 2479 1015 ange-

1422 1010 1538 1047 lorum,
1563 1017 1598 1041 ut
1619 1011 1652 1040 in
1675 1012 1775 1043 littera
1799 1013 1920 1044 dicitur.

1470 1054 1586 1104 'Causa
1605 1062 1711 1086 autem
1734 1066 1830 1097 quare
1853 1057 1914 1088 hoc
1934 1059 2051 1095 dixerit,
2069 1067 2114 1090 est
2129 1061 2213 1101 quia,
2231 1062 2406 1092 secundum
2422 1063 2479 1092 do-

1424 1105 1556 1129 ctrinam
1579 1100 1736 1136 Auctoris,
1761 1101 1839 1131 ratio
1862 1101 1990 1133 inducta
2013 1104 2106 1143 cogit.
2130 1105 2245 1135 Parum
2268 1112 2373 1136 tamen
2396 1107 2480 1137 utilis

1424 1143 1462 1173 ab
1485 1143 1598 1173 eodem
1617 1143 1729 1174 dicitur
1743 1144 1775 1174 in
1793 1145 1818 1174 II
1838 1145 1959 1176 Contra
1978 1147 2080 1185 Gent.,
2098 1158 2164 1188 cap.
2181 1159 2304 1186 xxxvm,
2327 1151 2480 1191 quoniam

1424 1187 1525 1217 multa
1547 1188 1700 1227 supponit
1721 1188 1754 1218 in
1777 1189 1892 1229 quibus
1916 1190 2094 1222 discordant
2116 1192 2309 1233 philosophi.

1483 1231 1534 1262 lx.
1560 1231 1651 1262 Circa
1675 1233 1807 1262 eandem
1830 1234 2078 1274 responsionem,
2103 1237 2226 1267 adverte
2249 1239 2346 1278 quod,
2370 1249 2480 1269 secun-

1425 1275 1504 1306 dum
1519 1276 1667 1306 Auctoris
1691 1276 1875 1313 doctrinam,
1896 1278 2102 1310 sustinentem
2125 1281 2392 1313 immortalitatem
2415 1283 2481 1313 ani-

1425 1329 1496 1350 mae
1519 1326 1700 1350 numeratae
1724 1320 1789 1351 sine
1813 1321 1939 1358 circulo,
1965 1329 1994 1353 et
2017 1323 2300 1363 impossibilitatem
2323 1325 2481 1357 infinitatis

1424 1363 1458 1394 in
1480 1370 1552 1394 actu
1572 1364 1668 1394 simul
1687 1364 1781 1395 etiam
1804 1375 1860 1405 per
1882 1366 2032 1403 accidens,
2048 1367 2238 1408 intelligibile
2254 1379 2319 1400 non
2335 1377 2380 1401 est
2394 1371 2482 1410 quod

1424 1408 1584 1451 generatio
1607 1408 1747 1439 humana
1766 1409 1805 1440 sit
1821 1416 1953 1441 aeterna.
1977 1411 2018 1442 Et
2033 1419 2197 1452 propterea
2221 1413 2302 1444 cauti
2318 1414 2379 1444 sint
2394 1414 2481 1445 Tho-

1425 1452 1536 1483 mistae
1558 1452 1591 1483 in
1615 1453 1817 1484 concedendo
1846 1455 2004 1485 mundum
2032 1456 2172 1495 potuisse
2195 1467 2261 1487 esse
2284 1458 2321 1488 ab
2345 1465 2481 1490 aeterno.

1426 1496 1613 1528 Concedant
1643 1498 1802 1528 mundum
1834 1499 1942 1538 quoad
1972 1500 2194 1538 substantiam,
2228 1509 2423 1533 constantem
2446 1513 2482 1533 ex

1425 1541 1567 1582 quinque
1584 1541 1770 1581 corporibus
1789 1541 2001 1583 simplicibus}
2027 1545 2200 1575 concedant
2214 1546 2372 1576 mundum
2388 1546 2482 1577 etiam

1425 1586 1533 1626 quoad
1556 1592 1683 1616 motum
1706 1586 1791 1622 caeli,
1812 1594 1842 1617 et
1859 1587 2073 1627 generationes
2097 1599 2207 1619 omnes
2231 1597 2350 1629 praeter
2372 1591 2482 1621 huma-

1425 1640 1510 1660 nam.
1536 1630 1716 1661 Inevitabile
1744 1630 1829 1660 enim
1853 1638 1898 1661 est
1921 1632 1997 1672 quin
2021 1640 2075 1663 aut
2097 1633 2136 1663 sit
2158 1633 2315 1664 infinitum
2338 1634 2371 1664 in
2394 1642 2480 1671 actu;

1425 1681 1480 1704 aut
1499 1674 1539 1704 ad
1555 1674 1705 1705 miracula
1724 1681 1907 1711 recurratur,
1932 1677 2081 1716 ponendo
2105 1687 2206 1707 unum
2229 1678 2392 1708 hominem
2414 1678 2482 1708 infi-

1425 1718 1492 1749 nito
1515 1725 1660 1759 tempore
1678 1719 1798 1756 vixisse,
1824 1726 1854 1750 et
1876 1730 1894 1750 a
1918 1727 2001 1750 certo
2025 1727 2167 1760 tempore
2190 1731 2360 1761 generasse.
2384 1723 2424 1753 Et
2441 1723 2483 1753 sic

1425 1763 1520 1793 etiarn
1536 1773 1601 1793 non
1622 1763 1791 1794 salvaretur
1813 1764 1971 1804 generatio
1994 1764 2134 1795 humana
2148 1773 2280 1802 aeterna,
2297 1767 2350 1796 sed
2366 1767 2483 1806 species

1425 1807 1575 1838 humana.
1600 1807 1662 1838 Sed
1685 1807 1863 1844 ridiculum,
1887 1808 2004 1839 iudicio
2028 1819 2120 1845 meo,
2145 1817 2190 1840 est
2212 1810 2273 1840 hoc
2296 1810 2484 1841 miraculum

1426 1851 1641 1892 interponere,
1667 1851 1720 1882 ubi
1745 1852 1783 1882 de
1806 1852 2011 1893 possibilitate
2039 1854 2254 1893 productionis
2282 1855 2392 1885 mundi
2416 1855 2503 1886 talis,

1426 1896 1555 1937 qualem
1577 1896 1732 1933 videmus,
1757 1903 1803 1927 est
1826 1907 1939 1927 sermo.

1110 2058 1429 2101 ARTICULUS
1458 2058 1687 2100 TERTIUS

759 2153 916 2184 UTRUM
941 2152 1135 2184 CREATIO
1159 2153 1312 2184 RERUM
1335 2153 1495 2183 FUERlT
1520 2124 1564 2183 Iri
1585 2153 1798 2184 PRINCIPIO
1822 2153 2037 2185 TEMPORIS

1172 2232 1192 2257 ll
1212 2232 1295 2262 Seni„
1316 2231 1374 2257 dist.
1393 2239 1411 2263 1,
1431 2239 1476 2264 qu.
1495 2239 1516 2261 1,
1536 2237 1582 2257 art.
1602 2230 1627 2256 6.

422 2341 491 2382 JK(
514 2333 538 2358 D
561 2333 722 2359 TERTIUM
750 2333 804 2358 sic
823 2333 1064 2359 PROCEDITIJR.
1085 2321 1246 2359 Videtur
1264 2320 1372 2370 quod

352 2370 376 2390 ”
432 2361 503 2433 {354
516 2374 655 2411 creatio
675 2387 804 2412 rerum
824 2387 903 2412 non
923 2374 991 2412 fuit
1010 2375 1048 2412 in
1069 2374 1256 2424 principio
1276 2382 1372 2411 tem-

319 2416 484 2481 '‘gvj-²5>
513 2428 629 2477 poris.
655 2427 774 2475 Quod
803 2427 905 2464 enirn
933 2441 1013 2465 non
1042 2428 1155 2465 estin
1182 2435 1371 2477 tempore,

359 2454 449 2507 ζ’*
472 2470 596 2518 Knon
616 2488 671 2518 est
695 2481 734 2518 in
753 2480 878 2530 aliquo
899 2481 1094 2530 temporis.
1125 2481 1203 2518 Sed
1232 2480 1371 2518 creatio

302 2545 431 2570 rerum
455 2545 534 2571 non
554 2534 619 2571 fuit
636 2534 676 2571 in
694 2541 889 2583 ternpore:
917 2546 987 2583 per
1015 2534 1248 2572 creationem
1268 2534 1371 2571 enim

302 2598 431 2624 rerum
468 2587 678 2624 substantia
710 2587 749 2624 in
783 2599 866 2624 esse
893 2587 1080 2636 producta
1114 2595 1189 2634 est;
1219 2594 1373 2636 tempus

302 2646 431 2677 autem
451 2652 531 2677 non
559 2647 755 2678 mensurat
773 2641 1026 2678 substantiam
1046 2653 1186 2689 rerum,
1208 2648 1245 2678 et
1263 2653 1373 2690 prae-

303 2693 414 2742 cipue
446 2693 756 2743 incorporalium.
795 2694 898 2742 Ergo
937 2693 1077 2731 creatio
1115 2707 1194 2732 non
1230 2694 1298 2731 fuit
1334 2694 1374 2731 in

301 2746 489 2795 principio
517 2747 710 2796 temporis.

359 2811 393 2837 2.
416 2801 650 2848 PRAETEREA,
670 2799 928 2849 Philosophus
942 2800 1110 2849 probat*
1129 2800 1236 2850 quod
1256 2813 1373 2837 omne

303 2853 409 2902 quod
437 2854 492 2902 fit,
512 2854 652 2891 fiebat:
682 2861 719 2890 et
746 2853 799 2890 sie
828 2865 945 2890 omne
965 2853 1048 2890 fieri
1076 2854 1192 2891 habet
1213 2854 1317 2903 prius
1338 2862 1374 2890 et

302 2907 503 2956 posterius.
534 2908 576 2944 In
603 2906 789 2956 principio
818 2914 946 2944 autem
974 2907 1179 2956 temporis,
1210 2919 1299 2944 cum
1328 2907 1374 2944 sit

303 2959 545 3008 indivisibile,
565 2973 644 2998 non
665 2968 720 2997 est
738 2959 842 3009 prius
862 2967 899 2997 et
915 2960 1116 3009 posterius.
1147 2962 1262 3009 Ergo,
1285 2973 1372 2997 cum

305 3014 423 3050 creari
453 3014 499 3051 sit
530 3014 728 3063 quoddam
764 3013 865 3062 fieri,
894 3014 1045 3051 videtur
1073 3014 1177 3063 quod
1206 3026 1266 3051 res
1294 3026 1374 3050 non

305 3065 379 3103 sint
406 3074 554 3104 creatae
582 3067 621 3105 in
647 3066 835 3118 principio
863 3067 1059 3116 temporis.

360 3120 395 3157 3.
416 3121 649 3169 PRAETEREA,
666 3121 793 3169 ipsum
813 3120 928 3158 etiam
947 3128 1099 3170 tempus
1115 3127 1284 3158 creatum
1306 3127 1371 3157 est.

305 3173 384 3210 Sed
403 3186 483 3211 non
495 3181 622 3223 potest
637 3174 755 3212 creari
769 3179 787 3195 ⁰‘
801 3173 841 3211 in
853 3174 1039 3223 principio
1060 3174 1262 3223 temporis:
1285 3185 1372 3210 cum

303 3233 457 3275 tempus
485 3227 532 3264 sit
559 3227 757 3274 divisibile,
778 3226 1008 3276 principium
1032 3234 1161 3265 autem
1189 3226 1373 3275 temporis

302 3278 542 3317 indivisibile.
573 3281 665 3318 Non
689 3293 780 3329 ergo
801 3281 941 3318 creatio
961 3293 1090 3318 rerum
1119 3280 1187 3317 fuit
1214 3280 1253 3317 in
1272 3279 1373 3328 prin-

304 3332 404 3381 cipio
428 3333 626 3382 temporis.

358 3386 433 3422 SED
453 3397 600 3423 CONTRA
618 3399 685 3424 EsT
703 3386 811 3435 quod
834 3387 926 3424 Gen.
949 3387 994 3424 ι*
1023 3386 1174 3423 dicitur:
1204 3388 1250 3423 In
1263 3385 1372 3434 prin-

304 3438 401 3487 cipio
430 3439 574 3476 creavit
597 3440 702 3477 Deus
729 3440 876 3477 caelum
906 3446 941 3477 et
967 3446 1121 3477 terram.

356 3553 386 3612 og)
400 3552 460 3593 .Sed
478 3560 530 3578 non
546 3556 638 3584 potest
655 3553 752 3579 creari.
770 3567 790 3572 -
807 3554 863 3579 Sed
881 3557 984 3586 tempus
1004 3562 1055 3579 non
1064 3557 1156 3586 potest
1168 3553 1256 3579 creari
1270 3553 1370 3578 codices
1395 3549 1399 3615 Ι

302 3592 328 3613 et
346 3595 361 3612 e
380 3593 424 3613 Ino
443 3595 469 3613 a.

1481 2322 1707 2358 RESPONDEO
1734 2333 1919 2359 DICENDUM
1957 2321 2062 2369 quod
2098 2321 2188 2358 illud
2222 2323 2384 2359 verbum
2417 2323 2486 2360 Ge-

1428 2386 1503 2412 nes.
1520 2387 1543 2422 I,
1568 2376 1614 2411 In
1629 2375 1817 2423 principio
1837 2375 1979 2411 creavit
1995 2376 2098 2411 Deus
2117 2375 2260 2412 caelum
2280 2381 2316 2412 et
2332 2382 2484 2422 terram,

1426 2427 1619 2477 tripliciter
1638 2427 1848 2476 exponitur,
1870 2428 1917 2464 ad
1939 2428 2215 2464 excludendum
2235 2436 2308 2465 tres
2329 2441 2484 2465 errores.

1428 2481 1597 2528 Quidam
1627 2480 1729 2517 enim
1747 2488 1957 2529 posuerunt
1974 2480 2160 2517 mundum
2189 2493 2340 2529 semper
2358 2482 2482 2528 fuisse,

1428 2542 1465 2571 et
1484 2534 1643 2583 'tempus
1670 2538 1750 2571 non
1777 2534 1917 2570 habere
1944 2533 2172 2582 principium
2195 2533 2225 2570 ³¹⁸.
2255 2535 2304 2570 Et
2331 2534 2379 2571 ad
2407 2535 2481 2571 hoc

1429 2587 1720 2633 excludendum,
1743 2586 1956 2635 exponitur:
1977 2587 2014 2623 in
2023 2587 2222 2635 principio,
2239 2587 2376 2623 scilicet
2395 2593 2484 2623 tem-

1422 2641 1530 2690 poris
1547 2640 1578 2677 ²¹⁶.
1599 2661 1624 2668 -
1640 2639 1807 2687 Quidam
1826 2651 1919 2677 vero
1938 2647 2149 2688 posuerunt
2168 2640 2244 2676 duo
2271 2652 2352 2676 esse
2382 2652 2483 2677 crea-

1428 2694 1539 2731 tionis
1553 2693 1748 2742 principia,
1764 2705 1882 2730 unum
1898 2693 2100 2740 bonorum,
2112 2692 2210 2729 aliud
2221 2691 2238 2721 β
2253 2694 2441 2729 malorum
2451 2693 2482 2730 ²¹⁶.

1429 2749 1478 2784 Et
1505 2747 1555 2784 ad
1582 2748 1656 2783 hoc
1676 2745 1965 2792 excludendum,
1988 2746 2204 2794 exponitur:
2233 2746 2269 2782 in
2283 2746 2483 2794 principio,

1428 2801 1524 2838 idest
1551 2801 1588 2837 in
1616 2799 1724 2836 Filio.
1756 2799 1860 2836 Sicut
1883 2799 1984 2835 enim
2012 2798 2238 2847 principium
2268 2799 2484 2835 effectivum

1428 2853 1691 2903 appropriatur
1718 2852 1829 2899 Patri,
1849 2859 2004 2900 propter
2025 2852 2245 2900 potentiam,
2274 2851 2324 2888 ita
2350 2851 2485 2900 princi-

1428 2907 1534 2957 pium
1562 2906 1777 2954 exemplare
1812 2905 2075 2953 appropriatur
2103 2904 2214 2951 Filio,
2243 2911 2398 2953 propter
2425 2916 2482 2940 sa-

1427 2959 1630 3009 pientiam:
1668 2966 1710 2995 ut
1746 2958 1840 2994 sicut
1869 2957 2003 2994 dicitur
2020 2957 2055 3004 ³¹⁸,
2085 2958 2211 2994 omnia
2240 2958 2276 2993 in
2304 2957 2484 3004 sapientia

1416 3013 1555 3062 fecisti,
1575 3012 1625 3049 ita
1643 3011 1866 3059 intelligatur
1881 3012 2007 3047 Deum
2029 3010 2158 3047 omnia
2176 3010 2306 3046 fecisse
2326 3010 2363 3046 in
2376 3010 2483 3058 prin-

1428 3066 1535 3114 cipio,
1556 3064 1652 3101 idest
1679 3064 1717 3100 in
1746 3064 1861 3110 Fili03
1891 3063 2103 3100 secundum
2131 3062 2220 3100 illud
2239 3062 2412 3111 Apostoli
2432 3062 2479 3099 ad

1433 3117 1662 3155 Coloss.1*:
1691 3118 1738 3153 In
1771 3117 1871 3165 ipso,
1905 3116 2043 3153 scilicet
2070 3115 2184 3162 Filio,
2219 3116 2364 3152 condita
2398 3121 2485 3151 sunt

1429 3172 1613 3208 universa.
1648 3191 1671 3197 -
1705 3169 1778 3206 Alii
1815 3182 1908 3207 vero
1947 3169 2118 3206 dixerunt
2155 3168 2363 3217 corporalia
2400 3180 2488 3204 esse.

1430 3232 1552 3261 creata
1566 3236 1588 3260 a
1608 3225 1692 3260 Deo
1712 3222 1965 3259 mediantibus
1985 3221 2161 3258 creaturis
2181 3221 2434 3270 spiritualibus
2448 3220 2479 3257 ²¹⁸.

1428 3279 1477 3314 Et
1505 3277 1554 3313 ad
1581 3277 1656 3312 hoc
1675 3275 1967 3322 excludendum,
1997 3274 2211 3323 exponitur:
2236 3275 2282 3310 In
2296 3273 2482 3322 principio

1429 3330 1570 3367 creavit
1594 3330 1698 3365 Deus
1726 3329 1870 3365 caelum
1902 3333 1938 3364 et
1964 3333 2124 3372 terram,
2158 3326 2254 3363 idest
2286 3332 2372 3363 ante
2404 3338 2483 3363 om-

1428 3384 1490 3420 nia
1510 3388 1535 3418 ⁷.
1567 3382 1742 3428 Quatuor
1770 3381 1870 3418 enim
1898 3388 2091 3429 ponuntur
2119 3379 2230 3416 simul
2260 3387 2393 3426 creata,
2415 3379 2484 3415 sci-

1427 3436 1512 3473 lieet
1541 3435 1689 3472 caelum
1710 3446 1947 3482 empyreum,
1969 3433 2125 3469 materia
2146 3432 2350 3481 corporalis
2371 3434 2483 3481 (quae

1479 3548 1503 3582 β)
1523 3549 1605 3573 aliud.
1623 3562 1642 3567 -
1660 3551 1686 3572 et
1704 3547 1779 3572 aliud
1797 3547 1906 3571 codices.

1477 3586 1503 3618 γ)
1523 3584 1621 3609 omnia.
1638 3597 1657 3602 -
1675 3583 1765 3607 omnia
1783 3583 1888 3607 saecula
1907 3582 1936 3606 B.

2511 2548 2520 2556 ·
2536 2546 2572 2568 Cf.
2587 2550 2628 2568 art.
2644 2553 2660 2568 I.

2511 2654 2520 2662 ·
2535 2652 2563 2674 D.
2577 2658 2627 2680 ¹¹5²·

2510 2732 2521 2742 ⁸
2528 2731 2563 2753 Cf.
2571 2731 2636 2752 Cone.
2644 2731 2721 2758 Gent„

2511 2758 2551 2779 lib.
2564 2757 2593 2784 11,
2609 2763 2659 2785 cap.
2673 2764 2720 2779 xu-

2511 2973 2519 2981 ·
2533 2971 2571 2993 Ps.
2587 2977 2633 2999 mr,
2648 2977 2683 2998 ²4·

2510 3127 2519 3135 ·
2533 3126 2600 3148 Vers.
2615 3127 2647 3148 16.

2510 3227 2673 3249 ‘VidePlat-in
2683 3227 2721 3249 Ti-

2510 3260 2576 3275 maeo
2592 3254 2651 3280 (Did.
2662 3258 2723 3275 torn.

2510 3281 2723 3335 {atsteigai

2510 3337 2576 3355 tract.
2585 3333 2624 3360 lx,
2632 3339 2684 3361 cap.
2690 3323 2722 3355 ivs

2607 3388 2624 3413 Υ
