2768 4178
973 224 1240 270 QUAESTIO
1269 223 1448 269 xxxiv,
1478 223 1775 260 ARTiCULus
1805 223 1853 258 111

323 303 428 334 fertur.
453 302 495 333 Et
510 303 618 343 quoad
634 313 681 333 res
698 303 795 334 dictas
814 303 954 344 quidem,
972 303 1004 333 in
1022 303 1126 343 primo
1143 301 1275 333 articulo
1292 301 1387 331 huius

322 347 532 388 quaestionis,
561 347 594 377 in
625 347 832 388 responsione
862 347 903 377 ad
929 348 963 382 3,
995 347 1165 376 habuimus
1196 346 1284 386 quod
1314 352 1389 375 sunt

321 391 399 421 haec
418 391 485 427 tria,
500 391 617 422 scilicet
632 391 765 421 essentia
782 391 896 426 divina,
912 400 1066 430 personae
1086 390 1218 425 divinae,
1237 397 1267 420 et
1282 389 1387 419 omnis

323 442 481 466 creatura:
505 435 596 465 Pater
619 435 705 465 enim
724 435 799 465 dicit
814 435 892 465 haec
907 434 1017 464 omnia
1033 435 1149 465 Verbo.
1174 433 1297 464 Relatio
1312 443 1388 463 vero

322 479 418 510 Verbi
442 479 482 508 ad
505 489 553 509 res
577 479 684 515 dictas,
701 485 737 509 ut
756 479 815 515 sic,
841 484 888 508 est
910 478 1018 508 relatio
1047 477 1195 508 rationis:
1220 483 1250 507 et
1273 484 1320 507 est
1342 487 1388 507 re-

322 523 399 553 latio
426 523 592 563 expressivi
617 523 656 552 ad
680 532 877 562 expressum,
901 528 937 552 ut
960 522 993 551 in
1016 521 1117 552 littera
1141 521 1262 551 dicitur.
1292 521 1333 551 Et
1355 521 1388 550 in

322 567 371 597 his
397 567 523 597 duobus
547 566 741 597 conveniunt
763 566 816 596 alii
838 565 1026 602 nobiscum,
1052 565 1151 596 coacti
1176 565 1256 596 forte
1279 571 1388 595 aucto-

322 610 411 641 ritate
437 610 617 650 Augustini.

382 655 419 684 In
441 654 570 695 reliquis
593 660 700 684 autem
725 654 870 689 duobus,
899 653 1014 684 scilicet
1038 653 1071 682 in
1093 653 1192 683 modo
1222 659 1252 683 et
1275 662 1387 686 causa.

322 698 483 728 diversitas
507 705 553 728 est
576 697 778 737 opinionum.
803 697 917 728 Scotus
940 697 1035 733 enim,
1052 697 1085 726 in
1104 696 1261 733 Secundo,
1281 696 1350 727 dist.
1366 707 1387 732 1,

322 752 377 782 qu.
394 752 421 778 1,
446 749 502 772 art.
521 752 550 778 2,
575 748 606 771 et
627 741 661 771 in
688 741 895 778 Quodlibetis,
920 752 973 782 qu.
990 751 1050 777 xiv,
1076 748 1131 771 art.
1150 751 1178 777 2,
1196 747 1281 771 tenet
1300 741 1389 781 quod

322 786 463 816 Verbum
478 785 548 822 Dei,
565 795 603 816 ex
617 785 649 815 vi
664 785 883 825 productionis
898 791 988 822 suae,¹
1000 795 1066 816 non
1083 785 1224 826 procedit
1240 794 1276 815 ex
1291 785 1388 815 scien-

271 843 276 847 ·
321 829 364 860 tia
387 836 618 865 creaturarum,
648 830 702 859 sed
731 829 854 859 divinae
883 830 1043 860 essentiae.
1073 830 1114 860 Et
1136 839 1263 865 rursus,
1293 836 1328 859 ut
1352 839 1388 859 ex

321 873 392 903 dist.
409 883 492 903 xxxn
507 873 613 909 Primi,
630 883 685 914 qu.
701 884 722 910 1,
737 874 778 903 ad
794 874 861 910 ult.‚
878 874 1020 904 eiusdem
1037 873 1182 910 sumitur,
1200 880 1283 904 tenet
1299 873 1388 913 quod

320 917 463 948 Verbum
482 917 526 947 sic
544 917 686 957 procedit
705 918 743 948 de
763 917 891 948 scientia
909 918 1008 948 solius
1032 917 1193 954 essentiae,
1210 917 1299 958 quod
1322 927 1388 947 non

320 961 463 1002 procedit
482 967 518 991 ut
535 961 677 992 Verbum
697 971 859 1002 personae,
877 962 937 992 nisi
954 962 1212 992 concomitanter.
1238 962 1282 991 Ita
1299 961 1387 1002 quod

320 1004 512 1045 imaginatur
534 1005 669 1042 Patrem,
695 1016 731 1036 ex
755 1006 816 1036 hoc
839 1006 928 1047 quod
954 1006 1098 1045 intelligit
1122 1005 1261 1036 divinam
1285 1014 1387 1035 essen-

320 1049 408 1085 tiam,
424 1049 566 1080 Verbum
590 1050 781 1089 producere:
811 1050 900 1090 quod
923 1050 1053 1091 quidem
1070 1060 1107 1080 ex
1122 1050 1152 1079 vi
1167 1049 1387 1089 productionis

320 1102 396 1123 suae
420 1093 566 1133 exprimit
588 1094 766 1130 essentiam,
783 1104 935 1134 personas
958 1101 1065 1124 autem
1081 1093 1202 1124 divinas
1225 1092 1386 1123 concomi-

320 1143 430 1173 tanter,
446 1144 600 1178 tanquam
623 1148 671 1168 res
695 1138 870 1168 necessario
893 1138 1015 1169 iunctas
1039 1138 1207 1168 essentiae:
1233 1143 1387 1167 creaturas

319 1190 395 1211 vero
418 1181 512 1212 habet
535 1182 624 1222 quod
652 1189 877 1222 repraesentet,
908 1182 1066 1222 completa
1089 1181 1153 1211 iam
1176 1180 1387 1221 productione

319 1224 419 1265 ipsius
442 1224 548 1256 Verbi.

378 1269 619 1305 V..Est‹autem
634 1269 881 1301 fundamentum
904 1268 1073 1309 positionis
1087 1278 1173 1305 suae,
1193 1267 1269 1308 quia
1284 1268 1385 1307 ponit,

316 1310 353 1344 in
374 1323 455 1344 xxxv
478 1313 678 1344 distinctione
693 1313 800 1350 Primi,
825 1319 980 1344 creaturas
1003 1312 1138 1353 produci
1153 1323 1171 1342 a
1185 1313 1255 1342 Deo
1271 1312 1304 1341 in
1319 1321 1386 1342 esse

320 1357 460 1397 cognito.
476 1358 517 1388 Et
527 1364 694 1398 propterea
709 1357 899 1397 imaginatur
913 1357 1002 1398 quod
1015 1356 1147 1387 essentia
1162 1356 1268 1387 divina
1282 1355 1386 1396 primo

319 1401 410 1443 quasi
433 1407 542 1432 movet
564 1401 760 1432 intellectum
789 1407 958 1441 paternum
985 1401 1025 1431 ad
1055 1400 1299 1441 productionem
1327 1405 1386 1430 ter-

318 1444 399 1476 mini
421 1444 546 1481 infiniti,
570 1445 650 1476 idest
668 1445 782 1476 Verbi:
807 1451 838 1476 et
861 1444 974 1475 deinde
997 1445 1037 1474 ad
1059 1444 1233 1475 terminum
1249 1443 1385 1479 finitum,

288 1524 291 1527 ¹
317 1488 400 1520 idest
421 1495 596 1519 creaturam
614 1488 648 1518 in
665 1498 732 1519 esse
756 1489 894 1529 cognito.
918 1489 961 1519 Et
983 1489 1027 1519 sic
1042 1489 1184 1519 Verbum
1200 1498 1266 1518 non
1282 1494 1387 1527 potest

314 1532 452 1573 produci
475 1533 516 1563 de
537 1532 666 1563 scientia
693 1540 920 1569 creaturarum,
945 1543 1027 1574 quae
1050 1539 1097 1564 est
1119 1532 1151 1563 in
1174 1532 1315 1563 secundo
1339 1532 1386 1562 in-

271 1605 275 1609 .
312 1576 413 1610 stanti
435 1583 576 1608 naturae.

310 1659 316 1662 .
374 1620 489 1660 Arguit
503 1631 635 1662 quoque
651 1621 691 1651 ad
709 1620 771 1651 hoc
793 1620 826 1651 in
846 1621 1004 1657 Secundo,
1021 1620 1075 1651 ubi
1091 1630 1196 1661 supra,
1213 1619 1383 1660 tripliciter.

315 1664 435 1696 Primo.
459 1665 492 1696 Si
507 1665 650 1696 Verbum
666 1665 849 1705 procederet
867 1671 903 1695 ut
921 1665 1063 1695 Verbum
1087 1664 1210 1695 divinae
1235 1664 1385 1695 essentiae

314 1705 349 1740 ‘e't
371 1709 476 1739 omnis
499 1708 718 1750 intelligibilis,
743 1708 811 1749 pari
834 1709 955 1739 ratione
979 1708 1112 1749 Spiritus
1136 1709 1269 1739 Sanctus
1288 1708 1384 1748 spira-

314 1759 402 1784 tetur
424 1759 460 1784 ut
483 1763 574 1783 amor
604 1753 728 1783 divinae
758 1753 909 1784 essentiae
940 1760 971 1783 et
999 1753 1104 1783 omnis
1127 1753 1271 1783 amabilis
1293 1753 1384 1783 intel—

315 1796 403 1828 lecti:
435 1797 490 1827 sed
514 1797 576 1828 hoc
606 1804 653 1828 est
682 1797 818 1828 falsum:
848 1807 934 1837 ergo.
965 1797 1120 1828 Probatur
1149 1797 1284 1827 falsitas:
1309 1797 1383 1837 quia

315 1847 392 1872 tuuc
406 1839 457 1871 vel
472 1841 559 1872 Deus
575 1841 750 1872 necessario
771 1848 890 1872 amaret
913 1848 1077 1877 creaturas,
1092 1841 1142 1871 vel
1157 1841 1291 1881 Spiritus
1307 1841 1383 1872 San-

317 1891 386 1916 ctus
409 1895 476 1916 non
499 1885 681 1916 necessario
702 1886 943 1926 produceretur;
973 1895 1112 1926 quorum
1142 1892 1314 1926 utrumque
1338 1893 1384 1916 est

267 1963 271 1966 y
315 1928 524 1970 impossibile.
548 1947 568 1952 -
591 1929 746 1960 Secundo.
780 1929 813 1960 Si
834 1929 979 1961 Verbum
1008 1929 1191 1969 procederet
1219 1939 1256 1960 ex
1280 1929 1382 1960 omni-

46 2447 174 2488 ι·Αι13.

23 3057 27 3062 ,
72 3034 221 3058 ‘Cf-num.
236 3042 258 3057 v.

74 3254 86 3265 .
93 3253 142 3281 Qu·
154 3259 203 3280 ΧΠ,
213 3257 255 3275 m·
265 3259 285 3281 ⁵»

73 3279 207 3302 Comment.
228 3286 251 3301 n.
270 3286 286 3301 x

119 3313 140 3333 .;
150 3313 190 3335 qu.
195 3313 233 3333 xv,
242 3310 284 3328 art.

20 3330 26 3334 '
46 3356 54 3364 ,
73 3338 98 3360 t,
174 3336 246 3357 ment.
260 3339 284 3354 n-

71 3365 158 3408 ἕῖἓω.

316 1973 376 2004 bus
399 1979 468 2011 etc„
493 1983 568 2014 ergo
591 1973 776 2014 procederet
798 1973 837 2004 de
861 1973 965 2014 seipso
988 1973 1095 2004 Verbo
1119 1981 1156 2004 ut
1178 1980 1256 2004 noto
1281 1973 1381 2004 Patri:

315 2017 406 2058 quod
429 2024 475 2048 est
504 2017 740 2048 inconveniens.
774 2018 816 2048 Et
837 2024 923 2048 tenet
945 2017 1088 2058 sequela:
1119 2018 1195 2058 quia
1218 2027 1322 2048 unum
1345 2018 1383 2048 de

315 2061 480 2092 intellectis
503 2061 678 2092 formaliter
700 2072 718 2095 a
740 2062 842 2098 Patre,
867 2068 913 2092 est
935 2062 1088 2092 Verbum.
1105 2079 1126 2084 -
1147 2062 1262 2093 Tertio.
1288 2062 1383 2092 Nulla

314 2105 425 2136 relatio
449 2106 539 2136 realis
562 2105 694 2136 alicuius
725 2115 878 2146 personae
908 2105 1105 2136 divinae·est
1127 2106 1167 2136 ad
1190 2113 1381 2137 creaturam:

316 2149 371 2180 sed
389 2149 486 2189 geniti
509 2150 549 2180 ad
570 2149 604 2180 id
627 2150 666 2180 de
690 2160 756 2190 quo
775 2149 924 2190 gignitur,
941 2149 967 2180 si
983 2156 1029 2180 est
1045 2149 1229 2180 distinctum
1251 2150 1382 2186 realiter,

316 2200 363 2224 est
385 2193 495 2224 relatio
518 2193 625 2224 realis:
650 2203 725 2234 ergo
741 2193 884 2224 Verbum
907 2203 973 2223 non
997 2201 1043 2224 est
1065 2193 1209 2234 genitum
1225 2194 1264 2224 de
1278 2194 1382 2234 lapide

316 2243 352 2268 ut
375 2244 454 2268 noto
477 2237 570 2268 Parii.

373 2282 428 2313 VI.
451 2281 483 2312 S.
500 2281 644 2312 Thomas
667 2288 784 2318 autem,
809 2288 844 2312 ut
866 2281 918 2312 hic
941 2288 1035 2321 patet,
1059 2288 1145 2312 tenet
1163 2282 1305 2312 Verbum
1324 2282 1383 2312 Dei

315 2332 428 2356 natum
451 2335 517 2356 esse
537 2335 574 2356 ex
593 2325 744 2356 omnibus
759 2336 842 2366 quae
858 2332 933 2356 sunt
947 2325 980 2355 in
997 2324 1126 2357 scientia
1140 2326 1249 2362 Patris,
1268 2326 1383 2357 scilicet

315 2369 459 2406 essentia,
483 2369 637 2410 personis,
655 2376 686 2400 et
704 2370 793 2400 omni
816 2369 878 2400 alio
901 2369 1089 2409 intelligibili
1113 2370 1248 2410 simplici
1273 2368 1383 2412 (quod

315 2413 388 2444 dico
404 2421 533 2455 propter
549 2413 624 2444 scita
640 2424 658 2444 a
673 2414 743 2444 Deo
760 2413 888 2444 scientia
903 2411 1057 2456 visionis).
1078 2414 1271 2454 Imaginatur
1287 2414 1381 2451 enim,

315 2464 352 2489 ut
375 2467 518 2498 expresse
540 2458 574 2488 in
598 2458 702 2498 primo
727 2457 858 2488 articulo
874 2457 892 2476 *
915 2457 1008 2494 dixit,
1033 2458 1122 2499 quod
1145 2459 1245 2494 Pater,
1269 2458 1382 2489 intelli-

315 2502 420 2542 gendo
440 2512 473 2532 se
496 2509 527 2532 et
549 2502 668 2532 Filium
691 2509 723 2532 et
744 2501 898 2542 Spiritum
914 2501 1067 2532 Sanctum
1090 2509 1121 2532 et
1144 2512 1274 2532 omnem
1299 2513 1381 2533 crea-

314 2552 420 2576 turam
439 2544 589 2588 (subaudi
603 2553 648 2582 tu,
665 2546 801 2586 simplici
816 2544 1052 2587 intelligentia),
1069 2546 1208 2586 concipit
1222 2547 1380 2577 Verbum:

314 2589 358 2620 ita
381 2590 470 2630 quod
493 2590 600 2629 prius,
624 2590 802 2621 secundum
825 2590 990 2626 rationem,
1014 2590 1102 2620 Deus
1124 2590 1215 2621 Pater
1237 2591 1382 2630 intelligit

315 2633 472 2674 quidquid
496 2634 677 2665 naturaliter
699 2634 817 2664 relucet
838 2634 872 2664 in
896 2633 1001 2664 divina
1025 2634 1166 2671 essentia,
1191 2645 1289 2675 quam
1308 2645 1381 2675 pro—

315 2678 410 2708 ducat
431 2677 560 2708 Filium.

370 2722 492 2752 Verum
514 2729 621 2752 tamen
643 2729 690 2752 est
712 2721 801 2762 quod
824 2722 965 2752 Verbum
994 2721 1207 2762 principaliter
1235 2723 1381 2762 exprimit

315 2765 492 2802 essentiam,
509 2773 539 2796 et
555 2766 740 2796 secundario
757 2772 928 2802 creaturas;
948 2765 1029 2796 sicut
1045 2772 1076 2796 et
1090 2766 1177 2796 Deus
1192 2767 1283 2797 Pater
1298 2767 1381 2807 prin-

315 2809 455 2850 cipaliter
473 2810 618 2850 intelligit
641 2809 808 2840 essentiam
832 2819 932 2846 suam,
950 2816 981 2840 et
999 2810 1184 2850 secundario
1210 2818 1378 2841 creaturas:

313 2853 357 2884 ita
380 2854 470 2894 quod
499 2854 532 2894 ly
554 2854 780 2894 principaliter
804 2860 834 2884 et
855 2853 889 2894 ly
911 2854 1102 2885 secundario
1129 2854 1208 2886 nihil
1230 2854 1316 2885 aliud
1339 2855 1378 2885 si-

313 2897 464 2938 gnificant
493 2898 553 2928 nisi
577 2899 610 2928 in
632 2908 667 2928 se
690 2904 721 2928 et
743 2899 776 2928 in
799 2898 887 2935 alio;
913 2905 1053 2928 creatura
1076 2898 1162 2928 enim
1189 2898 1222 2928 in
1245 2899 1378 2929 essentia

315 2941 429 2980 divina,
449 2942 518 2982 ipsa
540 2949 647 2972 autem
671 2941 803 2972 essentia
826 2941 859 2971 in
883 2951 916 2972 se
938 2942 1122 2982 intelligitur
1138 2949 1167 2972 et
1183 2942 1376 2982 exprimitur.

372 2986 439 3016 VII.
459 2986 511 3016 Ad
526 2986 767 3026 imaginationes
791 2992 898 3016 autem
921 2986 1058 3017 Scoticas
1082 2985 1171 3016 facile
1187 2993 1233 3017 est
1248 2996 1377 3027 respon-

315 3030 396 3060 dere.
425 3030 615 3060 Primarium
638 3030 723 3060 enirn
746 3029 990 3061 fundamentum
1005 3029 1023 3047 θ
1047 3029 1126 3059 nihil
1148 3030 1250 3060 valere
1279 3040 1315 3061 ex
1339 3041 1377 3061 eo

314 3080 417 3114 patet,
442 3074 531 3115 quod
554 3074 722 3114 productio
745 3074 799 3104 illa
822 3080 1035 3105 creaturarum
1059 3074 1244 3104 chimaerica
1267 3081 1322 3110 est,
1347 3082 1378 3105 et

313 3117 525 3157 periculosam
539 3118 683 3158 ingerens
700 3118 886 3149 doctrinam.
910 3118 1059 3159 Sequitur
1082 3117 1166 3148 enim
1190 3118 1296 3149 Deum
1310 3119 1378 3158 glo-

314 3161 436 3192 riosum
450 3172 518 3193 non
533 3172 627 3202 posse
651 3172 718 3193 esse
741 3163 860 3202 absque
883 3161 954 3198 hoc,
980 3162 1069 3202 quod
1092 3161 1154 3193 sint
1170 3168 1328 3193 creaturae
1343 3162 1376 3193 in

314 3215 380 3236 esse
397 3205 568 3237 diminuto:
587 3206 676 3247 quod
687 3206 720 3236 in
734 3206 936 3246 philosophia
951 3206 1131 3242 ridiculum,
1144 3206 1177 3236 in
1193 3206 1254 3236 fide
1270 3213 1376 3237 autem

314 3250 498 3280 scandalum
512 3250 645 3282 videtur.
669 3250 731 3281 Sed
755 3251 794 3280 de
810 3250 858 3280 his
874 3250 948 3280 alias
963 3250 990 3281 *.
1014 3251 1082 3280 Nos
1098 3249 1192 3286 enim,
1210 3251 1377 3281 essentiam

314 3293 454 3324 divinam
468 3301 499 3325 et
514 3294 688 3325 formaliter
702 3301 733 3325 et
749 3294 902 3325 obiective
917 3303 1014 3325 omne
1027 3293 1222 3334 intelligibile
1237 3304 1377 3335 compre·

313 3337 450 3368 hendere
472 3345 622 3374 tenentes,
643 3348 680 3368 ex
698 3338 842 3378 superius
854 3338 871 3357 *
887 3337 1109 3374 determinatis,
1129 3337 1263 3368 dicimus
1278 3339 1376 3379 quod,

313 3381 388 3422 quia
404 3382 546 3412 Verbum
569 3382 712 3422 procedit
734 3392 801 3413 non
820 3392 857 3412 ex
879 3382 1105 3423 qualicumque
1129 3382 1310 3422 cognitione
1334 3393 1378 3413 es-

2430 221 2498 269 371

1442 302 1558 332 sentiae
1583 301 1720 338 divinae,
1746 302 1800 331 sed
1825 311 1861 331 ex
1885 301 2167 341 comprehensione
2199 301 2356 338 eiusdem,
2382 310 2507 343 oportet

1443 352 1478 376 ut
1497 346 1646 385 procedat
1670 356 1706 376 ex
1726 345 1837 376 notitia
1860 345 2007 375 omnium
2031 355 2112 386 quae
2136 345 2278 376 sciuntur
2301 347 2505 387 comprehen-

1443 389 1548 419 dendo
1565 389 1705 420 divinam
1722 389 1898 420 essentiam.
1913 389 1973 420 Sed
1984 389 2060 420 haec
2073 396 2146 420 sunt
2165 390 2273 420 omnia
2289 391 2466 431 supradicta
2477 390 2504 427 ὓ,

1443 440 1479 463 ut
1501 440 1587 473 patet
1610 444 1647 464 ex
1669 444 1723 474 qu.
1741 444 1793 464 xtv
1809 434 1835 464 *.
1861 433 1956 472 Ergo.

1500 478 1542 507 Et
1564 477 1626 508 hoc
1649 477 1863 517 proculdubio
1888 476 1948 507 fuit
1970 476 2214 508 fundamentum
2237 488 2262 508 s.
2279 478 2434 510 Thomae.
2459 481 2507 510 Ex

1443 531 1509 561 quo
1534 521 1573 551 ad
1596 521 1731 561 primam
1755 521 1967 551 obiectionem
1990 521 2075 552 Scoti
2091 520 2110 539 4‘
2134 521 2246 552 dicitur
2260 523 2392 554 breviter
2406 525 2505 564 quod,

1444 565 1644 595 uniformiter
1666 566 1840 606 loquendo,
1861 565 1978 595 scilicet
1997 566 2035 595 de
2052 572 2190 596 creatura
2206 566 2361 598 intellecta
2376 568 2409 598 in
2425 568 2505 605 Deo,

1444 615 1474 639 et
1497 609 1639 639 similiter
1662 617 1764 641 amata
1787 609 1820 639 in
1844 609 1924 645 Deo,
1949 619 2004 648 par
2028 609 2106 639 ratio
2131 617 2176 640 est
2200 610 2238 640 de
2262 611 2366 641 Verbo
2389 619 2419 642 et
2438 612 2506 653 Spi-

1442 652 1504 683 ritu
1529 653 1660 683 Sancto:
1686 663 1742 684 nec
1766 653 1897 693 aliquod
1926 653 2067 693 sequitur
2095 653 2329 685 inconveniens.
2354 673 2374 678 —
2397 656 2508 688 Posset

1443 703 1548 727 tamen
1573 697 1755 737 simpliciter
1778 697 1884 737 negari
1907 697 2043 737 sequela,
2069 704 2099 727 et
2121 697 2234 737 paritas
2259 699 2407 729 rationis:
2432 701 2507 741 quia

1443 751 1534 771 arnor
1556 741 1680 781 respicit
1703 751 1751 771 res
1779 741 1929 771 amabiles
1957 741 1990 770 in
2014 741 2140 781 seipsis,
2168 743 2300 772 verbum
2329 751 2435 774 autem
2458 755 2506 775 res

1442 785 1475 814 in
1498 785 1667 816 intellectu.

1496 829 1547 859 Ad
1571 829 1742 859 secundam
1766 838 1841 859 vero
1866 828 1995 864 dicitur,
2020 828 2109 869 quod
2132 829 2258 859 trullum
2282 830 2506 863 inconveniens

1443 879 1489 903 est
1511 873 1654 903 Verbum
1678 873 1847 913 procedere
1867 882 1903 903 ex
1918 872 2021 912 seipso
2037 879 2068 903 et
2083 872 2201 912 Spiritu
2225 873 2339 905 Sancto
2364 882 2399 906 ut
2422 876 2507 907 notis

1442 917 1538 953 Patri,
1563 917 1643 947 idest
1666 927 1703 947 ex
1726 917 1837 947 notitia
1861 926 1958 957 quam
1982 916 2076 947 habet
2098 917 2189 947 Pater
2212 918 2250 947 de
2274 918 2333 948 eis:
2359 919 2425 949 imo
2445 920 2507 950 hoc

1442 967 1488 991 est
1511 961 1739 997 necessarium,
1764 967 1893 1001 propter
1922 960 2049 991 allatam
2080 961 2244 992 rationem.
2271 962 2357 1000 Quin
2381 964 2504 1003 potius,

1442 1015 1517 1035 cum
1539 1005 1606 1045 ipse
1630 1005 1742 1036 Scotus
1766 1015 1919 1044 expresse,
1942 1004 1975 1034 in
1999 1015 2030 1034 v1
2049 1005 2248 1036 distinctione
2271 1006 2378 1043 Primi,
2403 1014 2506 1039 teneat

1441 1049 1530 1089 quod
1553 1050 1644 1079 Pater
1667 1049 1754 1089 prius
1777 1049 1922 1089 intelligit
1948 1049 2066 1079 Filium
2089 1059 2187 1089 quam
2206 1051 2361 1090 producat
2382 1051 2504 1091 ipsum,

1440 1093 1618 1123 voluntarie
1641 1099 1804 1133 reputatur
1826 1093 1888 1123 hoc
1915 1092 2150 1124 inconveniens.

1499 1137 1605 1167 Tertia
1622 1144 1728 1167 autem
1752 1136 1887 1167 obiectio
1911 1137 2118 1177 responsione
2142 1147 2207 1167 non
2232 1145 2278 1169 est
2293 1139 2402 1179 digna:
2427 1150 2506 1181 quo-

1442 1180 1528 1210 niam
1546 1181 1685 1211 Verbum
1704 1191 1770 1211 non
1786 1180 1988 1220 distinguitur
2010 1181 2132 1211 realiter
2150 1182 2188 1211 ab
2205 1181 2252 1212 his
2269 1193 2286 1212 a
2303 1183 2418 1223 quibus
2435 1195 2505 1224 pro-

1442 1224 1524 1254 cedit
1547 1230 1582 1255 ut
1605 1226 1754 1265 cognitis,
1778 1225 1832 1255 sed
1856 1235 1874 1254 a
1897 1235 1963 1265 quo
1988 1225 2130 1264 procedit
2150 1231 2184 1255 ut
2199 1226 2338 1264 dicente;
2361 1235 2396 1258 ut
2415 1229 2452 1258 de
2472 1239 2504 1259 se

1442 1275 1536 1307 patet.

1501 1312 1582 1343 VIII.
1606 1313 1684 1342 Esto
1711 1319 1818 1343 tamen
1840 1312 1875 1342 in
1897 1312 1955 1342 hac
1979 1312 2108 1342 materia
2131 1319 2251 1350 cautus,
2276 1322 2404 1355 propter
2425 1316 2505 1346 veri—

1441 1361 1538 1385 tatem
1562 1355 1820 1392 conditionalem,
1838 1355 1966 1386 scilicet:
1991 1356 2026 1386 Si
2048 1357 2138 1387 Deus
2162 1357 2241 1387 nihil
2263 1359 2456 1400 intelligeret
2471 1362 2503 1390 in

1440 1408 1501 1429 sua
1525 1401 1660 1430 essentia
1685 1401 1746 1430 nisi
1769 1401 1869 1440 ipsam
1892 1400 2006 1436 solam,
2027 1400 2132 1431 adhuc
2146 1401 2318 1432 haberetur
2333 1403 2504 1443 productio

1446 1441 1547 1474 Verbi.
1577 1444 1623 1474 Ex
1646 1444 1704 1474 hac
1728 1444 1814 1474 enim
1837 1444 1926 1484 sequi
1949 1443 2073 1474 videtur
2101 1445 2188 1484 quod
2217 1446 2385 1484 productio
2409 1447 2503 1478 Verbi

1440 1496 1506 1517 non
1530 1495 1577 1518 est
1599 1487 1756 1528 posterior
1777 1488 1989 1518 intellectione
2012 1495 2223 1519 creaturarum
2242 1489 2274 1519 in
2294 1491 2372 1522 Deo.
2398 1491 2503 1522 Habes

1440 1541 1580 1572 namque
1595 1532 1690 1562 aliam
1702 1532 1962 1562 conditionalem:
1980 1532 2016 1562 Si
2026 1533 2116 1563 Deus
2129 1543 2190 1564 non
2206 1539 2288 1564 esset
2292 1535 2504 1574 productivus

1439 1576 1483 1606 ad
1493 1577 1580 1606 intra
1596 1576 1804 1617 intelligendo
1815 1586 1860 1613 se,
1874 1576 2069 1617 intelligeret
2083 1577 2287 1608 nihilominus
2304 1588 2397 1609 omne
2413 1581 2502 1610 intel-

1439 1620 1571 1661 ligibile.
1595 1620 1643 1651 Ex
1658 1620 1716 1651 hac
1741 1620 1826 1651 enim
1845 1620 1987 1661 sequitur
2000 1621 2089 1661 quod
2105 1621 2211 1652 Deum
2225 1622 2395 1662 intelligere
2419 1634 2501 1654 crea-

1438 1670 1524 1694 turas
1547 1664 1579 1694 in
1603 1674 1645 1701 se,
1665 1675 1732 1694 non
1747 1670 1793 1694 est
1808 1664 1964 1705 posterius
1987 1664 2197 1704 productione
2220 1666 2259 1696 ad
2283 1666 2371 1697 intra.
2397 1668 2502 1705 Quare

1439 1718 1478 1738 ne
1503 1718 1538 1738 ex
1563 1708 1611 1739 his
1635 1708 1759 1744 fallaris,
1784 1708 1872 1749 quod
1889 1708 2069 1739 naturaliter
2085 1709 2123 1739 de
2139 1708 2222 1740 facto
2242 1709 2281 1740 sit
2300 1712 2462 1751 sequendo
2474 1712 2500 1748 *‚

1439 1752 1536 1783 dicito
1551 1759 1588 1783 ut
1602 1762 1698 1792 supra
1712 1753 1739 1783 *.
1759 1752 1831 1783 Dixi
1847 1759 1955 1783 autem
1971 1754 2175 1791 naturaliter,
2193 1754 2347 1794 quoniam
2366 1765 2402 1785 ea
2421 1766 2502 1796 quae

1437 1797 1525 1827 Deus
1544 1797 1583 1827 de
1602 1796 1685 1827 facto
1700 1797 1795 1827 libere
1811 1796 1909 1833 novit,
1927 1807 2001 1827 cum
2017 1798 2157 1828 naturale
2176 1799 2340 1838 praecedat
2357 1799 2500 1836 liberum,

1438 1841 1551 1881 procul
1579 1841 1617 1871 ab
1645 1841 1704 1872 ista
1728 1841 1941 1882 disputatione
1970 1848 2052 1872 sunt.
2077 1859 2097 1863 —
2119 1842 2162 1872 Et
2184 1837 2337 1883 quoniam
2359 1843 2393 1873 in
2416 1854 2503 1874 com-

1438 1884 1648 1924 prehensione
1681 1885 1830 1916 naturalis
1861 1884 1906 1915 vis
1938 1884 2082 1915 scientiae
2114 1885 2237 1916 divinae
2270 1887 2425 1918 clauditur
2455 1899 2503 1919 ars

1439 1935 1596 1959 creaturae
1616 1928 1738 1965 factiva,
1763 1929 1908 1970 quamvis
1932 1939 1998 1959 non
2022 1929 2229 1960 concludatur
2246 1930 2357 1961 volitio
2377 1941 2501 1969 earum;

1438 1972 1555 2003 idcirco
1578 1973 1720 2003 Verbum
1744 1972 1816 2009 Dei,
1841 1973 2020 2013 adaequans
2044 1974 2219 2004 naturalem
2242 1974 2309 2005 eius
2331 1975 2501 2012 scientiam,

1439 2016 1533 2047 habet
1559 2023 1737 2057 respectum
1761 2017 1799 2047 ad
1824 2023 1998 2047 creaturam
2022 2027 2087 2047 non
2112 2018 2218 2048 solum
2241 2019 2424 2059 expressivi,
2449 2021 2503 2050 sed

1439 2060 1534 2092 etiam
1553 2061 1716 2101 operativi,
1735 2068 1771 2092 ut
1789 2061 1821 2091 in
1840 2061 1941 2092 littera
1959 2071 1996 2091 ex
2013 2062 2194 2101 Augustino
2214 2062 2336 2094 dicitur.

1497 2106 1549 2137 IX.
1575 2106 1610 2135 In
1634 2105 1840 2145 responsione
1863 2106 1903 2135 ad
1926 2105 2076 2145 primum,
2101 2113 2177 2136 nota
2198 2107 2286 2147 quod
2306 2114 2414 2138 contra
2433 2118 2503 2138 eam

1439 2156 1513 2180 sunt
1535 2157 1720 2189 argumenta
1744 2149 1884 2185 Aureoli,
1903 2149 1988 2189 apud
2004 2149 2210 2190 Capreolum,
2233 2150 2266 2180 in
2289 2161 2371 2181 xxvn
2395 2151 2502 2183 distin-

1439 2193 1542 2223 ctione
1560 2193 1666 2230 Primi,
1685 2203 1740 2234 qu.
1757 2204 1788 2230 11,
1805 2193 1838 2223 in
1858 2193 1958 2224 concl.
1978 2195 1993 2223 5
2007 2193 2033 2229 *‚
2051 2194 2090 2223 ad
2106 2195 2307 2234 probandum
2324 2196 2412 2235 quod
2428 2196 2503 2227 Ver-

1438 2237 1517 2267 bum
1541 2247 1577 2267 ex
1596 2237 1752 2278 personali
1772 2237 1962 2277 proprietate
1981 2237 2074 2268 habet
2090 2238 2178 2278 quod
2195 2238 2344 2269 referatur
2360 2239 2399 2269 ad
2420 2250 2504 2270 crea-

1438 2287 1534 2311 turas.
1559 2281 1678 2312 Omnia
1701 2281 1786 2311 enim
1810 2291 1847 2311 ex
1871 2281 1931 2311 hoc
1955 2288 2067 2317 ruunt,
2092 2282 2181 2322 quod
2205 2290 2392 2322 supponunt
2415 2285 2503 2324 quod

1437 2325 1523 2355 idem
1547 2325 1586 2356 sit
1610 2325 1720 2361 dicere,
1752 2326 1884 2356 Verbum
1909 2326 2082 2356 secundum
2093 2328 2263 2366 propriam
2280 2328 2436 2358 rationem
2453 2338 2502 2359 re-

1429 2369 1546 2410 fertur
1559 2370 1603 2400 ad
1618 2374 1786 2401 creaturas
1791 2378 1804 2408 ,¹
1827 2378 1857 2401 et
1874 2370 1983 2406 dicere,
2007 2370 2140 2400 Verbum
2157 2380 2199 2400 ex
2210 2373 2410 2411 proprietate
2422 2382 2499 2412 per-

1437 2414 1544 2444 sonali
1557 2414 1651 2444 habet
1665 2413 1750 2454 quod
1765 2413 1931 2455 referatur
1945 2414 1989 2444 ad
2003 2419 2192 2445 creaturas:
2212 2425 2285 2445 curn
2301 2422 2407 2446 tamen
2424 2416 2501 2447 haec

1437 2457 1576 2488 multum
1592 2458 1715 2494 distent,
1730 2464 1760 2488 et
1775 2458 1914 2498 primum
1931 2458 2060 2488 concedi
2075 2458 2184 2498 possit,
2202 2459 2377 2489 secundum
2394 2467 2500 2491 autem

1437 2511 1515 2532 non.
1539 2502 1580 2532 Et
1603 2501 1698 2532 huius
1721 2502 1800 2532 ratio
1825 2509 1879 2538 est,
1898 2501 2051 2542 quoniam
2066 2502 2207 2532 Verbum
2230 2502 2347 2533 claudit
2369 2503 2401 2533 in
2425 2514 2500 2544 pro-

1437 2546 1505 2585 pria
1528 2546 1648 2576 ratione
1672 2545 1836 2581 notitiam,
1866 2555 1948 2586 quae
1973 2552 2020 2576 est
2042 2546 2081 2576 de
2104 2556 2238 2576 numero
2269 2547 2497 2578 essentialium:

1436 2596 1567 2629 propter
1589 2600 1697 2630 quarn,
1722 2596 1758 2620 ut
1779 2590 1813 2619 in
1835 2589 1936 2620 littera
1958 2590 2081 2626 dicitur,
2102 2590 2234 2620 refertur
2256 2591 2296 2620 ad
2320 2591 2401 2622 dicta
2424 2599 2499 2623 nota

1437 2640 1467 2664 et
1490 2633 1640 2664 facienda.

1493 2678 1532 2708 X.
1558 2678 1593 2707 In
1616 2677 1822 2717 responsione
1852 2677 1891 2707 ad
1920 2685 2085 2718 quartum,
2115 2678 2239 2719 adverte
2269 2679 2357 2719 quod
2380 2679 2412 2709 in
2437 2678 2498 2709 illis

1435 2722 1546 2758 verbis,
1565 2731 1678 2752 nomen
1704 2721 1794 2751 Verbi
1802 2722 2030 2762 principaliter
2050 2723 2228 2762 impositum
2250 2728 2296 2753 est
2314 2723 2357 2753 ad
2374 2724 2497 2764 signifi-

1435 2766 1571 2796 candam
1597 2766 1783 2796 relationem
1815 2766 1857 2796 ad
1879 2766 2057 2803 dicentem,
2091 2766 2208 2796 iudicio
2232 2777 2324 2803 meo,
2356 2774 2498 2798 retractat

1434 2820 1458 2840 s.
1475 2810 1620 2840 Thomas
1642 2810 1675 2840 id
1698 2809 1787 2850 quod
1809 2809 1842 2840 in
1865 2810 1928 2850 Qq.
1945 2810 1984 2840 de
2006 2810 2088 2847 Ver„
2106 2820 2160 2851 qu.
2175 2821 2216 2846 1v,
2237 2818 2291 2841 art.
2313 2812 2344 2847 5,
2369 2811 2495 2848 dixerat,

1433 2853 1549 2884 scilicet
1567 2854 1656 2894 quod
1666 2853 1761 2885 Verbi
1776 2863 1894 2884 nornen
1910 2853 2122 2894 principaliter
2137 2853 2289 2894 significat
2303 2855 2494 2887 absolutum.

1433 2898 1473 2928 Et
1489 2897 1631 2938 sequitur
1645 2898 1721 2928 haec
1733 2898 1908 2928 retractatio
1925 2898 2219 2928 determinationem
2233 2909 2331 2939 quam
2346 2899 2379 2928 in
2390 2899 2495 2938 primo

1433 2941 1565 2972 articulo
1589 2941 1639 2972 hic
1663 2941 1786 2978 fecerat,
1811 2941 1927 2972 scilicet
1950 2942 2038 2983 quod
2061 2943 2203 2973 Verbum
2226 2943 2266 2973 sit
2288 2953 2407 2973 nomen
2426 2953 2494 2983 per-

1410 2986 1541 3016 „sonale
1564 2992 1699 3016 tantum.
1723 2986 1770 3016 Ita
1793 2986 1880 3026 quod
1895 2986 2035 3016 Verbum
2055 2986 2207 3026 significat
2229 2987 2334 3026 primo
2354 2987 2495 3027 proprie-

1432 3036 1529 3060 tatem
1548 3030 1748 3069 personalem
1763 3029 1862 3069 ipsius
1877 3030 1947 3060 Filii
1962 3030 1995 3060 in
2013 3037 2174 3067 concreto;
2192 3038 2222 3061 et
2236 3031 2389 3070 quoniam
2404 3031 2495 3071 quasi

1432 3074 1626 3104 substratum
1649 3079 1695 3104 est
1717 3073 1829 3104 notitia
1858 3081 2044 3110 connotata‚
2076 3074 2148 3104 ideo
2179 3074 2310 3105 refertur
2337 3075 2431 3105 etiam
2455 3075 2494 3105 ad

1432 3117 1522 3154 dicta,
1536 3124 1593 3148 etc.
1608 3117 1650 3148 Et
1664 3117 1726 3148 hoc
1743 3125 1897 3148 consonat
1911 3118 2110 3158 responsioni
2125 3119 2165 3148 ad
2180 3119 2333 3158 primum;
2352 3126 2382 3149 et
2392 3119 2493 3149 verbis

1431 3161 1642 3201 praecedentis
1666 3161 1805 3200 articuli,
1829 3162 1959 3198 scilicet,
1990 3163 2123 3193 Verbum
2146 3163 2309 3203 significat
2330 3163 2492 3203 quandam

1432 3206 1665 3236 emanationem
1685 3206 1872 3237 intellectus.
1897 3206 2031 3237 Constat
2054 3206 2139 3236 enim
2162 3207 2251 3247 quod
2267 3207 2424 3237 emanatio
2440 3207 2492 3237 illa

1431 3249 1605 3290 proprietas
1628 3249 1801 3289 personalis
1824 3256 1871 3281 est
1893 3250 1982 3280 Filii:
2007 3250 2066 3280 nisi
2090 3250 2175 3280 enim
2198 3250 2260 3280 hoc
2286 3258 2366 3281 esset
2388 3250 2492 3290 primo

1432 3294 1498 3324 eius
1522 3292 1742 3333 significatum,
1766 3303 1804 3324 ex
1826 3294 1954 3334 propria
1977 3294 2044 3324 eius
2063 3293 2289 3333 significatione
2312 3304 2379 3324 non
2397 3294 2492 3334 signi-

1430 3337 1535 3368 ficaret
1551 3337 1775 3378 proprietatem
1793 3338 1992 3378 personalem
2007 3337 2077 3368 Filii
2093 3338 2126 3368 in
2143 3338 2265 3374 divinis,
2290 3338 2345 3369 sed
2361 3348 2397 3369 ex
2416 3348 2492 3369 con-

1430 3388 1540 3412 notato
1560 3388 1698 3418 tanturm
1723 3382 1812 3412 cuius
1832 3382 2019 3422 oppositum
2041 3382 2158 3412 ibidem
2182 3382 2304 3413 dicitur.

1194 3508 1610 3559 dm...—

2535 396 2542 403 ·
2554 393 2660 415 Cfinum.
2668 399 2748 421 praee.

2533 434 2544 444 ⁸
2557 434 2609 455 Art.
2623 439 2644 461 5.

2535 527 2543 536 ”
2559 526 2595 548 Cf.
2610 532 2673 548 num.
2681 533 2703 548 v.

2528 1713 2548 1744 ἰ
2562 1713 2619 1740 quid
2640 1717 2741 1736 natura-

2530 1740 2618 1761 liter...
2643 1747 2746 1769 sequen-

2530 1766 2583 1787 dum
2598 1773 2620 1788 Ρ.

2531 1794 2539 1802 ·
2555 1793 2627 1815 Num.
2642 1800 2672 1821 vi,
2688 1801 2730 1818 vu.

2530 2198 2539 2206 ·
2554 2197 2606 2218 Art.
2621 2202 2645 2223 2,
2661 2200 2742 2219 contra

2531 2224 2604 2245 concl.
2618 2229 2639 2251 5.
