2768 4178
978 249 1247 296 QUAESTIO
1275 249 1382 297 vm,
1411 247 1704 288 ARTICULUS
1735 252 1766 287 11

273 334 347 359 sunt
370 328 461 369 quasi
478 328 573 365 idem,
591 328 691 360 illatio
715 335 801 360 tenet
816 338 853 359 ex
868 328 1030 360 identitate
1053 328 1189 359 illarum.
1215 328 1256 359 Et
1272 338 1346 368 pro·

273 378 379 413 pterea
402 372 581 413 propositio
610 373 677 410 illa,
706 383 800 404 omne
822 382 926 414 agens
954 379 1028 409 etc.‚
1054 379 1100 403 est
1131 372 1347 404 universaliter

272 426 346 447 vera
369 416 402 446 in
426 417 578 448 omnibus
601 417 781 458 agentibus;
805 417 952 458 quamvis
976 427 1013 447 ex
1036 414 1165 448 diversis
1189 414 1346 447 radicibus

273 459 306 491 in
330 460 469 493 diversis.
498 461 539 493 Et
561 461 634 492 ideo
658 470 696 492 ex
718 461 788 502 ipsa
810 461 924 493 merito
941 460 1083 502 ⁴procedi
1106 461 1212 501 potuit
1235 460 1275 491 ad
1298 461 1345 491 in-

273 503 436 536 ferendam
459 502 671 547 praesentiam
692 503 913 537 irnmensitatis
934 505 1058 536 divinae
1081 505 1113 535 in
1138 505 1298 536 omnibus.

329 550 398 581 XV.
422 550 464 581 Et
486 559 544 590 per
565 549 628 580 hoc
649 554 738 591 patet
751 550 918 590 responsio
934 550 974 580 ad
990 555 1159 591 utramque
1174 551 1345 592 confirma·

274 595 401 625 tionem.
426 595 479 625 Ad
500 595 644 635 primam
667 593 814 635 quidem,
839 601 972 635 negatur
1001 594 1239 625 conditionalis:
1264 604 1345 635 quo-

272 637 360 669 niam
383 648 420 669 ex
442 638 498 669 illo
522 638 727 670 antecedente
754 639 897 680 sequitur
919 645 950 670 et
972 638 1051 669 illud
1075 649 1290 680 consequens,
1316 646 1346 670 et

273 682 341 713 eius
357 682 650 719 contradictorium;
670 692 706 713 ac
720 692 777 724 per
792 683 855 714 hoc
871 690 1022 715 neutrum
1038 682 1189 724 sequitur.
1211 682 1243 715 Si
1259 683 1345 714 enim

272 724 360 757 Deus
384 733 464 758 esset
485 726 519 757 in
542 726 652 767 aliquo
677 733 763 758 certo
787 727 864 764 situ,
890 737 927 758 ex
950 738 989 758 eo
1014 728 1103 770 quod
1127 727 1214 759 Deus
1238 728 1343 759 omni-

272 777 397 811 potens,
417 770 561 812 sequitur
583 771 673 812 quod
696 778 805 812 posset
827 771 861 802 in
880 772 1110 814 quodcumque
1134 772 1344 814 ubicumque:

229 848 235 854 ,
272 823 310 846 ex
325 824 364 845 eo
382 824 459 845 vero
474 815 564 856 quod
581 814 614 845 in
635 822 720 847 certo
739 813 812 853 situ,
830 817 974 858 sequitur
991 817 1081 858 quod
1095 817 1127 847 in
1143 815 1221 847 nihil
1238 822 1346 858 posset

271 858 332 898 nisi
348 859 508 891 mediante
523 859 688 901 proximo;
713 860 775 892 hoc
791 861 877 891 enim
893 868 1014 902 spectat
1029 862 1069 892 ad
1087 861 1244 892 rationem
1262 861 1344 892 limi-

270 903 327 935 tati
342 903 504 935 situaliter.
529 904 571 936 Et
593 904 638 935 sic
653 911 740 945 patet
758 906 848 946 quod
867 906 1010 948 sequitur
1033 914 1167 948 utraque
1180 916 1253 947 pars
1269 915 1344 937 con-

270 946 466 980 tradictionis
496 947 609 979 simul:
634 955 666 980 et
688 957 920 991 consequenter
942 949 1040 982 nulla.
1057 969 1076 973 —
1095 951 1147 982 Ad
1168 949 1342 982 secundam

269 1001 346 1029 vero
370 992 484 1023 dicitur
499 993 600 1034 quod,
617 993 690 1025 licet
704 1003 817 1025 verum
840 994 880 1026 sit
903 995 990 1036 prius
1014 1005 1081 1026 non
1104 993 1217 1026 inferre
1238 1005 1344 1026 neces-

270 1035 354 1067 sari'o
377 1037 546 1077 posterius,
563 1038 695 1079 quando
712 1045 786 1070 sunt
809 1039 944 1070 omnino
968 1040 1106 1076 diversa;
1130 1045 1269 1071 attamen
1285 1039 1344 1070 hae

269 1081 464 1122 praesentiae
480 1091 548 1113 non
564 1089 639 1113 sunt
659 1083 794 1114 omnino
818 1083 968 1120 diversae,
986 1085 1051 1121 sed,
1068 1091 1104 1115 ut
1119 1084 1240 1115 dictum
1263 1088 1309 1114 est
1316 1083 1343 1120 ¹⁸¹,

270 1124 466 1163 coincidunt,
491 1126 524 1157 in
547 1127 779 1168 spiritualibus,
804 1135 840 1159 ut
862 1128 942 1159 ratio
965 1136 996 1160 et
1018 1129 1051 1159 id
1075 1128 1165 1160 cuius
1188 1128 1279 1159 ratio.
1303 1128 1345 1159 Et

269 1176 438 1212 propterea
461 1181 493 1202 se
517 1170 634 1203 habent
656 1172 766 1213 aliquo
790 1173 890 1203 modo
915 1179 951 1204 ut
973 1173 1060 1214 prior
1083 1179 1113 1204 et
1137 1172 1302 1213 posterior.

268 1255 271 1257 -
325 1214 409 1246 XVI.
435 1214 471 1246 In
494 1216 703 1256 responsione
726 1217 766 1247 ad
789 1217 933 1254 tertium,
961 1217 1087 1248 adverte
1105 1218 1230 1257 primo,
1255 1215 1344 1258 quod

253 1258 441 1298 distantia,
467 1257 500 1290 in
523 1259 710 1302 proposito,
735 1267 782 1292 est
805 1261 1019 1302 quadruplex:
1045 1259 1176 1297 scilicet,
1200 1259 1342 1299 situatis,

269 1304 443 1342 naturalis,
460 1304 678 1346 suppositalis,
695 1311 727 1336 et
742 1304 899 1336 virtualis.
925 1304 1053 1344 Situalis
1069 1312 1167 1346 patet:
1193 1303 1344 1336 naturalis

268 1356 345 1380 vero
361 1355 408 1380 est
421 1347 648 1380 dissimilitudo
667 1355 812 1380 naturae:
833 1345 1038 1390 suppositalis
1058 1356 1175 1386 autem,
1193 1349 1343 1381 mediatio

269 1392 447 1434 suppositi:
477 1393 618 1425 virtualis
651 1394 800 1431 demum,
830 1394 982 1426 mediatio
1006 1394 1129 1426 virtutis
1160 1394 1342 1426 virtualiter.

268 1436 452 1478 Propositio
469 1444 578 1469 autem
591 1437 654 1474 illa,
670 1447 786 1479 agens,
799 1444 920 1479 quanto
936 1440 1123 1477 virtuosius,
1137 1444 1227 1470 tanto
1237 1444 1344 1480 potest

268 1490 371 1525 agere
394 1482 427 1512 in
451 1481 634 1520 distantius,
652 1482 817 1524 loquendo
841 1493 908 1514 non
931 1484 971 1514 de
995 1490 1107 1524 agente
1130 1483 1185 1515 tali
1203 1484 1255 1514 vel
1278 1482 1342 1520 tali,

268 1523 325 1556 sed
339 1525 493 1562 absolute,
511 1525 550 1557 de
566 1526 635 1557 sola
649 1525 796 1559 distantia
813 1533 944 1559 naturae
961 1534 1008 1559 est
1022 1536 1095 1559 vera
1114 1526 1307 1569 simpliciter.
1324 1545 1342 1551 -

267 1568 317 1600 De
328 1569 475 1602 distantia
489 1570 576 1601 enim
590 1572 683 1609 situs,
694 1576 782 1612 patet
796 1572 886 1613 quod
902 1580 949 1604 est
964 1572 1055 1604 falsa:
1076 1572 1152 1613 quia
1164 1581 1230 1603 non
1246 1580 1343 1603 omne

268 1622 365 1655 agens
387 1613 483 1656 habet
504 1615 614 1652 situm,
631 1616 727 1647 etiam
751 1615 920 1648 definitive.
938 1635 958 1640 —
973 1617 1021 1648 De
1045 1616 1193 1648 distantia
1211 1626 1344 1659 quoque

268 1658 415 1698 viantis,
438 1666 525 1700 patet
547 1659 662 1692 etiam:
686 1660 764 1702 quia
791 1667 913 1702 quanto
936 1671 1032 1702 agens
1057 1669 1103 1693 est
1125 1662 1287 1703 superius,
1313 1669 1344 1694 et

268 1710 501 1745 consequenter
523 1703 714 1742 virtuosius,
738 1712 828 1738 tanto
852 1713 899 1738 est
921 1706 1137 1748 propinquius
1159 1706 1343 1743 virtualiter,

267 1753 305 1778 ut
319 1754 406 1789 patet
421 1758 459 1779 ex
473 1747 565 1780 dictis
576 1747 602 1780 *.
617 1767 637 1772 -
648 1749 697 1781 De
711 1748 858 1781 distantia
873 1757 982 1782 autem
992 1752 1159 1792 suppositi,
1173 1758 1220 1782 est
1233 1748 1342 1792 aliquo

267 1791 368 1823 modo
391 1801 478 1823 vera:
503 1793 687 1834 simpliciter
710 1801 828 1831 autem,
853 1794 934 1826 idest
951 1795 1098 1832 totaliter,
1123 1795 1210 1826 falsa.
1235 1795 1344 1826 Potest

267 1835 427 1878 siquidem
451 1837 618 1878 dupliciter
636 1838 778 1879 intelligi.
803 1839 878 1870 Uno
894 1839 995 1870 modo
1011 1839 1072 1870 sic:
1097 1849 1204 1880 agens,
1220 1846 1343 1881 quanto

266 1880 456 1921 virtuosius,
480 1888 570 1913 tanto
593 1889 700 1923 potest
722 1884 755 1914 in
779 1883 954 1915 distantius
974 1885 1216 1926 suppositaliter
1237 1884 1344 1925 quoad

267 1925 400 1966 aliquid.
424 1925 466 1957 Et
482 1926 526 1957 sic
545 1933 592 1958 est
606 1926 786 1958 verissima:
812 1928 897 1959 unde
921 1928 1009 1967 Deus
1022 1935 1132 1969 posset
1147 1938 1204 1969 per
1221 1927 1344 1960 infinita

267 1969 514 2010 quodammodo
543 1971 710 2012 supposita
739 1972 844 2003 media
873 1972 1094 2014 cooperantia,
1124 1973 1257 2004 educere
1281 1972 1344 2003 for-

2423 250 2470 287 85

1401 337 1488 359 mam
1511 328 1602 360 bovis
1626 330 1664 360 de
1683 330 1825 370 potentia
1847 331 1897 361 vel
1920 332 2059 368 materia,
2075 332 2126 362 vel
2145 332 2266 373 aliquid
2284 332 2471 363 huiusmodi

1401 373 1511 410 facere,
1524 383 1606 414 quae
1622 374 1690 415 ipse
1702 384 1769 405 non
1783 375 1930 415 producit
1945 375 2127 407 immediate
2143 376 2382 407 immediatione
2398 387 2471 417 sup-

1400 417 1506 457 positi,
1523 419 1578 449 sed
1601 418 1725 450 virtutis
1749 426 1882 450 tantum.
1907 420 1982 450 Alio
1998 421 2098 451 modo
2122 421 2178 451 sic:
2203 428 2292 452 tanto
2308 428 2414 461 potest
2437 422 2468 451 in

1400 462 1573 493 distantius
1594 461 1835 504 suppositaliter
1855 463 2030 495 secundum
2050 474 2084 495 se
2100 470 2210 496 totum.
2236 465 2277 497 Et
2291 464 2335 496 sic
2351 475 2468 506 propo-

1400 506 1472 537 sitio
1497 513 1543 538 est
1562 505 1738 539 falsissima.
1763 508 1843 544 Imo,
1860 514 1897 539 ut
1918 507 1951 538 in
1974 507 2076 539 littera
2100 509 2222 546 dicitur,
2239 509 2301 540 hoc
2316 510 2355 540 ad
2371 508 2469 540 maxi-

1400 559 1487 581 mam
1507 551 1566 582 Dei
1582 551 1760 592 potentiam
1782 558 1910 592 spectat,
1929 560 1965 584 ut
1980 553 2057 583 nihil
2081 553 2220 594 compati
2237 553 2337 594 possit
2352 552 2469 585 distans

1400 596 1578 626 secundum
1597 606 1630 627 se
1653 603 1759 628 totum
1782 597 2031 638 suppositaliter:
2056 597 2131 638 quia
2153 598 2186 628 in
2210 598 2354 639 quolibet
2369 598 2469 629 subsi-

1400 647 1501 671 stente
1517 648 1644 681 oportet
1664 641 1785 682 aliquid
1804 651 1871 672 esse
1890 642 2084 682 productum
2101 649 2136 672 ac
2153 649 2373 673 conservatum
2393 652 2468 673 con-

1399 684 1488 716 tinue
1511 695 1530 715 a
1552 685 1623 716 Deo
1647 685 1830 716 immediate
1853 685 2093 716 immediatione
2112 687 2279 727 suppositi,
2297 694 2332 718 ut
2348 687 2468 718 dictum

1400 736 1446 760 est
1461 728 1487 760 *.
1511 727 1552 760 Et
1568 729 1644 770 quia
1667 730 1706 760 de
1722 728 1781 761 ista
1797 729 1943 761 distantia
1965 740 2112 770 praesens
2136 728 2285 762 articulus
2308 729 2466 772 loquitur,

1400 783 1435 804 ac
1459 774 1497 804 de
1521 773 1697 814 praesentia
1719 772 1765 805 illi
1789 773 1951 816 opposita,
1976 771 2049 804 ideo
2073 774 2105 804 in
2128 773 2242 811 littera,
2268 776 2387 816 absque
2409 775 2469 806 alia

1400 817 1610 855 distinctione,
1632 824 1744 859 negata
1767 825 1830 855 est,
1856 825 1886 850 et
1909 819 1998 855 bene,
2019 818 2197 859 propositio
2220 818 2283 855 illa,
2304 818 2468 850 intendens

1400 862 1438 892 de
1455 862 1630 894 distantiori
1646 863 1823 894 secundum
1842 873 1875 894 se
1894 870 2009 899 totum,
2030 870 2060 894 et
2075 873 2141 894 non
2157 864 2334 894 secundum
2350 864 2470 905 aliquid

1399 907 1458 938 sui.
1476 922 1496 929 —-
1511 907 1559 937 De
1584 907 1730 939 distantia
1753 913 1862 938 autem
1885 913 2034 945 naturae,
2052 908 2143 939 cuius
2166 907 2262 939 etiam
2280 908 2381 939 littera
2403 918 2469 939 me-

1399 951 1508 987 minit,
1532 951 1713 1002 propositio
1737 958 1784 983 est
1806 952 1990 993 simpliciter
2012 961 2101 983 vera:
2126 952 2201 993 quia
2229 959 2350 994 quanto
2374 962 2470 993 agens

1399 1003 1445 1027 est
1467 994 1657 1032 virtuosius,
1685 1003 1775 1028 tanto
1799 1007 1836 1027 ex
1859 995 2046 1038 elongatiori
2070 996 2212 1037 potentia
2236 1004 2341 1038 potest
2370 994 2469 1028 facere

1399 1039 1457 1070 sibi
1481 1038 1599 1077 simile;
1624 1040 1704 1071 adeo
1728 1047 1764 1072 ut
1787 1037 1920 1072 Creator
1943 1049 1979 1072 ex
1998 1037 2088 1072 nullo
2108 1040 2207 1071 modo
2232 1039 2327 1072 simili
2350 1041 2468 1081 produ-

1399 1093 1468 1115 cere
1491 1084 1601 1124 possit,
1621 1084 1739 1117 scilicet
1762 1095 1799 1116 ex
1822 1085 1910 1116 nulla
1933 1085 2085 1127 potentia,
2109 1085 2185 1126 quia
2209 1093 2245 1116 ex
2267 1083 2378 1117 nihilo.

1452 1129 1550 1160 XVII.
1574 1129 1712 1160 Adverte
1739 1130 1897 1168 secundo,
1922 1130 2012 1171 quod
2035 1130 2068 1160 in
2090 1130 2192 1161 littera
2221 1129 2257 1161 fit
2284 1130 2405 1161 mentio
2430 1130 2469 1160 de

2496 739 2504 747 ·
2520 737 2590 759 Num.
2601 744 2624 759 v.

1399 1173 1544 1204 distantia
1567 1174 1767 1214 suppositali,
1785 1181 1816 1205 et
1838 1175 1877 1205 de
1901 1174 2126 1206 coniunctione
2144 1174 2270 1206 virtuali
2285 1180 2468 1215 penetrante
2488 1207 2495 1215 .—

1399 1223 1430 1248 et
1452 1224 1620 1258 superante
1644 1219 1888 1258 quodammodo
1913 1218 2094 1250 distantiam
2117 1219 2356 1259 suppositalem,
2375 1224 2406 1250 et
2429 1218 2468 1249 de

1398 1261 1638 1292 immediatione
1669 1260 1867 1303 suppositali.
1899 1261 1939 1293 Et
1963 1273 2000 1293 ex
2023 1261 2084 1294 hoc
2107 1261 2197 1304 quod
2227 1273 2293 1293 non
2324 1260 2469 1294 distantia

1399 1305 1620 1346 suppositalis,
1650 1307 1706 1336 sed
1733 1306 1916 1337 coniunctio
1939 1305 2080 1338 virtualis
2111 1311 2277 1347 penetrans
2307 1306 2469 1338 inventam

1398 1349 1629 1391 suppositalem
1652 1350 1848 1387 distantiam,
1873 1352 1996 1392 spectat*
2015 1351 2055 1381 ad
2077 1350 2304 1393 perfectionem
2327 1350 2467 1387 virtutis,

1398 1394 1532 1426 infertur
1553 1394 1720 1435 implicite:
1745 1405 1826 1436 ergo
1842 1404 1907 1426 non
1921 1395 2086 1433 distantia,
2103 1396 2160 1426 sed
2173 1396 2354 1426 coniunctio
2369 1403 2468 1437 agen-

1399 1441 1439 1472 tis
1463 1448 1534 1470 cum
1559 1439 1687 1479 effectu,
1702 1441 1848 1480 sequitur
1865 1439 2098 1481 perfectionem
2122 1441 2259 1481 agentis.
2283 1440 2325 1471 Et
2348 1449 2384 1470 ex
2407 1439 2469 1471 hoc

1398 1483 1531 1515 infertur
1546 1483 1704 1524 explicite:
1730 1493 1810 1525 ergo
1824 1484 1868 1515 ad
1883 1485 2060 1515 maximam
2074 1484 2138 1515 Dei
2153 1485 2302 1516 virtutem
2314 1485 2467 1524 pertinet,

1399 1533 1434 1559 ut
1465 1527 1546 1559 nihil
1572 1537 1593 1558 a
1615 1538 1651 1559 se
1678 1526 1801 1559 distare
1830 1526 2072 1569 suppositaliter
2095 1529 2199 1569 possit
2227 1526 2401 1560 secundum
2434 1538 2470 1559 se

1398 1576 1511 1610 totum,
1535 1571 1592 1603 sed
1614 1576 1760 1613 oporteat
1783 1574 1886 1614 ipsum
1904 1571 1980 1604 'esse
2003 1574 2206 1604 coniunctum
2230 1571 2470 1613 suppositaliter

1398 1617 1553 1649 omnibus.
1578 1617 1620 1648 Et
1636 1624 1683 1648 est
1701 1625 1869 1658 processus
1892 1617 1950 1648 iste
1972 1626 2029 1658 per
2051 1617 2161 1648 locum
2184 1627 2204 1648 a
2228 1617 2365 1648 maiori.-
2387 1616 2413 1647 si
2436 1614 2469 1647 in

1398 1661 1610 1703 productione
1640 1661 1673 1692 in
1701 1669 1766 1703 qua
1788 1661 1947 1693 invenitur
1977 1659 2123 1693 distantia
2152 1661 2376 1702 suppositalis,
2401 1661 2470 1702 ipsa

1399 1706 1544 1738 distantia
1574 1716 1641 1737 non
1671 1706 1815 1747 sequitur
1846 1706 2075 1747 perfectionem
2108 1706 2246 1747 agentis,
2278 1706 2333 1736 sed
2361 1706 2469 1746 potius

1399 1750 1583 1783 coniunctio
1606 1758 1774 1791 penetrans
1797 1750 1900 1787 illam;
1924 1760 2009 1792 ergo,
2027 1750 2219 1792 simpliciter,
2236 1751 2305 1791 ipsa
2324 1749 2470 1781 distantia

1399 1794 1604 1837 suppositalis
1627 1805 1694 1826 non
1718 1799 1838 1836 spectat
1861 1795 1901 1826 ad
1924 1792 2152 1836 perfectionem
2176 1793 2305 1836 agentis,
2332 1794 2386 1825 sed
2411 1804 2468 1835 po-

1397 1839 1460 1871 tius
1484 1839 1678 1871 coniunctio.
1703 1840 1789 1880 Ergo
1812 1850 1907 1881 posse
1931 1849 2022 1880 agere
2045 1839 2078 1870 in
2102 1839 2269 1871 distantius
2292 1839 2469 1869 secundum

1398 1894 1431 1915 se
1450 1891 1557 1915 totum
1575 1883 1820 1926 suppositaliter,
1840 1894 1907 1915 non
1924 1884 2067 1925 sequitur
2085 1883 2313 1924 perfectionem
2327 1883 2467 1914 virtutis:

1398 1929 1454 1959 sed
1468 1928 1577 1969 potius
1597 1928 1805 1960 coniunctum
1822 1935 1970 1970 oportere
1981 1938 2048 1959 esse
2065 1928 2225 1967 omnibus,
2242 1928 2282 1958 ad
2296 1927 2468 1958 maximam

1398 1973 1550 2004 virtutem
1572 1979 1701 2013 spectat.

970 2143 1367 2186 ARTICULUS
1407 2143 1774 2186 SECUNDUS

1085 2245 1242 2276 UTRUM
1265 2244 1378 2276 DEUS
1402 2244 1470 2275 SIT
1494 2244 1658 2282 UBIQUE

542 2334 616 2366 Infra,
636 2342 680 2368 qu.
700 2342 750 2366 xvi,
769 2339 817 2360 art.
831 2343 855 2368 7,
876 2335 908 2360 ad
929 2342 957 2366 25
977 2343 1021 2368 qu.
1039 2342 1084 2367 m,
1103 2340 1151 2360 art.
1172 2342 1202 2366 23
1221 2335 1334 2401 IQSethY,
1348 2334 1414 2395 2cast.
1432 2342 1524 2365 mvn,
1545 2342 1589 2368 qu.
1609 2342 1636 2366 11,
1656 2340 1702 2360 art.
1723 2343 1747 2366 ¹3
1769 2335 1799 2359 111
1822 2335 1897 2360 Cont.
1920 2335 2006 2365 Gent„
2026 2342 2083 2368 cap.
2102 2342 2195 2366 avum

1257 2378 1290 2396 uo
1321 2387 1328 2395 .
1388 2390 1395 2402 ‚
1415 2375 1461 2395 art.
1486 2378 1507 2396 ι.

307 2487 312 2498 =
356 2488 363 2511 2
410 2498 457 2532 “fi
481 2481 504 2506 D
519 2480 711 2510 SECUNDUM
730 2480 784 2506 sm
799 2479 1040 2506 Paocanirun.
1061 2467 1222 2506 Videtur
1236 2467 1344 2517 quod

321 2534 341 2568 ’ὴ
410 2522 455 2570 ξ”.ἢ
481 2523 588 2559 Deus
607 2533 688 2559 non
707 2521 754 2559 sit
771 2522 927 2571 ubique.
956 2522 1054 2559 Esse
1073 2521 1175 2559 enim
1197 2521 1342 2570 ubique

352 2593 402 2609 w
420 2561 453 2617 ’ᾗ
467 2574 670 2623 significat
688 2586 772 2612 esse
787 2581 805 2596 ‘²‘
834 2575 872 2612 in
896 2574 1004 2612 omni
1029 2575 1128 2612 loco.
1160 2574 1239 2612 Sed
1259 2585 1342 2612 esse

281 2622 302 2651 f
329 2605 425 2660 ἐκ
442 2622 521 2665 in
549 2627 657 2666 omni
691 2629 778 2665 loco
808 2639 888 2666 non
917 2628 1099 2667 convenit
1135 2628 1243 2675 Deo,
1282 2627 1342 2665 cui

269 2692 350 2718 non
379 2681 560 2718 convenit
578 2693 663 2719 esse
691 2681 730 2719 in
757 2682 863 2719 loco:
893 2694 985 2719 nam
1014 2681 1281 2731 incorporalia,
1301 2689 1344 2719 ut

271 2733 360 2772 dicit
387 2734 557 2783 Boetius,
586 2735 626 2772 in
649 2734 745 2772 libro
774 2735 821 2772 de
837 2735 1078 2773 Hebdomad.
1094 2735 1126 2783 ³¹³,
1156 2748 1236 2772 non
1256 2742 1343 2772 sunt

269 2787 308 2824 in
337 2788 435 2825 loco.
466 2789 570 2837 Ergo
598 2789 706 2825 Deus
734 2801 814 2825 non
843 2796 899 2826 est
924 2789 1082 2838 ubique.

326 2852 361 2878 2.
391 2841 636 2889 Pium-zm,
666 2841 762 2879 sicut
789 2854 830 2879 se
856 2842 973 2880 habet
999 2850 1152 2891 tempus
1181 2841 1231 2879 ad
1259 2853 1342 2878 suc—

271 2894 431 2942 cessiva,
455 2894 507 2932 ita
534 2907 576 2932 se
603 2895 720 2932 habet
746 2895 854 2933 locus
881 2896 932 2934 ad
958 2895 1234 2945 permanentia.
1265 2894 1343 2932 Sed

270 2960 393 2985 unum
421 2948 649 2986 indivisibile
670 2948 829 2986 actionis
843 2947 861 2978 β
878 2949 941 2986 vel
959 2956 1100 2997 motus,
1120 2961 1199 2986 non
1217 2955 1343 2997 potest

272 3012 355 3038 esse
382 3000 422 3038 in
450 3001 609 3039 diversis
637 3002 888 3051 temporibus.
919 3003 1021 3051 Ergo
1051 3014 1123 3039 nec
1145 3014 1268 3039 unum
1288 3001 1343 3038 in-

273 3053 459 3092 divisibile
487 3054 527 3092 in
553 3067 694 3104 genere
722 3068 853 3094 rerum
875 3055 1198 3106 permanentium,
1218 3062 1344 3105 potest

273 3119 356 3144 esse
375 3106 416 3144 in
441 3107 621 3146 omnibus
649 3108 753 3147 locis.
779 3108 880 3148 Esse
904 3117 1034 3147 autem
1062 3108 1236 3147 divinum
1264 3121 1344 3146 non

274 3168 330 3198 est
348 3161 621 3211 successivum,
641 3162 710 3200 sed
733 3174 975 3211 permanens.
1005 3163 1108 3212 Ergo
1128 3163 1235 3200 Deus
1263 3175 1344 3200 non

274 3221 330 3251 est
357 3213 396 3251 in
423 3214 595 3263 pluribus
622 3215 715 3253 locis
734 3221 759 3253 ⁷.
791 3217 839 3253 Et
867 3216 919 3254 ita
945 3229 1025 3254 non
1053 3224 1111 3254 est
1136 3215 1293 3266 ubique.

330 3266 364 3304 3.
394 3265 638 3317 PRAETEREA‚
668 3269 774 3319 quod
807 3277 861 3307 est
897 3277 1020 3307 totum
1057 3268 1217 3317 alicubi,
1253 3269 1345 3307 nihil

276 3316 384 3358 eius³
413 3326 470 3358 est
489 3329 592 3360 extra
619 3322 748 3361 locum
775 3322 894 3361 illum.
925 3322 1003 3361 Sed
1031 3322 1150 3372 Deus,
1170 3322 1202 3361 si
1222 3330 1279 3361 est
1305 3323 1344 3360 in

330 3471 358 3503 α)
377 3478 441 3496 esse.
458 3485 478 3490 -
497 3471 583 3496 Deam
603 3478 659 3496 esse
677 3472 779 3498 codices
799 3478 825 3498 et
843 3474 884 3498 ed.
897 3481 923 3499 a.

330 3505 356 3540 β)
375 3506 497 3532 actionis.
514 3519 534 3526 -
552 3507 579 3532 in
598 3513 696 3540 genere
714 3508 827 3534 actionis
846 3509 914 3534 DsB.
931 3523 951 3529 -
968 3509 1019 3534 Pro
1033 3508 1205 3541 temporibus,
1218 3508 1346 3541 partibus

276 3542 404 3575 temporis
423 3541 456 3567 G.
474 3555 493 3561 -
511 3541 537 3566 in
556 3548 655 3575 genere
675 3550 729 3567 om.
744 3542 773 3568 C.
863 3543 865 3545 ’

329 3577 356 3611 γ)
376 3577 402 3602 in
421 3577 546 3610 pluribus
568 3577 633 3603 locis
688 3578 764 3611 Ergo
788 3579 862 3605 Deus
886 3587 940 3605 non
963 3583 1004 3606 est
1021 3579 1092 3614 (vide
1116 3587 1173 3613 seq.
1188 3579 1309 3613 argum).
1328 3593 1346 3598 -

276 3613 340 3638 Om.
354 3611 388 3644 F;
406 3619 454 3645 pro
473 3612 510 3638 Et
528 3613 575 3643 ita,
596 3611 671 3646 Ergo
689 3612 813 3640 ABCDE.

1397 2467 1527 2516 aliquo
1546 2468 1647 2515 loco,
1667 2475 1768 2505 totus
1788 2475 1845 2504 est
1863 2467 1932 2504 ibi:
1961 2480 2041 2504 non
2071 2467 2173 2504 enim
2193 2468 2309 2504 habet
2326 2473 2465 2517 partes.

1398 2522 1500 2570 Ergo
1521 2521 1612 2558 nihil
1633 2521 1713 2558 eius
1733 2529 1788 2558 est
1808 2528 1910 2558 extra
1929 2521 2057 2557 locum
2085 2519 2203 2558 illum.
2234 2519 2337 2569 Ergo
2362 2522 2466 2558 Deus

1398 2585 1477 2611 non
1507 2580 1562 2611 est
1589 2574 1744 2623 ubique.

1452 2627 1528 2665 SED
1561 2639 1708 2665 CONTRA
1741 2639 1807 2664 EST
1844 2625 1951 2675 quod
1984 2625 2120 2664 dicitur
2157 2626 2292 2664 Ierem.
2320 2639 2405 2665 xxm
2424 2627 2464 2664 *ε

1398 2681 1545 2718 caelum
1574 2687 1611 2717 et
1635 2686 1777 2717 terram
1805 2692 1877 2731 ego
1906 2679 2053 2729 impleo.

1452 2735 1678 2772 RESPONDEO
1707 2745 1891 2771 DICENDUM
1927 2734 2049 2783 quod,
2081 2746 2169 2771 cum
2198 2735 2304 2771 locus
2333 2734 2379 2771 sit
2406 2747 2466 2771 res

1398 2789 1603 2837 quaedam,
1623 2799 1707 2824 esse
1733 2786 1872 2836 aliquid
1901 2786 1940 2824 in
1962 2788 2049 2825 loco
2076 2794 2202 2836 potest
2220 2787 2372 2836 intelligi
2398 2787 2465 2824 du-

1396 2841 1561 2890 pliciter:
1591 2841 1654 2877 vel
1690 2852 1760 2889 per
1791 2839 1956 2878 modum
1993 2840 2153 2878 aliarum
2191 2853 2339 2888 rerum,
2369 2841 2466 2878 idest

1397 2894 1494 2931 sicut
1513 2893 1649 2931 dicitur
1666 2892 1806 2942 aliquid
1825 2905 1908 2931 esse
1927 2892 1966 2931 in
1985 2894 2064 2931 aliis
2084 2894 2198 2931 rebus
2218 2907 2464 2943 quocumque

1398 2948 1518 2988 modo
1532 2953 1554 2994 ³,
1586 2947 1681 2984 sicut
1699 2946 1909 2984 accidentia
1927 2947 2001 2984 loci
2020 2955 2107 2985 sunt
2124 2948 2163 2984 in
2182 2948 2286 2994 loco;
2315 2948 2377 2985 vel
2396 2960 2465 2996 per

1398 3001 1561 3039 modurn
1588 2999 1789 3049 proprium
1817 3000 1903 3049 loci,
1924 3001 2020 3038 sicut
2042 3002 2164 3038 locata
2184 3008 2270 3038 sunt
2297 3000 2336 3037 in
2365 3002 2462 3038 loco.

1398 3056 1570 3103 Utroque
1598 3061 1728 3091 autern
1754 3054 1895 3101 modo,
1926 3055 2139 3092 secundum
2168 3054 2329 3103 aliquid,
2358 3055 2464 3091 Deus

1399 3116 1455 3146 est
1481 3108 1521 3146 in
1549 3106 1656 3144 omni
1683 3107 1788 3156 loeo,
1818 3107 1923 3157 quod
1952 3115 2009 3145 est
2037 3120 2120 3145 esse
2147 3107 2303 3157 ubique.
2333 3105 2463 3146 Primo

1398 3161 1567 3212 quidem,
1588 3160 1684 3198 sicut
1702 3160 1716 3187 ζ
1745 3167 1802 3198 est
1827 3161 1867 3198 in
1886 3161 2066 3198 omnibus
2085 3162 2210 3208 rebus,
2230 3167 2273 3197 ut
2297 3159 2391 3198 dans
2411 3160 2464 3198 eis

1398 3228 1482 3253 esse
1511 3222 1547 3252 et
1573 3214 1754 3252 virtutem
1774 3222 1810 3251 et
1830 3215 2113 3264 operationem:
2143 3214 2196 3251 sic
2224 3213 2327 3251 enim
2347 3221 2403 3252 est
2426 3214 2465 3252 in

1399 3267 1505 3307 omni
1533 3269 1637 3316 loco,
1665 3274 1707 3305 ut
1735 3267 1830 3305 dans
1859 3268 1894 3306 ei
1911 3274 1925 3292 '¹
1955 3280 2036 3306 esse
2065 3275 2102 3305 et
2129 3267 2308 3305 virtutem
2336 3268 2465 3305 locati-

1397 3335 1500 3361 vam.
1532 3323 1640 3370 Item,
1658 3321 1784 3359 locata
1800 3329 1888 3359 sunt
1905 3322 1945 3359 in
1963 3322 2050 3358 loco
2074 3321 2300 3369 inquantum
2319 3322 2466 3370 replent

1454 3472 1479 3505 ὃ)
1499 3472 1562 3497 eius.
1580 3484 1600 3491 ·-
1617 3470 1679 3496 Om.
1693 3471 1783 3496 ABOE
1802 3476 1827 3496 et
1845 3471 1886 3496 ed.
1901 3478 1926 3496 a.
1944 3485 1962 3489 —
1981 3471 2054 3496 illum
2070 3478 2123 3495 om.
2136 3470 2190 3495 Ac.

1454 3508 1475 3540 ε)
1496 3507 1598 3532 idest...
1611 3514 1774 3540 quocumque
1788 3507 1876 3532 modo.
1893 3520 1912 3526 —
1930 3507 1991 3531 Om.
2005 3506 2029 3531 G
2048 3511 2074 3531 et
2093 3506 2134 3531 ed.
2147 3513 2178 3535 a;
2197 3506 2266 3531 idest
2278 3513 2332 3532 om.
2347 3506 2381 3538 F;
2400 3514 2464 3539 quo-

1399 3550 1510 3576 cumque
1529 3542 1608 3568 modo
1621 3550 1677 3567 om.
1690 3543 1724 3568 D.
1738 3556 1759 3563 -
1776 3543 1827 3567 Pro
1839 3542 1988 3568 accidentia
2003 3542 2062 3570 loci.
2076 3541 2226 3567 accidentia
2239 3542 2321 3568 locati
2338 3542 2396 3567 edd.
2414 3549 2432 3567 α
2442 3543 2465 3567 b.

1453 3579 1478 3611 ζ)
1498 3579 1575 3604 s1'cut.
1591 3592 1611 3597 —
1628 3578 1666 3603 sic
1685 3576 1792 3603 PEFab.

1453 3614 1480 3647 η)
1499 3614 1531 3639 ei.
1550 3628 1570 3633 —
1587 3613 1624 3638 eis
1642 3613 1732 3638 BCFG
1751 3619 1776 3638 et
1794 3613 1853 3638 edd.
1871 3613 1923 3638 ab.

2492 2636 2500 2643 ·
2516 2633 2583 2656 Vera.
2594 2640 2631 2661 ²4-
