2768 4178
62 1302 72 1312 ⁶
89 1301 110 1322 V
113 1307 157 1323 ers.
173 1307 198 1323 ιι.

60 1674 70 1684 “
85 1675 136 1695 Art.
153 1679 178 1701 9.

59 2444 69 2453 '
85 2441 121 2464 Cf.
136 2448 200 2464 num.
213 2448 246 2464 ιιι.

318 292 391 329 194

1003 281 1271 328 QUAESTIO
1301 282 1390 319 XIV
1418 282 1716 320 ARTICULUS
1746 282 1835 319 XIV
1883 280 1886 283 ⁴

976 444 1296 486 ARTICULUS
1326 445 1858 498 DECIMUSQUARTUS

880 537 1056 568 UTRUM
1086 537 1211 568 DEus
1243 537 1554 569 COGNOSCAT
1586 539 1949 569 ENUNTIABiLlA

633 617 650 641 1.
671 617 753 646 Sent„
774 617 833 641 dist.
851 625 953 646 xxxvm.
973 622 1019 642 art.
1041 616 1070 647 3;
1091 616 1150 642 dist.
1169 624 1218 646 xm,
1239 622 1286 642 art.
1307 615 1335 648 55
1355 617 1364 641 1
1387 618 1463 643 Cont.
1481 619 1568 648 Gent„
1589 626 1644 651 cap.
1664 626 1734 650 tvm,
1753 626 1807 649 L1x;
1829 619 1871 644 De
1889 618 1979 649 Ver-it„
2000 627 2045 652 qu.
2060 627 2087 650 11,
2107 624 2154 644 art.
2169 627 2194 652 7.

344 718 409 762 2535,
432 726 486 757 2?
513 718 547 743 D
567 718 906 749 DacufflMQUARTUM
926 718 979 742 sm
996 717 1237 742 paoeamrua.
1268 705 1385 743 Vide-

337 747 499 819 '‘1755‘'
524 767 585 796 tur
613 760 719 808 quod
748 761 854 796 Deus
874 771 955 796 non
975 766 1182 807 cognoscat
1211 759 1385 796 enuntia-

327 812 369 869 'ii'
387 826 442 864 *τ’
465 802 513 861 ²6
525 813 622 851 bilia.
646 813 890 861 Cognoscere
907 813 1008 849 enim
1026 811 1274 849 enuntiabilia
1294 825 1386 849 con-

367 838 458 895 ἑῶ
480 856 630 904 Kvenit
657 866 860 903 intellectui
880 874 1023 912 nostro,
1045 866 1258 903 secundum
1279 867 1384 914 quod

310 919 506 968 componit
526 928 561 956 et
590 920 731 958 dividit.
763 920 840 957 Sed
860 919 899 956 in
919 919 1110 957 intellectu
1130 918 1260 956 divino
1281 919 1384 956 nulla

309 980 365 1009 est
394 973 635 1022 compositio.
666 974 769 1021 Ergo
790 974 896 1025 Deus
911 979 928 994 ‘²‘
949 985 1029 1010 non
1050 972 1245 1021 cognoscit
1266 985 1385 1010 enun-

309 1026 460 1063 tiabilia.

363 1091 398 1116 2.
429 1080 664 1127 PRAETEREA,
695 1078 821 1116 omnis
852 1079 1017 1127 cognitio
1047 1079 1090 1116 fit
1117 1091 1188 1127 per
1215 1078 1382 1128 aliquam

307 1132 606 1170 similitudinem.
638 1132 716 1169 Sed
744 1133 782 1169 in
811 1133 896 1169 Deo
924 1133 1030 1169 *nulla
1060 1131 1147 1169 estss
1176 1132 1382 1170 similitudo

307 1186 596 1223 enuntiabilium
609 1215 618 1233 ,
656 1198 744 1222 cum
783 1185 829 1222 sit
866 1185 1027 1223 omnino
1066 1185 1239 1235 simplex.
1279 1187 1383 1234 Ergo

306 1240 412 1276 Deus
440 1252 520 1277 non
550 1239 743 1288 cognoscit
773 1239 1035 1290 enuntiabilia.-

361 1294 435 1330 SED
465 1305 612 1330 CONTRA
640 1305 706 1330 EST
726 1293 833 1342 quod
854 1292 990 1330 dicitur
1009 1293 1048 1330 in
1068 1293 1224 1330 Psalmo
1244 1305 1329 1330 xcm
1344 1292 1381 1330 *ε

306 1346 494 1383 Dominus
520 1347 591 1383 scit
607 1346 853 1396 cogitationes
872 1347 1082 1384 hominum.
1114 1346 1192 1383 Sed
1212 1347 1383 1384 enuntia-

305 1399 393 1436 bilia
414 1399 655 1437 continentur
673 1400 712 1437 in
733 1400 1023 1448 cogitationibus
1038 1399 1255 1437 hominum.
1278 1401 1381 1448 Ergo

305 1454 411 1490 Deus
441 1454 637 1502 cognoscit
665 1453 922 1491 enuntiabilia.
1174 1500 1177 1504 Ἰ

360 1508 587 1544 REspouDao
616 1519 802 1544 DICENDUM
822 1507 941 1556 quod,
963 1519 1054 1544 cum
1073 1507 1241 1544 formare
1262 1519 1383 1544 enun-

305 1560 446 1597 tiabilia
482 1560 528 1597 sit
563 1561 602 1598 in
630 1568 818 1610 potestate
856 1561 1067 1597 intellectus
1104 1559 1245 1606 nostri;
1275 1561 1381 1598 Deus

305 1621 434 1651 autem
464 1614 532 1651 scit
560 1614 746 1663 quidquid
771 1621 827 1651 est
845 1613 884 1651 in
903 1613 1075 1663 potentia
1108 1626 1177 1651 sua
1195 1614 1258 1651 vel
1279 1626 1382 1651 crea-

304 1675 432 1715 turae,
461 1676 504 1705 ut
532 1680 647 1717 supra
666 1667 687 1690 ’¹‘
716 1668 860 1705 dictum
890 1675 967 1714 est3
997 1679 1155 1704 necesse
1185 1675 1241 1704 est
1273 1667 1380 1716 quod

305 1722 411 1758 Deus
440 1721 532 1758 sciat
561 1721 693 1759 omnia
719 1721 962 1759 enuntiabilia
996 1733 1095 1770 quae
1115 1721 1273 1758 formari
1292 1733 1381 1771 pos-

305 1782 404 1812 sunt.
445 1775 534 1823 Sed,
565 1775 662 1812 sicut
681 1775 749 1812 scit
767 1774 977 1812 materialia
1005 1774 1314 1822 immaterialiter,
1345 1782 1381 1812 et

305 1829 519 1877 composita
539 1828 769 1878 simpliciter,
787 1829 837 1866 ita
858 1828 926 1866 scit
947 1828 1193 1866 enuntiabilia
1212 1840 1292 1865 non
1310 1840 1381 1878 per

304 1882 466 1919 modum
487 1882 788 1930 enuntiabilium,
810 1882 919 1931 quasi
940 1881 1081 1919 scilicet
1095 1887 1110 1908 ⁷
1132 1881 1168 1919 in
1189 1882 1379 1919 intellectu

305 1935 385 1973 eius
414 1935 459 1972 sit
480 1935 710 1985 compositio
730 1936 792 1973 vel
813 1935 949 1973 divisio
971 1935 1278 1981 enuntiabilium;
1310 1935 1378 1972 sed

302 1990 611 2039 unumquodque
632 1989 827 2038 cognoscit
846 2002 916 2039 per
936 1988 1150 2038 simplicem
1171 1988 1378 2037 intelligen-

356 2104 384 2136 α)
405 2104 486 2129 Deus.
500 2118 519 2123 -
538 2103 598 2128 Om.
619 2103 720 2128 codices
741 2108 766 2128 et
785 2104 833 2128 ab.

357 2139 382 2173 β)
403 2141 476 2165 nulla
494 2143 543 2164 est.
561 2153 580 2158 —
598 2147 650 2164 non
670 2142 710 2164 est
728 2139 821 2172 aliqua
840 2139 963 2164 ABCDE.

355 2177 381 2209 γ)
401 2176 479 2208 quasi
496 2175 603 2200 scilicet.
622 2189 641 2194 -
658 2175 736 2207 quasi
754 2175 866 2204 DFGab,
888 2175 960 2207 quod
978 2174 1078 2201 scilicet
1096 2175 1124 2206 P,
1144 2174 1217 2207 quod
1236 2175 1265 2199 Β.

355 2211 380 2244 ὃ)
400 2211 426 2236 in
448 2211 591 2236 intellectu.
609 2224 628 2229 -
646 2210 792 2235 intellectui
809 2210 888 2235 ABG.

1439 706 1542 754 tiam,
1563 707 1807 755 intelligendo
1838 708 2042 745 essentiam
2062 708 2377 757 uniuscuiusque.
2409 709 2515 747 Sicut

1439 759 1470 796 si
1507 772 1579 797 nos
1617 760 1655 798 in
1689 761 1765 797 hoc
1797 760 1881 810 ipso
1916 761 2022 810 quod
2056 761 2298 810 intelligimus
2333 762 2426 811 quid
2459 770 2518 801 est

1438 813 1586 860 horno,
1627 813 1922 862 intelligeremus
1961 815 2092 852 omnia
2130 827 2230 863 quae
2268 816 2316 854 de
2354 816 2513 854 homine

1438 866 1650 914 praedicari
1678 875 1850 916 possunt.
1885 868 2004 915 Quod
2033 868 2192 918 quidem
2220 869 2259 906 in
2292 867 2514 907 intellectu⁸

1438 926 1570 955 nostro
1600 931 1680 957 non
1709 920 1900 969 contingit,
1921 921 1986 970 qui
2015 921 2063 959 de
2088 934 2168 959 uno
2188 922 2228 959 in
2247 922 2350 960 aliud
2369 923 2514 961 discur-

1439 971 1495 1019 rit,
1515 980 1674 1022 propter
1692 973 1768 1009 hoc
1796 973 1903 1022 quod
1931 974 2078 1023 species
2106 975 2346 1024 intelligibilis
2375 977 2428 1014 sic
2456 989 2516 1014 re-

1437 1033 1655 1074 praesentat
1682 1038 1824 1074 unum,
1855 1027 1961 1075 quod
1996 1040 2076 1065 non
2105 1037 2364 1079 repraesentat
2395 1029 2511 1068 aliud.

1438 1079 1571 1125 Unde,
1604 1079 1848 1127 intelligendo
1877 1079 1971 1128 quid
2000 1088 2057 1118 est
2083 1081 2226 1130 homo,
2256 1095 2335 1120 non
2365 1095 2410 1120 ex
2438 1084 2514 1121 hoc

1437 1131 1522 1181 ipso
1542 1138 1552 1153 ‘
1582 1133 1654 1169 alia
1688 1142 1794 1182 quae·
1825 1132 1859 1169 ei
1891 1133 2037 1182 insunt,
2067 1133 2326 1183 intelligimus3
2361 1137 2429 1175 sed
2459 1137 2514 1174 di-

1436 1185 1550 1223 visim
1578 1185 1608 1231 ζ,
1640 1186 1855 1224 secundum
1893 1187 2089 1236 quandam
2127 1188 2424 1228 successionem.
2463 1191 2515 1228 Et

1436 1247 1595 1288 propter
1613 1239 1700 1287 hoc,
1718 1252 1763 1276 ea
1782 1252 1882 1289 quae
1902 1252 2079 1278 seorsum
2094 1245 2109 1263 '¹
2127 1240 2382 1290 intelligimus,
2399 1255 2512 1292 opor-

1436 1300 1489 1330 tet
1508 1305 1581 1330 nos
1599 1292 1637 1330 in
1656 1305 1780 1330 unum
1805 1293 1975 1341 redigere
1994 1306 2065 1343 per
2083 1293 2247 1331 modum
2267 1295 2514 1345 compositio·

1436 1346 1495 1383 nis
1522 1347 1585 1383 vel
1614 1346 1823 1394 divisionis,
1854 1347 2157 1385 enuntiationem
2186 1348 2403 1387 formando.
2435 1349 2515 1388 Sed

1437 1399 1585 1449 species
1623 1400 1833 1437 intellectus
1867 1401 2005 1448 divini,
2036 1401 2177 1438 scilicet
2213 1402 2296 1440 eius
2325 1402 2512 1451 essentia,

1437 1453 1577 1490 sufficit
1605 1454 1654 1491 ad
1685 1453 2028 1492 demonstrandum
2056 1455 2200 1494 omnia.
2230 1455 2356 1503 Unde,
2379 1455 2513 1494 intelli-

1436 1506 1563 1555 gendo
1594 1506 1798 1544 essentiam
1833 1519 1962 1555 suam,
1993 1509 2188 1556 cognoscit
2217 1509 2400 1547 essentias
2429 1521 2515 1548 om-

1437 1573 1556 1608 mum,
1587 1568 1624 1597 et
1651 1573 1922 1610 quaecumque
1952 1561 2005 1599 eis
2034 1561 2207 1599 accidere
2235 1570 2409 1612 possunt.

1489 1615 1549 1651 AD
1579 1625 1718 1652 Palmum
1746 1626 1846 1652 ERGO
1874 1627 2061 1653 DICENDUM
2086 1615 2192 1664 quod
2211 1616 2306 1654 ratio
2334 1616 2397 1654 illa
2423 1628 2513 1667 pro-

1436 1667 1599 1715 cederet,
1621 1667 1651 1704 si
1671 1668 1778 1705 Deus
1799 1676 2048 1716 cognosceret
2074 1669 2320 1707 enuntiabilia
2338 1682 2408 1720 per
2427 1682 2511 1708 mo-

1436 1721 1530 1759 dum
1559 1720 1860 1760 enuntiabilium.

1488 1776 1547 1812 AD
1568 1786 1760 1812 SECUNDUM
1779 1786 1966 1812 DICENDUM
1993 1775 2100 1824 quod
2130 1775 2360 1825 compositio
2389 1789 2513 1815 enun-

1434 1827 1569 1865 tiabilis
1589 1828 1774 1876 significat
1798 1828 1953 1876 aliquod
1978 1840 2062 1865 esse
2086 1828 2158 1866 rei:
2189 1836 2227 1866 et
2245 1829 2298 1866 sic
2316 1830 2423 1868 Deus
2441 1842 2512 1880 per

1434 1893 1549 1919 suum
1579 1893 1683 1928 esse,
1714 1881 1821 1930 quod
1851 1888 1907 1918 est
1935 1881 2014 1918 eius
2044 1882 2227 1930 essentia,
2255 1890 2311 1920 est
2338 1882 2512 1922 similitu-

1434 1935 1484 1972 do
1515 1934 1690 1972 omnium
1720 1947 1857 1972 eorum
1891 1947 1991 1984 quae
2019 1947 2089 1984 per
2121 1935 2367 1974 enuntiabilia
2400 1936 2512 1986 signi-

1432 1989 1606 2025 ficantur.

1489 2103 1511 2134 ε)
1532 2103 1598 2135 ipso.
1615 2116 1636 2122 —
1654 2103 1680 2128 in
1701 2103 1758 2135 ipso
1778 2103 1806 2127 Ρ.

1487 2138 1513 2171 t)
1533 2138 1649 2164 divisim.
1667 2152 1686 2158 -
1705 2139 1766 2164 Om.
1787 2139 1900 2164 codices.

1488 2175 1515 2206 η)
1535 2181 1567 2199 ea
1586 2181 1654 2207 quae
1672 2181 1801 2200 seorsum.
1818 2188 1834 2193 -
1847 2182 1878 2200 ea
1893 2181 1962 2208 quae
1980 2181 2100 2200 seorsum
2120 2174 2227 2201 divisim
2239 2175 2384 2209 AcEGpD.
2398 2182 2431 2202 ea
2443 2182 2513 2210 quae

1435 2217 1554 2235 seorsum
1569 2213 1595 2234 et
1613 2209 1719 2234 divisim
1739 2210 1808 2234 13⁸1).

981 2297 1318 2330 Commentaria
1341 2297 1593 2330 Cardjnalis
1616 2297 1819 2330 Caietani

364 2399 471 2419 iratus
491 2388 602 2419 clarus.
617 2406 637 2411 -
657 2388 691 2418 In
708 2397 841 2428 corpore
858 2387 939 2418 duo:
957 2387 1074 2428 primo,
1095 2387 1266 2428 respondet
1280 2396 1378 2428 quae-

305 2401 438 2470 Tsito,
460 2433 550 2474 quod
573 2433 633 2469 sic;
659 2433 815 2469 secundo,
841 2432 1011 2473 quomodo
1025 2431 1054 2462 ff.

361 2479 398 2509 ΙΙ.
424 2477 542 2515 Quoad
559 2478 718 2518 primum,
743 2476 907 2507 conclusio
928 2476 1113 2516 responsiva
1132 2475 1278 2517 quaesito
1297 2474 1378 2506 affir—

303 2522 420 2554 mative
450 2529 511 2553 est:
536 2522 624 2552 Deus
655 2521 712 2552 scit
740 2520 958 2552 enuntiabilia.
975 2539 995 2544 —
1011 2521 1177 2552 Probatur.
1210 2521 1297 2551 Deus
1321 2519 1379 2551 scit

303 2566 460 2609 quidquid
489 2572 536 2597 est
562 2566 596 2596 in
624 2565 766 2607 potentia
795 2572 862 2596 tam
895 2575 952 2596 sua
984 2575 1082 2606 quam
1113 2573 1288 2596 creaturae:
1323 2564 1379 2595 sed

304 2610 509 2642 enuntiabilia
525 2617 599 2641 sunt
615 2610 648 2641 in
664 2616 820 2651 potestate
840 2616 961 2641 nostra:
988 2619 1063 2650 ergo
1083 2609 1171 2640 Deus
1192 2609 1250 2641 scit
1269 2608 1379 2647 omnia

303 2656 365 2687 illa.

362 2700 414 2731 111.
435 2699 553 2737 Quoad
576 2698 764 2736 secundum,
791 2697 968 2730 ostenditur
992 2698 1110 2728 modus
1129 2708 1196 2739 quo
1216 2697 1304 2729 Deus
1326 2708 1378 2729 co-

303 2743 428 2785 gnoscit
451 2743 674 2780 enuntiabilia,
700 2753 764 2774 una
793 2743 1016 2774 conclusione:
1042 2743 1129 2773 Deus
1154 2742 1211 2774 scit
1236 2742 1379 2779 enuntia-⁴

304 2789 392 2825 bilia,
417 2798 484 2818 non
508 2787 735 2828 componendo
760 2794 790 2818 et
815 2787 1005 2823 dividendo,
1035 2787 1090 2818 sed
1118 2796 1176 2827 per
1199 2786 1378 2828 simplicem

305 2832 562 2873 intelligentiam;
587 2832 677 2867 idest,
693 2841 759 2862 non
781 2841 838 2872 per
857 2832 993 2862 modum
1012 2831 1168 2862 secundae
1185 2831 1379 2872 operationis

304 2877 492 2913 intellectus,
517 2876 572 2907 sed
596 2876 726 2917 primae.

360 2922 516 2952 Probatur
530 2920 707 2962 dupliciter.
731 2920 851 2958 Primo,
868 2931 886 2950 a
902 2919 1006 2951 simili.
1027 2920 1115 2951 Deus
1132 2919 1190 2951 scit
1205 2919 1378 2951 materialia

304 2965 560 3002 immaterialiter,
575 2964 754 3006 composita
770 2964 966 3005 simpliciter:
988 2974 1062 3004 ergo
1080 2964 1295 3001 enuntiabilia,
1311 2974 1377 2995 non

305 3010 518 3047 enuntiando,
543 3010 598 3040 sed
621 3009 786 3041 intuendo.
811 3027 831 3031 -
852 3009 892 3039 Et
916 3009 1091 3040 declaratur
1118 3009 1287 3050 quomodo
1316 3009 1378 3040 hoc

305 3065 372 3085 esse
395 3054 512 3095 possit,
538 3053 684 3094 exemplo
708 3052 783 3084 ficto
807 3053 839 3083 in
864 3053 1024 3085 intellectu
1049 3060 1178 3090 nostro,
1203 3052 1238 3091 si,
1263 3053 1378 3084 intelli-

305 3099 410 3140 gendo
433 3099 511 3140 quid
533 3098 683 3135 hominis,
699 3097 947 3138 intelligeremus
966 3098 1074 3138 ipsum
1098 3107 1165 3128 esse
1181 3098 1301 3135 album,
1319 3104 1377 3129 etc.

363 3143 525 3182 Secundo,
551 3142 683 3174 ratione.
709 3142 835 3183 Species
863 3142 1042 3174 intellectus
1066 3141 1181 3179 divini,
1206 3142 1287 3173 idest
1311 3141 1378 3173 eius

306 3183 460 3224 essentia,
491 3187 606 3218 sufficit
630 3187 670 3217 ad
700 3187 986 3218 demonstrandum
1010 3186 1138 3217 omnia:
1174 3196 1248 3228 ergo
1272 3186 1377 3223 Deus,

306 3232 510 3272 intelligendo
536 3231 704 3262 essentiam
728 3241 837 3267 suam,
867 3230 1012 3272 intelligit
1037 3230 1186 3262 essentias
1210 3230 1377 3267 omnium,

307 3284 337 3308 et
365 3286 587 3318 quaecumque
619 3275 662 3306 eis
686 3275 825 3306 accidere
849 3284 994 3316 possunt.
1019 3293 1039 3298 —
1059 3275 1258 3306 Antecedens
1282 3281 1377 3316 patet.

307 3320 545 3361 Consequentia
569 3320 721 3352 fundatur
747 3329 843 3360 super
866 3320 946 3357 hoc,
972 3320 1062 3361 quod
1085 3319 1164 3351 ratio
1189 3319 1379 3351 necessitans

307 3365 346 3394 ad
362 3365 605 3404 intelligendum
628 3365 855 3405 componendo
880 3371 910 3395 et
935 3364 1115 3401 dividendo,
1141 3371 1187 3395 est
1210 3364 1286 3406 quia
1310 3373 1378 3404 spe-

308 3409 369 3438 cies
386 3409 589 3449 intelligibilis
613 3415 660 3439 est
682 3408 815 3439 limitata
838 3409 870 3439 in
887 3409 1162 3449 repraesentando.
1188 3408 1288 3446 Quod
1306 3418 1379 3449 pro-

308 3453 399 3483 batur
429 3453 461 3483 in
491 3453 593 3484 littera
623 3453 676 3484 sic.
710 3452 836 3494 Species
867 3453 1070 3493 intelligibilis
1101 3459 1313 3495 repraesentat
1335 3451 1379 3482 sic

308 3506 420 3533 unum,
446 3498 535 3538 quod
558 3507 624 3528 non
648 3497 751 3528 aliud:
777 3507 862 3537 ergo,
887 3497 1093 3538 intelligendo
1118 3507 1174 3538 per
1196 3497 1285 3528 illam
1309 3506 1380 3537 spe-

309 3541 390 3571 ciem
414 3551 531 3577 unum,
556 3549 632 3582 puta
657 3542 735 3583 quid
759 3549 805 3573 est
829 3541 944 3577 homo,
970 3552 1036 3572 non
1060 3541 1280 3582 intelliguntur
1303 3540 1378 3576 alia,

308 3595 390 3626 quae
407 3585 434 3616 ei
451 3585 596 3617 accidunt
622 3596 676 3617 seu
697 3593 832 3627 possunt
855 3586 1011 3617 accidere:
1038 3596 1111 3626 ergo
1129 3585 1255 3617 divisim
1278 3584 1379 3616 homo

1434 2393 1464 2418 et
1487 2386 1659 2417 accidentia
1682 2386 1915 2427 intelliguntur:
1942 2397 2017 2428 ergo
2042 2394 2170 2428 oportet
2193 2398 2229 2419 ea
2248 2387 2281 2419 in
2301 2398 2406 2420 unum
2429 2389 2510 2420 redi-

1434 2441 1506 2471 gere
1522 2431 1760 2472 componendo,
1781 2438 1817 2462 ut
1833 2430 2047 2472 intelligamus
2071 2442 2175 2463 unum
2191 2431 2293 2463 inesse
2309 2433 2378 2464 alii:
2403 2433 2509 2475 igitur,

1434 2475 1473 2505 de
1497 2475 1603 2516 primo
1631 2475 1670 2505 ad
1695 2475 1866 2512 ultimum,
1896 2475 1922 2506 si
1951 2475 2070 2516 species
2098 2483 2310 2518 repraesentat
2338 2477 2382 2509 sic
2406 2487 2510 2509 unum

1434 2520 1524 2560 quod
1548 2530 1615 2550 non
1638 2519 1742 2556 aliud,
1772 2520 1948 2551 intellectus
1973 2519 2097 2561 cogitur
2120 2530 2324 2562 componere.
2349 2521 2391 2554 Et
2413 2522 2507 2564 quia,

1434 2564 1459 2594 si
1483 2563 1652 2595 affirmatio
1676 2570 1723 2595 est
1746 2574 1840 2595 causa
1864 2563 2093 2601 affirmationis,
2118 2564 2245 2606 negatio
2270 2572 2317 2597 est
2340 2576 2435 2598 causa
2453 2576 2508 2599 ne-

1434 2608 1580 2650 gationis,
1600 2608 1634 2639 in
1654 2608 1756 2639 causis
1775 2608 1927 2650 propriis;
1953 2619 2151 2651 consequens
2168 2616 2215 2641 est
2230 2608 2374 2651 quod,'si
2390 2610 2509 2652 species

1433 2652 1638 2694 intelligibilis
1661 2659 1873 2694 repraesentat
1896 2653 1940 2684 sic
1964 2663 2069 2684 unum
2092 2654 2182 2696 quod
2205 2654 2303 2686 etiam
2320 2654 2394 2692 alia,
2419 2655 2510 2697 quod

1434 2697 1522 2728 nulla
1538 2704 1585 2729 est
1604 2697 1821 2738 componendi
1838 2697 2016 2735 necessitas,
2034 2698 2089 2729 sed
2103 2697 2240 2740 simplici
2257 2698 2375 2731 intuitu
2392 2699 2510 2733 obiecti

1434 2751 1490 2783 per
1512 2741 1601 2773 illam
1624 2741 1763 2783 speciem
1792 2742 2032 2782 repraesentati,
2065 2742 2175 2774 omnia
2203 2742 2442 2784 intelliguntur,
2473 2751 2510 2777 ut

1434 2785 1661 2828 consequentia
1680 2794 1844 2827 assumpta
1864 2786 1996 2818 dicebat.
2403 2784 2407 2788 ⁴

1492 2830 1544 2862 IV.
1569 2831 1705 2862 Adverte
1729 2830 1789 2867 hic,
1814 2831 1903 2872 quod
1927 2831 1986 2863 ista
2004 2831 2099 2862 verba
2114 2831 2235 2863 litterae
2251 2839 2388 2873 possunt
2404 2832 2508 2874 dupli·
2536 2861 2540 2866 ,

1433 2875 1510 2907 citer
1532 2875 1642 2916 accipi.
1667 2875 1786 2912 Primo,
1811 2882 1847 2906 ut
1870 2876 2018 2907 limitatio
2039 2875 2155 2917 speciei
2177 2875 2381 2917 intelligibilis
2403 2876 2437 2908 in
2459 2886 2510 2908 re-

1433 2920 1683 2961 praesentando,
1715 2919 1755 2951 sit
1782 2919 1862 2951 ratio
1887 2919 2104 2962 componendi
2133 2926 2164 2951 et
2187 2919 2357 2952 dividendi.
2392 2920 2434 2952 Et
2456 2920 2508 2953 hic

1434 2974 1544 2995 sensus
1573 2971 1620 2995 est
1643 2963 1758 3001 falsus,
1788 2971 1818 2995 et
1848 2972 1958 2996 contra
1981 2971 2122 2996 mentem
2146 2974 2170 2996 s.
2186 2964 2350 2995 Thomae:
2379 2964 2509 2997 inferret

1434 3009 1519 3039 enim
1543 3009 1633 3050 quod
1656 3008 1759 3049 angeli
1784 3009 2012 3050 componendo
2035 3008 2254 3049 intelligerent,
2274 3008 2430 3050 quoniam
2451 3009 2507 3041 ha-

1433 3054 1509 3084 bent
1541 3053 1660 3094 species
1687 3053 1846 3084 limitatas.
1881 3053 2046 3090 Secundo,
2070 3059 2107 3084 ut
2129 3053 2277 3084 limitatio
2309 3053 2403 3092 talis,
2427 3053 2509 3087 idest

1434 3105 1577 3139 respectu
1602 3107 1715 3129 eorum
1739 3107 1822 3139 quae
1846 3105 1919 3129 nata
1942 3104 2017 3130 sunt
2039 3096 2132 3129 alicui
2156 3097 2344 3135 convenire,
2369 3097 2410 3130 sit
2427 3097 2508 3130 ratio

1434 3141 1660 3182 componendi.
1690 3142 1732 3173 Et
1759 3141 1810 3173 hic
1834 3152 1945 3173 sensus
1973 3149 2020 3174 est
2046 3150 2139 3173 verus
2168 3148 2198 3172 et
2225 3141 2375 3174 intentus.
2404 3142 2508 3174 Verus

1434 3186 1582 3227 quidem:
1607 3186 1683 3228 quia
1706 3196 1743 3217 ex
1766 3186 1828 3217 hoc
1851 3187 1941 3228 quod
1964 3186 2083 3228 species
2106 3185 2150 3217 ita
2173 3193 2384 3227 repraesentat
2402 3186 2508 3218 subie-

1435 3238 1523 3261 ctum
1546 3231 1636 3272 quod
1654 3240 1720 3261 non
1735 3231 1962 3271 praedicatum,
1980 3230 2080 3261 oritur
2096 3230 2306 3271 compositio;
2331 3238 2362 3262 et
2378 3241 2444 3262 non
2469 3241 2507 3262 ex

1435 3274 1497 3305 hoc
1513 3275 1603 3316 quod
1615 3283 1827 3316 repraesentat
1844 3275 2031 3311 subiectum,
2046 3282 2076 3306 et
2093 3284 2158 3305 non
2177 3276 2407 3317 quodcumque
2420 3275 2507 3307 aliud

1435 3319 1569 3350 omnino
1593 3319 1799 3360 impertinens
1822 3319 1876 3351 tali
1900 3319 2052 3350 subiecto.
2078 3319 2219 3351 Intentus
2243 3326 2361 3357 autem,
2385 3319 2461 3362 quia
2477 3325 2508 3351 et

1435 3364 1467 3394 in
1483 3363 1584 3395 littera
1600 3364 1647 3394 bis
1662 3363 1724 3395 hoc
1747 3364 1907 3395 innuitur:
1932 3363 2047 3404 primo,
2073 3363 2106 3394 in
2130 3364 2277 3404 exemplo
2302 3364 2341 3395 de
2363 3363 2505 3405 homine,

1435 3417 1510 3438 cum
1534 3408 1661 3445 dicitur,
1687 3409 1942 3450 intelligeremus
1964 3409 2072 3438 omnia
2094 3418 2178 3449 quae
2197 3409 2238 3439 de
2263 3409 2390 3439 homine
2407 3417 2507 3449 prae-

1434 3452 1539 3483 dicari
1548 3458 1687 3493 possunt
1696 3460 1709 3491 ;
1733 3452 1883 3488 secundo,
1901 3461 1975 3482 cum
1991 3451 2024 3482 in
2040 3452 2162 3483 ratione
2181 3452 2323 3489 infertur,
2341 3452 2505 3494 sequendo

1435 3496 1520 3526 idem
1537 3497 1729 3538 exemplum,
1746 3506 1808 3527 non
1826 3506 1868 3527 ex
1881 3496 1940 3527 hoc
1955 3497 2023 3537 ipso
2037 3497 2104 3528 alia
2120 3507 2204 3538 quae
2219 3498 2250 3528 ei
2265 3498 2375 3528 insunt
2389 3496 2506 3527 intelli-

1433 3541 1550 3581 gimus.
1576 3541 1697 3571 Verum
1721 3541 1759 3571 de
1776 3540 1834 3571 hac
1849 3540 1979 3571 materia
1995 3541 2028 3571 in
2045 3548 2177 3574 tractatu
2194 3541 2233 3572 de
2249 3540 2379 3582 Angelis
2394 3539 2506 3571 diffuse

1435 3584 1556 3615 dicetur
1579 3584 1709 3615 inferius
1725 3584 1751 3616 *.

2532 3569 2602 3623 ⁶{Qu
2610 3575 2676 3599 cvm,
2681 3572 2748 3600 nrt.3.
