2768 4178
22 2456 30 2475 ,4
49 2447 63 2460 ⁴
69 2431 127 2471 vArt.
142 2453 219 2476 praec.

149 2550 165 2581 t

50 2606 63 2620 ⁸
77 2607 127 2635 Qu.
142 2613 173 2635 iv,
189 2610 233 2629 nrt.
243 2613 264 2636 3.

999 234 1268 280 QUAESTIO
1297 234 1366 281 VI,
1396 234 1693 272 ARTICULUS
1724 236 1754 271 ΙΙ

1056 404 1374 446 ARTICULUS
1405 404 1707 446 SECUNDUS

878 499 1077 530 UTRUM
1112 498 1257 529 DEUS
1289 498 1377 529 S1T
1412 498 1655 530 SUMMUM
1689 499 1888 530 BONUM

927 587 947 611 11
961 587 1044 617 Sent„
1064 587 1122 612 dist.
1136 595 1153 619 ι,
1174 594 1220 619 qu.
1237 595 1265 618 11,
1285 592 1332 612 art.
1348 594 1372 618 2,
1391 587 1423 611 ad
1442 595 1472 618 4;
1493 588 1500 611 1
1517 588 1593 612 Cont.
1609 589 1696 618 Gent„
1712 596 1768 621 cap.
1782 595 1832 613 xm.

406 699 474 738 μᾷ(
499 688 522 713 D
537 687 728 713 SECUNDUM
743 687 797 713 Sic
813 687 1054 713 PROCEmi-un.
1074 675 1235 713 Videtur
1250 676 1356 724 quod

416 719 468 788 ’ᾗῇ
499 730 606 766 Deus
634 741 714 766 non
743 729 789 766 sit
816 741 1015 766 summum
1043 729 1204 766 bonum.
1245 729 1357 766 Sum-

304 813 313 825 ,
440 787 608 822 ‘rmum
639 782 742 820 enim
770 782 918 820 bonum
948 782 1053 820 addit
1082 782 1222 832 aliquid
1244 794 1358 831 supra

290 846 300 856 ³
319 836 322 841 ’
342 851 350 860 =
455 827 668 873 kbonnm:
699 835 870 885 alioquin
902 835 1010 873 omni
1042 837 1147 873 bono
1178 835 1358 873 conveni-

285 894 351 924 ret.
392 888 471 925 Sed
500 901 618 926 omne
646 890 753 938 quod
782 902 823 926 se
851 890 968 926 habet
997 901 1043 926 ex
1079 889 1275 927 additione
1311 889 1360 926 ad

285 940 440 989 aliquid,
471 949 527 979 est
555 942 828 992 compositum.
858 944 961 991 Ergo
982 955 1182 980 summum
1211 943 1359 980 bonurn

286 1000 342 1030 est
370 995 642 1044 compositum.
675 996 752 1034 Sed
773 998 879 1033 Deus
900 1004 957 1033 est
980 1008 1133 1033 summe
1148 1002 1165 1017 α
1186 996 1359 1045 simplex,

284 1053 326 1083 ut
363 1059 479 1097 supra
507 1048 527 1070 ’⁸‘
564 1056 867 1106 ostensum,est.
904 1051 1008 1098 Ergo
1045 1051 1153 1087 Deus
1187 1061 1268 1087 non
1305 1056 1361 1086 est

285 1112 483 1138 summum
514 1102 674 1140 bonum.

340 1165 376 1191 2.
408 1155 647 1203 PRAETEREA,
684 1156 825 1193 bonum
860 1162 914 1194 est
950 1156 1053 1205 quod
1083 1156 1213 1192 omnia
1248 1167 1361 1204 appe-

285 1213 386 1254 tunt,
415 1216 457 1245 ut
485 1209 574 1247 dicit
601 1209 861 1258 Philosophus
885 1209 917 1246 ³¹².
948 1209 1026 1246 Sed
1054 1209 1146 1245 nihil
1174 1209 1278 1245 aliud
1307 1215 1363 1245 est

225 1283 256 1316 ·-
284 1262 392 1310 quod
422 1262 555 1299 omnia
582 1270 767 1312 appetunt
785 1262 815 1309 β,
836 1262 908 1299 nisi
932 1263 1036 1299 solus
1062 1263 1182 1310 Deus,
1213 1262 1278 1311 qui
1308 1269 1364 1298 est

285 1314 373 1352 finis
412 1315 600 1353 omnium.
637 1316 740 1364 Ergo
770 1315 862 1352 nihil
892 1315 994 1353 aliud
1023 1323 1079 1352 est
1111 1316 1260 1352 bonum
1290 1314 1361 1352 nisi

286 1369 406 1406 Deus.
437 1369 555 1416 Quod
585 1368 699 1406 etiam
728 1368 881 1406 videtur
907 1381 978 1418 per
996 1369 1035 1406 id
1054 1374 1068 1395 ⁷
1089 1369 1197 1417 quod
1226 1368 1363 1406 dicitur

287 1422 424 1459 Matth.
449 1433 511 1458 xix
531 1421 571 1458 *z
607 1433 719 1459 nemo
748 1423 869 1459 bonus
897 1423 972 1459 nisi
993 1422 1099 1459 ‘solus
1126 1423 1243 1459 Deus.
1284 1422 1363 1459 Sed

237 1495 245 1502 ·
286 1486 487 1512 summum
507 1474 643 1512 dicitur
670 1475 709 1512 in
738 1476 1027 1525 comparatione
1051 1475 1236 1521 aliorum;
1267 1476 1363 1513 sicut

286 1539 487 1565 summurn
523 1528 689 1566 calidum
722 1528 761 1566 in
791 1529 1080 1578 comparatione
1105 1527 1118 1551 δ
1147 1531 1196 1567 ad
1231 1529 1362 1566 omnia

288 1581 421 1619 calida.
451 1582 554 1631 Ergo
584 1583 691 1619 Deus
720 1594 798 1620 non
826 1590 953 1632 potest
977 1582 1051 1620 dici
1074 1595 1274 1620 summum
1294 1584 1362 1620 bo-

288 1647 396 1673 num.

344 1689 379 1726 3.
401 1689 636 1737 PRAETEREA,
652 1701 849 1726 summum
871 1690 1201 1739 comparationem
1221 1690 1364 1740 impor—

287 1750 352 1781 tat.
383 1742 461 1780 Sed
489 1754 588 1791 quae
617 1755 697 1780 non
726 1750 814 1780 sunt
841 1743 955 1780 unius
982 1744 1143 1792 generis,
1170 1756 1249 1781 non
1278 1752 1365 1781 sunt

289 1796 585 1846 comparabilia;
616 1797 713 1834 sicut
739 1797 904 1834 dulcedo
933 1797 1249 1835 inconvenienter
1277 1797 1366 1835 dici-

288 1858 350 1888 tur
387 1849 511 1887 maior
546 1850 609 1887 vel
644 1849 772 1887 minor
808 1862 927 1899 quam
961 1850 1072 1888 linea.
1116 1851 1218 1888 Cum
1256 1851 1366 1899 igitur

289 1905 397 1942 Deus
426 1915 506 1941 non
535 1903 580 1941 sit
608 1903 647 1941 in
676 1904 817 1941 eodem
846 1916 985 1952 genere
1014 1916 1102 1941 cum
1132 1904 1211 1941 aliis
1240 1905 1364 1953 bonis,

221 1981 228 1989 .
254 1973 259 1992 ;
287 1965 332 2005 ut
360 1969 406 1994 ex
438 1956 700 2006 superioribus
719 1957 739 1978 ²⁸
766 1964 881 2006 patet,
910 1957 1063 1994 videtur
1091 1958 1198 2007 quod
1221 1960 1328 1995 Deus
1354 1967 1364 1982 ε

243 2009 248 2015 ’
290 2023 370 2049 non
393 2010 513 2060 possit
541 2010 615 2048 dici
630 2023 830 2048 summurn
850 2011 999 2048 bonum
1019 2019 1194 2060 respectu
1215 2024 1363 2049 eorum.

346 2065 422 2102 SED
461 2075 607 2101 CONTRA
645 2076 712 2101 EST
749 2064 855 2112 quod
885 2064 974 2101 dicit
1001 2065 1246 2113 Augustinus,
1277 2067 1289 2101 I
1321 2066 1366 2102 de

296 2119 332 2156 T
327 2119 400 2155 rin.
417 2117 448 2165 ³¹⁶,
473 2118 579 2166 quod
599 2117 766 2154 Trinitas
796 2117 1013 2155 divinarum
1039 2130 1294 2167 personarum
1315 2125 1369 2156 est

289 2183 483 2209 summum
521 2172 683 2217 honum,
727 2171 830 2219 quod
858 2172 1144 2221 purgatissimis
1181 2172 1366 2209 mentibus

291 2225 469 2263 cernitur.

345 2279 573 2315 RESPONDEO
601 2289 787 2315 Dtcl-:NDUM
817 2278 923 2327 quod
952 2279 1059 2314 Deus
1085 2286 1139 2315 est
1169 2290 1365 2315 summum

291 2333 439 2370 bonum
475 2331 715 2380 simpliciter,
747 2338 783 2368 et
810 2344 890 2368 non
919 2332 1044 2368 solum
1078 2331 1117 2368 in
1147 2331 1274 2381 aliquo
1303 2344 1365 2380 ge-

291 2398 382 2424 nere
410 2385 474 2423 vel
512 2385 647 2422 ordine
683 2396 824 2422 rerum.
866 2385 930 2422 Sic
968 2385 1072 2422 enim
1102 2386 1251 2422 bonum
1280 2386 1366 2422 Deo

291 2438 530 2485 attribuitur,
564 2446 605 2475 ut
640 2438 782 2476 dictum
815 2446 870 2475 est
895 2438 935 2485 *,
964 2438 1193 2488 inquantum
1230 2451 1367 2476 omnes

291 2492 545 2542 perfectiones
579 2492 815 2530 desideratae
854 2492 1015 2529 effluunt
1043 2493 1091 2529 ab
1122 2505 1190 2541 eo,
1221 2493 1317 2530 sicut
1345 2506 1367 2530 a

291 2546 417 2596 prima
437 2545 451 2572 t
480 2557 606 2582 causa.
646 2546 738 2583 Non
766 2553 896 2582 autern
927 2546 1088 2583 effluunt
1117 2547 1165 2583 ab
1195 2559 1242 2583 eo
1273 2546 1369 2583 sicut

293 2600 342 2637 ab
376 2606 514 2648 agente
544 2599 734 2646 univoco,
764 2606 806 2636 ut
840 2611 886 2636 ex
915 2599 1175 2648 superioribus
1194 2599 1213 2621 ’¹‘
1241 2607 1365 2649 patet:

348 2749 376 2782 α)
395 2756 505 2774 summe.
524 2763 543 2767 —
562 2748 624 2774 Om.
643 2748 745 2773 codices
764 2753 790 2773 et
809 2749 849 2773 ed.
863 2756 893 2773 a.-

348 2783 374 2818 β)
394 2787 532 2817 appetunt.
546 2798 565 2803 -
580 2787 711 2816 appetant
728 2783 866 2809 ACDEFG
883 2789 908 2809 et
927 2784 986 2810 edd.
1001 2785 1048 2810 ab.
1067 2799 1085 2803 -
1104 2785 1154 2809 Pro
1174 2785 1219 2817 qui
1238 2788 1277 2810 est
1289 2785 1365 2817 finis,

293 2820 341 2853 qui
357 2824 398 2845 est
409 2820 476 2854 sons
494 2819 611 2852 CEpAB.

347 2856 374 2889 γ)
395 2856 432 2880 id.
449 2869 469 2874 -
486 2855 563 2880 aliud
581 2854 745 2887 ABCEGpF.
1108 2884 1111 2886 v

348 2890 372 2924 ὃ)
384 2891 411 2916 in
421 2891 651 2923 comparatione.-—
659 2893 778 2923 respectu
789 2890 898 2923 G,quod
909 2891 1058 2916 add.ACEF
1065 2900 1072 2922 ;
1088 2892 1130 2916 vel
1139 2894 1258 2923 respectu
1270 2892 1327 2916 add.
1335 2891 1366 2915 D.

348 2927 371 2959 ε)
392 2927 475 2952 Deus.
492 2940 512 2945 -
530 2926 592 2951 Om.
612 2926 715 2950 codices
735 2930 761 2950 et
779 2926 821 2951 ed.
839 2933 865 2950 a.

347 2962 373 2995 ζ)
387 2962 490 2994 prima.
508 2976 529 2981 -
547 2962 609 2987 Om.
626 2961 764 2986 ABCDFG
783 2966 808 2986 et
827 2962 868 2986 ed.
887 2969 912 2987 a.
932 2962 953 2986 E
972 2970 1025 2986 orn.
1044 2962 1112 2987 sicut
1131 2969 1165 2987 a.
1177 2981 1183 2987 .
1195 2980 1201 2987 .

294 3002 353 3022 ante
373 2998 484 3023 univoco
502 2997 572 3022 addit
591 3005 653 3022 non.

1222 2962 1255 2987 ab
1275 2969 1319 2992 eo,
1340 2967 1365 2986 et

1411 675 1479 712 sed
1498 676 1594 713 sicut
1621 677 1669 713 ab
1690 684 1825 725 agente
1854 678 1960 725 quod
1988 690 2067 715 non
2096 679 2275 716 convenit
2295 692 2383 716 cum
2403 679 2480 716 suis

1413 728 1631 777 effectibus,
1662 741 1788 779 neque
1821 730 1859 767 in
1888 731 2033 768 ratione
2068 732 2229 781 speciei,
2259 745 2330 769 nec
2357 733 2395 769 in
2424 745 2481 770 ra-

1411 782 1513 819 tione
1542 783 1701 830 generis.
1734 782 1949 821 Similitudo
1980 792 2109 822 autem
2130 785 2287 822 effectus
2307 785 2347 823 in
2368 798 2482 823 causa

1413 835 1570 884 quidem
1599 836 1767 874 univoca
1795 836 1987 875 invenitur
2013 838 2271 875 uniformiter:
2300 839 2339 876 in
2368 851 2483 876 causa

1414 896 1541 926 autern
1556 889 1770 937 aequivoca
1788 890 1981 928 invenitur
1996 891 2249 939 excellentius,
2266 892 2361 929 sicut
2381 893 2483 929 calor

1415 942 1668 979 excellentiori
1696 942 1816 980 modo
1837 951 1892 981 est
1920 944 1958 981 in
1988 945 2069 982 sole
2089 957 2205 994 quam
2226 945 2265 982 in
2292 945 2388 993 igne.
2420 946 2483 982 Sic

1415 1008 1504 1044 ergo
1534 1003 1686 1045 oportet
1713 997 1829 1046 quod,
1851 1010 1939 1034 curn
1960 998 2107 1035 bonum
2137 998 2182 1035 sit
2210 998 2248 1035 in
2277 999 2363 1035 Deo
2389 999 2484 1036 sicut

1414 1049 1454 1086 in
1480 1049 1606 1098 prima
1635 1061 1750 1087 causa
1778 1050 1954 1088 omnium
1983 1063 2062 1088 non
2089 1052 2273 1100 univoca,
2304 1053 2410 1101 quod
2439 1052 2484 1089 Sit

1415 1102 1454 1139 in
1482 1114 1529 1139 eo
1560 1103 1875 1141 excellentissimo
1905 1104 2036 1142 modo.
2067 1106 2117 1142 Et
2143 1112 2300 1154 propter
2327 1106 2402 1142 hoc
2431 1106 2484 1143 di-

1415 1155 1511 1192 citur
1538 1168 1737 1192 summum
1767 1157 1915 1194 bonum
1933 1158 1965 1195 *.

1469 1210 1528 1244 AD
1557 1220 1694 1246 ptumum
1724 1221 1822 1246 ERGO
1851 1222 2036 1248 DICENDUM
2065 1211 2171 1260 quod
2199 1223 2396 1248 summum
2415 1212 2483 1248 bo—

1415 1273 1509 1298 num
1539 1261 1644 1299 addit
1670 1274 1785 1311 super
1804 1271 1819 1293 ⁷³
1839 1263 2000 1311 bonum,
2022 1276 2100 1301 non
2125 1277 2207 1301 rem
2228 1264 2395 1313 aliquam
2419 1266 2484 1302 ab-

1414 1314 1600 1361 solutam,
1630 1315 1698 1352 sed
1727 1315 1950 1354 relationem
1983 1325 2141 1354 tantum.
2182 1318 2329 1355 Relatio
2358 1325 2485 1355 autern

1415 1379 1491 1416 qua
1520 1367 1661 1417 aliquid
1681 1368 1728 1406 de
1748 1370 1834 1406 Deo
1864 1369 1998 1407 dicitur
2025 1370 2181 1407 relative
2209 1371 2257 1408 ad
2283 1379 2483 1418 creaturas,

1414 1433 1494 1458 non
1514 1429 1570 1458 est
1589 1421 1738 1458 realiter
1756 1422 1795 1459 in
1814 1423 1912 1470 Deo,
1929 1424 1996 1461 sed
2015 1423 2054 1460 in
2075 1432 2246 1461 creatura
2260 1422 2318 1470 ⁰*;
2342 1425 2381 1461 in
2400 1426 2484 1462 Deo

1414 1486 1509 1511 vero
1538 1475 1752 1512 secundum
1790 1475 1999 1522 rationem;
2038 1477 2136 1514 Sicut
2163 1477 2292 1514 scibile
2331 1478 2485 1515 relative

1417 1527 1552 1565 dicitur
1579 1529 1629 1566 ad
1658 1528 1869 1577 scientiam,
1894 1542 1973 1567 non
2002 1530 2092 1578 quia
2112 1531 2160 1569 ad
2180 1531 2303 1580 ipsam
2323 1538 2331 1552 ⁴
2350 1532 2486 1568 refera-

1415 1589 1493 1628 tur,
1525 1581 1593 1619 sed
1621 1582 1711 1630 quia
1739 1582 1896 1620 scientia
1925 1584 2084 1620 retertur
2111 1585 2160 1622 ad
2188 1584 2327 1633 ipsum.
2359 1585 2408 1622 Et
2435 1585 2487 1622 sic

1417 1647 1497 1672 non
1535 1643 1686 1684 oportet
1723 1636 1828 1685 quod
1866 1636 1903 1673 in
1942 1649 2097 1674 summo
2137 1638 2242 1675 bono
2280 1638 2327 1675 sit
2363 1638 2487 1687 aliqua

1419 1688 1670 1738 compositio:
1707 1690 1776 1726 sed
1805 1690 1932 1726 solum
1953 1697 1965 1710 ⁸
1995 1691 2101 1739 quod
2129 1691 2203 1728 alia
2233 1690 2412 1729 deficiant
2439 1692 2487 1728 ab

1418 1754 1515 1791 ipso.
1818 1784 1820 1786 ,

1472 1797 1531 1832 AD
1559 1807 1751 1833 SECUNDUM
1780 1807 1964 1833 DICENDUM
1991 1798 2113 1845 quod,
2145 1810 2232 1834 cum
2263 1798 2398 1835 dicitur
2425 1799 2487 1834 bo-

1419 1861 1509 1885 num
1529 1847 1542 1869 ³
1569 1855 1623 1886 est
1649 1849 1750 1897 quod
1776 1850 1904 1886 omnia
1941 1856 2136 1899 appetunt,
2166 1863 2246 1888 non
2275 1851 2328 1888 sic
2355 1851 2487 1888 intelli-

1417 1901 1516 1950 gitur
1543 1902 1652 1951 quasi
1689 1903 1999 1952 unumquodque
2037 1904 2184 1941 bonum
2221 1905 2270 1942 ab
2308 1905 2488 1942 omnibus

1417 1962 1632 2004 appetatur:
1663 1956 1731 1993 sed
1751 1956 1839 2004 quia
1860 1956 2045 2006 quidquid
2073 1958 2274 2007 appetitur,
2300 1959 2487 1995 rationem

1418 2008 1511 2045 boni
1539 2009 1666 2046 habet.
1687 2031 1711 2037 -
1733 2009 1852 2056 Quod
1880 2017 2010 2047 autem
2045 2010 2201 2059 dicitur,
2231 2024 2341 2048 nemo
2370 2013 2489 2048 bonus

1419 2062 1492 2099 nisi
1516 2062 1618 2099 solus
1649 2063 1775 2109 Deus,
1805 2063 2020 2111 intelligitur
2049 2064 2096 2101 de
2125 2065 2230 2102 bono
2263 2077 2334 2114 per
2363 2077 2489 2102 essen-

1418 2115 1522 2163 tiam,
1551 2123 1592 2152 ut
1619 2124 1706 2164 post
1725 2123 1744 2143 μ
1772 2116 1918 2153 dicetur
1936 2117 1966 2153 ²⁸.

1473 2170 1532 2205 AD
1561 2180 1721 2206 TERTmM
1749 2181 1935 2207 DICENDUM
1964 2171 2068 2218 quod
2099 2182 2144 2207 ea
2173 2183 2272 2220 quae
2302 2183 2381 2208 non
2405 2179 2491 2208 sunt

1420 2222 1458 2259 in
1488 2222 1629 2259 eodem
1658 2234 1809 2270 genere,
1834 2222 1863 2259 si
1884 2223 2042 2272 quidem
2071 2224 2145 2261 sint
2172 2224 2210 2262 in
2240 2224 2400 2262 diversis
2429 2237 2490 2272 ge-

1420 2275 1575 2312 neribus
1600 2283 1790 2323 contenta,
1812 2277 1915 2313 nullo
1938 2276 2058 2313 modo
2089 2278 2363 2326 comparabilia
2392 2286 2489 2315 sunt.

1420 2330 1478 2366 De
1516 2330 1602 2366 Deo
1632 2337 1761 2366 autem
1799 2337 1959 2377 negatur
1992 2342 2074 2367 esse
2109 2331 2146 2367 in
2185 2332 2325 2369 eodem
2353 2344 2490 2380 genere

1421 2395 1511 2419 cum
1540 2382 1620 2420 aliis
1649 2382 1780 2430 bonis,
1811 2395 1890 2420 non
1928 2384 2033 2431 quod
2071 2384 2151 2433 ipse
2180 2385 2226 2421 sit
2253 2385 2291 2422 in
2319 2385 2490 2433 quodam

1420 2435 1493 2473 alio
1523 2448 1684 2484 genere;
1713 2437 1780 2474 sed
1813 2437 1899 2485 quia
1935 2437 2017 2485 ipse
2056 2445 2111 2474 est
2148 2445 2252 2475 extra
2284 2450 2403 2486 genus
2414 2468 2423 2486 ,
2456 2447 2491 2476 et

1420 2490 1649 2539 principium
1678 2490 1804 2527 omnis
1832 2491 1992 2538 generis.
2023 2491 2072 2527 Et
2096 2491 2150 2527 sic
2179 2499 2423 2540 comparatur
2441 2493 2490 2529 ad

1421 2543 1492 2580 alia
1511 2556 1580 2597 per
1601 2556 1811 2580 excessum.
1842 2544 1890 2580 Et
1913 2543 2488 2594 huiusmodi.comparationem

1421 2597 1603 2646 importat
1631 2609 1829 2634 summurn
1859 2597 2019 2634 bonum.

1475 2749 1502 2781 η)
1521 2756 1609 2780 super.
1627 2762 1646 2766 -
1663 2755 1747 2779 supra
1767 2748 1868 2772 codices
1888 2752 1914 2772 et
1931 2748 1991 2773 edd.
2009 2748 2056 2772 ab.

1475 2783 1499 2816 θ)
1519 2787 1654 2809 creatura.
1672 2797 1690 2802 —
1708 2783 1841 2808 creaturis
1860 2783 2007 2808 ABCDEG.

1476 2820 1494 2852 ι)
1514 2820 1550 2844 ad
1569 2819 1662 2851 ipsam.
1682 2833 1699 2837 -
1719 2819 1805 2850 ipsum
1825 2818 2008 2849 ACDEFGsB,
2024 2819 2061 2843 ad
2080 2819 2165 2851 ipsum
2186 2820 2225 2844 ed.
2240 2827 2265 2844 a.
2280 2834 2298 2839 -
2312 2820 2375 2844 Post
2390 2820 2489 2854 resera-

1422 2859 1467 2880 tur
1485 2856 1506 2879 B
1526 2855 1596 2879 addit
1614 2854 1651 2878 ad
1669 2854 1816 2879 scientiam.

1475 2891 1500 2922 κ)
1519 2891 1614 2915 solum.
1632 2903 1651 2909 -—
1670 2890 1731 2914 Om.
1750 2889 1885 2914 ABCDEF
1905 2895 1931 2914 et
1949 2890 2008 2914 edd.
2027 2890 2075 2914 ab.

1474 2925 1502 2957 λ)
1523 2926 1628 2950 bonum.
1647 2938 1665 2945 -·
1683 2925 1755 2957 quod
1767 2925 1876 2949 -bonum
1895 2925 2018 2950 ABCDE.
2036 2939 2054 2944 ·-
2073 2926 2123 2950 Pro
2142 2926 2231 2958 quasi,
2257 2926 2328 2957 quod
2351 2925 2487 2950 ABCDEG

1421 2967 1445 2986 et
1465 2962 1506 2986 ed.
1518 2969 1545 2986 a.

1474 2997 1501 3030 μ)
1516 3000 1588 3029 post.
1606 3010 1624 3015 -
1640 3000 1734 3028 postea
1754 2997 1786 3022 D.

977 3092 1311 3128 ‘Commentaria
1336 3095 1588 3127 Oardjnalis
1602 3094 1811 3127 'Caietam

299 3205 346 3267 IN
371 3194 464 3224 titulo
480 3193 558 3224 nihil
573 3200 619 3224 est
635 3192 771 3223 difficile.
794 3192 961 3222 Summum
979 3192 1064 3222 enim
1082 3192 1168 3222 addit
1186 3198 1366 3232 respectum

1421 3202 1586 3222 summum
1609 3192 1733 3221 bonurn
1757 3192 1936 3223 humanum
1960 3192 2104 3227 felicitas,
2125 3192 2274 3222 excedens
2299 3191 2407 3221 omnia
2430 3191 2487 3221 hu-

327 3248 471 3269 excessus
487 3237 644 3278 supremi:
669 3237 711 3268 ita
730 3237 820 3278 quod
843 3237 929 3267 idem
948 3243 995 3267 est
1017 3243 1127 3267 utrum
1145 3236 1185 3267 sit
1200 3236 1366 3266 summum
1422 3248 1515 3268 mana
1539 3238 1637 3271 bona;
1663 3243 1693 3266 et
1717 3236 1759 3266 sic
1784 3237 1822 3266 de
1845 3237 1922 3267 aliis.
1945 3236 2134 3276 Simpliciter
2156 3246 2241 3271 ver0,
2259 3235 2348 3276 quod
2370 3235 2402 3265 in
2422 3242 2488 3266 tota

295 3290 428 3324 bonum,
450 3294 481 3319 et
499 3295 608 3319 utrum
623 3288 662 3319 sit
678 3288 801 3318 bonurn
823 3287 974 3318 excedens
990 3287 1100 3317 omnia
1115 3286 1175 3317 alia
1190 3287 1284 3322 bona,
1301 3294 1367 3317 tam

294 3340 366 3365 actu
390 3343 490 3373 quam
513 3333 665 3372 potentia.
1354 3367 1357 3370 Α

351 3378 388 3408 ll.
407 3378 441 3407 In
462 3386 594 3416 corpore
617 3376 739 3407 articuli
758 3376 851 3407 unica
875 3375 1048 3411 conclusio,
1066 3374 1249 3415 responsiva
1271 3385 1366 3415 quae-

295 3423 355 3453 sito
380 3421 580 3452 affirmative:
604 3421 691 3451 Deus
715 3427 762 3451 est
785 3430 951 3451 summum
972 3420 1096 3450 bonurn
1120 3419 1313 3459 simpliciter.

351 3467 438 3497 Haec
463 3464 626 3496 conclusio
648 3464 822 3495 declaratur
845 3465 959 3505 primo,
981 3464 1093 3494 deinde
1118 3463 1279 3503 probatur.
1301 3464 1366 3494 De-

295 3511 444 3542 claratur
467 3509 609 3550 quidem,
636 3508 858 3548 distinguendo
882 3509 1035 3549 implicite
1059 3509 1098 3538 de
1121 3518 1251 3538 summo
1276 3508 1364 3538 bono

295 3556 491 3596 simpliciter,
509 3554 559 3595 vel
583 3554 615 3583 in
638 3562 768 3593 genere.
793 3553 835 3583 Et
848 3560 981 3584 vocatur
1004 3562 1170 3583 summum
1186 3553 1311 3582 bonum
1332 3552 1364 3581 in

296 3609 429 3639 genere,
457 3598 547 3639 quod
572 3596 691 3628 excedit
723 3603 825 3627 cetera
854 3597 886 3627 in
918 3597 974 3627 illo
999 3597 1109 3627 ordine
1133 3605 1258 3627 rerum:
1285 3596 1365 3626 sicut

1423 3282 1543 3313 entium
1562 3281 1726 3312 latitudine
1746 3291 1934 3321 supremum
1952 3287 2037 3311 tenet
2052 3281 2170 3310 locum.
2188 3280 2229 3310 Et
2250 3286 2415 3320 propterea
2434 3290 2487 3319 ap-

1422 3327 1552 3367 ponitur
1575 3326 1607 3356 in
1632 3325 1837 3356 conclusione
1861 3326 1893 3366 ly
1916 3325 2112 3365 simpliciter.

1477 3371 1637 3400 Probatur
1660 3377 1767 3400 autern
1784 3370 1837 3400 sic.
1858 3370 1986 3400 Bonum
2007 3368 2153 3399 convenit
2176 3368 2245 3398 Deo
2270 3368 2350 3398 sicut
2369 3368 2488 3408 primae

1423 3426 1534 3446 causae
1549 3414 1705 3445 effectivae
1729 3414 1877 3444 omniurn
1904 3423 1968 3443 non
1993 3413 2160 3443 univocae:
2187 3422 2261 3452 ergo
2291 3412 2438 3442 convenit
2461 3411 2488 3441 ei

1423 3459 1696 3491 excellentissime:
1722 3468 1796 3498 ergo
1826 3465 1871 3488 est
1902 3467 2067 3488 summum
2097 3457 2221 3486 bonum
2252 3456 2443 3496 simpliciter.
2469 3473 2488 3477 -

1422 3504 1628 3539 Antecedens,
1650 3503 1758 3543 quoad
1773 3510 1940 3542 utramque
1957 3508 2087 3542 partem,
2105 3511 2141 3531 ex
2160 3500 2249 3531 dictis
2265 3507 2359 3540 patet.
2384 3500 2488 3530 Prima

1422 3559 1496 3579 vero
1514 3547 1739 3588 consequentia
1754 3547 1905 3586 probatur
1924 3556 1960 3576 ex
1976 3545 2148 3575 differentia
2172 3545 2260 3575 modi
2277 3544 2399 3575 essendi
2415 3543 2486 3574 effe-

1423 3600 1490 3624 ctus
1519 3594 1551 3622 in
1577 3602 1669 3623 causa
1693 3592 1847 3626 univoca,
1877 3597 1906 3621 et
1920 3590 1952 3620 in
1970 3600 2062 3620 causa
2079 3589 2251 3630 aequivoca
2271 3599 2325 3619 seu
2339 3588 2486 3628 analoga:

2511 1164 2521 1174 ³
2536 1163 2565 1184 D.
2583 1163 2637 1191 1176,
2655 1163 2710 1185 1182.

2518 2152 2526 2160 ·
2542 2150 2593 2171 Art.
2609 2155 2659 2177 seq.
