2768 4178
91 570 105 582 ¹*
113 569 215 591 Loc.cit.
223 569 246 590 in
256 576 281 591 ar

97 596 147 618 Sed
159 598 252 617 contra.

190 839 208 864 μ

94 886 106 897 ’
120 885 148 908 D.
162 891 217 913 494·

95 912 118 924 ‘⁸¹
132 912 158 934 In
173 917 279 939 corpore.

108 1312 178 1340 ,Cap.
189 1318 210 1339 v,
226 1317 249 1332 n.
259 1318 280 1339 7.

102 2747 114 2759 ⁴
130 2747 165 2770 Cf.
181 2753 245 2769 num.
256 2753 286 2768 iv.

330 285 407 322 294

332 354 584 392 continentur:
615 352 703 402 quia
723 365 802 389 non
820 360 980 401 possunt
999 354 1140 390 habere
1160 352 1398 402 possibilium

332 408 529 445 rationem.
560 406 672 443 Unde
703 406 990 443 convenientius
1011 406 1144 443 dicitur
1167 406 1271 455 quod
1293 418 1366 442 non
1388 404 1399 426 λ

326 466 486 509 possunt
500 460 605 508 fieri,
636 471 753 507 quam
783 459 889 507 quod
917 461 1021 496 Deus
1049 471 1123 495 non
1138 465 1260 507 potest
1277 459 1399 507 eafa-

333 526 427 550 cere.
449 534 473 540 -
494 514 631 561 Neque
659 513 735 548 hoc
763 520 818 549 est
843 519 974 549 contra
1001 512 1165 549 verbum
1186 511 1320 559 Angeli
1346 511 1398 548 di-

282 575 304 597 g·
334 567 450 603 centis
477 565 517 602 *ε
544 577 618 602 ηοη
652 565 724 602 erit
749 566 974 614 impossibile
1005 565 1108 613 apud
1134 566 1259 601 Deum
1288 576 1399 601 omne

332 621 500 657 verbum.
522 618 564 655 Id
593 618 694 655 enim
724 619 829 666 quod
855 618 1192 656 contradictionem
1221 617 1397 666 implicat,

331 673 488 710 verbum
518 684 600 709 esse
634 683 713 708 non
740 679 885 720 potest:
916 671 1006 719 quia
1034 672 1158 708 nullus
1191 670 1399 707 intellectus

332 733 458 775 potest
486 725 577 762 illud
606 724 820 773 concipere.

387 781 446 815 AD
475 790 612 815 PRIMUM
640 789 738 814 ERGO
767 790 950 815 DICENDUM
988 776 1094 825 quod
1126 778 1232 813 Deus
1267 776 1401 813 dicitur

335 832 578 880 omnipotens
607 831 819 868 secundum
847 831 1058 880 potentiam
1083 829 1259 876 activam,
1285 841 1363 865 non
1382 836 1400 855 Ι*

335 885 548 922 secundum
563 884 773 933 potentiam
793 884 987 932 passivam
1001 883 1032 930 ²⁸,
1054 891 1095 919 ut
1115 883 1258 919 dictum
1279 889 1334 918 est
1348 881 1399 918 ²⁸³⁸.

335 938 457 985 Unde,
488 937 592 986 quod
622 950 699 974 non
727 945 852 985 potest
880 936 1030 974 moveri
1060 944 1095 973 et
1117 936 1206 985 pati,
1237 947 1315 972 non
1345 947 1401 972 re-

335 998 479 1040 pugnat
507 990 818 1039 omnipotentiae.

389 1046 447 1080 An
476 1055 665 1080 SECUNDUM
694 1054 876 1080 D1cENDUM
905 1042 1011 1092 quod
1034 1053 1194 1090 peccare
1224 1048 1280 1078 est
1308 1041 1400 1078 defi—

337 1109 420 1134 cere
449 1109 471 1133 a
494 1097 659 1145 perfecta
688 1096 854 1132 actione:
884 1096 988 1132 unde
1016 1107 1130 1144 posse
1158 1106 1317 1143 peccare
1347 1101 1403 1130 est

335 1161 449 1198 posse
471 1149 634 1186 deficere
654 1149 693 1186 in
712 1149 875 1196 agendo,
897 1149 1001 1196 quod
1022 1155 1207 1196 repugnat
1226 1147 1403 1196 omnipo-

335 1203 483 1240 tentiae.
514 1203 563 1239 Et
581 1210 738 1251 propter
757 1203 843 1248 hoc,
864 1203 969 1238 Deus
989 1214 1148 1250 peccare
1168 1213 1246 1238 non
1265 1208 1402 1249 potest,

336 1256 400 1304 qui
430 1263 486 1292 est
514 1256 768 1305 omnipotens.
801 1254 990 1302 Quamvis
1015 1255 1272 1303 Philosophus
1293 1254 1401 1302 dicat,

335 1309 375 1346 in
408 1310 459 1346 1V
495 1311 532 1346 T
527 1310 621 1357 opic.
648 1309 685 1356 ³¹⁸,
724 1309 828 1357 quod
861 1314 984 1357 potest
1017 1309 1121 1345 Deus
1154 1313 1189 1344 et
1219 1308 1403 1344 studiosus

329 1373 456 1411 prava
475 1374 604 1412 agere.
641 1362 718 1399 Sed
737 1362 812 1398 hoc
836 1361 1051 1409 intelligitur
1070 1362 1133 1398 vel
1168 1361 1238 1397 sub
1273 1361 1403 1398 condi-

335 1415 438 1452 tione
465 1415 569 1452 cuius
597 1415 827 1452 antecedens
856 1415 902 1451 sit
929 1414 1175 1463 impossibile,
1203 1422 1244 1450 ut
1262 1423 1354 1463 puta
1374 1414 1404 1451 si

337 1468 509 1506 dicamus
538 1469 643 1518 quod
671 1476 796 1517 potest
824 1470 929 1505 Deus
957 1481 1077 1517 prava
1097 1480 1208 1515 agere
1236 1468 1270 1504 si
1296 1468 1403 1504 velit:

336 1521 428 1558 nihil
458 1522 560 1558 enim
592 1521 769 1570 prohibet
806 1521 1102 1558 conditionalem
1137 1533 1218 1557 esse
1247 1533 1402 1567 veram,

338 1574 444 1612 cuius
473 1576 700 1613 antecedens
730 1583 766 1611 et
794 1587 1034 1624 consequens
1064 1582 1119 1611 est
1146 1574 1402 1622 impossibile;

338 1627 433 1664 sicut
461 1628 491 1664 si
520 1628 665 1665 dicatur
684 1634 706 1675 ⁹,
731 1629 766 1665 si
790 1629 903 1665 homo
932 1634 986 1665 est
1011 1628 1150 1673 asinus,
1176 1628 1287 1664 habet
1314 1639 1405 1675 qua-

336 1686 423 1718 tuor
443 1681 569 1729 pedes.
602 1681 673 1718 Vel
691 1689 733 1718 ut
764 1681 988 1729 intelligatur
1012 1681 1117 1728 quod
1146 1681 1252 1717 Deus
1280 1688 1405 1729 potest

337 1734 463 1782 aliqua
492 1746 624 1782 agere,
660 1746 759 1782 quae
789 1747 890 1771 nunc
923 1747 1043 1783 prava
1075 1734 1272 1779 videntur;
1306 1746 1404 1781 quae

336 1795 465 1824 tamen
484 1787 514 1824 si
534 1795 672 1835 ageret,
693 1788 795 1824 bona
824 1795 959 1824 essent.
989 1788 1059 1824 Vel
1079 1786 1245 1836 loquitur
1273 1799 1405 1823 secun-

338 1840 431 1878 dum
461 1853 710 1878 communem
738 1841 960 1890 opinionem
996 1841 1213 1888 gentilium,
1244 1840 1307 1889 qui
1336 1841 1404 1876 ho-

337 1893 459 1930 mines
488 1893 665 1931 dicebant
693 1894 883 1931 transferri
904 1894 942 1930 in
971 1895 1088 1940 Deos,
1109 1901 1150 1930 ut
1180 1895 1313 1930 Iovem
1341 1893 1404 1929 vel

338 1947 585 1984 Mercurium.

390 2002 449 2037 An
477 2012 636 2037 TERTIUM
665 2011 849 2037 D1CENDUM
878 1999 984 2048 quod
1021 1999 1093 2035 Dei
1131 1998 1406 2046 omnipotentia

389 2112 417 2145 λ)
437 2113 508 2145 quod
522 2120 583 2137 non.
602 2127 621 2131 -
640 2113 712 2145 quod
730 2120 761 2138 ea
781 2120 833 2138 non
850 2113 913 2138 Pab.
930 2126 949 2131 —
968 2113 1019 2138 Pro
1034 2120 1085 2138 non
1097 2116 1189 2145 potest
1202 2120 1242 2142 ea,
1256 2120 1308 2138 non
1317 2112 1405 2145 possit

338 2156 369 2174 ea
388 2148 447 2178 FG,
467 2155 499 2173 ea
517 2155 568 2173 non
584 2148 671 2180 possit
690 2149 748 2173 edd.
767 2148 817 2178 ab,
838 2155 890 2173 non
907 2148 993 2181 possit
1012 2148 1040 2174 P.

392 2183 420 2218 μ)
440 2191 502 2208 nom
519 2196 538 2203 —
557 2191 607 2208 non
628 2187 716 2208 tamen
736 2184 847 2209 codices.

391 2220 415 2251 v)
434 2219 550 2244 dicatur.
568 2233 587 2238 —
605 2219 725 2244 dicamus
743 2219 797 2250 BD,
817 2219 903 2244 dicam
923 2219 1008 2244 ceteri.

1023 275 1289 322 QUAESTIO
1320 275 1438 321 XXV,
1469 273 1764 312 ARTICULUS
1795 273 1843 310 III

1451 352 1661 389 ostenditur
1689 349 1702 374 ξ
1731 351 1896 388 maxime
1926 351 1963 388 in
1991 351 2186 400 parcendo
2217 359 2252 388 et
2284 351 2516 399 miserando,

1452 405 1540 454 quia
1568 417 1638 454 per
1665 405 1740 441 hoc
1769 405 1978 442 ostenditur
1998 406 2125 441 Deum
2154 405 2296 441 habere
2325 417 2518 442 summam

1451 466 1697 507 potestatem,
1736 458 1842 506 quod
1879 458 1996 494 libere
2034 465 2190 506 peccata
2228 457 2398 495 dimittit:
2437 459 2518 495 eius

1453 512 1556 548 enim
1576 511 1641 560 qui
1661 511 1865 559 superioris
1885 511 1955 559 legi
1975 510 2198 558 astringitur,
2224 523 2303 547 non
2323 518 2378 547 est
2403 511 2519 548 libere

1451 571 1608 613 peccata
1642 565 1872 601 condonare.
1894 585 1917 591 -
1937 565 2008 601 Vel
2037 565 2143 612 quia,
2177 564 2371 612 parcendo
2397 564 2522 601 homi-

1453 617 1564 655 nibus
1593 625 1629 654 et
1657 617 1887 664 miserando,
1908 618 2080 666 perducit
2105 630 2172 654 eos
2201 618 2249 654 ad
2268 617 2521 666 participatio-

1453 683 1543 707 nem
1565 671 1699 707 infiniti
1719 670 1822 717 boni,
1845 671 1909 719 qui
1930 679 1985 707 est
2008 671 2162 708 ultimus
2183 671 2340 707 effectus
2369 670 2520 708 divinae

1451 724 1612 760 virtutis.
1629 745 1653 751 -
1673 724 1743 760 Vel
1763 723 1864 771 quia,
1884 731 1926 760 ut
1945 736 2060 773 supra
2075 724 2095 746 ’¹‘
2115 724 2258 761 dictum
2279 723 2521 771 est,·effectus

1454 776 1605 814 divinae
1635 776 1917 813 misericordiae
1946 785 2002 814 est
2021 778 2314 814 fundamantum
2344 777 2518 813 omnium

1454 829 1672 866 divinorum
1693 842 1873 878 operum:
1898 830 1990 867 nihil
2011 831 2114 867 enirn
2134 832 2294 868 debetur
2319 830 2429 867 alicui
2450 830 2521 867 nisi

1453 890 1609 931 propter
1636 882 1674 918 id
1693 887 1706 902 ⁰
1726 883 1831 929 quod
1861 890 1916 919 est
1944 883 2074 920 datum
2104 884 2138 920 ei
2159 897 2180 920 a
2199 886 2284 921 Deo
2313 897 2392 920 non
2417 883 2521 921 debi-

1454 942 1548 972 tum.
1576 936 1618 971 In
1647 935 1722 971 hoc
1741 942 1869 971 autem
1899 936 2065 973 maxime
2090 937 2218 973 divina
2247 936 2522 986 omnipotentia

1455 988 1726 1033 manifestatur,
1748 988 1855 1035 quod
1884 988 1932 1024 ad
1960 988 2083 1037 ipsam
2104 995 2122 1011 ’²
2141 990 2302 1039 pertinet
2325 991 2447 1040 prima
2467 990 2522 1027 in—

1455 1041 1594 1078 stitutio
1625 1040 1799 1077 omnium
1828 1041 2033 1078 bonorum.
2212 1051 2215 1054 ’

1508 1096 1566 1130 AD
1587 1105 1760 1136 QUARTUM
1779 1106 1963 1131 DICENDUM
1985 1094 2090 1143 quod
2110 1095 2290 1143 possibile
2305 1096 2522 1132 absolutum

1455 1160 1534 1184 non
1562 1147 1697 1184 dicitur
1725 1159 1851 1196 neque
1879 1148 2091 1184 secundum
2121 1160 2254 1184 causas
2286 1148 2521 1197 superiores,

1456 1212 1581 1249 neque
1602 1200 1814 1237 secundum
1836 1212 1969 1237 causas
1988 1201 2203 1247 inferiores;
2223 1201 2291 1238 sed
2311 1202 2524 1239 secundum

1457 1254 1635 1303 seipsum.
1670 1253 1855 1290 Possibile
1882 1266 1978 1291 vero
2007 1255 2111 1303 quod
2150 1254 2284 1291 dicitur
2311 1255 2524 1292 secundum

1456 1307 1623 1356 aliquam
1643 1307 1864 1355 potentiam,
1882 1307 2103 1345 nominatur
2116 1307 2296 1356 possibile
2310 1308 2524 1345 secundum

1455 1360 1672 1409 proximam
1692 1372 1860 1398 causam.
1881 1361 1994 1398 Unde
2015 1373 2060 1398 ea
2079 1373 2178 1409 quae
2197 1361 2418 1398 immediate
2437 1367 2526 1398 nata

1457 1421 1543 1450 sunt
1562 1413 1645 1450 fieri
1665 1425 1687 1449 a
1706 1414 1791 1450 Deo
1817 1414 1913 1460 solo,
1934 1422 1975 1450 ut
2003 1426 2143 1461 creare,
2165 1414 2379 1461 iustificare,
2401 1422 2438 1451 et
2455 1415 2526 1451 hu-

1456 1466 1643 1513 iusmodi,
1679 1466 1855 1503 dicuntur
1884 1467 2079 1515 possibilia
2118 1467 2332 1504 secundum
2370 1479 2525 1505 causam

1457 1519 1711 1569 superiorem:
1742 1531 1840 1567 quae
1870 1528 1997 1557 autem
2027 1528 2115 1557 nata
2144 1528 2231 1558 sunt
2258 1521 2340 1558 fieri
2361 1533 2383 1558 a
2404 1521 2526 1558 causis

1457 1573 1708 1619 inferioribus,
1730 1573 1906 1610 dicuntur
1926 1574 2121 1622 possibilia
2150 1574 2364 1611 secundum
2394 1586 2527 1612 causas

1456 1626 1663 1663 inferiores.
1695 1627 1799 1663 Narn
1837 1627 2050 1664 secundum
2087 1627 2349 1664 conditionem
2386 1640 2525 1665 causae

1456 1679 1664 1728 proximae,
1687 1679 1844 1716 effectus
1862 1680 1978 1717 habet
1998 1680 2294 1728 contingentiam
2314 1682 2376 1718 vel
2397 1693 2528 1718 neces-

1457 1733 1606 1770 sitatem
1634 1732 1664 1779 *,
1685 1740 1727 1769 ut
1753 1745 1870 1782 supra
1893 1733 1934 1755 ²¹⁸*
1964 1733 2105 1770 dictum
2135 1742 2202 1771 est.
2224 1735 2267 1770 In
2294 1734 2369 1770 hoc
2398 1741 2526 1771 autern

1458 1793 1654 1834 reputatur
1673 1787 1782 1822 stulta
1811 1786 1945 1823 mundi
1974 1786 2169 1835 sapientia,
2191 1787 2296 1835 quod
2314 1793 2330 1817 P
2351 1799 2397 1824 ea
2429 1799 2528 1836 quae

1457 1847 1545 1876 sunt
1563 1839 1811 1888 impossibilia
1830 1847 2000 1887 naturae,
2022 1839 2136 1876 etiam
2165 1841 2252 1876 Deo
2281 1839 2529 1888 impossibilia

1458 1891 1660 1929 iudicabat.
1694 1892 1744 1928 Et
1777 1892 1831 1928 sic
1864 1899 1968 1941 patet
2002 1892 2111 1940 quod
2149 1892 2428 1941 omnipotentia
2456 1894 2530 1931 Dei

1458 1944 1802 1993 impossibilitatem
1832 1953 1868 1982 et
1895 1945 2160 1983 necessitatem
2180 1958 2202 1982 a
2226 1946 2340 1982 rebus
2368 1958 2447 1983 non
2467 1959 2529 1984 ex-

1460 1998 1586 2035 cludit.

1513 2110 1537 2144 ξ)
1557 2112 1716 2138 ostenditur.
1733 2126 1753 2131 —
1772 2112 1872 2137 dicitur
1890 2112 1991 2137 codices
2011 2117 2036 2137 et
2053 2119 2071 2137 a
2082 2113 2105 2137 b.

1513 2149 1539 2179 o)
1553 2151 1670 2180 propter
1689 2148 1725 2172 id.
1743 2161 1763 2166 -
1776 2155 1828 2179 per
1847 2148 1876 2173 id
1894 2148 2005 2172 codices.

1514 2184 1543 2215 π)
1564 2183 1648 2215 ipsam
1667 2197 1684 2203 -
1704 2183 1788 2215 ipsum
1808 2183 1871 2208 Pab.

1515 2219 1540 2252 ρ)
1560 2219 1631 2251 quod
1648 2232 1667 2237 —
1684 2219 1747 2250 quia
1766 2219 1828 2243 Pub.

1019 2301 1353 2335 Commentafia
1375 2300 1626 2335 Cardinalis
1649 2301 1850 2334 Caietam

371 2397 390 2417 N
410 2386 514 2423 titulo,
532 2386 564 2427 ly
580 2387 778 2426 omnipotens
797 2385 963 2426 dupliciter
988 2385 1132 2416 distribui
1148 2391 1265 2425 potest:
1291 2384 1407 2415 scilicet

343 2399 430 2472 Ipro
454 2431 540 2461 omni
558 2431 703 2470 potentia
711 2437 724 2467 ‚¹
748 2436 778 2460 et
800 2440 858 2470 pro
878 2430 964 2460 omni
973 2430 1128 2470 possibili.
1153 2430 1227 2459 Non
1247 2428 1408 2469 quaeritur

340 2475 390 2506 hic
406 2482 513 2506 utrum
533 2474 572 2505 sit
596 2474 810 2514 omnipotenS,
830 2474 911 2504 idest
929 2474 1044 2504 habeat
1067 2483 1190 2504 omnem
1209 2474 1408 2513 potentiam:

340 2519 495 2560 quoniam
517 2518 581 2549 iam
603 2518 637 2548 in
660 2518 764 2558 primo
789 2517 923 2548 articulo
948 2517 1192 2548 determinatum
1208 2524 1255 2548 est
1269 2517 1359 2558 quod
1375 2517 1406 2547 in

341 2564 410 2594 Deo
434 2563 521 2593 nulla
550 2569 596 2593 est
624 2562 764 2602 potentia
797 2562 929 2602 passiva.
963 2561 1024 2592 Sed
1048 2561 1209 2602 quaeritur
1236 2568 1345 2592 utrum
1369 2561 1409 2592 sit

342 2607 555 2648 omnipotens,
575 2606 655 2637 idest
667 2607 770 2647 possit
793 2607 912 2637 omnia.

400 2652 437 2682 ΙΙ.
463 2651 498 2681 In
522 2660 664 2691 corpore,
685 2651 751 2681 duo
766 2650 978 2690 principaliter
1002 2649 1091 2680 facit:
1116 2649 1231 2690 primo,
1255 2649 1334 2690 quid
1358 2648 1408 2680 hic

343 2703 463 2727 certum
487 2702 517 2726 et
536 2694 723 2735 ambiguum
739 2694 788 2731 sit,
805 2694 893 2731 dicit;
919 2694 1069 2730 secundo,
1087 2693 1327 2734 ambiguitatem
1346 2693 1408 2724 sol-

341 2740 400 2776 vit,
425 2739 481 2770 ibi:
507 2739 570 2770 Sed
591 2740 620 2769 si
637 2740 707 2780 quis
727 2745 783 2769 etc.
798 2738 816 2757 *

395 2784 446 2814 111.
463 2783 580 2821 Quoad
590 2784 745 2823 primum,
764 2783 829 2813 duo
846 2782 930 2813 dicit.
948 2782 1065 2818 Primo,
1083 2782 1172 2822 quod
1187 2792 1258 2822 pars
1275 2781 1408 2813 affirma-

342 2828 405 2858 tiva
417 2827 609 2868 quaestionis
625 2834 670 2858 est
686 2828 724 2857 ab
742 2827 892 2858 omnibus
909 2826 1060 2857 confessa.
1079 2826 1236 2862 Secundo,
1251 2826 1340 2867 quod
1357 2826 1409 2856 de-

342 2871 443 2902 finitio
467 2871 727 2911 omnipotentiae,
746 2881 827 2912 quae
847 2871 972 2908 deberet
993 2880 1059 2901 esse
1076 2870 1242 2911 proprium
1265 2870 1409 2901 medium

343 2917 382 2946 ad
404 2915 601 2946 inferendam
624 2915 802 2946 confessam
823 2915 1071 2951 conclusionem,
1090 2914 1224 2946 difficilis
1248 2921 1309 2945 est:
1334 2914 1409 2955 quia

343 2960 503 2991 dubitatur
517 2969 576 3001 pro
592 2959 709 3000 quibus
728 2959 885 2990 distribuit
900 2959 932 3000 ly
948 2961 1067 2997 omnia,
1086 2969 1159 2990 cum
1175 2958 1288 2990 dicitur
1301 2959 1407 2990 Deum

336 3014 433 3045 posse
455 3005 574 3035 omnia.

398 3049 451 3079 IV.
470 3047 586 3085 Quoad
600 3047 787 3084 secundum,
801 3047 858 3078 tria
875 3047 958 3078 dicit.
979 3047 1132 3084 Primum,
1148 3047 1237 3088 quod
1252 3047 1284 3088 ly
1301 3047 1407 3078 omnia

343 3092 499 3123 distribuit
509 3092 660 3133 possibile
682 3091 834 3122 absolute.
859 3091 1018 3130 Secundo,
1034 3092 1124 3132 quod
1142 3091 1175 3133 ly
1188 3091 1339 3132 possibile
1354 3091 1407 3121 ab·

342 3137 445 3168 solute
468 3136 652 3167 denominat
675 3135 832 3177 quidquid
851 3135 945 3166 habet
963 3135 1118 3167 rationem
1142 3135 1238 3172 entis,
1263 3142 1335 3166 actu
1358 3135 1408 3165 vel

343 3180 500 3222 potentia,
525 3180 586 3211 ibi:
611 3180 669 3210 Est
692 3185 798 3210 autem
823 3180 1101 3210 considerandum.
1126 3179 1246 3216 Tertio,
1272 3178 1408 3210 excludit

343 3226 381 3255 ab
404 3224 589 3255 huiusmodi
613 3223 831 3255 distributione
854 3231 885 3254 et
908 3223 1183 3260 denominatione,
1207 3223 1276 3254 sola
1302 3223 1407 3263 impli-

345 3269 446 3300 cantia
463 3268 754 3304 contradictionem,
778 3268 838 3298 ibi:
863 3268 954 3298 Nihil
967 3274 1073 3299 autem
1090 3269 1261 3308 opponitur
1276 3274 1333 3298 etc.

401 3313 544 3343 Primum
567 3312 702 3349 horum,
728 3312 858 3348 scilicet,
884 3313 921 3352 ζγ
943 3313 1051 3342 omnia
1078 3312 1238 3343 distribuit
1255 3311 1406 3352 possibile

344 3357 495 3393 absolute,
512 3357 672 3397 probatur,
690 3356 913 3396 distinguendo
925 3356 1075 3396 possibile
1098 3355 1272 3397 dupliciter,
1290 3355 1406 3386 scilicet

344 3401 517 3432 secundum
530 3401 670 3441 aliquam
680 3401 870 3441 potentiam,
882 3400 932 3430 vel
946 3399 1099 3438 absolute,
1116 3410 1152 3430 ex
1164 3401 1192 3431 V
1204 3400 1404 3440 Metaphys.;

345 3451 375 3475 et
395 3445 593 3480 destruendo,
611 3445 698 3485 quod
719 3454 785 3474 non
805 3450 909 3484 potest
932 3444 1063 3484 intelligi
1087 3444 1125 3474 de
1142 3443 1285 3484 possibili
1300 3443 1404 3484 primo

345 3489 454 3519 modo.
479 3488 563 3525 Quia
579 3499 635 3519 nec
651 3496 791 3528 respectu
809 3488 967 3528 potentiae
984 3495 1112 3524 creatae,
1130 3488 1284 3529 quoniam
1300 3487 1406 3518 divina

346 3532 487 3572 potentia
503 3533 662 3563 excederet
681 3533 790 3563 datum
814 3532 989 3563 obiectum:
1015 3542 1070 3563 nec
1087 3538 1229 3572 respectu
1245 3531 1404 3572 potentiae

345 3576 507 3612 increatae,
520 3577 673 3616 quoniam
688 3583 768 3607 esset
784 3576 918 3607 circulus
930 3576 962 3606 in
974 3575 1159 3606 huiusmodi
1175 3575 1403 3616 explanatione.

345 3620 386 3651 Et
409 3619 510 3656 infert,
535 3630 589 3659 per
612 3621 720 3651 locum
734 3631 752 3650 a
768 3620 930 3657 divisione,
955 3621 1043 3661 quod
1066 3619 1250 3660 intelligitur
1270 3619 1309 3650 de
1331 3629 1404 3660 pos-

1461 2384 1542 2414 sibili
1566 2385 1707 2416 secundo
1731 2386 1846 2416 modo:
1871 2386 2041 2426 explanans
2065 2386 2142 2427 quid
2166 2386 2319 2426 significat
2342 2387 2530 2426 huiusmodi

1461 2429 1631 2469 possibile,
1665 2430 1754 2470 quod
1785 2429 1902 2460 scilicet
1932 2430 2074 2460 consistit
2101 2430 2134 2460 in
2162 2430 2347 2462 habitudine
2376 2432 2529 2463 termino-

1461 2483 1543 2509 rum,
1568 2480 1626 2504 etc.

1520 2517 1703 2548 Secundum
1728 2524 1851 2554 autem,
1883 2517 1999 2549 scilicet
2022 2519 2111 2559 quod
2137 2519 2288 2559 possibile
2310 2520 2454 2551 absolute
2475 2521 2529 2552 de-

1462 2562 1606 2592 nominat
1632 2561 1786 2603 quidquid
1803 2567 1909 2602 potest
1933 2572 2019 2600 esse,
2044 2563 2196 2603 probatur
2220 2563 2273 2594 sic.
2303 2563 2410 2594 Omne
2433 2574 2528 2605 agens

1462 2605 1525 2646 agit
1539 2605 1598 2636 sibi
1619 2605 1737 2636 simile:
1758 2616 1832 2646 ergo
1850 2606 2022 2647 unicuique
2039 2607 2198 2646 potentiae
2214 2607 2331 2638 activae
2348 2609 2528 2649 respondet,

1461 2656 1497 2680 ut
1520 2650 1687 2690 proprium
1711 2650 1891 2686 obiectum,
1917 2650 2066 2691 possibile
2095 2651 2272 2682 secundum
2301 2651 2393 2682 illum
2422 2658 2529 2684 actum

1462 2693 1517 2734 qui
1541 2700 1587 2724 est
1609 2694 1689 2724 ratio
1711 2694 1840 2734 agendi:
1866 2704 1940 2734 ergo
1965 2694 2124 2735 potentiae
2144 2695 2261 2726 activae
2285 2695 2344 2726 Dei
2359 2697 2530 2737 respondet

1462 2738 1611 2779 possibile
1637 2739 1813 2769 secundum
1838 2739 1994 2769 rationem
2023 2739 2112 2770 entis.
2133 2757 2153 2762 -
2172 2739 2277 2770 Prima
2303 2741 2528 2781 consequentia

1462 2781 1680 2813 manifestatur
1695 2782 1728 2812 in
1745 2783 1887 2823 potentia
1908 2783 2087 2814 calefactiva
2102 2791 2132 2814 et
2147 2783 2214 2814 eius
2229 2784 2363 2815 obiecto.
2384 2784 2530 2816 Secunda

1462 2834 1569 2858 autem
1592 2827 1762 2866 probatur:
1788 2827 1862 2868 quia
1887 2837 1953 2858 esse
1977 2827 2046 2864 Dei,
2064 2828 2153 2868 quod
2176 2835 2223 2858 est
2245 2828 2273 2858 ei
2296 2828 2375 2859 ratio
2399 2829 2526 2869 agendi,

1462 2877 1509 2902 est
1524 2881 1590 2901 esse
1606 2871 1800 2911 praehabens
1824 2871 1954 2912 quidem
1977 2871 2009 2902 in
2034 2881 2067 2902 se
2090 2871 2188 2902 totius
2207 2881 2274 2902 esse
2290 2872 2526 2912 perfectionem,

1462 2925 1528 2945 non
1545 2921 1650 2946 tamen
1667 2924 1733 2945 esse
1749 2915 1810 2946 tale
1824 2915 1873 2945 vel
1889 2915 1959 2952 tale,
1976 2916 2151 2946 secundum
2168 2916 2396 2957 quodcumque
2415 2926 2525 2956 genus.

1519 2959 1666 2990 Tertium
1688 2969 1763 2990 vero
1788 2959 2022 2999 praedictorum
2050 2959 2115 2990 duo
2140 2959 2265 2990 claudit.
2294 2960 2439 2991 Primum
2462 2967 2526 2991 est:

1462 3003 1580 3034 Omnia
1596 3013 1677 3044 quae
1694 3003 1976 3034 contradictionem
1991 3014 2058 3034 non
2074 3003 2247 3044 implicant,
2261 3003 2452 3035 clauduntur
2466 3005 2528 3036 sub

1461 3047 1702 3088 omnipotentia.
1723 3047 1907 3078 Secundum
1924 3055 1982 3079 est:
2007 3047 2125 3079 Omnia
2142 3057 2224 3088 quae
2243 3048 2526 3086 contradictionem

1461 3091 1643 3132 implicant,
1669 3101 1735 3122 non
1759 3092 1949 3123 clauduntur
1977 3092 2035 3123 sub
2063 3091 2304 3132 omnipotentia.
2322 3109 2341 3115 —-
2358 3093 2399 3123 Et
2421 3092 2528 3133 primo

1461 3136 1613 3176 probatur
1632 3142 1804 3176 utrumque
1821 3135 1926 3173 simul,
1944 3135 1997 3167 sic.
2022 3135 2109 3167 Nihil
2124 3135 2300 3176 opponitur
2315 3135 2429 3167 rationi
2445 3136 2526 3168 entis

1460 3179 1519 3209 nisi
1544 3189 1609 3210 non
1634 3188 1704 3210 ens:
1736 3189 1810 3219 ergo
1835 3180 1913 3210 nihil
1938 3186 2092 3220 repugnat
2115 3180 2257 3220 possibili
2282 3180 2441 3217 absolute,
2466 3180 2527 3211 nisi

1459 3223 1625 3263 implicans
1648 3223 1681 3254 in
1705 3233 1738 3254 se
1762 3234 1828 3254 esse
1853 3231 1883 3255 et
1906 3234 1972 3254 non
1995 3233 2063 3254 esse
2086 3223 2198 3254 simul:
2229 3234 2304 3264 ergo
2328 3225 2397 3255 sola
2419 3224 2527 3265 impli-

1459 3267 1559 3298 cantia
1583 3267 1876 3304 contradictionem,
1896 3278 1963 3299 non
1986 3268 2103 3298 habent
2126 3268 2281 3299 rationem
2304 3268 2524 3309 possibilium:

1458 3321 1532 3351 ergo
1557 3321 1593 3342 ea
1616 3322 1698 3352 quae
1721 3311 1896 3352 implicant,
1921 3321 1988 3342 non
2012 3311 2218 3349 clauduntur;
2243 3319 2274 3343 et
2297 3322 2333 3343 ea
2355 3322 2438 3354 quae
2458 3322 2525 3343 non

1457 3355 1639 3396 implicant,
1667 3356 1859 3387 clauduntur
1892 3356 1950 3386 sub
1978 3355 2220 3395 omnipotentia.
2245 3374 2265 3379 -
2287 3356 2410 3388 Deinde
2433 3357 2526 3388 docet

1459 3399 1594 3430 modum
1622 3400 1774 3440 loquendi
1803 3400 1975 3430 honestum
1998 3399 2030 3430 in
2063 3399 2195 3430 exclusis
2219 3401 2257 3431 ab
2282 3399 2514 3441 omnipotentia

1458 3443 1498 3473 Et
1522 3444 1653 3474 demum
1675 3443 1813 3474 ostendit
1834 3444 1915 3474 hanc
1938 3443 2152 3474 exclusionem
2174 3454 2240 3475 non
2257 3454 2323 3475 esse
2338 3451 2445 3475 contra
2459 3446 2526 3474 an-'

1458 3487 1590 3527 gelicarn
1610 3487 1838 3523 auctoritatem,
1860 3494 1895 3518 ut
1915 3487 1994 3518 clare
2013 3495 2099 3528 patet
2116 3488 2149 3518 in
2168 3488 2279 3525 littera,

1516 3531 1554 3562 V.
1579 3531 1670 3562 Circa
1697 3531 1891 3571 praedictam
1915 3531 2160 3572 assignationem
2184 3532 2297 3563 obiecti
2321 3531 2443 3562 divinae
2466 3541 2523 3572 po-

1459 3575 1581 3611 tentiae,
1600 3575 1733 3606 dubium
1755 3575 1900 3606 occurrit.
1926 3575 2010 3613 Quia
2033 3575 2059 3606 si
2082 3586 2178 3607 omne
2197 3575 2346 3616 possibile
2369 3574 2525 3612 absolute,

1460 3628 1620 3659 omneque
1638 3629 1692 3649 ens
1709 3629 1744 3649 ac
1763 3629 1829 3649 non
1848 3619 2014 3659 implicans
2038 3619 2328 3656 contradictionem,
2346 3619 2404 3650 sub
2420 3619 2523 3649 omni-

2549 728 2558 738 ·
2570 727 2619 755 Qu.
2626 733 2675 755 xxi,
2683 730 2726 750 art.
2735 733 2760 754 4.

2554 1739 2709 1794 ζ’ὓριῗῗξίιν,
2724 1770 2768 1789 m.

2555 1799 2586 1821 13,
2600 1792 2630 1815 ad
2644 1799 2661 1815 ι.

2654 1830 2668 1855 Ρ
