2768 4178
373 249 446 285 506

719 324 912 359 QUAESTIO
935 324 1083 352 DECIMA

713 379 763 407 De
784 379 846 407 Dei
867 378 1085 407 aeternitate.

364 454 528 475 ARTICULUS
542 454 554 474 1
611 445 714 473 Utrum
744 444 951 472 convenienter
982 443 1137 471 definiatur
1166 449 1258 471 aeter-

644 484 736 519 nitas,
760 485 841 521 quod
876 490 918 512 est
948 482 1161 512 interminabile
1183 483 1258 511 vitae

645 531 707 552 tota
728 524 814 552 simul
835 530 863 552 et
883 523 1009 560 perfecta
1034 522 1190 560 possessio.
1214 544 1221 551 .
1244 545 1250 551 .
1276 532 1318 561 pa
1344 545 1350 551 .

446 577 461 592 x>
543 573 566 593 11
626 565 731 592 Utrum
753 566 831 592 Deus
853 563 888 592 sit
910 570 1044 592 aeternus
1067 584 1257 591 .......
1301 574 1316 589 w

445 616 460 632 x«
541 613 575 633 m
619 605 723 633 Utrum
756 613 819 632 esse
849 610 1001 632 aeternum
1038 603 1074 631 sit
1103 602 1256 639 proprium

644 645 698 673 Dei
725 664 1254 673 ..................
1300 654 1315 669 a

445 696 460 711 »
542 693 574 713 1v
614 686 717 713 Utrum
739 685 892 713 aeternitas
913 683 1027 712 differat
1047 692 1065 711 a
1083 689 1224 720 tempore.
1248 705 1255 711 .
1300 694 1315 709 x·

445 736 460 751 »
542 733 563 753 v
612 727 656 753 De
677 724 839 753 differentia
860 723 923 752 aevi
945 730 973 752 et
993 723 1135 760 temporis
1156 745 1162 751 .
1187 745 1194 751 .
1218 745 1225 751 .
1249 745 1255 751 .
1301 734 1316 749 x»

445 777 459 791 x
542 773 574 794 VI
614 766 717 794 Utrum
740 765 776 793 sit
796 774 889 793 unum
911 773 1015 792 aevum
1036 770 1163 792 tantum.
1188 785 1194 791 .
1218 785 1224 792 .
1248 785 1255 791 .
1300 774 1315 789 »

689 838 883 874 QUAESTIO
905 838 1107 866 UNDECIMA
1201 872 1212 885 ι

747 901 798 930 De
819 900 952 930 unitate
972 899 1045 928 Dei.

358 976 524 997 Anncums
538 976 550 995 1
606 967 709 994 Utrum
734 973 827 993 unum
849 966 937 993 addat
958 964 1067 1002 aliquid
1089 973 1177 1001 supra
1191 973 1252 993 ens.
1297 975 1313 990 x>

443 1020 457 1035 »
540 1015 562 1036 11
609 1007 713 1035 Utrum
735 1015 827 1034 unum
849 1011 876 1033 et
898 1005 989 1033 multa
1010 1011 1199 1042 opponantur
1214 1026 1221 1032 .
1245 1026 1252 1033 .
1298 1016 1313 1030 a>

442 1060 457 1075 r
538 1055 573 1076 111
608 1047 712 1075 Utrum
735 1048 813 1074 Deus
834 1045 870 1073 sit
890 1055 966 1073 unus
969 1066 1252 1073 ..........
1297 1056 1312 1071 »

442 1100 457 1115 »
539 1095 570 1116 1v
609 1088 714 1115 Utrum
735 1088 814 1114 Deus
836 1085 871 1113 sit
893 1085 1017 1114 maxime
1038 1094 1115 1113 unus
1124 1106 1252 1114 .....
1297 1096 1312 1111 »

671 1161 865 1197 QUAESTIO
887 1160 1118 1189 DUODECIMA

529 1223 711 1265 Quomodo
732 1223 828 1252 Deus
849 1229 872 1251 a
891 1222 994 1251 nobis
1015 1222 1261 1258 cognoscatur.

358 1300 523 1323 ARthums
537 1300 548 1320 1
604 1290 710 1318 Utrum
734 1286 838 1324 aliquis
859 1286 1021 1314 intellectus
1043 1291 1155 1313 creatus
1181 1294 1250 1322 pos-

640 1329 676 1357 sit
697 1330 792 1356 Deum
813 1326 910 1355 videre
932 1335 983 1362 per
1004 1325 1159 1353 essentiam
1182 1347 1188 1353 .
1213 1347 1219 1354 .
1243 1347 1250 1354 .
1295 1337 1311 1352 »

441 1385 455 1400 »
537 1380 559 1400 11
606 1371 710 1398 Utrum
732 1366 856 1396 essentia
869 1366 922 1394 Dei
943 1367 979 1394 ab
994 1365 1140 1394 intellectu
1154 1371 1252 1394 creato

638 1418 691 1446 per
711 1408 839 1444 aliquam
860 1405 1079 1434 similitudinem
1110 1405 1250 1434 videatur.
1295 1418 1310 1433 »

441 1465 456 1479 a>
539 1459 572 1480 111
611 1451 716 1478 Utrum
736 1447 860 1476 essentia
880 1446 934 1474 Dei
955 1445 1046 1474 videri
1067 1446 1159 1482 possit
1180 1455 1251 1474 ocu-

639 1489 673 1517 lis
694 1487 894 1524 corporalibus
903 1507 1246 1515 ............
1293 1498 1308 1513 ›

439 1544 454 1559 ι
535 1539 567 1560 rv
609 1530 714 1558 Utrum
735 1526 839 1564 aliquis
870 1526 1031 1554 intellectus
1061 1532 1174 1554 creatus
1197 1535 1250 1563 per

637 1578 690 1597 sua
710 1566 852 1596 naturalia
877 1565 1006 1594 divinam
1027 1565 1182 1594 essentiam
1208 1566 1250 1595 vi-

639 1609 707 1637 dere
732 1606 826 1644 possit
847 1627 1248 1635 ..............
1294 1618 1309 1634 a>

438 1664 454 1680 »
536 1659 557 1680 v
606 1650 711 1678 Utrum
747 1647 908 1675 intellectus
935 1652 1048 1674 creatus
1079 1646 1116 1674 ad
1148 1646 1249 1675 viden-

638 1689 709 1717 dum
741 1686 795 1716 Dei
828 1685 983 1715 essentiam
1020 1685 1120 1723 aliquo
1150 1692 1249 1715 creato

636 1728 747 1757 lumine
774 1726 902 1763 indigeat
929 1747 1247 1755 ...........
1293 1738 1308 1754 2

437 1785 453 1800 »
535 1780 567 1800 v1
606 1770 711 1798 Utrum
732 1766 892 1796 videntium
914 1765 1069 1794 essentiam
1097 1765 1152 1794 Dei
1172 1776 1249 1795 unus

636 1809 693 1838 alio
715 1807 868 1845 perfectius
889 1806 984 1834 videat
996 1827 1247 1835 .........
1292 1818 1308 1833 »

437 1865 452 1881 :v
534 1859 577 1880 vn
603 1851 708 1878 Utrum
740 1847 870 1876 videntes
891 1848 987 1874 Deum
1015 1855 1067 1882 per
1092 1845 1248 1875 essentiam

635 1889 732 1926 ipsum
754 1887 1005 1924 comprehendant
1026 1907 1246 1915 ........
1291 1899 1306 1913 ι»

436 1946 452 1961 »
533 1939 587 1961 vm
606 1931 711 1959 Utrum
741 1927 872 1956 videntes
893 1928 990 1955 Deum
1018 1935 1071 1963 per
1091 1926 1246 1955 essentiam

636 1969 738 1998 omnia
757 1968 788 1996 in
809 1969 874 1995 Deo
895 1966 1013 1995 videant
1025 1987 1246 1995 ........
1291 1979 1305 1994 ιι

437 2025 452 2040 »
534 2019 566 2040 1x
603 2011 709 2039 Utrum
730 2017 765 2037 ea
785 2016 861 2045 quae
881 2006 1016 2035 videntur
1037 2006 1066 2034 in
1088 2007 1152 2035 Deo
1174 2016 1192 2035 a
1206 2006 1247 2035 vi-

637 2049 772 2078 dentibus
793 2047 921 2075 divinam
947 2046 1102 2075 essentiam
1123 2056 1176 2084 per
1196 2046 1248 2075 ali-

636 2098 710 2127 quas
731 2087 932 2117 similitudines
953 2086 1107 2116 videantur
1117 2108 1246 2116 .....
1291 2099 1306 2115 2

438 2145 453 2160 s
534 2140 556 2161 x
605 2131 709 2159 Utrum
730 2128 860 2157 videntes
885 2129 981 2155 Deum
1009 2136 1061 2164 per
1091 2126 1247 2155 essentiam

637 2169 723 2198 simul
743 2168 861 2197 videant
891 2166 992 2195 omnia
1022 2176 1098 2204 quae
1122 2166 1153 2195 in
1182 2166 1247 2204 ipso

637 2209 746 2237 vident.
779 2228 1246 2236 ................
1291 2220 1306 2235 v

440 2264 455 2279 ι
538 2259 570 2279 xt
611 2250 717 2278 Utrum
731 2247 836 2284 aliquis
850 2246 880 2275 in
901 2247 956 2275 hac
970 2247 1028 2275 vita
1045 2246 1137 2283 possit
1150 2246 1249 2276 videre

638 2290 734 2316 Deum
755 2296 807 2324 per
827 2286 982 2315 essentiam
995 2307 1246 2316 .........
1291 2299 1306 2314 »

440 2343 456 2359 ιν
537 2338 580 2359 111
608 2330 713 2358 Utrum
734 2336 786 2364 per
807 2326 951 2355 rationem
972 2326 1132 2354 naturalem
1152 2327 1248 2355 Deum

638 2368 668 2396 in
689 2369 743 2396 hac
763 2366 822 2395 vita
842 2375 1018 2403 cognoscere
1039 2365 1186 2402 possimus
1209 2389 1215 2395 .
1240 2388 1247 2395 .
1291 2378 1307 2394 ›

440 2423 455 2439 »
537 2418 590 2439 xm
609 2409 713 2438 Utrum
734 2417 787 2444 per
799 2405 922 2444 gratiam
943 2406 1084 2434 habeatur
1097 2405 1183 2435 altior
1197 2416 1247 2435 co·

638 2448 729 2487 gnitio
760 2446 814 2475 Dei
844 2455 934 2484 quam
959 2455 994 2474 ea
1021 2455 1096 2483 quae
1127 2447 1250 2476 habetur

636 2498 688 2526 per
708 2487 852 2516 rationem
873 2486 1034 2515 naturalem
1057 2508 1246 2516 .......
1292 2499 1307 2514 »

637 2554 832 2591 QUAESTIO
854 2553 1146 2581 DECIMATERTIA

709 2622 760 2651 De
779 2620 975 2651 nominibus
996 2620 1068 2650 Dei.

355 2699 519 2722 ,muamus
532 2698 544 2718 1
602 2689 706 2717 Utrum
721 2686 842 2724 aliquod
855 2695 965 2715 nomen
979 2687 1043 2715 Deo
1063 2687 1217 2716 conveniat
1238 2709 1245 2716 .
1291 2699 1305 2715 »

438 2743 453 2759 ›
534 2738 557 2759 11
607 2729 711 2757 Utrum
725 2726 845 2764 aliquod
859 2735 970 2755 nomen
991 2726 1103 2755 dicatur
1124 2727 1160 2756 de
1181 2729 1245 2756 Deo

637 2766 861 2796 substantialiter
869 2788 1244 2797 .............
1289 2779 1304 2795 :v

438 2822 453 2838 »
534 2818 567 2838 111
606 2809 710 2837 Utrum
725 2807 845 2844 aliquod
866 2816 976 2836 nomen
997 2806 1110 2836 dicatur
1124 2808 1160 2836 de
1181 2810 1245 2837 Deo

637 2848 754 2886 proprie
777 2869 1243 2877 ................
1289 2860 1304 2875 »

437 2902 453 2918 >
535 2898 566 2918 rv
608 2888 712 2917 Utrum
733 2887 855 2916 nomina
874 2887 951 2916 dicta
971 2888 1008 2916 de
1029 2889 1094 2916 Deo
1115 2887 1173 2917 sint
1191 2898 1246 2918 no-

636 2928 716 2957 mina
737 2937 901 2965 synonyma
903 2949 1244 2958 ............
1290 2941 1304 2956 »

438 2982 452 2998 »
535 2978 555 2998 v
604 2969 709 2997 Utrum
739 2977 773 2997 ea
794 2977 868 3005 quae
893 2968 930 2996 de
960 2969 1024 2997 Deo
1051 2967 1187 2997 dicuntur
1217 2975 1246 2997 et

634 3007 783 3044 creaturis,
804 3007 928 3036 univoce
949 3007 1083 3037 dicantur
1104 3009 1141 3036 de
1164 3009 1243 3046 ipsis.
1289 3021 1303 3036 »

437 3062 452 3077 »
534 3058 565 3079 ν1
604 3049 708 3078 Utrum
730 3047 852 3077 nomina
872 3057 924 3084 per
944 3048 1024 3085 prius
1054 3048 1188 3077 dicantur
1209 3050 1245 3078 de

635 3088 773 3118 creaturis
804 3097 893 3126 quam
924 3089 961 3117 de
993 3089 1056 3117 Deo
1085 3111 1244 3118 ......
1289 3100 1304 3116 ι

436 3142 451 3158 »
533 3137 574 3159 vn
603 3130 707 3158 Utrum
728 3127 851 3157 nomina
878 3137 953 3165 quae
984 3127 1146 3166 important
1171 3129 1245 3158 rela-

634 3169 745 3197 tionem
782 3169 820 3197 ad
850 3175 1014 3205 creaturas,
1041 3168 1176 3198 dicantur
1207 3170 1245 3199 de

634 3210 698 3238 Deo
720 3217 754 3237 ex
775 3214 908 3246 tempore
931 3230 1243 3239 ...........
1288 3221 1304 3237 2

435 3262 450 3278 »
532 3257 585 3279 vm
606 3250 710 3278 Utrum
741 3249 798 3277 hoc
828 3257 939 3277 nomen
961 3249 1044 3278 Deus
1069 3249 1105 3278 sit
1134 3258 1245 3279 nomen

633 3295 753 3318 naturae
779 3310 1243 3319 ................
1289 3301 1304 3317 ι

436 3342 450 3357 »
532 3338 563 3359 111
603 3330 707 3358 Utrum
729 3330 786 3358 hoc
806 3337 917 3358 nomen
938 3329 1023 3357 Deus
1046 3329 1083 3358 sit
1111 3338 1246 3358 commu-

633 3369 756 3398 nicabile
781 3390 1242 3399 ................
1288 3381 1303 3396 »

435 3421 450 3437 »
532 3418 552 3438 x
602 3410 706 3438 Utrum
728 3409 785 3438 hoc
806 3417 917 3437 nomen
941 3408 1024 3437 Deus
1047 3409 1172 3438 univoce
1201 3409 1245 3438 di-

633 3456 714 3478 catur
745 3447 781 3478 de
815 3450 880 3478 Deo
901 3457 954 3486 per
982 3449 1244 3486 participationem,

632 3489 794 3518 secundum
830 3494 964 3517 naturam
978 3510 986 3524 ,
1022 3495 1051 3517 et
1083 3490 1244 3519 secundum

633 3529 805 3567 opinionem
809 3550 1243 3559 ...............
1288 3540 1303 3556 2

434 3580 450 3596 ι
531 3577 563 3598 x1
599 3570 704 3598 Utrum
718 3570 776 3598 hoc
790 3578 900 3598 nomen
919 3569 978 3604 Qui
998 3574 1042 3598 est
1062 3569 1098 3598 sit
1119 3569 1244 3599 maxime

632 3619 742 3639 nomen
763 3609 817 3638 Dei
839 3609 990 3646 proprium
1018 3630 1242 3639 ........

1287 3620 1302 3635 »

1388 245 1555 283 INDEX

1401 533 1440 560 94

1401 565 1438 600 96

1400 653 1437 680 97

1400 684 1437 720 98

1384 732 1438 751 100

1383 772 1439 798 104

1382 973 1435 1002 107

1381 1014 1435 1042 109

1380 1054 1430 1073 111

1380 1093 1434 1113 112

1379 1337 1434 1363 1¹4

1378 1408 1432 1436 116

1377 1497 1431 1524 119

1377 1614 1432 1636 120

1376 1728 1428 1756 123

1376 1808 1428 1836 125

1375 1896 1428 1925 127

1374 1969 1428 1997 128

1375 2089 1428 2117 132

1375 2209 1427 2237 133

1374 2289 1430 2324 134

1341 2366 1344 2369 ⁴
1375 2368 1429 2397 136

1375 2488 1428 2526 137

1373 2689 1427 2726 139

1373 2778 1422 2805 141

1373 2851 1425 2886 143

1373 2940 1428 2966 144

1372 3011 1426 3047 146

1372 3091 1427 3119 150

1372 3210 1426 3239 152

1373 3290 1426 3327 157

1371 3370 1426 3399 158

1370 3529 1425 3558 160

1370 3609 1424 3637 162

1496 333 1661 354 ,111-1101111115
1676 333 1718 353 xn
1748 326 1852 353 Utrum
1873 325 2091 362 propositiones
2111 322 2302 354 affirmativae
2322 334 2392 362 pos-

1781 365 1839 393 sint
1860 365 1979 394 formari
2001 366 2037 393 de
2059 367 2123 394 Deo
2135 386 2391 394 .........
2409 375 2483 405 pag.
2519 367 2575 403 164

1771 432 1966 467 QUAESTIO
1988 432 2300 466 DECIMAQUARTA

1879 499 1930 528 De
1952 498 2099 528 scientia
2119 498 2193 527 Dei.

1493 574 1659 594 Ain-muzus
1673 573 1684 593 1
1745 566 1849 593 Utrum
1870 564 1902 592 in
1922 565 1986 592 Deo
2009 563 2044 591 sit
2065 563 2185 592 scientia
2196 585 2386 591 .......
2435 574 2450 590 a·

1577 617 1592 632 »
1675 604 1707 634 11¹
1747 606 1851 634 Utrum
1874 606 1953 632 Deus
1974 603 2115 641 intelligat
2136 612 2167 631 se
2169 625 2390 631 ........
2435 615 2450 630 »

1578 657 1593 672 »
1675 654 1709 674 111
1748 646 1852 673 Utrum
1875 646 1953 672 Deus
1973 644 2203 681 comprehendat
2221 643 2359 680 seipsum.
2382 665 2389 671 .
2434 654 2450 670 »

1577 697 1592 711 »
1675 694 1707 714 Ν
1750 686 1854 713 Utrum
1875 684 1972 721 ipsum
2007 684 2165 722 intelligere
2192 683 2246 712 Dei
2267 683 2303 711 sit
2328 683 2391 712 eius

1777 724 1937 753 substantia
1946 745 2388 753 ...............
2433 735 2448 750 »

1577 776 1592 790 »
1675 773 1695 793 v
1750 766 1854 793 Utrum
1877 766 1956 792 Deus
1978 771 2135 802 cognoscat
2156 763 2212 792 alia
2233 773 2251 792 a
2271 773 2302 792 se
2317 786 2324 792 .
2348 786 2355 792 .
2378 785 2385 792 .
2431 775 2446 790 »

1577 816 1592 830 a>
1675 813 1707 833 VI
1749 805 1854 832 Utrum
1875 805 1954 832 Deus
1973 811 2133 842 cognoscat
2153 805 2210 833 alia
2230 813 2248 832 a
2269 813 2299 832 se
2321 813 2390 841 pro-

1777 844 1840 881 pria
1861 843 2028 881 cognitione
2041 866 2383 873 ............
2430 854 2445 870 >

1576 896 1591 911 2
1675 893 1717 912 vn
1747 885 1852 912 Utrum
1873 884 1994 912 scientia
2014 883 2068 912 Dei
2090 884 2126 912 sit
2146 883 2305 913 discursiva
2320 906 2326 912 .
2351 906 2357 912 .
2381 906 2387 912 .
2433 894 2448 910 »

1576 936 1591 951 »
1674 933 1727 953 vm
1748 925 1851 952 Utrum
1874 923 1994 952 scientia
2012 923 2067 952 Dei
2088 923 2124 952 sit
2143 933 2230 955 causa
2250 933 2357 952 rerum.
2381 946 2388 952 .
2432 934 2448 950 »

1575 975 1591 991 a»
1673 973 1705 993 111
1746 965 1851 992 Utrum
1885 965 1964 992 Deus
2001 964 2107 992 habeat
2140 963 2291 992 scientiam
2325 973 2389 992 non

1775 1004 1886 1032 entium
1915 1025 2387 1032 ................
2431 1015 2447 1030 2

1575 1055 1590 1071 >v
1673 1053 1694 1073 x
1749 1045 1854 1073 Utrum
1876 1045 1955 1072 Deus
1976 1050 2135 1081 cognoscat
2155 1044 2239 1073 mala
2257 1065 2386 1072 .....
2431 1055 2446 1070 »

1574 1095 1590 1111 »
1673 1093 1705 1113 xl
1745 1085 1850 1113 Utrum
1871 1085 1951 1112 Deus
1972 1091 2131 1121 cognoscat
2152 1084 2325 1121 singularia.
2349 1105 2356 1112 .
2379 1105 2386 1111 .
2431 1094 2446 1110 »

1575 1136 1589 1150 »
1672 1133 1715 1153 1111
1745 1126 1849 1153 Utrum
1880 1125 1959 1152 Deus
1989 1125 2082 1161 possit
2115 1133 2292 1162 cognoscere
2323 1123 2388 1151 infi-

1773 1172 1835 1193 nita
1857 1185 2385 1193 ..................
2430 1174 2446 1190 »

1575 1217 1589 1232 :v
1672 1213 1726 1234 xm
1747 1205 1850 1233 Utrum
1866 1204 1986 1233 scientia
2000 1204 2055 1233 Dei
2076 1204 2112 1233 sit
2131 1204 2297 1233 futurorum
2317 1213 2390 1232 con-

1773 1245 1945 1282 tingentium
1980 1265 2386 1273 ..............
2430 1254 2446 1270 2

1573 1297 1588 1312 a»
1671 1294 1722 1314 xxv
1746 1286 1850 1314 Utrum
1872 1286 1951 1313 Deus
1973 1291 2132 1322 cognoscat
2153 1283 2355 1313 enuntiabilia.
2379 1306 2386 1313 .
2431 1294 2446 1310 2

1573 1337 1588 1352 :o
1671 1334 1711 1354 xv
1744 1327 1848 1354 Utrum
1870 1325 1991 1354 scientia
2012 1325 2066 1354 Dei
2088 1325 2124 1353 sit
2145 1324 2290 1354 variabilis
2316 1346 2323 1353 .
2348 1345 2355 1352 .
2379 1346 2386 1353 .
2431 1334 2446 1350 »

1572 1377 1587 1392 »
1670 1374 1722 1395 xv1
1741 1367 1846 1394 Utrum
1877 1367 1957 1394 Deus
1989 1366 2024 1394 de
2046 1367 2132 1394 rebus
2163 1366 2269 1394 habeat
2294 1364 2388 1393 scien·

1771 1406 1843 1434 tiam
1873 1405 2081 1443 speculativam
2103 1426 2386 1434 ..........
2431 1415 2447 1430 »

1772 1472 1966 1508 QUAESTlO
1990 1471 2288 1507 DECIMAQUINTA

1938 1541 1989 1570 De
2018 1539 2116 1570 ideis.

1486 1616 1654 1637 mucuns
1667 1617 1679 1636 1
1739 1608 1844 1636 Utrum
1866 1607 1948 1635 ideae
1969 1606 2027 1634 sint
2036 1626 2382 1634 ............
2427 1614 2444 1631 ι

1570 1660 1585 1675 »
1669 1657 1691 1677 11
1740 1648 1846 1676 Utrum
1867 1647 1925 1675 sint
1946 1647 2043 1683 plures
2065 1646 2147 1674 ideae
2164 1666 2384 1674 ........
2429 1655 2445 1671 2

1569 1699 1586 1715 »
1668 1697 1702 1717 111
1732 1688 1836 1717 Utrum
1859 1686 1993 1715 omnium
2016 1695 2091 1724 quae
2112 1685 2265 1723 cognoscit
2285 1685 2381 1720 Deus,

1771 1727 1829 1756 sint
1850 1727 1933 1756 ideae
1945 1746 2383 1755 ...............
2428 1735 2444 1752 2

1779 1794 1976 1829 QUAESTIO
1998 1787 2276 1821 DECIMASEXTA

1883 1873 1889 1879 ·
1908 1862 1960 1891 De
1979 1861 2143 1891 veritate.

1485 1937 1652 1958 narremus
1665 1937 1676 1957 1
1734 1929 1838 1957 Utrum
1854 1927 1959 1956 veritas
1981 1926 2018 1955 sit
2038 1932 2152 1955 tantum
2174 1925 2205 1954 in
2226 1925 2383 1954 intellectu.
2428 1935 2444 1952 2

1570 1981 1584 1996 »
1667 1977 1690 1997 11
1739 1969 1844 1997 Utrum
1875 1967 1980 1996 veritas
2011 1965 2047 1995 sit
2069 1966 2099 1994 in
2120 1966 2267 1995 intellectu
2299 1975 2381 1995 com-

1768 2014 1896 2045 ponente
1918 2014 1947 2036 et
1967 2006 2114 2036 dividente
2127 2027 2378 2035 .........
2423 2016 2439 2032 2

1569 2061 1584 2075 »
1667 2057 1700 2078 111
1730 2049 1845 2077 >Utrum
1865 2057 1967 2076 verum
1989 2053 2018 2075 et
2038 2056 2090 2076 ens
2111 2052 2327 2075 convertantur.
2343 2067 2350 2075 .
2374 2067 2382 2075 .
2426 2056 2442 2072 »

1568 2101 1583 2116 »
1666 2097 1697 2118 tv
1741 2089 1845 2118 Utrum
1867 2089 1979 2116 bonum
2001 2087 2163 2116 secundum
2181 2085 2325 2115 rationem
2347 2085 2385 2115 sit

1767 2128 1848 2166 prius
1870 2137 1959 2166 quam
1980 2136 2082 2157 verum
2101 2147 2382 2156 ..........
2426 2137 2443 2153 ι

1568 2181 1583 2196 »
1666 2177 1686 2197 v
1737 2169 1840 2197 Utrum
1863 2169 1943 2197 Deus
1965 2167 2001 2196 sit
2021 2167 2127 2196 veritas
2129 2187 2381 2196 .........
2426 2177 2442 2193 2

1569 2220 1584 2236 a>
1666 2217 1697 2237 v1
1740 2210 1843 2238 Utrum
1859 2208 1895 2237 sit
1915 2217 1975 2237 una
1995 2208 2058 2236 sola
2079 2206 2197 2242 veritas,
2221 2206 2384 2235 secundum

1769 2258 1858 2286 quam
1881 2249 1982 2277 omnia
2007 2253 2075 2276 sunt
2099 2256 2168 2276 vera
2190 2268 2381 2276 .......
2426 2257 2442 2274 ι

1568 2299 1584 2315 »
1666 2297 1708 2317 vn
1738 2289 1843 2317 Utrum
1864 2288 1968 2316 veritas
1989 2294 2085 2316 creata
2111 2287 2147 2316 sit
2167 2294 2285 2316 aeterna
2311 2308 2318 2315 .
2342 2308 2349 2315 .
2373 2307 2381 2315 .
2426 2297 2442 2313 »

1568 2339 1584 2355 :v
1667 2336 1719 2356 vm
1739 2329 1843 2356 Utrum
1864 2328 1969 2356 veritas
1991 2327 2027 2355 sit
2048 2327 2237 2355 immutabilis
2252 2348 2381 2356 .....
2425 2337 2441 2353 2

1757 2393 1953 2428 QUAESTIO
1975 2391 2292 2421 DECIMASEPTIMA

1901 2460 1952 2489 De
1977 2459 2143 2490 falsitate.

1482 2535 1650 2556 ARthusz
1664 2535 1675 2556 1
1735 2527 1840 2555 Utrum
1862 2525 1970 2554 falsitas
1992 2525 2028 2554 sit
2049 2525 2079 2554 in
2105 2525 2192 2554 rebus
2214 2546 2378 2554 ......
2422 2536 2438 2552 2

1567 2579 1581 2594 1ο
1664 2575 1687 2596 11
1738 2567 1843 2595 Utrum
1865 2566 1895 2594 in
1910 2575 1998 2594 sensu
2021 2565 2057 2594 sit
2078 2565 2186 2594 falsitas
2189 2586 2379 2594 .......
2423 2576 2439 2592 2

1567 2619 1581 2633 »
1665 2615 1697 2636 111
1738 2607 1843 2635 Utrum
1864 2605 1972 2635 falsitas
1992 2605 2029 2634 sit
2049 2605 2080 2634 in
2100 2605 2247 2634 intellectu
2250 2627 2378 2634 .....
2423 2616 2439 2632 »

1567 2660 1581 2675 ιο
1664 2655 1695 2676 1v
1735 2647 1840 2676 Utrum
1859 2655 1960 2675 verum
1979 2653 2008 2675 et
2025 2645 2130 2674 falsum
2145 2645 2203 2674 sint
2223 2645 2378 2675 contraria.
2423 2656 2439 2672 ι

1755 2714 1951 2750 QUAESTIO
1973 2712 2285 2742 DECIMAOCTAVA

1897 2783 1949 2812 De
1968 2783 2043 2812 vita
2067 2781 2141 2812 Dei.

1481 2857 1647 2878 ARTICULUS
1661 2856 1672 2877 1
1730 2848 1834 2893 Utrum
1856 2846 1990 2876 omnium
2019 2845 2197 2875 naturalium
2223 2855 2321 2874 rerum
2343 2845 2380 2874 sit

1765 2896 1860 2916 Vivere
1878 2907 2376 2915 .................
2422 2896 2437 2912 D

1565 2940 1579 2956 2
1663 2937 1685 2957 11
1734 2928 1839 2956 Utrum
1861 2926 1920 2955 vita
1941 2926 1978 2955 sit
1998 2926 2143 2964 quaedam
2165 2925 2314 2963 operatio.
2338 2947 2344 2954 .
2369 2946 2376 2954 .
2421 2936 2437 2952 »

1565 2981 1579 2996 »
1663 2977 1696 2997 111
1735 2968 1839 2996 Utrum
1861 2969 1925 2995 Deo
1946 2966 2101 2996 conveniat
2122 2966 2180 2995 vita
2186 2986 2376 2994 .......
2385 2963 2411 2985 ⁴
2421 2976 2437 2992 »

1565 3020 1579 3036 »
1662 3016 1694 3038 tv
1733 3009 1837 3037 Utrum
1859 3006 1960 3036 omnia
1981 3006 2039 3035 sint
2059 3005 2118 3035 vita
2138 3005 2169 3035 in
2190 3007 2254 3034 Deo
2274 3027 2282 3034 .
2305 3027 2312 3034 .
2337 3026 2343 3034 .
2368 3026 2375 3034 .
2421 3016 2436 3032 2

1783 3074 1978 3110 QUAESTIO
2000 3072 2259 3102 DECIMANONA

1843 3143 1894 3172 De
1915 3143 2100 3172 voluntate
2119 3140 2191 3171 Ded.

1480 3217 1646 3238 aartctmus
1659 3216 1671 3237 1
1729 3208 1834 3236 Utrum
1855 3206 1885 3235 in
1906 3207 1971 3235 Deo
1993 3205 2029 3234 sit
2049 3205 2185 3234 voluntas
2188 3224 2376 3234 .......
2421 3214 2436 3230 »

1564 3260 1578 3275 »
1662 3257 1684 3277 11
1733 3248 1838 3276 Utrum
1860 3248 1939 3275 Deus
1958 3245 2027 3275 velit
2047 3245 2104 3275 alia
2124 3253 2143 3274 a
2163 3253 2194 3274 se
2214 3264 2375 3274 ......
2421 3254 2436 3270 ι

1565 3300 1579 3315 »
1662 3297 1695 3317 111
1735 3281 1840 3316 Utfflm
1872 3285 2016 3324 quidquid
2046 3286 2126 3314 Deus
2155 3285 2229 3321 vult,
2261 3293 2296 3314 ex
2326 3292 2378 3317 ne-

1764 3327 1896 3357 cessitate
1917 3325 1986 3355 velit
2002 3344 2376 3355 .............
2420 3334 2436 3350 »

1563 3380 1579 3396 »
1661 3377 1692 3397 1v
1731 3368 1836 3396 Utrum
1861 3366 1997 3395 voluntas
2022 3365 2076 3394 Dei
2097 3365 2134 3394 sit
2155 3373 2243 3394 causa
2267 3372 2375 3392 rerum.
2419 3374 2436 3391 »

1565 3419 1581 3435 »
1663 3417 1684 3437 v
1733 3408 1838 3436 Utrum
1857 3405 2014 3435 voluntatis
2035 3404 2150 3434 divinae
2171 3404 2208 3433 sit
2228 3404 2377 3442 assignare

1763 3447 1892 3484 aliquam
1914 3454 2031 3474 causam
2060 3465 2373 3474 ...........
2417 3454 2433 3470 2

1565 3499 1580 3515 »
1663 3495 1694 3516 vt
1714 3496 1718 3501 ·
1734 3488 1839 3516 Utrum
1855 3486 1990 3515 voluntas
2009 3485 2063 3513 Dei
2079 3493 2195 3522 semper
2212 3484 2375 3521 impleatur.
2420 3494 2435 3510 »

1565 3539 1580 3555 »
1662 3535 1704 3556 vn
1734 3527 1839 3556 Utrum
1859 3526 1994 3555 voluntas
2020 3525 2075 3554 Dei
2101 3524 2137 3554 ait
2158 3524 2314 3554 mutabilis.
2337 3545 2344 3552 .
2367 3545 2375 3553 .
2419 3534 2434 3550 ι

1565 3579 1579 3594 »
1662 3575 1714 3596 vm
1735 3567 1838 3596 Utrum
1859 3566 1993 3595 voluntas
2021 3565 2075 3594 Dei
2099 3565 2301 3594 necessitatem
2331 3573 2377 3593 re·

1764 3608 1819 3635 bus
1840 3605 1935 3635 volitis
1957 3605 2090 3643 imponat
2124 3625 2373 3634 .........
2418 3613 2433 3630 ι

2518 565 2573 592 166

2518 604 2572 632 168

2518 653 2573 681 170

2516 733 2567 761 171

2516 771 2570 801 172

2515 844 2569 880 175

2516 884 2570 921 178

2516 933 2571 961 ¹79

2515 1004 2567 1032 181

2515 1044 2570 1072 182

2487 1087 2490 1089 ’
2516 1083 2569 1112 183

2514 1164 2571 1199 184

2514 1243 2570 1272 186

2514 1292 2570 1320 ¹94

2514 1323 2567 1360 195

2513 1403 2568 1440 196

2511 1611 2567 1642 ¹99

2508 1651 2563 1673 201

2507 1925 2566 1955 206

2505 2052 2566 2074 210

2506 2132 2561 2155 211

2506 2172 2565 2195 212

2505 2245 2563 2274 213

2505 2292 2566 2322 214

2505 2325 2564 2355 216

2503 2526 2561 2555 218

2502 2572 2562 2595 220

2502 2613 2557 2635 221

2503 2645 2559 2675 223

2501 2885 2558 2914 225

2501 2926 2560 2954 226

2500 2972 2559 3003 227

2501 3012 2559 3043 229

2500 3203 2554 3233 231

2500 3243 2556 3272 233

2499 3323 2559 3360 234

2499 3363 2557 3401 237

2497 3442 2555 3480 239

2499 3489 2558 3519 ²40

2498 3529 2556 3559 ²4²

2497 3609 2557 3637 244
