2768 4178
62 1095 71 1103 ·
86 1093 205 1141 Cap-,huf
221 1098 273 1114 n.1.

60 1130 72 1136 -
186 1122 273 1141 ect.1v.

62 1523 72 1533 ⁴*
86 1521 158 1543 Vers.
173 1526 193 1543 2.

61 1789 69 1797 ·
88 1786 156 1808 Vers.
167 1793 200 1808 ιο.

63 2478 72 2487 ·
86 2477 158 2499 Num.
174 2483 209 2506 37,
225 2476 262 2506 38.

304 270 381 306 442

304 382 530 422 magnitudine.

359 427 555 457 Antecedens
580 427 752 457 declaratur
774 427 808 457 in
831 425 988 457 creaturis.
1007 443 1026 447 -
1040 425 1145 455 Prima
1163 434 1238 455 vero
1263 434 1372 455 conse-

304 470 432 511 quentia
455 472 622 510 probatur:
648 471 723 512 quia
745 471 778 501 in
802 470 914 500 divinis
944 477 989 500 est
1017 479 1088 500 vere
1113 475 1143 499 et
1166 468 1293 508 proprie
1317 479 1371 509 pa-

303 514 429 545 ternitas
449 522 479 545 et
497 515 616 546 filiatio.
634 533 653 538 -
670 515 815 546 Secunda
837 521 962 545 autem:
988 513 1063 554 quia
1086 512 1273 553 magnitudo
1293 512 1371 544 nihil

303 558 388 589 aliud
407 559 559 599 significat
579 569 676 600 quarn
695 559 921 599 perfectionem
941 565 1078 588 naturae.
1227 570 1229 572 ·

1000 258 1268 306 QUAESTIO
1297 259 1419 304 XLII,
1453 258 1746 295 ARTICULUS
1775 259 1811 295 V

304 338 530 378 perfectionem
554 345 682 369 naturae
705 345 868 378 paternae:
898 347 973 378 ergo
997 344 1043 368 est
1071 336 1210 378 aequalis
1233 336 1316 367 Patri
1340 337 1373 367 in

1487 337 1604 374 Quoad
1627 337 1800 367 secundam
1822 347 1898 367 vero
1923 344 2054 377 partem,
2071 337 2188 368 scilicet
2203 338 2242 368 ab
2265 342 2406 375 aeterno,
2425 348 2498 378 pro-

1427 382 1528 411 batur.
1547 381 1654 411 Virtus
1672 381 1731 411 Dei
1754 381 1853 412 Patris
1873 391 1939 411 non
1956 389 2002 412 est
2019 381 2179 418 defectiva,
2200 392 2304 422 neque
2320 382 2419 413 Filius
2439 382 2498 413 Dei

1427 425 1601 456 successive
1624 424 1799 465 perficitur:
1825 435 1899 465 ergo
1924 426 1962 456 ab
1987 432 2124 456 aeterno,

1482 469 1524 499 Et
1547 469 1720 500 declaratur
1743 470 1885 510 sequela:
1911 470 1986 510 quia
2009 480 2046 500 ex
2069 470 2188 500 horum
2207 469 2363 510 oppositis
2387 469 2500 501 accidit

1425 513 1459 543 in
1474 513 1622 543 humanis
1639 514 1728 554 quod
1751 513 1834 544 filius
1851 524 1917 544 non
1934 514 2039 545 statim
2054 521 2207 555 aequatur
2220 514 2311 554 patri.
2330 532 2351 536 -
2366 514 2407 544 Et
2423 523 2500 545 con-

1425 556 1568 588 firmatur
1591 564 1697 588 totum
1721 558 1906 589 auctoritate
1930 558 2052 589 Hilarii.

1094 719 1413 762 ARTICULUS
1445 720 1702 772 QUINTUS

867 814 1024 845 UTRUM
1047 812 1184 843 FILIUS
1208 812 1275 843 SIT
1300 812 1344 843 IN
1366 813 1520 849 PATRE,
1546 813 1605 843 ET
1628 813 1655 843 E
1680 813 1913 846 CONVERSO

631 894 640 918 1
661 894 744 923 sent„
764 893 824 918 dist.
841 901 895 923 x1x,
916 900 960 925 qu.
979 900 1017 923 111,
1037 896 1083 917 art.
1105 899 1134 923 25
1155 892 1190 917 lv
1211 892 1287 916 Cant.
1305 892 1392 921 Gent„
1413 899 1469 924 cap.
1487 898 1528 922 lx;
1549 892 1633 921 loun„
1653 900 1710 925 cap.
1729 900 1753 923 x,
1772 893 1831 918 lect.
1844 900 1884 924 v1·
1903 901 1959 926 cap.
1977 901 2028 925 xvr,
2048 894 2106 919 lect.
2119 901 2165 920 vn.

334 998 379 1030 ᾗ..-
417 1002 473 1036 μᾷ
495 996 536 1020 D
557 994 718 1025 QUINTUM
741 994 793 1019 sm
812 993 1053 1019 paocemwn.
1083 980 1243 1018 Videtur
1262 979 1368 1029 quod

327 1027 491 1105 Ῐῇἶιῖὶ
515 1036 630 1073 Filius
659 1047 737 1072 non
767 1035 813 1072 sit
841 1034 879 1071 in
907 1035 1031 1081 Patre,
1062 1041 1098 1071 et
1125 1046 1144 1070 e
1165 1045 1366 1071 converso.

318 1092 322 1098 ’
495 1088 544 1125 Ρ
573 1089 666 1125 'loso
695 1089 767 1125 hus
788 1087 904 1135 enim,
921 1087 959 1124 in
975 1088 1096 1124 IVPh
1126 1087 1190 1124 sic.
1208 1087 1229 1107 *
1291 1086 1370 1124 onit

335 1070 600 1179 yffiiffifiXoco
630 1101 771 1179 miidos
804 1141 954 1178 essendi
982 1099 1127 1189 aliquid⁶
1150 1140 1190 1177 in
1219 1099 1369 1188 silizum

301 1203 338 1232 et
365 1195 579 1232 secundum
606 1195 754 1232 nullum
782 1195 923 1232 horum
948 1193 1066 1231 Filius
1095 1201 1152 1230 est
1179 1193 1218 1230 in
1245 1194 1368 1241 Patre,

301 1256 364 1286 aut
394 1261 413 1285 e
443 1261 643 1295 converSO,
672 1255 714 1284 ut
741 1255 844 1297 patet
869 1246 1094 1285 discurrenti
1111 1259 1182 1296 per
1201 1246 1370 1295 singulos

301 1301 452 1339 modos.
483 1303 585 1350 Ergo
616 1301 732 1339 Filius
761 1313 841 1338 non
870 1308 925 1338 est
942 1300 981 1338 in
1000 1301 1124 1348 Patre,
1146 1312 1217 1337 nec
1239 1312 1258 1336 e
1281 1312 1370 1337 con-

299 1368 426 1393 verso.

356 1421 391 1446 2.
412 1409 645 1455 PRAETEREA,
675 1407 766 1444 nihil
794 1407 900 1457 quod
929 1406 1044 1444 exivit
1071 1407 1119 1444 ab
1148 1406 1289 1455 aliquo,
1315 1413 1372 1443 est

301 1462 339 1499 in
360 1474 418 1499 e0.
443 1462 520 1499 Sed
540 1461 655 1498 Filius
675 1462 724 1498 ab
744 1469 900 1498 aeterno
921 1460 1035 1498 exivit
1054 1473 1077 1497 a
1094 1461 1219 1507 Patre,
1236 1472 1370 1496 secun-

303 1515 397 1552 dum
429 1515 521 1552 illud
550 1515 727 1552 Micheae
749 1514 824 1551 v*:
853 1515 1043 1564 Egressus
1070 1514 1149 1550 eius
1176 1514 1225 1550 ab
1253 1513 1370 1559 initio,

301 1581 324 1606 a
344 1569 472 1606 diebus
490 1568 728 1605 aeternitatis.
756 1568 858 1616 Ergo
879 1566 997 1604 Filius
1016 1579 1096 1604 non
1117 1574 1172 1604 est
1190 1566 1228 1603 in
1247 1567 1370 1604 Patre.

357 1623 391 1659 3.
421 1623 659 1667 PRAETEREA,
693 1633 817 1658 unum
845 1620 1112 1670 oppositorum
1141 1632 1221 1657 non
1251 1627 1306 1656 est
1332 1619 1372 1657 in

302 1675 432 1712 altero.
470 1675 548 1712 Sed
577 1674 692 1711 Filius
722 1682 758 1711 et
785 1675 897 1711 Pater
926 1681 1175 1723 opponuntur
1203 1673 1370 1711 relative.

301 1729 403 1777 Ergo
432 1741 531 1765 unus
559 1741 638 1765 non
665 1735 792 1777 potest
820 1739 904 1765 esse
931 1727 970 1764 in
998 1727 1085 1764 alio.

357 1782 431 1818 SED
451 1793 598 1818 CONTRA
626 1793 692 1818 EST
720 1780 827 1829 quod
856 1780 990 1818 dicitur
1019 1782 1123 1817 Ioan.
1143 1779 1255 1817 X1v*:
1283 1781 1372 1830 Ego

301 1835 338 1872 in
367 1836 491 1881 Patre,
522 1840 558 1871 et
582 1835 696 1871 Pater
723 1835 760 1871 in
790 1846 851 1871 me
878 1840 942 1871 est.

355 1889 581 1925 RESPONDEO
610 1899 796 1925 DICENDUM
816 1887 923 1936 quod
941 1886 980 1924 in
999 1882 1115 1923 Patre*
1131 1894 1167 1923 et
1187 1885 1282 1923 Filio
1302 1885 1372 1923 tria

302 1948 356 1978 est
385 1941 645 1988 considerare,
682 1940 822 1978 scilicet
857 1939 1059 1977 essentiam
1080 1945 1117 1986 α,
1147 1939 1371 1976 relationem

301 2002 337 2031 et
367 1994 573 2043 originem;
605 2002 640 2030 et
668 1993 881 2031 secundum
906 1993 1104 2042 quodlibet
1126 1993 1286 2030 istorum
1312 1992 1372 2030 Fi-

301 2048 369 2084 lius
399 2055 454 2084 est
481 2047 520 2084 in
547 2048 672 2095 Patre,
703 2055 739 2084 et
768 2059 788 2083 e
818 2059 1019 2084 converso.
1061 2047 1285 2084 Secundum
1314 2059 1372 2083 es-

302 2100 461 2138 sentiam
491 2100 593 2138 enim
621 2101 735 2138 Pater
765 2108 820 2137 est
847 2100 886 2137 in
915 2100 1028 2148 Filio,
1059 2099 1148 2149 quia
1175 2101 1290 2137 Pater
1318 2107 1374 2137 est

302 2167 371 2191 sua
400 2154 572 2201 essentia,
604 2161 640 2191 et
669 2153 928 2191 communicat
955 2165 1067 2191 suam
1089 2153 1291 2191 essentiam
1312 2153 1373 2190 Fi-

301 2207 364 2255 lio,
381 2220 460 2245 non
474 2220 543 2256 per
563 2206 729 2256 aliquam
750 2219 860 2244 suam
875 2206 1249 2245 transmutationem:
1270 2206 1373 2244 unde

303 2261 472 2309 sequitur
499 2259 621 2308 quod,
652 2272 741 2296 cum
770 2260 932 2297 essentia
965 2260 1086 2296 Patris
1114 2260 1160 2296 sit
1187 2260 1225 2297 in
1254 2259 1372 2306 Filio,

304 2314 408 2363 quod
436 2314 475 2351 in
504 2313 598 2350 Filio
628 2313 674 2350 sit
697 2314 820 2350 Pater.
851 2314 900 2350 Et
928 2312 1108 2359 similiter,
1139 2325 1228 2350 cum
1257 2313 1373 2349 Filius

303 2367 349 2404 sit
382 2379 451 2404 sua
484 2365 661 2413 essentia,
692 2366 862 2416 sequitur
893 2366 999 2415 quod
1028 2365 1074 2403 sit
1100 2365 1140 2402 in
1167 2366 1279 2403 Patre
1297 2395 1306 2413 ,
1335 2365 1374 2402 in

303 2432 381 2468 quo
412 2427 468 2457 est
496 2419 576 2456 eius
606 2419 778 2456 essentia.
813 2419 862 2456 Et
889 2419 964 2456 hoc
994 2426 1049 2456 est
1077 2419 1182 2468 quod
1207 2419 1373 2456 Hilarius

304 2473 402 2521 dicit,
431 2474 467 2510 V
494 2474 540 2510 de
562 2474 599 2510 T
594 2473 666 2510 rin.
682 2471 719 2509 *z
747 2472 943 2510 Naturam
962 2484 1085 2518 suam,
1108 2478 1148 2508 ut
1164 2472 1215 2510 ita
1235 2473 1371 2519 dicam,

356 2587 383 2620 a)
403 2587 552 2612 essentiam.
571 2601 590 2606 -
608 2586 748 2612 essentiam
767 2590 794 2612 et
812 2587 840 2611 P.
859 2600 877 2606 -
896 2586 947 2611 Pro
966 2587 1087 2616 istorum,
1107 2587 1203 2612 horum
1226 2587 1338 2612 codices.

357 2622 382 2656 β)
401 2623 439 2647 ad
457 2626 549 2648 extra.
566 2636 585 2641 -
603 2622 706 2655 aliquid
724 2625 807 2647 extra
826 2622 876 2647 ΡΒ.

304 2659 389 2719 ιοωγλι
398 2659 509 2719 ηὲἕιιηι.
527 2672 546 2676 —-
563 2658 724 2683 intellectum
738 2658 808 2683 addit
821 2659 850 2683 B.
869 2671 888 2677 —
907 2657 958 2683 Pro
969 2665 1074 2688 eorum,
1095 2657 1190 2683 horum
1205 2657 1327 2689 ABCDE,
1343 2658 1374 2683 il-

1423 981 1592 1030 sequitur
1620 981 1864 1018 immutabilis
1890 983 2007 1028 Deus,
2038 982 2308 1020 immutabilem
2332 984 2498 1034 gignens

1424 1035 1561 1071 Deum.
1592 1035 1856 1072 Subsistentem
1885 1047 1979 1085 ergo
2009 1035 2046 1072 in
2075 1047 2119 1072 eo
2145 1036 2221 1073 Dei
2244 1042 2422 1074 naturam
2442 1038 2498 1075 in-

1424 1087 1646 1137 telligimus,
1676 1099 1762 1125 cum
1791 1088 1829 1125 in
1861 1089 1945 1125 Deo
1978 1089 2083 1125 Deus
2111 1089 2207 1126 insit.
2228 1110 2252 1117 -
2274 1090 2497 1128 Secundum

1426 1140 1541 1178 etiarn
1570 1137 1783 1188 relationes,
1813 1141 2059 1179 manifestum
2086 1149 2142 1179 est
2161 1143 2268 1190 quod
2286 1155 2409 1180 unum
2429 1157 2499 1193 op-

1424 1194 1639 1243 positorum
1666 1194 1823 1231 relative
1852 1202 1909 1231 est
1936 1193 1975 1232 in
2003 1196 2121 1232 altero
2151 1196 2365 1233 secundum
2393 1197 2499 1235 intel-

1424 1248 1578 1284 lectum.
1598 1269 1623 1276 —
1644 1248 1866 1285 Secundum
1897 1248 2082 1296 originem
2108 1248 2235 1296 etiarn,
2255 1250 2499 1288 manifestum

1427 1308 1482 1338 est
1510 1301 1614 1350 quod
1641 1301 1839 1350 processio
1863 1301 1973 1339 verbi
2000 1301 2239 1350 intelligibilis
2258 1314 2339 1339 non
2367 1311 2423 1341 est
2449 1304 2500 1342 ad

1427 1362 1531 1391 extra
1558 1353 1595 1401 β,
1631 1354 1700 1391 sed
1734 1362 1865 1391 manet
1897 1354 1935 1391 in
1969 1354 2129 1392 dicente.
2168 1355 2211 1393 Id
2245 1355 2360 1394 etiam
2392 1356 2500 1407 quod

1425 1408 1546 1444 verbo
1581 1407 1733 1455 dicitur,
1768 1408 1806 1445 in
1834 1408 1955 1445 verbo
1995 1408 2218 1446 continetur.
2238 1430 2262 1437 —
2283 1407 2333 1447 Et
2361 1410 2498 1448 eadem

1427 1461 1521 1498 ratio
1552 1468 1607 1498 est
1635 1461 1683 1498 de
1713 1460 1855 1510 Spiritu
1883 1462 2037 1499 Sancto.

1479 1516 1539 1551 An
1577 1526 1714 1551 PRIMUM
1747 1526 1846 1551 ERGO
1879 1526 2065 1552 Dicnunum
2098 1515 2203 1564 quod
2239 1527 2283 1553 ea
2322 1528 2423 1564 quae
2458 1516 2500 1555 in

1428 1567 1607 1604 creaturis
1636 1575 1740 1615 sunt,
1770 1580 1849 1605 non
1879 1568 2112 1605 sufficienter
2140 1576 2427 1618 repraesentant
2453 1581 2500 1608 ea

1429 1633 1526 1670 quae
1555 1620 1628 1658 Dei
1656 1628 1755 1658 sunt.
1785 1622 1835 1658 Et
1862 1621 1950 1658 ideo
1979 1621 2194 1659 secundum
2222 1622 2370 1659 nullum
2390 1627 2406 1650 ⁷
2435 1635 2499 1660 eo-

1428 1687 1514 1711 rum
1533 1674 1742 1711 modorum
1763 1686 1861 1723 quos
1880 1674 2137 1724 Philosophus
2156 1683 2365 1723 enumerat,
2382 1675 2500 1714 Filius

1429 1735 1485 1765 est
1502 1727 1542 1765 in
1561 1728 1685 1775 Patre,
1701 1735 1767 1764 aut
1786 1740 1807 1764 e
1828 1740 2029 1765 converso.
2050 1728 2210 1766 Accedit
2228 1736 2358 1766 tamen
2377 1729 2499 1778 magis

1428 1782 1477 1818 ad
1505 1781 1581 1818 hoc
1609 1781 1751 1818 modus
1779 1780 1863 1824 ille‚·
1885 1781 2100 1818 secundum
2128 1793 2247 1840 quem
2276 1781 2417 1831 aliquid
2446 1782 2500 1821 di-

1428 1834 1523 1871 citur
1543 1846 1626 1871 esse
1645 1834 1685 1870 in
1703 1833 1891 1893 principio
1917 1833 2147 1882 originante:
2178 1834 2250 1871 nisi
2269 1835 2376 1884 quod
2395 1835 2502 1886 deest

1426 1887 1551 1925 unitas
1581 1886 1776 1934 essentiae,
1797 1886 1836 1924 in
1856 1887 1970 1924 rebus
1991 1886 2135 1935 creatis,
2156 1886 2253 1925 inter
2269 1887 2500 1961 principium

1429 1949 1464 1978 et
1491 1940 1531 1978 id
1559 1940 1666 1990 quod
1695 1947 1751 1977 est
1779 1953 1801 1977 a
1828 1940 2028 1989 principio.
2182 1959 2185 1961 ·

1480 1995 1540 2031 An
1560 2005 1752 2031 SECUNDUM
1772 2005 1958 2031 mensuum
1978 1993 2083 2042 quod
2105 1993 2225 2032 exitus
2245 1993 2328 2032 Filii
2347 2007 2370 2032 a
2388 1995 2500 2033 Patre

1428 2055 1484 2085 est
1499 2047 1712 2085 secundum
1728 2047 1892 2084 modum
1906 2046 2163 2096 processionis
2176 2047 2376 2096 interioris,
2387 2053 2503 2098 prout

1427 2101 1592 2139 verbum
1614 2100 1687 2137 exit
1707 2112 1729 2137 a
1749 2100 1877 2148 corde,
1899 2107 1936 2137 et
1954 2107 2084 2138 manet
2098 2100 2137 2138 in
2158 2113 2216 2138 eo.
2247 2101 2361 2139 Unde
2381 2101 2502 2140 exitus

1426 2154 1495 2192 iste
1523 2153 1562 2191 in
1592 2153 1729 2191 divinis
1759 2161 1814 2191 est
1841 2153 2056 2191 secundum
2076 2154 2200 2192 solam
2220 2153 2501 2194 distinctionem

1428 2207 1677 2253 relationum;
1706 2219 1786 2244 non
1805 2206 2018 2244 secundum
2039 2207 2279 2246 essentialem
2303 2208 2472 2258 aliquam
2486 2204 2502 2231 ⁸

1429 2260 1657 2298 distantiam.

1481 2314 1540 2350 AD
1569 2324 1729 2349 TERTIUM
1757 2324 1941 2350 monimum
1961 2312 2066 2362 quod
2086 2314 2199 2351 Pater
2227 2321 2264 2350 et
2291 2313 2408 2352 Filius
2432 2326 2500 2365 op-

1428 2373 1625 2415 ponuntur
1643 2365 1855 2402 secundum
1883 2365 2098 2414 relationes,
2119 2378 2198 2403 non
2217 2374 2347 2404 autem
2366 2379 2501 2405 seeun-

1429 2420 1522 2457 dum
1552 2418 1765 2456 essentiam.
1795 2419 1845 2455 Et
1872 2426 2002 2456 tamen
2024 2419 2289 2468 oppositorum
2309 2420 2465 2458 relative
2488 2428 2500 2445 ⁸

1429 2484 1551 2510 unum
1582 2479 1638 2509 est
1664 2471 1703 2509 in
1731 2471 1861 2519 altero,
1891 2479 1933 2508 ut
1961 2471 2105 2510 dictum
2135 2480 2191 2510 est
2208 2471 2240 2510 *.

1483 2586 1507 2619 ὃ)
1523 2587 1688 2611 essentialem
1702 2586 1829 2618 aliquam.
1843 2599 1862 2604 —
1875 2585 1993 2618 aliquam
2008 2586 2144 2619 aequalem
2159 2587 2189 2616 B,
2202 2587 2321 2620 aliquam
2335 2587 2501 2615 essentialem

1429 2623 1521 2653 ceteri;
1540 2622 1659 2654 aliquam
1673 2629 1728 2647 om.
1745 2628 1771 2646 a.

1482 2658 1505 2691 ε)
1524 2657 1645 2683 relative.
1662 2671 1680 2676 -
1699 2656 1830 2682 relatione
1848 2657 1878 2683 P.

989 2776 1322 2810 Commentaria
1346 2775 1597 2810 cardinalis
1620 2775 1820 2809 Caietam

365 2872 472 2893 nutus
497 2861 597 2892 clarus
624 2867 680 2892 est.
700 2879 720 2883 -
743 2861 778 2891 In
794 2871 926 2902 corpore
950 2861 1045 2892 unica
1061 2868 1107 2892 est
1128 2861 1302 2899 conclusio,
1320 2861 1373 2892 ha-

307 2875 441 2937 Tbens
465 2913 526 2937 tres
556 2912 677 2946 partes:
707 2905 798 2936 Pater
827 2913 872 2936 est
900 2905 932 2936 in
961 2905 1062 2943 Filio,
1095 2912 1126 2937 et
1155 2915 1172 2937 e
1201 2915 1372 2942 converso,

305 2951 481 2982 secundum
501 2950 667 2981 essentiam
687 2956 717 2980 et
735 2949 920 2980 relationem
939 2956 969 2981 et
988 2950 1153 2991 originem.

367 2995 482 3032 Quoad
494 2996 637 3035 primam
648 2999 789 3034 partem,
807 2995 959 3034 probatur
980 2994 1033 3025 sic.
1052 2993 1195 3025 Essentia
1209 2994 1310 3025 Patris
1329 3000 1375 3025 est

306 3040 338 3070 in
354 3039 448 3069 Filio:
475 3049 548 3079 ergo
569 3039 660 3069 Pater
676 3045 722 3069 est
737 3038 770 3068 in
786 3038 878 3069 Filio.
891 3055 913 3062 -
925 3039 1123 3069 Antecedens
1139 3038 1372 3069 manifestatur:

307 3083 381 3124 quia
397 3084 486 3114 Pater
502 3082 717 3113 communicat
736 3082 904 3113 essentiam
923 3083 1004 3113 Filio
1020 3083 1140 3124 absque
1154 3083 1260 3124 aliqua
1276 3089 1374 3114 trans-

307 3127 491 3158 mutatione.
510 3126 747 3168 Consequentia
769 3136 844 3157 vero
864 3127 1034 3167 probatur:
1055 3127 1130 3168 quia
1145 3127 1237 3159 Pater
1256 3134 1302 3158 est
1317 3137 1375 3158 sua

308 3171 448 3202 essentia.
461 3189 480 3194 -
493 3171 534 3202 Et
550 3171 700 3207 similiter,
714 3181 730 3201 e
746 3181 910 3209 converso,
924 3171 1057 3202 essentia
1072 3171 1143 3202 Filii
1159 3178 1206 3202 est
1221 3171 1254 3201 in
1268 3172 1372 3202 Patre:

308 3226 382 3255 ergo
406 3215 504 3245 Filius
529 3222 574 3246 est
593 3215 625 3245 in
648 3216 747 3251 Patre,
772 3214 848 3256 quia
871 3215 969 3246 Filius
994 3222 1040 3246 est
1063 3225 1120 3246 sua
1139 3216 1281 3247 essentia.
1299 3232 1318 3239 -
1334 3215 1375 3246 Et

308 3259 511 3290 confirmatur
530 3259 713 3290 auctoritate
732 3258 854 3290 Hilarii.

366 3304 403 3334 11.
429 3303 519 3334 Circa
542 3303 623 3334 hanc
646 3310 768 3343 partem
792 3303 917 3340 adverte
941 3303 1017 3334 duo.
1041 3303 1185 3335 Primum
1205 3310 1260 3341 est,
1285 3304 1375 3345 quod

308 3348 431 3378 Patrem
455 3357 521 3378 esse
545 3347 577 3377 in
601 3347 682 3378 Filio
706 3347 826 3378 ratione
853 3347 1015 3385 essentiae,
1035 3355 1140 3388 potest
1162 3347 1293 3388 intelligi
1316 3347 1374 3378 du-

309 3391 437 3431 pliciter.
462 3392 536 3422 Uno
567 3392 683 3428 modo,
708 3392 797 3432 quod
820 3391 888 3431 ipsa
912 3391 1044 3422 essentia
1073 3393 1250 3423 secundum
1273 3402 1305 3422 se
1336 3391 1376 3422 sit

309 3435 387 3465 ratio
408 3435 527 3465 essendi
547 3435 579 3465 in
599 3435 696 3471 Filio;
721 3436 997 3476 quemadmodum
1023 3436 1157 3468 dicimus
1177 3436 1267 3478 quod
1284 3436 1376 3468 Pater

308 3478 452 3518 intelligit
466 3479 586 3509 ratione
603 3479 763 3510 essentiae.
785 3480 825 3510 Et
839 3479 889 3510 hic
909 3489 1018 3510 sensus
1036 3480 1156 3511 alienus
1171 3487 1217 3512 est
1232 3491 1250 3511 a
1269 3487 1374 3511 mente

309 3522 471 3553 Auctoris:
496 3523 538 3553 sic
562 3523 647 3553 enim
670 3524 791 3564 optime
822 3530 1018 3564 sequeretur,
1044 3534 1123 3566 ergo
1146 3525 1250 3556 Filius
1273 3529 1320 3556 est
1343 3525 1374 3555 in

309 3567 393 3597 Filio
401 3574 413 3603 ;
436 3566 515 3596 sicut
546 3567 704 3607 sequitur,
730 3578 809 3609 ergo
842 3568 946 3599 Filius
970 3569 1130 3610 intelligit.
1157 3569 1231 3600 Alio
1255 3569 1374 3605 modo,

310 3610 398 3651 quod
418 3610 557 3646 essentia,
578 3618 613 3642 ut
632 3621 695 3642 una
718 3611 751 3642 in
773 3611 927 3652 pluribus,
945 3610 984 3643 sit
1002 3612 1082 3643 ratio
1107 3612 1162 3643 uni
1181 3613 1271 3654 quod
1290 3612 1329 3643 sit
1342 3612 1376 3643 in

1429 2861 1511 2897 ali0;
1536 2860 1814 2902 quemadmodum
1837 2859 1933 2891 etiam
1957 2860 2092 2892 dicimus
2115 2861 2205 2902 quod
2228 2860 2377 2898 essentia,
2409 2867 2446 2892 ut
2465 2860 2503 2893 in

1429 2905 1595 2946 principio,
1613 2911 1660 2936 est
1674 2904 1754 2936 ratio
1769 2904 1948 2945 generandi.
1969 2905 2010 2936 Et
2025 2905 2070 2936 sic
2081 2904 2258 2936 verificatur
2270 2905 2303 2935 in
2320 2904 2499 2946 proposito.

1428 2949 1506 2980 Esse
1529 2949 1615 2980 enim
1638 2948 1671 2979 in
1695 2948 1768 2985 alio,
1786 2959 1860 2979 cum
1882 2949 1948 2980 duo
1973 2949 2082 2990 exigat,
2100 2949 2360 2980 coniunctionem
2384 2955 2415 2980 et
2437 2948 2500 2981 dis-

1428 2993 1615 3026 tinctionem
1634 3000 1858 3030 extremorum,
1876 2993 2043 3034 dupliciter
2061 2993 2231 3034 contingit:
2256 2993 2307 3024 vel
2323 2992 2501 3024 secundum

1428 3038 1594 3074 rationem,
1620 3037 1728 3079 quoad
1752 3037 2005 3075 distinctionem,
2029 3045 2066 3069 ut
2089 3037 2186 3068 deitas
2209 3037 2242 3068 in
2265 3037 2350 3074 Deo,
2376 3044 2407 3069 et
2428 3037 2499 3068 uni-

1429 3082 1587 3113 versaliter
1611 3081 1713 3112 forma
1736 3081 1769 3111 in
1793 3081 1961 3122 supposito
1986 3092 2004 3112 a
2027 3092 2093 3123 quo
2117 3091 2184 3112 non
2209 3081 2412 3122 distinguitur
2434 3091 2500 3112 rea-

1428 3126 1515 3165 liter;
1531 3126 1582 3157 vel
1598 3126 1775 3156 secundum
1791 3135 1868 3157 rem.
1891 3126 1925 3156 ln
1941 3126 2107 3167 proposito
2122 3126 2308 3166 intelligitur
2322 3125 2501 3157 secundum

1429 3181 1513 3207 rem,
1538 3171 1580 3201 ita
1603 3170 1693 3212 quod
1720 3170 1761 3200 ad
1785 3179 1851 3201 esse
1874 3170 1907 3200 in
1930 3170 2067 3201 invicem
2089 3170 2267 3201 divinarum
2291 3179 2501 3211 personarum

1430 3215 1588 3246 concurrit
1599 3221 1630 3245 et
1645 3214 1736 3245 realis
1753 3214 1859 3245 alietas
1876 3221 1908 3245 et
1922 3214 2012 3246 realis
2028 3213 2226 3246 coniunctio:
2247 3221 2294 3245 est
2308 3214 2394 3245 enim
2410 3214 2501 3245 Pater

1428 3258 1461 3289 in
1485 3259 1566 3289 Filio
1591 3266 1627 3289 ut
1650 3258 1924 3289 consubstantialis
1953 3258 1986 3289 in
2000 3259 2063 3289 alio
2093 3258 2361 3296 consubstantiali,
2378 3257 2500 3289 ratione

1429 3303 1524 3334 unius
1544 3303 1694 3334 essentiae
1713 3302 1746 3333 in
1765 3310 1913 3344 utroque.

1487 3348 1534 3377 Ex
1553 3347 1614 3378 hoc
1639 3353 1746 3378 autem
1769 3347 1848 3378 scito
1873 3347 2023 3383 secundo,
2049 3347 2138 3387 quod
2162 3357 2228 3377 esse
2247 3346 2280 3377 in
2299 3355 2444 3387 persona,
2464 3352 2502 3378 ut

1430 3392 1529 3422 modo
1553 3391 1735 3442 loquimur,
1763 3398 1809 3422 est
1837 3391 1876 3421 de
1899 3400 2034 3421 numero
2063 3390 2275 3422 notionalium
2306 3390 2498 3427 mixtorum,

1429 3435 1511 3467 sicut
1534 3435 1677 3476 potentia
1699 3434 1883 3476 generandi:
1908 3434 2062 3475 quoniam
2082 3435 2199 3466 claudit
2222 3435 2255 3465 in
2274 3445 2306 3465 se
2327 3434 2499 3465 distinctio-

1430 3489 1504 3510 nem
1524 3489 1733 3520 personarum
1749 3485 1779 3509 et
1795 3478 1950 3509 unitatem
1974 3479 2134 3510 essentiae.
2160 3479 2201 3510 Et
2226 3485 2402 3520 propterea,
2418 3478 2499 3508 sicut

1429 3523 1462 3554 in
1477 3523 1545 3554 aliis
1561 3523 1747 3554 huiusmodi
1763 3522 1875 3554 mediis
1898 3522 1979 3554 inter
2002 3523 2176 3554 essentialia
2193 3530 2223 3554 et
2239 3521 2413 3554 notionalia
2432 3531 2499 3552 non

1429 3568 1512 3598 valet
1535 3574 1757 3608 argumentum
1777 3567 1817 3597 ad
1836 3567 2011 3598 essentialia
2034 3577 2113 3608 pure
2136 3574 2273 3608 sumpta,
2298 3566 2343 3597 im
2359 3575 2417 3596 nec
2435 3564 2496 3595 hic.

1430 3612 1532 3647 Unde,
1551 3611 1631 3642 sicut
1646 3611 1779 3642 essentia
1795 3621 1861 3641 non
1877 3618 2014 3651 generat,
2031 3618 2061 3642 et
2081 3618 2187 3642 tamen
2203 3611 2236 3641 in
2250 3611 2340 3641 Patre
2356 3616 2403 3640 est
2417 3608 2497 3639 ratio
