2768 4178
946 247 965 262 Χ

313 302 388 338 300

311 382 343 411 in
367 389 505 421 genere:
532 378 565 408 in
589 388 655 419 quo
680 377 775 408 etiam
799 378 911 409 erravit
935 378 1024 409 tertia
1048 378 1138 410 ratio.
1165 378 1339 416 Quoniam,
1356 379 1381 408 si

310 431 378 456 tota
406 423 590 454 universitas
621 422 804 453 creabilium
827 429 923 459 esset,
955 430 1058 453 essent
1086 422 1218 463 quidem
1241 422 1382 454 infinitae

311 468 518 510 perfectiones
536 466 688 507 specifice,
706 476 772 497 non
787 473 894 497 tamen
915 474 1018 498 essent
1034 466 1195 497 infinitum
1212 475 1282 497 ens:
1304 477 1382 508 quo-

311 513 398 543 niam
412 519 443 543 et
459 511 591 551 singula,
607 518 638 542 et
657 511 766 541 omnia
785 511 890 548 simul,
907 518 1010 542 essent
1034 511 1117 541 entia
1136 521 1192 551 per
1215 510 1381 552 participa-

311 557 443 588 tionem.
466 556 507 586 Et
530 555 681 592 similiter,
708 555 733 586 si
750 562 831 586 esset
854 555 960 596 aliqua
983 566 1047 586 una
1071 562 1211 586 creatura
1237 555 1381 596 aequiva—

311 602 379 632 lens
403 600 552 631 omnibus
575 599 650 636 illis,
675 610 742 630 non
766 606 846 630 esset
870 599 1010 630 infinitae
1033 599 1236 640 perfectionis
1259 599 1380 640 simpli-

312 645 395 681 citer,
420 644 475 675 sed
497 644 531 675 in
554 654 676 685 genere.
702 644 798 680 Sicut,
824 644 850 674 si
874 651 978 675 essent
1001 643 1123 674 infinita
1146 644 1304 680 animalia,
1327 650 1382 674 aut

311 699 414 720 unum
437 689 555 719 animal
578 688 622 719 eis
645 688 856 730 aequivalens,
884 699 950 718 non
970 694 1153 729 sequeretur
1176 688 1235 718 nisi
1258 687 1381 719 infinita

310 731 461 774 perfectio
477 733 509 763 in
526 743 639 774 genere
658 732 816 763 animalis:
838 739 868 763 et
884 733 927 763 sic
942 732 1073 762 minima
1089 732 1379 773 intelligentiarum,

311 788 386 809 cum
410 777 449 808 sit
471 777 590 808 altioris
610 777 728 808 ordinis
748 777 860 813 forma,
879 784 959 808 esset
974 776 1142 818 perfectior
1158 777 1309 807 omnibus
1325 776 1378 813 eis,

311 828 423 863 utpote
447 822 505 852 sub
529 832 642 862 genere
666 821 821 852 animalis.

364 867 416 897 Ad
428 867 600 897 secundam
617 866 830 897 obiectionem
847 865 969 901 dicitur,
981 865 1070 906 quod
1085 871 1193 904 peccat
1208 864 1378 904 tripliciter.

311 911 430 949 Primo,
449 911 524 952 quia
546 921 713 951 processus
727 910 785 941 iste
801 920 867 941 non
884 916 930 940 est
946 910 985 940 ad
1001 917 1197 939 mensuram:
1223 919 1298 939 cum
1314 918 1380 938 non

312 955 352 986 sit
375 955 415 985 ad
437 955 611 986 terminum
635 955 783 995 aliquem.
800 972 820 976 —
838 954 1001 992 Secundo,
1026 953 1103 994 quia
1125 963 1191 983 non
1216 953 1381 992 distinguit

311 999 392 1030 inter
410 1000 538 1030 totalem
557 1008 757 1039 processum,
783 998 822 1028 de
845 1008 911 1038 quo
937 1004 1043 1029 tamen
1067 1004 1113 1028 est
1136 1004 1204 1028 tota
1219 997 1379 1037 quaestio;

313 1050 343 1074 et
357 1044 505 1084 singulos
514 1044 676 1083 partiales
684 1052 869 1083 processus,
887 1042 925 1072 de
941 1042 1058 1083 quibus
1075 1051 1141 1072 non
1158 1048 1204 1072 est
1219 1041 1379 1082 quaestio;

311 1087 466 1128 quoniam
490 1094 613 1117 constat
635 1086 810 1127 quemlibet
832 1096 899 1117 esse
923 1085 1059 1122 finitum,
1085 1093 1115 1117 et
1134 1086 1174 1116 ad
1197 1095 1381 1116 mensuram

311 1131 519 1167 materialiter,
536 1130 616 1161 idest
632 1131 671 1161 ad
690 1141 758 1161 rem
773 1140 865 1171 quae,
883 1130 908 1161 si
925 1137 1014 1166 esset,
1032 1136 1113 1161 esset
1128 1139 1286 1160 mensura.
1304 1147 1324 1152 —
1340 1130 1381 1160 Et

311 1175 362 1206 hic
378 1182 424 1206 est
439 1176 553 1206 tertius
567 1185 672 1213 error,
689 1175 779 1216 quod
803 1174 920 1205 scilicet
942 1184 1010 1205 non
1029 1174 1194 1214 distinguit
1208 1174 1289 1205 inter
1304 1184 1379 1214 pro-

312 1229 437 1250 cessum
459 1219 502 1250 ad
525 1229 709 1250 mensuram
734 1219 947 1250 materialiter
970 1224 1001 1249 et
1020 1220 1052 1249 in
1063 1219 1222 1259 potentia,
1239 1228 1307 1249 non
1326 1229 1380 1248 na-

310 1264 412 1300 turali,
429 1263 484 1294 sed
507 1263 610 1303 logica
629 1270 659 1294 et
676 1264 794 1299 divina;
820 1270 851 1294 et
870 1273 1055 1294 mensuram
1073 1264 1106 1293 in
1123 1268 1208 1300 actu,
1227 1269 1258 1293 et
1274 1269 1310 1294 ut
1325 1262 1379 1294 sic.

364 1308 471 1338 Tertia
494 1318 626 1348 quoque
649 1308 728 1338 ratio
752 1307 914 1348 tripliciter
938 1313 1026 1338 errat.
1051 1308 1171 1345 Primo,
1192 1306 1268 1348 quia
1290 1313 1381 1347 putat

310 1352 546 1383 universitatem
562 1352 747 1383 creabilium
770 1352 842 1392 plus
857 1361 951 1392 posse
975 1358 1047 1382 actu
1067 1351 1175 1391 accipi,
1195 1361 1294 1392 quam
1310 1351 1380 1382 uni-

310 1397 489 1427 versitatem
513 1407 732 1427 numerorum.
749 1414 769 1418 -
785 1396 947 1435 Secundo,
971 1396 1004 1426 in
1027 1396 1090 1426 hoc
1113 1396 1203 1436 quod
1233 1395 1378 1432 diximus,

310 1442 400 1482 quod
430 1441 616 1482 aequivocat
639 1441 678 1471 de
701 1440 823 1471 infinita
850 1440 1052 1481 perfectione.
1071 1457 1090 1463 -
1112 1441 1218 1471 Tertio
1241 1440 1274 1470 in
1298 1440 1378 1477 hoc,

311 1485 399 1526 quod
429 1495 495 1516 non
518 1485 603 1516 videt
626 1485 715 1526 quod
742 1485 823 1516 infra
852 1484 1014 1516 infinitum
1036 1484 1070 1515 in
1093 1494 1223 1525 genere,
1252 1483 1380 1516 finitum

994 299 1261 346 QUAESTIO
1291 300 1416 347 XXV,
1447 300 1745 336 ARTICULUS
1774 300 1825 336 VI

1438 385 1545 409 autem
1569 378 1766 419 simpliciter,
1795 385 1899 419 potest
1921 379 1956 409 in
1978 378 2139 410 infinitum
2162 379 2292 419 procedi
2313 379 2508 421 simpliciter.

1438 423 1536 460 Quod
1561 429 1607 453 est
1629 423 1798 454 intentum.

1491 468 1612 505 Quarta
1635 474 1743 498 autem
1766 474 1884 508 peccat,
1909 467 1990 498 sicut
2013 467 2161 499 secunda.
2186 467 2275 497 Tum
2292 467 2367 508 quia
2385 478 2509 508 proces-

1437 521 1490 542 sus
1514 511 1571 542 iste
1588 511 1693 542 totalis
1717 522 1783 542 non
1808 519 1854 542 est
1869 512 1909 542 ad
1925 511 2080 542 unitatem
2096 518 2126 542 et
2144 511 2333 542 totalitatem
2349 512 2505 543 universi:

1436 555 1511 596 quia
1534 556 1661 586 nullum
1684 556 1779 587 habet
1802 556 1984 592 terminum,
2010 562 2046 586 ut
2068 556 2132 586 iam
2156 556 2278 586 dictum
2302 562 2357 587 est.
2379 574 2400 579 ·-
2419 557 2508 587 Tum

1436 600 1512 640 quia
1535 600 1651 640 singuli
1674 600 1819 640 partiales
1843 610 2009 641 processus
2033 607 2108 631 sunt
2131 601 2170 630 ad
2199 600 2353 631 unitatem
2376 607 2407 631 et
2430 607 2509 632 tota-

1435 644 1556 675 litatem
1580 645 1718 675 universi
1740 645 1868 675 nonnisi
1885 645 1918 675 in
1934 645 2077 685 potentia
2091 644 2195 685 logica
2212 651 2242 675 et
2257 644 2372 676 divina.
2383 662 2404 667 —-
2419 645 2507 676 Tum

1436 688 1511 729 quia
1534 695 1609 719 sunt
1631 689 1670 719 ad
1694 689 1881 719 huiusmodi
1911 689 2067 720 unitatem
2097 696 2127 720 et
2150 689 2338 720 totalitatem
2365 689 2508 720 materia-

1434 732 1513 769 liter,
1531 740 1562 763 et
1577 743 1643 763 non
1659 732 1850 764 formaliter:
1875 743 1942 764 non
1961 734 2047 764 enim
2062 733 2205 774 implicat
2225 733 2507 764 contradictionem

1436 777 1525 817 quod
1549 776 1659 807 fierent
1682 777 1788 817 plures
1813 784 1980 814 creaturae,
2006 778 2125 818 absque
2149 778 2257 818 aliquo
2279 777 2428 808 universo
2451 788 2508 818 per

1438 830 1470 851 se
1494 830 1531 851 ex
1554 821 1598 851 eis
1614 821 1794 852 resultante.

1489 865 1541 895 Ad
1564 864 1710 905 quintam
1733 871 1840 895 autem
1864 872 1950 905 patet
1971 866 2148 906 responsio,
2170 866 2259 906 quod
2282 866 2363 896 illud
2386 866 2507 897 dictum

1435 908 1581 949 Dionysii
1603 908 1789 949 intelligitur
1811 909 1850 939 de
1873 910 2021 940 creaturis
2049 910 2130 941 inter
2152 920 2200 946 se,
2225 917 2255 941 et
2278 920 2344 940 non
2368 911 2407 941 de
2431 921 2506 941 con-

1435 953 1570 983 nexione
1585 952 1666 983 inter
1686 959 1860 984 creaturam
1879 959 1910 984 et
1931 954 2048 984 Deum.
2065 954 2158 985 Unde
2174 964 2241 985 non
2258 955 2349 985 datur
2364 954 2506 995 primum

1435 996 1595 1038 possibile,
1614 997 1834 1027 descendendo
1851 1007 1870 1027 a
1887 997 1973 1034 Deo;
1998 1007 2056 1028 nec
2071 997 2233 1035 ultimum,
2250 999 2449 1030 ascendendo
2466 999 2507 1029 ad

1435 1041 1584 1072 eundem.
1611 1041 1652 1071 Et
1675 1041 1719 1071 sic
1750 1051 1831 1071 vana
1855 1048 1902 1072 est
1924 1041 2086 1082 quaestio,
2111 1049 2219 1072 utrum
2244 1043 2283 1073 sit
2305 1042 2433 1074 finitum
2456 1044 2507 1074 vel

1434 1084 1605 1116 infinitum.
1622 1085 1670 1116 De
1694 1084 1778 1115 facto
1801 1091 1909 1116 autem
1937 1095 2063 1126 semper
2086 1086 2177 1117 datur
2195 1087 2337 1126 primum
2367 1087 2504 1124 factum,

1435 1130 1525 1172 quod
1549 1136 1596 1160 est
1618 1129 1819 1170 perfectionis
1842 1129 1958 1160 finitae.

1488 1174 1580 1205 Sexta
1596 1174 1729 1205 demum
1752 1173 1889 1204 obiectio
1907 1173 2044 1214 seipsam
2067 1173 2227 1205 interimit.
2253 1173 2418 1211 Quoniam
2435 1173 2505 1205 infi-

1436 1218 1501 1249 nita
1517 1218 1664 1249 distantia
1687 1228 1724 1248 ex
1742 1217 1896 1249 infinitate
1919 1218 2046 1249 alterius
2065 1218 2204 1254 extremi,
2221 1218 2315 1249 infert
2330 1218 2510 1250 necessario

1434 1262 1557 1293 infinita
1580 1262 1795 1293 intercidentia
1811 1262 1926 1299 media,
1943 1262 1969 1293 si
1984 1273 2051 1293 non
2075 1269 2157 1299 actu,
2175 1269 2281 1293 tamen
2298 1262 2330 1292 in
2346 1262 2505 1302 potentia;

1435 1313 1471 1338 ut
1487 1307 1652 1338 manifeste
1667 1313 1753 1346 patet
1776 1306 1809 1338 in
1824 1307 1998 1347 quantitate
2022 1307 2189 1343 continua3
2214 1317 2281 1337 non
2298 1307 2383 1337 enim
2402 1313 2508 1347 potest

1434 1351 1567 1392 intelligi
1596 1351 1686 1392 quod
1717 1351 1798 1382 inter
1827 1351 1945 1381 lineam
1968 1350 2126 1382 infinitam
2155 1358 2186 1381 et
2213 1351 2330 1381 lineam
2360 1351 2508 1391 pedalem

1435 1405 1502 1426 non
1526 1395 1650 1436 possint
1672 1395 1855 1426 intercidere
1878 1395 2019 1426 infinitae
2042 1395 2143 1426 lineae
2167 1395 2298 1432 mediae,
2322 1395 2439 1426 scilicet
2461 1394 2508 1425 bi·

1435 1440 1564 1480 pedalis,
1589 1439 1765 1480 tripedalis,
1791 1447 1821 1471 et
1844 1439 1888 1470 sic
1911 1439 1944 1470 in
1967 1439 2138 1471 infinitum.
2164 1440 2257 1471 Unde
2281 1439 2509 1480 consequentia

1435 1484 1528 1515 allata
1551 1483 1630 1515 nihil
1652 1484 1744 1515 valet.
