2696 4094
7 714 9 722 Ι
51 745 65 755 =
80 711 136 766 692,
149 736 203 766 ¹¹⁸3-

110 2627 235 2650 n.·1>id.

84 2659 234 2683 ‚up-V,

1008 191 1278 238 QUAESTIO
1309 168 1350 239 Γ,
1373 193 1671 230 ART1CULus
1703 195 1716 230 1
2439 208 2461 244 7

314 273 374 309 An
403 283 541 309 ramum
571 283 670 309 ERGO
699 283 886 308 moi-:unum
915 271 1033 320 quod,
1060 270 1145 307 licet
1172 283 1216 307 ea
1235 281 1335 319 quae

260 332 348 362 sunt
374 324 508 362 altiora
536 324 703 363 hominis
733 324 959 372 cognitione,
990 336 1069 361 non
1098 323 1171 361 sint
1198 324 1247 361 ab
1267 324 1336 361 ho-

259 378 364 416 mine
382 391 453 428 per
472 379 660 417 rationem
679 377 920 426 inquirenda,
941 385 1030 415 sunt
1047 385 1189 424 tamen,
1207 390 1229 414 a
1248 378 1334 414 Deo

259 433 441 481 revelata,
462 431 705 482 suscipienda
723 443 794 480 per
811 431 942 468 fidem.
965 431 1077 468 Unde
1099 438 1135 468 et
1154 428 1168 454 ε
1190 430 1333 469 ibidem

257 485 480 524 subditur*:
495 486 666 535 plurima
691 496 808 533 supra
826 496 979 521 sensum
998 484 1196 521 hominum
1216 490 1335 521 osten-

258 551 301 576 sa
319 546 408 577 sunt
423 540 499 577 tibi.
526 539 602 593 Et
594 551 632 576 111
651 537 906 576 huiusmodi⁰
925 549 1032 574 sacra
1052 537 1225 575 doctrina
1245 550 1335 575 con-

259 592 364 630 sistit.

311 649 371 684 AD
399 657 592 683 SECUNDUM
619 644 809 682 utcENDuM
837 644 944 704 quod
974 643 1126 681 diversa
1146 622 1240 681 ratio
1272 657 1334 681 co—

257 698 475 748 gnoscibilis
503 704 522 720 ⁷³
555 697 813 736 diversitatem
851 697 1094 735 scientiarum
1129 696 1274 735 inducit
1301 698 1332 735 ²¹².

257 752 436 791 Eandem
465 752 568 790 enim
598 751 888 790 conclusionem
917 751 1188 789 demonstrat?
1217 758 1333 788 astro-

255 806 366 855 logus
395 813 432 843 et
459 805 652 854 naturalis,
681 813 775 855 puta
803 804 911 854 quod
938 812 1037 842 terra
1062 813 1118 842 est
1147 805 1332 842 rotunda:

311 937 336 970 ξ)
355 941 390 963 et.
408 951 427 956 -
443 937 508 963 Om.
522 938 552 963 Β.
570 951 590 956 -
607 937 659 962 Pro
677 936 824 967 hominum,
844 937 959 962 hominis
978 937 1100 963 ABCDE.

312 973 339 1006 ο)
358 973 385 999 in
404 973 566 999 huiusmodi.
584 987 603 992 -
620 980 659 998 ex
677 972 718 998 his
737 973 772 1003 C,
791 973 818 998 in
837 973 878 998 his
897 973 974 998 ceteri
994 978 1019 998 et
1036 974 1088 998 ab.

311 1009 341 1042 π)
360 1008 554 1043 cognoscibilis.
571 1023 591 1028 -
609 1008 649 1034 rei
666 1008 852 1042 cognoscibilis
871 1009 902 1033 D.

311 1044 336 1078 ρ)
357 1044 532 1070 demonstrat.
550 1058 569 1063 -
587 1043 775 1070 demonstrant
793 1044 940 1069 ACDEF'G.

1390 271 1458 308 sed
1482 272 1695 320 astrologus
1722 285 1792 321 per
1820 274 1993 311 medium
2018 274 2343 322 mathematicum,
2366 275 2463 312 idest

1389 336 1412 361 a
1431 325 1590 362 materia
1618 326 1850 363 abstractum
1869 333 1904 371 ⁶3
1935 327 2114 364 naturalis
2143 336 2272 365 autern
2291 340 2362 377 per
2381 341 2461 366 me-

1390 377 1495 415 dium
1534 378 1632 416 circa
1665 379 1862 416 materiam
1892 380 2188 418 consideratum.
2223 381 2335 418 Unde
2370 382 2462 419 nihil

1387 431 1566 480 prohibet
1586 431 1633 469 de
1659 432 1805 470 eisdem
1826 433 1938 470 rebus
1952 439 1978 480 f,
2005 433 2052 471 de
2069 434 2206 483 quibus
2225 430 2461 484 philosophi-

1389 497 1456 521 cae
1476 485 1696 534 disciplinae
1725 493 1885 523 tractant
1908 487 2121 524 secundum
2150 488 2255 536 quod
2284 495 2372 524 sunt
2399 501 2462 525 co-

1387 538 1610 586 gnoscibilia
1645 539 1791 576 lumine
1829 540 2007 577 naturalis
2049 540 2229 588 rationis,
2273 548 2310 577 et
2347 541 2460 578 aliam

1388 591 1587 629 scientiam
1610 599 1772 629 tractare
1800 593 2015 630 secundum
2044 594 2150 642 quod
2179 602 2462 642 cognoscuntur

1387 645 1534 682 lumine
1572 645 1725 683 divinae
1764 646 2008 684 revelationis
2044 646 2076 684 ²¹².
2120 647 2232 684 Unde
2269 647 2462 695 theologia

1388 711 1486 747 quae
1515 698 1565 736 ad
1590 711 1738 736 sacram
1768 699 1981 737 doctrinam
2002 706 2015 720 ⁹
2043 699 2219 749 pertinet,
2250 699 2377 743 differt
2404 713 2461 738 se-

1388 752 1559 800 cundum
1579 764 1700 800 genus
1720 752 1768 789 ab
1788 752 1850 789 illa
1877 753 2069 801 theologia
2098 762 2197 801 quae
2226 766 2314 802 pars
2338 753 2461 802 philo-

1387 805 1548 854 sophiae
1575 805 1731 854 ponitur
1749 805 1780 842 *.

1439 938 1464 970 c)
1484 937 1554 962 idest
1572 945 1590 962 a
1609 938 1724 962 materia
1742 938 1915 963 abstractum.
1934 951 1952 956 -
1971 937 2040 962 idest
2059 945 2112 963 om.
2131 939 2161 963 B.

1438 974 1463 1005 τ)
1484 973 1571 998 rebus.
1589 986 1608 992 -
1627 973 1688 998 Om.
1709 973 1738 998 C.

1384 1044 1428 1068 ΑΒ
1438 1008 1463 1041 υ)
1483 1008 1644 1034 doctrinam.
1662 1022 1682 1027 —
1698 1009 1862 1041 scripturam
1882 1009 1912 1038 Α,
1932 1017 1985 1034 om.
2006 1006 2040 1034 G.
2053 1023 2070 1028 -
2089 1010 2140 1034 Pro
2154 1009 2348 1044 philosophiae,
2369 1009 2459 1041 ph’ice

938 1139 1273 1173 Commentariis
1297 1138 1549 1172 Cardinalis
1572 1140 1775 1173 Caietam

260 1263 262 1267 ,
327 1239 540 1274 timlffhuius
563 1239 659 1280 primi
683 1238 822 1274 articuli,
846 1245 908 1270 tres
931 1237 1084 1268 terminos
1111 1245 1196 1268 nota.
1221 1237 1329 1268 Primo

259 1249 323 1326 1ss
287 1283 573 1326 lynecessarium.
596 1282 773 1323 Dupliciter
795 1282 882 1313 enim
905 1282 1043 1313 sumitur
1062 1282 1090 1312 V
1107 1282 1292 1322 Metaphys.
1298 1280 1329 1311 *;

221 1336 229 1348 ’
257 1328 465 1370 simpliciter,
490 1335 521 1359 et
543 1327 588 1359 ad
606 1327 724 1369 finem
757 1327 819 1358 Hic
842 1326 979 1358 sumitur
1002 1327 1143 1358 secundo
1175 1326 1287 1357 modo.
1312 1343 1330 1348 -

223 1393 230 1400 -
256 1371 405 1414 §amado
424 1372 458 1414 ly
470 1373 628 1414 physicas
642 1369 659 1386 *
673 1371 868 1412 disciplinas.
881 1370 1059 1412 Dupliciter
1074 1380 1215 1412 namque
1235 1370 1332 1401 scien-

255 1416 300 1456 tia
316 1423 428 1459 potest
451 1416 513 1448 dici
536 1416 668 1458 physica
691 1426 747 1447 seu
771 1415 932 1452 naturalis,
957 1415 1047 1457 quod
1062 1415 1150 1446 idem
1173 1422 1232 1446 est:
1250 1415 1331 1446 obie-

221 1461 357 1503 ‚gaug
364 1468 395 1496 et
410 1460 455 1493 sic
466 1467 514 1492 est
529 1471 594 1492 una
603 1470 684 1501 pars
701 1460 859 1497 scientiae,
880 1460 1036 1497 distincta,
1054 1460 1096 1491 Vl
1116 1460 1330 1501 Metaphys„
1303 1458 1320 1478 *

221 1511 367 1546 ’φησι
389 1500 648 1538 mathematicam
672 1511 704 1536 et
725 1505 991 1556 metaphysicam;
1017 1511 1048 1536 et
1070 1504 1232 1545 effective,
1257 1503 1332 1545 quia

255 1550 436 1589 mundum
449 1560 482 1581 se
498 1557 573 1581 nata
588 1556 636 1581 est
658 1559 726 1580 esse
741 1560 760 1580 a
778 1549 936 1600 principio
959 1549 1094 1581 naturali
1117 1549 1331 1584 scientiarum,

255 1594 336 1627 idest
349 1594 473 1626 lumine
489 1594 667 1626 intellectus
682 1594 814 1635 agentis.
827 1594 868 1625 Et
883 1593 927 1625 sic
942 1593 1147 1645 distinguitur
1158 1594 1331 1634 physicum

257 1645 368 1678 mua
389 1639 651 1681 supernaturale.
675 1639 716 1670 Et
738 1639 801 1670 hoc
825 1639 926 1670 modo
950 1638 1088 1670 sumitur
1103 1638 1137 1669 in
1153 1638 1332 1689 proposito,

255 1683 321 1725 {fi
327 1683 478 1726 physicae
502 1683 686 1725 disciplinae
709 1683 912 1724 appellantur
935 1693 1048 1714 omnes
1072 1683 1203 1715 notitiae
1226 1682 1332 1723 acqui-

255 1717 362 1769 sibilet
378 1728 502 1761 lumine
516 1729 704 1760 intellectus.
720 1745 739 1751 -
755 1728 867 1759 Tertio
886 1728 919 1769 ly
935 1729 1035 1759 aliam
1049 1728 1240 1759 doctrinam.
1249 1728 1333 1758 Non

255 1772 334 1814 §ficit
345 1774 527 1812 seientiam,
550 1774 730 1815 opinionem
745 1779 801 1804 aut
805 1773 930 1814 fidem
953 1773 1043 1813 quod
1057 1773 1137 1803 bene
1153 1772 1334 1803 notandum

221 1840 228 1847 -
257 1826 343 1859 eppe,
365 1817 400 1851 in
423 1818 600 1849 dubitando
619 1818 783 1858 apparebit
798 1817 824 1849 *.

221 1879 225 1881 -
262 1875 263 1878 ¹
298 1861 355 1902 ull.
369 1862 405 1894 In
421 1872 556 1904 corpore
579 1870 653 1894 sunt
676 1863 760 1893 duae
775 1861 998 1893 conclusiones
1014 1861 1217 1902 responsivae
1237 1870 1334 1902 quae-

255 1906 528 1949 n‘tonffirmative.
552 1907 664 1938 Prima
688 1913 751 1938 est:
776 1906 998 1938 Necessarium
1022 1913 1068 1937 est
1095 1906 1136 1936 ad
1157 1906 1334 1936 humanam

254 1950 402 1994 ndum,
420 1962 488 1984 esse
505 1951 683 1983 doctrinam
698 1961 754 1992 per
769 1950 996 1982 revelationem
1010 1957 1173 1990 acceptam
1194 1951 1233 1981 de
1249 1950 1334 1980 mul-

201 2019 207 2026 .
255 1995 297 2038 tia
310 2005 395 2038 quae
412 1997 590 2028 humanam
609 1996 765 2027 rationem
789 1995 953 2027 excedunt.
966 2012 984 2018 —
996 1995 1144 2026 Secunda
1160 2001 1207 2026 est
1220 1994 1253 2024 *ε
1270 1995 1333 2025 Ne-

257 2042 430 2083 cessarium
452 2048 500 2073 est
522 2041 563 2072 ad
585 2040 763 2072 humanam
791 2040 942 2076 salutem,
975 2049 1042 2070 esse
1070 2039 1249 2070 doctrinam
1278 2049 1335 2079 per

256 2084 485 2122 revelationem
512 2086 551 2117 de
575 2084 624 2116 his
648 2095 731 2126 quae
761 2084 799 2115 de
830 2085 901 2115 Deo
929 2084 1026 2114 etiam
1053 2083 1188 2115 naturali
1212 2084 1333 2116 ratione

149 2161 155 2165 .
255 2130 437 2172 investigari
459 2135 607 2171 possunt.

314 2176 367 2214 111.
393 2178 578 2216 Antequam
603 2174 779 2215 probentur
806 2172 1045 2208 conclusiones,
1073 2172 1113 2202 ad
1144 2173 1335 2203 evidentiam

257 2218 466 2254 distinctionis
482 2226 514 2251 et
529 2218 735 2250 sufficientiae
752 2218 1009 2253 conclusionum,
1027 2224 1103 2248 nota
1120 2217 1199 2248 duas
1220 2217 1333 2248 distin-

258 2261 391 2297 stiones.
414 2265 526 2297 Prima
549 2270 597 2295 est
619 2273 657 2294 ex
673 2263 685 2294 1
705 2263 827 2294 Contra
846 2262 999 2300 Gentiles,
1015 2272 1084 2303 cap.
1101 2272 1146 2293 111.
1164 2262 1240 2293 Duo
1260 2269 1335 2293 sunt

256 2317 373 2352 genera
395 2308 661 2350 cognoscibilium
685 2308 725 2339 de
747 2308 818 2339 Deo
840 2306 1074 2358 principaliter:
1099 2307 1258 2347 quaedam
1282 2307 1334 2337 de-

257 2354 491 2390 monstrabilia;
516 2353 675 2395 quaedam
698 2362 766 2384 non
789 2352 850 2383 nisi
873 2362 930 2392 per
962 2351 1189 2382 revelationem
1216 2361 1335 2392 cogno-

258 2399 388 2433 scibilia.
402 2399 465 2430 Ista
480 2405 556 2430 sunt
569 2397 710 2429 Trinitas
725 2397 949 2432 Personarum,
967 2396 1130 2427 beatitudo
1152 2396 1244 2427 nobis
1261 2406 1335 2437 pro-

257 2443 604 2481 missa,1ncarnationis
615 2449 647 2474 et
658 2441 902 2482 Redemptionis
916 2440 1080 2483 mysteria:
1091 2441 1145 2472 illa
1159 2451 1234 2472 vero
1250 2449 1334 2478 sunt,

257 2486 366 2521 Deum
390 2498 457 2520 esse
480 2498 598 2524 unum,
623 2487 850 2522 immortalem,
876 2492 933 2517 etc.
959 2485 1094 2517 Ratione
1118 2485 1336 2517 revelabilium

259 2538 400 2570 tantum,
425 2533 530 2574 posita
553 2539 599 2563 est
622 2532 727 2573 prima
749 2530 928 2562 conclusio:
953 2531 1075 2561 ratione
1098 2540 1174 2561 vero
1198 2531 1335 2562 demon·

260 2578 453 2614 stabilium,
478 2576 584 2618 posita
605 2583 653 2608 est
676 2576 827 2607 secunda.
851 2592 870 2598 -
891 2575 1006 2606 Altera
1034 2575 1193 2606 distinctio
1223 2582 1270 2606 est
1300 2586 1337 2606 ex

260 2622 290 2654 V
312 2622 500 2663 Metaphys.
517 2621 534 2641 *
557 2621 777 2652 Necessarium
795 2620 836 2651 ad
851 2619 950 2651 finem
973 2620 1160 2660 dupliciter:
1185 2620 1228 2651 ad
1251 2630 1335 2659 esse,

261 2674 294 2699 et
315 2667 359 2698 ad
381 2667 460 2698 bene
482 2675 560 2697 esse.
577 2666 612 2696 In
628 2665 730 2706 prima
743 2664 949 2696 conclusione
966 2665 1104 2696 sumitur
1123 2665 1336 2696 necessarium

262 2712 369 2754 primo
393 2710 512 2742 modo:
537 2710 570 2741 in
594 2710 742 2746 secunda,
766 2710 909 2740 secundo
933 2709 1045 2740 modo.

319 2756 372 2787 1V.
389 2755 449 2786 His
467 2754 666 2796 praehabitis,
684 2754 837 2795 probatur
853 2754 956 2794 prima
977 2754 1142 2785 conclusio
1166 2764 1203 2784 ex
1225 2754 1337 2785 littera.

262 2798 457 2833 Ordinatum
486 2800 526 2830 ad
553 2799 660 2830 Deum
683 2805 720 2830 ut
742 2798 841 2830 finem
869 2799 1018 2839 ignotum
1041 2798 1162 2829 ratione
1187 2799 1336 2834 naturali,

263 2844 529 2886 consequendum
552 2850 660 2875 tamen
688 2843 818 2884 propria
847 2843 1023 2874 intentione
1051 2850 1082 2874 et
1110 2843 1243 2879 actione,
1269 2850 1339 2883 eget

263 2889 493 2931 supernaturali
517 2888 696 2929 disciplina,
721 2898 785 2929 qua
807 2887 906 2918 finem
929 2895 1102 2928 cognoscat
1130 2893 1161 2918 et
1179 2887 1338 2928 operatio-

262 2944 319 2965 nes
342 2934 375 2965 in
398 2933 492 2965 illum
515 2933 645 2974 din'gat:
670 2933 771 2963 homo
795 2939 842 2963 est
873 2932 1078 2964 huiusmodi:
1104 2942 1189 2973 ergo.
1215 2949 1233 2955 -
1258 2932 1336 2962 Pro-

263 2980 357 3010 batur
380 2978 487 3009 minor
510 2988 547 3009 ex
569 2988 641 3008 thv
665 2987 733 3018 cap.
752 2977 859 3008 Isaiae.
948 2973 952 2977 ”

319 3023 359 3054 V.
385 3022 477 3054 Circa
504 3023 586 3053 hanc
611 3021 851 3053 conclusionem
880 3021 1016 3052 dubium
1046 3021 1152 3052 statim
1184 3021 1337 3057 occurrit,

264 3067 342 3109 quid
357 3067 549 3108 intelligatur
559 3067 611 3097 hic
623 3066 755 3097 nomine
767 3075 884 3097 sacrae
897 3066 1063 3097 doctrinae
1074 3076 1130 3096 seu
1143 3065 1336 3106 disciplinae.

263 3114 331 3142 Aut
354 3111 441 3142 enim
454 3111 648 3151 intelligitur
663 3110 751 3147 fides,
776 3117 831 3141 aut
846 3110 1019 3151 theologia.
1044 3110 1077 3141 Si
1093 3110 1181 3146 fides,
1199 3120 1338 3151 sequun-

264 3162 317 3187 tur
332 3155 399 3186 duo
425 3155 689 3187 inconvenientia.
714 3155 860 3186 Primum
876 3161 932 3191 est,
958 3153 1048 3196 quod
1064 3155 1151 3186 idern
1170 3154 1218 3185 bis
1239 3164 1338 3195 quae-

265 3206 400 3231 reretur:
418 3200 542 3231 namin
562 3201 604 3231 11⁸
628 3201 700 3236 11³⁶,
721 3210 775 3241 qu.
793 3210 825 3235 n,
842 3206 898 3230 art.
918 3200 946 3235 3,
971 3206 1141 3240 quaeretur
1158 3209 1198 3229 an
1214 3199 1339 3229 credere

265 3244 387 3285 aliquid
414 3245 652 3284 supernaturale
676 3245 716 3275 sit
745 3244 959 3275 necessarium
982 3244 1023 3274 ad
1045 3244 1190 3275 salutem.
1221 3243 1338 3274 Secun-

266 3289 346 3320 dum
370 3294 432 3325 est,
456 3289 547 3329 quod
569 3289 742 3331 aequivoce
773 3288 910 3320 sumitur
933 3298 1020 3319 sacra
1048 3289 1191 3319 doctrina
1213 3287 1247 3318 in
1277 3287 1340 3318 hoc

267 3340 298 3364 et
324 3333 357 3364 in
381 3333 586 3374 sequentibus
616 3333 768 3365 articulis:
793 3343 869 3365 nam
889 3339 1013 3363 constat
1035 3333 1125 3374 quod
1147 3332 1181 3362 in
1205 3332 1249 3363 eis
1273 3342 1338 3363 non

265 3377 405 3409 'sumitur
428 3387 487 3418 pro
510 3376 584 3408 fide.
609 3395 628 3404 -·
652 3378 685 3410 Si
716 3378 898 3418 theologia,
924 3384 1110 3418 sequeretur
1129 3377 1231 3418 quod
1260 3375 1339 3407 fides

267 3423 390 3467 absque
410 3421 574 3461 theologia
595 3431 663 3453 non
679 3421 836 3454 sufficeret
860 3423 899 3452 ad
921 3422 1056 3453 salutem
1075 3420 1232 3452 hominis:
1251 3421 1339 3462 quod

267 3473 315 3497 est
337 3461 617 3506 falsum.Seque1a
640 3473 739 3517 patet:
762 3467 838 3508 quia
856 3467 888 3497 in
913 3466 1015 3497 littera
1038 3466 1154 3497 dicitur
1176 3466 1266 3506 quod
1289 3465 1341 3495 illa

268 3511 411 3541 doctrina
427 3517 473 3541 est
495 3511 668 3541 necessaria
683 3511 724 3542 ad
748 3511 883 3543 salutem
903 3511 1089 3542 humanam.
1110 3510 1241 3541 Falsitas
1265 3520 1340 3540 vero

269 3555 492 3596 consequentis
517 3561 547 3586 et
575 3565 612 3585 ex
635 3564 668 3586 se
691 3561 793 3596 patet,
818 3562 848 3587 et
877 3566 914 3586 ex
933 3556 1058 3587 ratione
1081 3555 1113 3585 in
1137 3554 1239 3586 littera
1263 3554 1339 3585 assi-

1384 1243 1479 1276 gnata
1506 1236 1721 1268 convincitur:
1746 1239 1822 1278 quia
1852 1238 1969 1269 scilicet
2000 1238 2102 1268 homo
2133 1245 2239 1278 potest
2269 1238 2461 1269 intentiones

1385 1287 1416 1312 et
1438 1281 1580 1311 actiones
1603 1291 1676 1312 suas
1700 1292 1756 1322 per
1772 1281 1845 1312 fidei
1870 1283 2088 1322 cognitionem
2105 1282 2137 1312 in
2158 1282 2257 1314 finem
2277 1289 2462 1323 supernatu-

1386 1325 1485 1356 ralem
1508 1325 1650 1366 dirigere.

1441 1370 1495 1400 VI.
1519 1370 1571 1401 Ad
1594 1370 1657 1401 hoc
1688 1370 1860 1402 dicendum
1884 1379 1931 1402 est
1960 1371 2050 1412 quod
2079 1380 2165 1402 sacra
2189 1371 2334 1402 doctrina
2357 1381 2461 1412 neque

1386 1414 1524 1445 sumitur
1547 1425 1606 1455 pro
1630 1414 1706 1451 fide,
1724 1422 1760 1446 ut
1776 1415 1980 1455 distinguitur
2003 1422 2114 1446 contra
2128 1415 2338 1456 theologiam
2356 1425 2461 1456 neque

1385 1469 1445 1499 pro
1469 1459 1648 1500 theologia,
1673 1466 1710 1491 ut
1733 1459 1937 1500 distinguitur
1961 1466 2070 1491 contra
2093 1459 2207 1490 fidem:
2237 1460 2293 1490 sed
2323 1460 2462 1491 sumitur

1386 1513 1445 1544 pro
1469 1503 1652 1543 cognitione
1673 1514 1691 1534 a
1706 1504 1776 1535 Deo
1800 1505 1945 1540 revelata,
1971 1504 2036 1535 sive
2060 1503 2235 1535 formaliter
2257 1504 2322 1535 sive
2344 1504 2461 1535 virtua—

1386 1548 1464 1584 liter,
1481 1555 1517 1579 ut
1532 1548 1627 1580 habet
1640 1549 1798 1580 rationem
1810 1549 1994 1589 disciplinae
2011 1555 2042 1580 et
2058 1549 2229 1585 doctrinae,
2247 1548 2461 1579 abstrahendo

1387 1603 1404 1622 a
1428 1592 1550 1623 ratione
1574 1593 1681 1624 crediti
1711 1600 1741 1624 et
1771 1593 1849 1625 sciti.
1880 1593 2032 1634 Cognitio
2057 1593 2143 1623 enim
2174 1603 2238 1634 qua
2267 1603 2398 1633 egemus
2422 1593 2462 1623 ad

1387 1637 1537 1674 salutem,
1562 1644 1660 1678 prout
1683 1648 1701 1668 a
1724 1638 1794 1669 Deo
1824 1638 1957 1669 docente
1980 1638 2014 1668 in
2038 1637 2169 1668 homine
2199 1637 2380 1677 suscipitur,
2406 1637 2461 1667 do—

1387 1681 1486 1712 ctrina
1500 1689 1546 1713 est
1560 1688 1591 1713 et
1606 1682 1781 1722 disciplina,
1801 1682 1887 1714 iuxta
1902 1682 1983 1713 illud
2002 1682 2088 1713 Ioan.
2105 1692 2136 1712 vr
2147 1681 2178 1711 *2
2203 1681 2316 1713 Omnis
2334 1683 2389 1722 qui
2403 1692 2461 1712 au-

1387 1726 1466 1757 divit
1488 1736 1509 1757 a
1532 1727 1631 1757 Patre
1653 1732 1685 1757 et
1706 1727 1826 1765 didicit,
1847 1728 1932 1757 venit
1954 1727 1999 1757 ad
2022 1736 2082 1757 me.
2099 1726 2141 1757 Et
2156 1726 2195 1757 de
2218 1726 2277 1757 hac
2297 1726 2411 1757 dicitur
2426 1726 2460 1757 in

1388 1770 1594 1802 conclusione
1618 1771 1687 1807 hac,
1711 1772 1802 1812 quod
1826 1778 1872 1802 est
1895 1771 2069 1802 necessaria
2091 1771 2131 1801 ad
2154 1770 2298 1801 salutem.
2323 1771 2365 1802 Et
2380 1780 2461 1811 quo-

1389 1815 1475 1846 niam
1492 1815 1634 1856 cognitio
1650 1815 1847 1852 huiusmodi,
1862 1822 1898 1846 ut
1912 1815 2078 1856 disciplina
2093 1821 2140 1846 est
2155 1815 2299 1851 revelata,
2311 1814 2462 1846 abstrahit

1389 1870 1407 1890 a
1430 1860 1551 1891 ratione
1575 1860 1723 1891 credendi
1746 1867 1777 1891 et
1800 1860 1934 1896 sciendi;
1960 1867 1990 1891 et
2007 1870 2025 1890 a
2048 1859 2170 1890 ratione
2194 1859 2320 1890 revelati
2344 1859 2461 1890 forma-

1386 1904 1466 1940 liter,
1491 1904 1572 1935 idest
1594 1905 1627 1935 in
1651 1904 1766 1945 seipso,
1785 1912 1815 1936 et
1838 1904 2021 1940 virtualiter,
2045 1904 2126 1935 idest
2141 1904 2173 1934 in
2198 1903 2263 1934 suis
2279 1903 2459 1944 principiis:

1388 1949 1461 1979 ideo
1484 1948 1547 1980 hoc
1570 1948 1604 1979 in
1626 1949 1710 1985 loco,
1736 1949 1790 1980 ubi
1810 1949 1849 1980 de
1866 1949 2007 1980 doctrina
2024 1948 2158 1980 revelata
2177 1955 2299 1989 praeter
2314 1948 2460 1990 physicas

1387 1993 1569 2034 disciplinas
1593 1993 1769 2034 quaeritur,
1794 1994 1834 2024 ad
1858 1994 1984 2024 nullum
2007 1993 2126 2023 horum
2155 1992 2228 2024 licet
2255 1993 2460 2024 determinate

1388 2038 1586 2068 descendere.

1443 2082 1484 2113 Et
1507 2082 1550 2113 sic
1574 2082 1661 2112 aliud
1685 2066 1859 2113 formaliter
1874 2082 2036 2123 quaeritur
2051 2081 2117 2118 hic,
2143 2087 2173 2112 et
2188 2081 2275 2112 aliud
2291 2088 2462 2122 quaeretur

1388 2126 1519 2157 inferius
1542 2126 1575 2156 in
1605 2126 1647 2156 11³
1670 2126 1743 2156 11³⁶:
1769 2127 1845 2167 quia
1874 2126 1924 2157 hic
1948 2126 1987 2157 de
2011 2125 2167 2162 doctrina,
2192 2125 2236 2156 ibi
2255 2126 2294 2156 de
2317 2126 2459 2157 credere.

1389 2171 1429 2202 Et
1445 2171 1580 2202 univoce
1605 2171 1742 2201 sumitur
1761 2171 1813 2202 hic
1836 2181 1922 2201 sacra
1946 2170 2088 2202 doctrina
2112 2177 2145 2201 et
2165 2170 2198 2200 in
2222 2170 2366 2211 sequenti
2385 2170 2458 2201 arti-

1389 2215 1473 2247 culo.
1498 2216 1564 2246 Nec
1587 2214 1731 2256 sequitur
1761 2215 1851 2256 quod
1873 2215 2036 2255 theologia
2059 2220 2095 2245 ut
2125 2213 2328 2254 distinguitur
2352 2221 2462 2245 contra

1388 2259 1495 2296 fidem,
1516 2260 1557 2291 sit
1571 2260 1758 2296 necessaria;
1784 2259 1839 2290 sed
1862 2259 1952 2300 quod
1967 2258 2129 2299 theologia
2145 2265 2181 2290 ut
2200 2258 2350 2289 abstrahit
2365 2269 2383 2289 a
2398 2258 2461 2290 fide

1389 2312 1419 2336 et
1443 2304 1589 2339 scientia,
1614 2303 1654 2335 sit
1678 2304 1851 2335 necessaria
1880 2305 1920 2334 ad
1948 2304 2097 2340 salutem;
2122 2303 2210 2344 quod
2242 2310 2366 2334 constat
2393 2313 2461 2334 esse

1387 2359 1510 2386 verum,
1534 2355 1665 2390 propter
1687 2348 1844 2380 rationem
1867 2349 1901 2379 in
1923 2348 2025 2379 littera
2049 2347 2249 2388 assignatam.
2273 2348 2340 2378 Nec
2362 2348 2459 2379 valet:

1379 2394 1468 2436 fides
1491 2393 1629 2436 sufficit:
1645 2403 1725 2435 ergo
1741 2393 1903 2434 theologia
1928 2403 1990 2423 non
2008 2393 2204 2433 requiritur:
2219 2398 2290 2422 tum
2305 2392 2461 2433 quoniam

1389 2439 1422 2469 in
1438 2438 1500 2469 fide
1524 2438 1681 2469 clauditur
1704 2437 1875 2478 theologia,
1900 2444 1936 2468 ut
1957 2437 2008 2468 hic
2024 2437 2170 2473 sumitur,
2191 2437 2273 2467 sicut
2295 2437 2413 2467 animal
2427 2437 2462 2467 in

1389 2483 1534 2519 homine,
1551 2490 1621 2514 turn
1638 2482 1793 2523 quoniam
1810 2482 1937 2513 scientia
1949 2482 2036 2518 haec,
2050 2481 2137 2522 apud
2152 2481 2371 2521 Augustinum
2387 2481 2461 2512 XlV

1389 2528 1429 2559 de
1450 2529 1608 2558 Trinitate
1619 2526 1645 2563 *‚
1663 2537 1729 2557 non
1747 2527 1855 2558 solum
1870 2526 1978 2562 nutrit,
2003 2525 2143 2557 defendit
2158 2532 2188 2556 et
2209 2526 2338 2556 roborat
2353 2525 2459 2562 fidem,

1391 2572 1446 2603 sed
1468 2572 1569 2613 gignit
1597 2572 1741 2602 eandem.
1767 2572 1808 2602 Et
1835 2581 1907 2602 vere
1940 2570 1984 2601 sic
2008 2577 2054 2601 est
2077 2580 2114 2600 ex
2137 2576 2225 2610 parte
2254 2570 2460 2601 credibilium.

1391 2617 1484 2648 Fides
1508 2616 1612 2652 enim,
1637 2616 1711 2646 licet
1733 2616 1772 2646 sit
1795 2626 1813 2645 a
1836 2615 1906 2646 Deo
1934 2614 2122 2646 infundente
2155 2614 2396 2645 inclinationem
2423 2615 2463 2645 ad

1391 2661 1594 2697 credendum,
1613 2667 1659 2691 est
1682 2667 1788 2690 tamen
1805 2669 1847 2690 ex
1864 2659 1978 2690 auditu
1989 2669 2052 2700 per
2071 2659 2201 2690 verbum
2220 2659 2341 2690 Christi
2355 2660 2464 2700 quoad

1391 2705 1559 2741 credibilia,
1574 2712 1609 2736 ut
1623 2705 1666 2735 ad
1678 2705 1770 2735 Rom.
1785 2714 1804 2734 x
1821 2704 1963 2740 habetur,
1979 2703 2013 2734 in
2028 2703 2130 2735 littera
2141 2701 2157 2719 *
2172 2710 2203 2734 et
2217 2714 2234 2733 a
2249 2703 2410 2734 s.Thoma
2419 2703 2462 2735 **.

1391 2751 1432 2781 Et
1456 2750 1499 2780 sic
1522 2749 1683 2789 theologia
1700 2749 1856 2780 clauditur
1871 2749 1904 2778 in
1919 2747 1992 2784 fide,
2013 2755 2048 2779 ut
2063 2748 2196 2788 gignens
2215 2758 2295 2778 eam.
2313 2748 2354 2778 Et
2370 2747 2396 2778 si
2413 2748 2462 2778 in-

1392 2795 1524 2825 feratur:
1550 2804 1630 2835 ergo
1653 2793 1783 2834 quilibet
1795 2793 1909 2834 fidelis
1923 2793 2056 2823 adultus
2078 2793 2228 2832 explicite
2250 2792 2383 2823 credens
2405 2799 2462 2823 etc.

1393 2845 1439 2870 est
1471 2839 1656 2879 theologus:
1680 2837 1852 2868 dicendum
1871 2843 1930 2868 ‘est
1965 2837 2054 2878 quod
2085 2847 2151 2867 non
2179 2836 2379 2877 simpliciter;
2409 2837 2463 2867 sed

1392 2883 1548 2924 particeps
1568 2889 1614 2913 est
1629 2882 1809 2922 theologiae
1829 2882 2007 2913 secundum
2023 2881 2102 2922 quid
2126 2888 2194 2917 etc„
2212 2881 2329 2912 scilicet
2352 2891 2464 2912 secun-

1393 2929 1472 2959 dum
1496 2927 1651 2968 principia
1675 2933 1731 2957 etc.

1447 2972 1515 3003 VII.
1540 2971 1631 3002 Circa
1655 2971 1736 3005 hanc
1759 2977 1891 3011 partem,
1913 2977 1959 3001 est
1978 2970 2206 3001 advertendum
2230 2970 2319 3010 quod
2338 2970 2462 3005 Scotus,

1393 3017 1425 3047 in
1449 3027 1459 3047 1
1483 3027 1538 3057 qu.
1562 3015 1691 3055 Prologi
1718 3015 1816 3046 Primi
1843 3015 2102 3052 Sententiarum,
2130 3024 2187 3044 nec
2215 3025 2233 3044 a
2257 3014 2463 3044 conclusione

1393 3071 1450 3092 nec
1464 3071 1481 3091 a
1496 3061 1616 3092 ratione
1629 3059 1801 3091 discordat:
1819 3060 1874 3090 sed
1890 3070 1908 3090 a
1925 3069 2018 3090 causa
2033 3069 2131 3099 quare
2146 3058 2217 3088 finis
2237 3058 2290 3088 ille
2309 3065 2355 3089 est
2371 3058 2464 3088 nobis

1393 3106 1575 3137 naturaliter
1598 3104 1753 3135 occultus.
1774 3105 1842 3135 Nos
1862 3104 1948 3134 enim
1965 3103 2100 3134 dicimus
2116 3103 2204 3144 quod
2223 3103 2295 3133 ideo
2316 3102 2388 3133 finis
2412 3102 2464 3133 ille

1394 3158 1440 3181 est
1463 3150 1555 3181 nobis
1583 3149 1766 3180 naturaliter
1787 3149 1946 3184 occultus,
1963 3148 2039 3189 quia
2054 3155 2100 3178 est
2123 3147 2369 3188 supernaturalis
2392 3146 2464 3178 finis

1393 3195 1518 3225 animae
1548 3201 1689 3224 nostrae:
1722 3201 1752 3224 et
1782 3200 1963 3234 propterea,
1988 3191 2294 3243 'quantumcumque
2328 3191 2464 3232 perfecte

1393 3246 1470 3271 nota
1493 3246 1574 3270 esset
1597 3238 1690 3269 nobis
1713 3245 1825 3269 natura
1849 3244 1974 3268 nostrae
2003 3237 2127 3267 animae
2157 3236 2265 3277 quoad
2289 3235 2463 3271 naturalia,

1394 3294 1561 3325 nunquam
1586 3289 1829 3323 cognosceretur
1844 3283 1903 3312 sub
1920 3282 2041 3312 ratione
2057 3291 2121 3322 qua
2141 3280 2327 3311 ordinatur·
2319 3290 2353 3310 111
2367 3280 2463 3311 talem

1393 3328 1507 3364 finem;
1525 3328 1601 3368 quia
1615 3333 1700 3358 extra
1718 3327 1913 3358 naturalium
1927 3325 2128 3357 latitudinem
2143 3332 2189 3355 est
2200 3331 2267 3355 tam
2281 3324 2353 3355 finis
2365 3335 2464 3365 quam

1393 3373 1447 3404 illa
1463 3373 1586 3403 animae
1602 3371 1692 3402 ratio.
1710 3372 1780 3412 Ipse
1795 3381 1871 3401 vero
1887 3377 1973 3401 tenet
1988 3370 2079 3400 illum
2094 3369 2192 3400 finem
2207 3379 2273 3400 esse
2288 3369 2464 3400 naturalem

1394 3425 1520 3448 nostrae
1551 3416 1693 3452 animae,
1729 3416 1874 3457 quamvis
1908 3414 2185 3455 supernaturaliter
2213 3413 2463 3454 adipiscendum.

1394 3463 1435 3493 Et
1457 3469 1564 3493 tamen
1589 3471 1658 3491 esse
1679 3460 1862 3491 naturaliter
1885 3459 2099 3499 incognitum:
2124 3458 2200 3499 quia
2228 3458 2334 3488 anima
2358 3465 2464 3488 nostra

1395 3517 1461 3537 non
1478 3505 1569 3536 nobis
1586 3505 1767 3536 naturaliter
1783 3511 1830 3535 est
1845 3511 1930 3540 nota,
1948 3503 2058 3534 saltem
2075 3513 2134 3543 pro
2151 3509 2234 3534 statu
2249 3503 2321 3539 isto,
2339 3503 2396 3533 sub
2412 3502 2464 3532 illa

1394 3551 1523 3592 propria
1547 3557 1577 3580 et
1600 3549 1727 3590 speciali
1750 3549 1881 3586 ratione,
1907 3558 1970 3589 qua
1995 3547 2160 3578 ordinatur
2183 3547 2223 3578 ad
2246 3547 2338 3578 illum
2354 3546 2462 3577 finem.

2488 656 2500 666 ‘
2515 655 2542 676 D.
2559 656 2620 683 1067,
2637 662 2691 684 ¹¹54-

2490 804 2498 811 ·
2514 802 2542 823 D.
2558 808 2609 829 1110,
2626 803 2679 831 1156.

2491 1692 2498 1698 ·
2514 1689 2580 1711 Vers.
2595 1695 2630 1717 45.

2490 2531 2498 2538 '
2516 2529 2573 2556 Cap.
2588 2535 2603 2550 1.

2492 2707 2499 2714 ·
2518 2705 2583 2726 Vers.
2600 2711 2630 2732 17.

2493 2734 2511 2741 ·”
2528 2732 2585 2753 [bid.
2602 2732 2652 2752 lect.
2668 2737 2694 2751 11.
