2768 4178
27 848 144 898 {aggii-lu.
153 854 226 871 xxxm
233 864 239 876 ‚

25 1780 152 1831 ᾖξ’-μὲ,
171 1786 241 1809 ηψπ

23 1823 130 1863 proci-as
151 1833 238 1856 nm.

9 1935 14 1940 ’
27 1939 39 1950 ’
47 1922 100 1962 us.
107 1937 148 1966 tx,
156 1943 208 1967 cup.
217 1944 241 1960 x.

27 1995 114 2046 :¹0⁸9-
127 2001 196 2024 mu,
210 1996 241 2018 ιΙ.

32 2740 44 2751 ·
55 2737 124 2761 Vere.
138 2738 160 2761 8.

937 267 1202 313 QUAESTIO
1232 267 1406 314 XXXIV,
1435 267 1731 304 ARTICULUS
1762 268 1775 303 I

2379 263 2451 301 365

740 490 1152 567 QUAESTIO
1190 489 1984 569 TRIGESIMAQUARTA

1079 619 1164 658 DE
1195 618 1479 659 PERSONA
1513 619 1647 658 FILII

1008 733 1052 758 IN
1089 733 1206 758 TRES
1243 734 1517 759 ARTICULOS
1554 735 1714 760 DIVISA

352 849 459 875 EINDE
492 836 812 874 considerandum
843 844 898 873 est
925 837 972 874 de
1002 850 1167 886 persona
1196 838 1277 874 Filii
1301 837 1332 874 ²¹⁶.

351 891 615 928 Attribuuntur
651 897 778 927 autem
817 890 886 927 tria
924 890 1082 927 nomina
1111 890 1226 937 Filio,
1266 890 1334 927 sci-

266 944 352 982 licet
380 944 506 991 Filius,
533 943 707 980 Verbum
737 951 772 980 et
801 945 942 991 Imago.
974 945 1050 981 Sed
1071 943 1163 980 ratio
1185 943 1267 980 Filii
1288 956 1334 980 ex

267 997 412 1035 ratione
440 996 561 1034 Patris
590 996 860 1034 consideratur.
890 997 1000 1034 Unde
1030 1004 1143 1033 restat
1162 996 1333 1034 conside-

268 1050 432 1088 randum
462 1050 509 1087 de
537 1050 666 1087 Verbo
697 1057 733 1086 et
761 1049 940 1098 Imagine.

268 1103 379 1140 Circa
406 1103 578 1140 Verbum
608 1110 841 1151 quaeruntur
867 1102 947 1139 tria.

1442 847 1591 884 Primo:
1621 855 1748 885 utrum
1776 848 1948 884 Verbum
1969 847 2114 885 dicatur
2142 847 2385 885 essentialiter
2413 848 2452 885 in

1497 909 1646 956 divinis,
1675 909 1737 946 vel
1765 909 2024 958 personaliter.

1443 970 1639 1007 Secundo:
1669 978 1797 1007 utrum
1826 970 1871 1007 sit
1898 970 2096 1019 proprium
2125 983 2269 1007 nomen
2298 970 2392 1007 Filii.

1442 1031 1594 1067 Tertio:
1623 1039 1751 1068 utrum
1770 1031 1808 1068 in
1827 1031 1983 1068 nomine
2002 1031 2119 1069 Verbi
2146 1032 2370 1081 importetur
2395 1044 2453 1068 re-

1495 1101 1645 1142 spectus
1674 1093 1722 1131 ad
1752 1101 1950 1131 creaturas.

1084 1210 1402 1252 ARTICULUS
1433 1211 1637 1252 PRIMUS

787 1303 943 1334 UTRUM
967 1302 1146 1334 VERBUM
1169 1302 1213 1332 1N
1236 1302 1392 1333 DIVINIS
1416 1302 1482 1332 SIT
1506 1302 1662 1333 NOMEN
1684 1303 1937 1334 PERSONALE

583 1384 603 1409 1·
623 1383 674 1414 11¹⁶,
693 1390 738 1415 qu.
752 1389 823 1411 xcm,
841 1387 888 1406 art.
907 1389 928 1411 ι,
947 1381 979 1406 ad
999 1388 1028 1411 ας
1049 1381 1058 1404 Ι
1077 1380 1160 1408 sent„
1180 1380 1239 1405 dist.
1258 1388 1334 1410 xxvn,
1353 1388 1398 1413 qu.
1415 1387 1443 1411 11,
1463 1386 1510 1405 art.
1532 1388 1555 1411 2,
1574 1382 1621 1413 qu·
1634 1389 1658 1412 1;
1679 1381 1720 1406 De
1738 1382 1805 1411 Por„
1822 1389 1867 1414 qu.
1885 1389 1924 1414 ιι,
1944 1387 1990 1407 art.
2009 1390 2034 1416 9,
2053 1383 2085 1407 ad
2104 1390 2133 1415 75

1068 1416 1110 1440 De
1133 1416 1222 1446 Ver-it.y
1241 1423 1287 1448 qu.
1298 1423 1332 1445 w,
1352 1420 1398 1440 art.
1419 1423 1449 1447 23
1468 1421 1516 1441 art.
1534 1423 1560 1447 4,
1579 1417 1612 1440 ad
1630 1424 1655 1448 4.

310 1540 345 1555 ,Γ
388 1551 391 1555 ,
460 1520 503 1545 D
531 1519 667 1544 PRIMUM
697 1518 750 1543 src
778 1517 1017 1543 moer-:mrum
1046 1504 1205 1542 Videtur
1227 1503 1333 1553 quod

270 1596 273 1597 γ
308 1553 458 1612 ²⁷2⁸}ss
480 1561 654 1598 Verbum
682 1559 721 1596 in
740 1558 876 1596 divinis
905 1571 984 1595 non
1012 1557 1058 1595 sit
1077 1569 1221 1594 nomen
1249 1569 1334 1606 per-

285 1620 288 1623 “
305 1607 406 1661 fer,
417 1601 449 1661 ’ἦ
462 1614 469 1620 ’
481 1614 623 1651 sonale.
646 1611 817 1649 Nomina
833 1611 936 1648 enim
951 1610 1166 1660 personalia
1179 1610 1333 1659 proprie

276 1671 289 1691 ι’
324 1661 469 1705 2⁹32&
482 1667 658 1704 dicuntur
684 1665 724 1702 in
753 1664 902 1711 divinis,
931 1672 973 1701 ut
1000 1665 1112 1701 Pater
1141 1671 1177 1701 et
1204 1663 1330 1700 Filius.

267 1721 346 1759 Sed
373 1721 539 1758 verbum
573 1718 832 1767 metaphorice
868 1718 1004 1755 dicitur
1034 1717 1073 1754 in
1106 1717 1263 1763 divinis,
1293 1724 1334 1753 ut

267 1773 454 1822 Origenes
483 1773 591 1820 dicit,
620 1784 733 1820 super
759 1772 944 1808 Ioannem
968 1770 1000 1808 ²¹⁶.
1030 1771 1132 1819 Ergo
1168 1770 1333 1807 verbum

267 1839 346 1866 non
374 1834 430 1864 est
455 1826 656 1875 personale
686 1825 724 1861 in
758 1824 906 1861 divinis.

324 1892 359 1918 2.
380 1881 614 1924 PRAETEREA,
644 1877 856 1915 secundum
877 1876 1142 1924 Augustinum,
1171 1875 1209 1912 in
1238 1876 1332 1913 libro

268 1934 314 1972 de
345 1935 381 1971 T
376 1933 448 1970 rin.
468 1932 500 1980 ²³⁶,
528 1933 686 1969 verbum
714 1936 768 1968 est
785 1930 913 1967 notitia
932 1941 1018 1966 cum
1037 1941 1179 1966 amore.
1210 1930 1260 1966 Et
1277 1942 1334 1966 se-

269 1987 439 2025 cundum
466 1986 713 2031 Anselmum,
742 1983 782 2020 in
809 1983 956 2020 Monol.
978 1982 1008 2030 ⁵¹⁶,
1038 1983 1160 2019 dicere
1186 1994 1333 2020 summo

267 2039 415 2090 spiritui
433 2038 525 2076 nihil
542 2038 648 2075 aliud
664 2042 719 2074 est
735 2049 849 2086 quam
870 2036 1070 2086 cogitando
1090 2036 1236 2072 intueri.
1258 2036 1334 2073 Sed

268 2093 401 2132 notitia
430 2099 466 2129 et
493 2091 668 2139 cogitatio
690 2098 726 2127 et
744 2089 896 2127 intuitus
925 2089 963 2126 in
991 2088 1127 2126 divinis
1158 2088 1335 2126 essentia-

269 2147 352 2184 liter
371 2145 557 2183 dicuntur.
587 2145 690 2192 Ergo
718 2144 883 2180 verbum
910 2155 990 2179 non
1010 2141 1142 2179 dicitur
1155 2154 1335 2190 persona-

269 2200 352 2238 liter
370 2205 387 2220 *
414 2199 454 2235 in
483 2197 632 2235 divinis.

325 2254 361 2290 3.
390 2253 623 2297 PRAETEREA,
645 2250 693 2287 de
722 2248 865 2286 ratione
885 2247 994 2285 verbi
1023 2254 1079 2284 est
1102 2248 1207 2296 quod
1225 2247 1335 2284 ›dica-

235 2325 242 2337 ³
270 2313 340 2344 tur.
372 2304 462 2352 Sed,
492 2303 705 2341 secundum
729 2302 957 2339 Anselmum
976 2300 1008 2348 ²¹²,
1037 2300 1132 2337 sicut
1150 2301 1263 2337 Pater
1282 2308 1336 2337 est

269 2358 495 2406 intelligens,
526 2364 563 2394 et
590 2356 706 2393 Filius
735 2362 790 2392 est
822 2354 1042 2402 intelligens,
1073 2361 1108 2390 et
1130 2352 1149 2382 β
1177 2353 1336 2403 Spiritus

271 2413 433 2450 Sanctus
453 2418 508 2447 est
525 2409 754 2457 intelligens;
783 2408 834 2446 ita
852 2409 965 2445 Pater
984 2415 1040 2445 est
1059 2407 1199 2454 dicens,
1221 2407 1336 2444 Filius

271 2473 328 2503 est
356 2464 496 2510 dicens,
519 2471 555 2500 et
583 2462 743 2511 Spiritus
772 2462 934 2498 Sanctus
958 2469 1015 2498 est
1042 2460 1182 2497 dicens.
1213 2461 1262 2496 Et
1290 2460 1336 2496 si-

267 2518 407 2556 militer
430 2516 586 2565 quilibet
605 2527 739 2552 eorum
761 2514 904 2552 dicitur.
934 2514 1037 2562 Ergo
1057 2525 1202 2550 nomen
1228 2513 1336 2549 verbi

273 2570 516 2609 essentialiter
535 2569 670 2606 dicitur
687 2568 727 2605 in
747 2567 894 2614 divinis,
917 2574 953 2603 et
971 2579 1050 2604 non
1077 2566 1334 2615 personaliter.

325 2635 363 2671 4.
391 2624 634 2669 PRAETEREA,
664 2621 767 2658 nulla
794 2632 959 2669 persona
987 2619 1116 2657 divina
1144 2627 1200 2656 est
1226 2620 1334 2656 facta.

273 2677 352 2714 Sed
369 2676 534 2714 verbum
562 2675 634 2712 Dei
654 2683 710 2711 est
732 2673 874 2722 aliquid
892 2673 1051 2710 factum:
1082 2672 1216 2710 dicitur
1235 2673 1336 2709 enim

272 2730 312 2767 in
340 2730 494 2766 Psalmo
524 2727 709 2765 chvl11*:
738 2727 857 2776 Ignis,
885 2726 1048 2776 grando,
1078 2726 1158 2772 nix,
1182 2726 1335 2775 glacies,

271 2783 422 2832 spiritus
448 2781 727 2830 procellarum,
757 2792 855 2829 quae
876 2780 1035 2828 faciunt
1059 2780 1217 2816 verbum
1246 2779 1334 2815 eius.

273 2837 377 2884 Ergo
396 2835 560 2873 verbum
580 2847 659 2871 non
680 2841 734 2871 est
753 2845 897 2870 nornen
910 2833 1110 2882 personale
1130 2832 1168 2869 in
1188 2831 1336 2869 divinis.

328 2890 402 2927 SED
432 2900 578 2925 CONTRA
605 2899 671 2924 EST
699 2886 804 2934 quod
833 2886 921 2923 dicit
943 2885 1189 2934 Augustinus,
1210 2885 1248 2921 in
1267 2885 1335 2922 VIl

274 2943 320 2979 de
351 2943 388 2979 T
383 2942 455 2979 rin.
475 2941 515 2978 *ε
546 2941 650 2977 Sicut
673 2940 792 2976 Filius
820 2940 982 2987 refertur
1013 2939 1065 2976 ad
1089 2940 1257 2984 Patrem,
1287 2938 1337 2974 ita

274 3001 311 3032 et
342 2996 505 3033 Verbum
533 2994 585 3031 ad
611 2994 650 3030 id
675 2994 780 3029 cuius
813 2998 867 3029 est
898 2993 1073 3029 Verbum.
1113 2991 1191 3028 Sed
1225 2991 1337 3028 Filius

275 3055 330 3085 est
354 3059 499 3084 nomen
525 3046 747 3096 personale:
778 3045 866 3094 quia
885 3045 1040 3083 relative
1060 3044 1204 3082 dicitur.
1234 3045 1337 3092 Ergo

274 3109 312 3138 et
337 3101 521 3138 Verbum.

328 3155 553 3191 RESPONDEO
572 3164 757 3189 mCENDUM
785 3151 890 3199 quod
909 3163 1054 3188 nomen
1081 3150 1198 3188 Verbi
1225 3150 1264 3187 in
1284 3150 1337 3187 di-

273 3207 382 3254 vinis,
412 3206 442 3243 si
469 3205 622 3254 proprie
651 3212 840 3250 sumatur,
871 3211 927 3240 est
954 3216 1097 3241 nomen
1125 3204 1337 3252 personale,

1388 1511 1425 1540 et
1451 1505 1554 1541 nullo
1583 1505 1702 1542 modo
1732 1505 1940 1542 essentiale.
1978 1506 2040 1543 Ad
2069 1506 2175 1544 cuius
2203 1508 2452 1556 evidentiam,

1387 1557 1586 1594 sciendum
1616 1565 1671 1595 est
1698 1558 1802 1606 quod
1829 1559 1985 1596 verbum
2014 1559 2204 1608 tripliciter
2231 1561 2386 1610 quidem
2415 1562 2454 1598 in

1388 1610 1499 1647 nobis
1516 1611 1668 1660 proprie
1690 1611 1838 1648 dicitur:
1866 1620 1999 1660 quarto
2020 1620 2148 1649 autem
2167 1615 2298 1661 modo,
2320 1614 2454 1651 dicitur

1388 1664 1596 1712 improprie
1625 1664 1704 1701 sive
1729 1665 1929 1712 figurative
1950 1670 1975 1701 ⁷.
2006 1666 2241 1703 Manifestius
2269 1675 2398 1704 autem
2418 1675 2455 1704 et
2578 1670 2594 1695 Υ

1389 1717 1634 1754 communius
1662 1717 1700 1754 in
1729 1717 1840 1754 nobis
1869 1718 2002 1754 dicitur
2029 1719 2192 1756 verbum
2222 1721 2327 1769 quod
2355 1733 2452 1758 voce

1388 1771 1585 1819 profertur.
1603 1770 1721 1817 Quod
1736 1770 1893 1819 quidem
1909 1772 1957 1808 ab
1972 1771 2136 1808 interiori
2150 1773 2322 1820 procedit
2336 1785 2454 1822 quan—

1388 1831 1470 1860 tum
1499 1824 1548 1860 ad
1577 1823 1654 1860 duo
1683 1836 1782 1872 quae
1806 1823 1844 1860 in
1862 1824 1983 1861 verbo
2005 1825 2178 1862 exteriori
2198 1825 2452 1874 inveniuntur,

1389 1877 1528 1914 scilicet
1554 1889 1632 1914 vox
1650 1876 1744 1925 ipsa,
1766 1884 1803 1913 et
1821 1877 2043 1925 significatio
2063 1878 2172 1915 vocis
2192 1876 2216 1916 δ.
2246 1880 2331 1916 Vox
2351 1879 2454 1916 enim
2579 1884 2593 1909 ὃ

1389 1930 1574 1977 significat
1600 1930 1808 1967 intellectus
1829 1938 2070 1979 conceptum,
2092 1932 2302 1968 secundum
2326 1932 2454 1969 Philo-

1389 1984 1567 2031 sophum,
1588 1982 1627 2019 in
1645 1983 1740 2020 libro
1762 1984 1775 2019 I
1795 1983 2001 2020 Periherm.
2022 1983 2062 2020 *z
2093 1991 2129 2021 et
2155 1984 2292 2021 iterum
2312 1998 2389 2022 vox
2409 1998 2454 2022 ex
2482 1994 2565 2043 “Seff-
2575 2000 2596 2042 ¹1,
2611 2000 2634 2015 n·
2649 2000 2692 2015 2·-

1389 2036 1656 2084 imaginatione
1684 2042 1694 2056 ¹
1721 2036 1912 2085 procedit,
1946 2045 1987 2073 ut
2014 2036 2053 2073 in
2080 2037 2175 2074 libro
2204 2038 2250 2074 de
2275 2038 2416 2075 Anima
2435 2038 2455 2060 ³⁸
2501 2037 2524 2087 '¹
2554 2038 2558 2042 '
2583 2024 2665 2073 {et'n'

1391 2089 1534 2126 dicitur.
1572 2088 1658 2126 Vox
1695 2096 1822 2126 autem
1860 2102 1958 2138 quae
1992 2102 2070 2127 non
2100 2098 2155 2127 est
2187 2090 2453 2139 significativa,
2482 2082 2617 2131 ἦξιᾞίιῐῖἶῗε
2634 2087 2693 2131 lviiil

1389 2143 1555 2179 verbum
1593 2142 1665 2179 dici
1692 2155 1771 2179 non
1797 2150 1934 2191 potest.
1973 2143 2031 2179 Ex
2059 2144 2134 2180 hoc
2162 2156 2251 2192 ergo
2277 2144 2290 2170 ζ
2319 2144 2452 2182 dicitur
2481 2136 2615 2187 ¹³⁰¹'¹v‚¹„¹¹'

1390 2197 1555 2232 verbum
1582 2207 1659 2232 vox
1689 2195 1867 2242 exterior,
1903 2195 1991 2244 quia
2019 2196 2203 2244 significat
2235 2197 2453 2234 interiorem
2581 2190 2592 2201 ’

1391 2249 1528 2285 mentis
1557 2256 1796 2296 conceptum.
1827 2248 1890 2285 Sic
1916 2249 2027 2296 igitur
2049 2249 2174 2298 primo
2208 2257 2244 2286 et
2270 2250 2456 2299 principa-

1391 2302 1472 2338 liter
1509 2301 1663 2338 interior
1700 2301 1836 2338 mentis
1874 2310 2081 2351 conceptus
2108 2303 2270 2339 verbum
2301 2302 2453 2340 dicitur:

1391 2354 1616 2392 secundario
1645 2367 1738 2391 vero
1766 2360 1792 2402 ¹⁰,
1823 2354 1904 2404 ipsa
1931 2367 2008 2391 vox
2035 2355 2220 2392 interioris
2249 2363 2454 2404 conceptus
2580 2369 2595 2392 η

1392 2407 1659 2456 significativa:
1697 2408 1805 2444 tertio
1843 2420 1959 2455 vero,
1989 2408 2071 2456 ipsa
2103 2408 2320 2456 imaginatio
2348 2409 2454 2446 vocis

1391 2462 1555 2498 verbum
1584 2460 1727 2498 dicitur.
1763 2462 1812 2497 Et
1840 2461 1910 2497 hos
1939 2469 2013 2498 tres
2046 2461 2184 2498 modos
2212 2461 2320 2498 verbi
2347 2462 2455 2510 ponit

1391 2515 1655 2550 Damascenus
1674 2513 1706 2560 *,
1726 2514 1764 2550 in
1784 2515 1797 2549 I
1819 2513 1925 2560 libro,
1956 2526 2037 2562 cap.
2058 2526 2118 2550 xm
2138 2512 2161 2560 ⁰,
2193 2514 2321 2551 dicens
2349 2515 2453 2562 quod

1390 2568 1547 2604 verbum
1577 2567 1711 2603 dicitur
1737 2567 1919 2603 naturalis
1947 2567 2147 2604 intellectus
2173 2573 2306 2614 motus,
2325 2579 2454 2605 secun-

1392 2620 1481 2656 dum
1510 2632 1619 2668 quem
1639 2627 1647 2640 ¹
1675 2625 1845 2656 movetur
1871 2625 1907 2655 et
1933 2619 2103 2669 intelligit
2125 2626 2162 2656 et
2178 2621 2327 2670 cogitat,
2355 2621 2457 2657 velut
2584 2631 2591 2646 ι

1392 2673 1461 2710 lux
1497 2678 1533 2709 et
1565 2672 1758 2721 splendor,
1798 2680 1982 2721 quantum
2020 2673 2069 2709 ad
2102 2673 2289 2721 primurn:
2323 2685 2454 2710 rursus

1391 2726 1548 2763 verbum
1576 2731 1631 2762 est
1652 2732 1666 2746 ’²
1694 2725 1795 2773 quod
1820 2737 1899 2762 non
1923 2726 2044 2762 verbo
2072 2726 2280 2774 profertur,
2320 2726 2387 2763 sed
2415 2727 2452 2763 in
2579 2737 2594 2754 κ

1392 2779 1504 2815 corde
1525 2779 1804 2827 pronuntiatur,
1834 2786 2018 2827 quantum
2044 2779 2092 2816 ad
2121 2779 2293 2816 tertium:
2323 2792 2454 2816 rursus

1392 2832 1503 2868 etiam
1531 2833 1688 2868 verbum
1717 2837 1771 2868 est
1795 2831 1973 2881 angelus,
2002 2831 2098 2868 idest
2124 2832 2297 2879 nuntius,
2327 2833 2455 2869 intelli-

1391 2885 1551 2934 gentiae,
1577 2892 1761 2933 quantum
1790 2884 1839 2921 ad
1867 2885 2091 2922 secundum.
2112 2906 2135 2912 -
2156 2885 2300 2922 Dicitur
2327 2893 2454 2922 autem

1392 2938 1590 2986 figurative
1604 2935 1617 2958 λ
1637 2945 1770 2986 quarto
1800 2937 1918 2974 modo
1938 2938 2113 2985 verbum,
2139 2938 2177 2975 id
2206 2938 2311 2987 quod
2333 2939 2454 2975 verbo
2579 2941 2597 2966 λ

1393 2991 1623 3039 significatur
1649 2991 1711 3027 vel
1747 2990 1926 3027 efficitur:
1964 2991 2059 3028 sicut
2097 2991 2365 3028 consuevimus
2401 2991 2454 3028 di-

1394 3056 1499 3090 cere,
1527 3045 1599 3080 hoc
1635 3049 1689 3080 est
1713 3045 1869 3080 verbum
1907 3044 2008 3092 quod
2042 3045 2124 3081 dixi
2156 3044 2238 3090 tibi,
2266 3045 2329 3081 vel
2357 3045 2458 3092 quod

1393 3097 1586 3134 mandavit
1617 3104 1706 3142 rex,
1738 3096 1996 3134 demonstrato
2015 3103 2035 3124 Ι*
2063 3097 2188 3146 aliquo
2222 3097 2320 3134 facto
2349 3097 2455 3145 quod
2581 3110 2600 3135 μ

1392 3150 1511 3187 verbo
1541 3149 1791 3197 significatum
1817 3157 1872 3186 est
1889 3151 1952 3187 vel
1971 3150 2188 3198 simpliciter
2216 3150 2453 3197 enuntiantis,

1393 3204 1454 3240 vel
1483 3202 1597 3239 etiam
1626 3202 1857 3251 imperantis.

2480 2522 2490 2532 ⁸
2500 2521 2535 2541 De
2549 2520 2606 2572 Pige
2622 2520 2691 2543 Orth.

328 3339 355 3371 α)
370 3337 559 3370 personaliter.
576 3351 595 3356 -
611 3337 660 3362 sed
677 3336 854 3362 essentialiter
872 3335 942 3360 addit
959 3335 989 3359 B.

329 3373 355 3406 β)
374 3376 409 3398 et.
425 3387 445 3392 -
463 3373 524 3397 Om.
540 3371 703 3396 ABCDEGa.

327 3409 354 3443 γ)
367 3408 526 3442 figurative.
543 3422 563 3426 —-
573 3407 695 3441 figurate
713 3407 788 3432 ACE.

328 3444 353 3477 δ)
373 3444 452 3469 vocis.
469 3457 489 3463 —
506 3443 567 3467 Om.
586 3443 662 3467 ACE.

329 3481 350 3512 ε)
370 3487 408 3504 ex
426 3478 626 3511 imaginatione.
644 3491 663 3496 -
680 3485 724 3502 ex·
741 3477 936 3511 significatione
958 3477 999 3502 vel
1020 3476 1213 3509 imaginatione
1230 3476 1296 3500 PAB
1315 3481 1341 3500 et

277 3516 317 3541 ed.
333 3516 360 3543 b,
380 3514 413 3539 de
431 3513 626 3547 significatione
643 3512 678 3543 C,
697 3513 892 3546 significatione
911 3513 940 3537 E.

329 3550 355 3583 ζ)
374 3556 448 3582 ergo.
466 3563 485 3567 -
502 3551 591 3573 autem
611 3548 722 3572 codices.

286 3584 288 3586 '
329 3586 356 3618 η)
377 3592 447 3610 vero.
465 3598 484 3603 -
502 3584 563 3609 Om.
582 3583 704 3608 ABCDE.
724 3583 788 3607 Item
806 3588 866 3616 post
885 3583 973 3608 tertio.

331 3619 355 3654 θ)
375 3621 400 3645 in
422 3620 439 3644 I
453 3620 528 3649 libro,
547 3626 606 3651 cap.
618 3626 672 3643 xm.
690 3632 709 3637 -
727 3618 796 3643 Haec
816 3623 841 3643 et
859 3626 926 3651 quae
945 3623 1090 3651 sequuntur
1108 3625 1193 3651 usque
1213 3618 1244 3642 ad
1257 3624 1342 3650 quan-

1392 3337 1449 3358 tum
1468 3334 1504 3358 ad
1522 3334 1665 3358 secundum
1685 3319 1816 3363 inclusive,
1833 3333 1953 3358 omittunt
1966 3333 2126 3366 ACDEFpB.
2146 3333 2276 3358 Omiserat
2295 3334 2370 3359 etiam
2384 3334 2416 3366 G,
2431 3340 2457 3359 et

1393 3370 1444 3394 iam
1463 3369 1601 3401 scripserat
1620 3369 1728 3393 Dicitur
1745 3372 1834 3393 autem
1893 3369 1967 3393 Unde
1986 3369 2266 3402 (ante‘Augustinus);
2285 3370 2332 3394 sed
2350 3369 2390 3394 his
2409 3377 2457 3402 per

1394 3408 1471 3429 vacat
1490 3404 1610 3435 sublatis,
1630 3405 1772 3428 orationem
1795 3404 1904 3429 resumit
1922 3404 1954 3428 ad
1973 3404 1998 3428 in
2020 3405 2037 3429 I
2050 3405 2127 3429 libro.
2144 3418 2163 3423 —
2180 3412 2238 3436 cap.
2257 3412 2302 3429 1111
2320 3412 2374 3429 om.
2395 3405 2456 3430 GsB

1393 3445 1419 3464 et
1438 3440 1570 3508 ἵξςῒενη.
1586 3488 1607 3495 ·-
1623 3474 1695 3507 quod
1712 3474 1744 3499 G.

1447 3511 1471 3542 κ)
1492 3517 1584 3535 rursus
1604 3510 1710 3534 verbum
1729 3513 1777 3535 est.
1794 3523 1814 3529 -
1831 3513 1871 3534 est
1889 3510 1995 3534 verbum
2015 3517 2108 3535 rursus
2120 3514 2160 3535 est
2174 3511 2217 3542 sB,
2237 3510 2344 3535 verbum
2359 3518 2454 3536 rursus

1394 3549 1433 3571 ξεί
1446 3546 1645 3614 ἓαᾷἲςαναΐίνε.
1663 3594 1682 3598 -
1693 3581 1814 3614 figurate
1833 3580 1929 3605 ACEF'.

1448 3617 1476 3650 μ)
1496 3617 1688 3641 demonstrato.
1706 3630 1724 3634 —
1743 3615 1951 3641 demonstrando
1970 3616 1998 3646 B,
2017 3624 2071 3642 om.
2089 3615 2120 3642 F.
2137 3617 2246 3649 -facto
2265 3624 2317 3642 orn.
2336 3617 2412 3641 ACE.
