2768 4178
71 582 80 590 '
88 581 159 602 Num.
165 587 187 606 νς
194 582 282 608 quaest

72 614 128 634 xxx,
144 610 185 628 art.
200 612 221 628 2.

72 759 81 768 ¹
97 758 148 780 Art.
163 763 184 785 3.

146 1118 191 1134 .m.
207 1123 217 1128 -
233 1111 286 1134 Did.

83 1139 88 1143 ”
109 1155 115 1161 .
142 1138 174 1166 V,
190 1145 241 1166 cap.
256 1144 284 1165 n,

75 1172 100 1187 n.
114 1171 144 1186 12.
311 1177 313 1179 ·

75 1194 96 1202 ¹·
113 1192 171 1219 Cap.
182 1197 212 1219 ιιι,
228 1197 286 1212 n.u.

82 2000 242 2050 ἑέῗιξέξὲἰῖῗ.
253 2000 291 2022 F'

83 2427 91 2436 ·
109 2425 134 2447 S.
143 2424 189 2446 Th.
203 2424 282 2447 lect.1.

95 3008 156 3030 *De
171 3008 245 3035 Τνῐηυ
261 3008 300 3030 lib.

94 3034 145 3061 VH,
161 3041 211 3062 cap.
222 3025 252 3057 vi.

308 282 382 330 398

306 370 366 391 nos
394 360 630 399 distinguuntur
657 357 833 388 actualiter:
858 357 913 387 sed
935 356 998 387 hoc
1021 355 1100 386 nihil
1122 354 1156 384 in
1179 355 1248 384 Deo
1279 354 1371 394 ponit

307 404 366 435 nisi
390 404 550 434 relativam
574 401 868 432 denominationem
892 400 971 431 entis
995 399 1134 430 rationis.

367 448 419 478 IX.
444 448 479 477 In
498 446 713 497 responsione
732 446 771 475 ad
794 444 951 485 primum,
982 444 1106 473 adverte
1132 443 1222 483 quod
1245 452 1372 472 summa

306 491 522 532 responsionis
546 490 688 525 consistit
705 489 738 519 in
754 489 825 525 hoc,
851 489 939 529 quod
962 488 1014 518 illa
1038 487 1174 517 maxima
1197 496 1264 516 non
1287 492 1372 517 tenet

308 536 363 566 ubi
393 543 503 566 natura
533 541 580 565 est
609 534 770 571 absoluta,
795 540 825 563 et
849 532 1054 572 suppositum
1080 530 1310 570 respectivum.
1342 537 1373 561 et

308 580 370 610 hoc
395 586 523 620 propter
545 578 785 619 oppositionem
815 577 993 612 relativam,
1018 582 1054 606 ut
1076 582 1162 615 patet
1184 585 1222 605 ex
1245 584 1340 615 supra
1355 574 1372 594 *

311 623 409 654 dictis.

368 668 407 697 X.
424 667 459 697 In
474 666 681 707 responsione
697 665 736 695 ad
756 665 942 700 secundum,
959 664 1083 693 adverte
1099 662 1189 703 quod
1207 672 1373 702 argumen-

310 718 380 742 tum
411 710 615 741 confirmatur
647 710 684 740 ab
713 709 855 740 Aureolo
887 715 994 739 contra
1017 707 1098 737 hanc
1121 706 1372 747 responsionem,

311 755 395 795 apud
412 754 617 795 Capreolum,
634 754 667 784 in
681 764 704 784 11
721 753 920 783 distinctione
935 751 1042 788 Primi,
1058 761 1112 792 qu.
1127 761 1162 780 111
1175 751 1201 787 *,
1219 750 1272 781 sic.
1293 749 1374 780 Effe-

311 806 379 830 ctus
403 799 435 829 in
459 806 529 829 actu
553 799 647 829 habet
674 808 801 828 causam
824 797 856 827 in
881 803 970 827 actu:
995 796 1050 826 sed
1073 805 1139 825 non
1164 794 1375 825 contradicere

312 843 576 874 communicabile
605 850 635 873 et
657 841 974 876 incommunicabile,
1002 839 1150 879 distingui
1175 845 1205 869 et
1227 848 1294 869 non
1313 838 1375 868 dis-

311 887 421 927 tingui,
447 894 492 918 est
516 886 668 917 effectus
661 897 694 916 m
717 893 798 922 actu,
816 892 887 916 ante
905 894 1036 915 omnem
1058 890 1165 914 actum
1181 882 1374 913 intellectus:

312 942 386 972 ergo
410 932 503 962 habet
527 941 654 962 causam
677 931 710 960 in
734 937 814 960 actu.
840 929 901 960 Sed
926 939 1019 959 causa
1042 928 1109 958 eius
1134 934 1180 958 est
1200 926 1374 957 distinctio:

312 986 386 1016 ergo
405 983 451 1006 est
469 975 512 1006 ibi
532 974 690 1005 distinctio
709 981 781 1004 ante
800 983 931 1004 omnem
946 980 1054 1003 actum
1076 971 1261 1002 intellectus.
1277 988 1298 994 -
1310 971 1377 1000 Nec

312 1019 426 1050 sufficit
448 1020 637 1059 respondere
660 1018 750 1058 quod
771 1018 815 1048 ibi
838 1025 884 1048 est
907 1017 1066 1048 distinctio
1089 1015 1375 1046 fundamentaliter.

312 1064 362 1094 Sic
380 1064 465 1094 enim
484 1073 577 1094 causa
592 1072 658 1093 non
674 1068 754 1092 esset
769 1062 802 1092 in
817 1068 898 1097 actu,
923 1067 953 1091 et
977 1068 1082 1091 tamen
1107 1059 1234 1090 effectus
1250 1065 1331 1090 esset
1344 1059 1377 1089 in

311 1115 399 1144 actu;
425 1113 534 1138 contra
551 1106 795 1146 Philosophum,
811 1106 839 1136 V
855 1105 1039 1145 Metaphys.
1056 1105 1074 1123 *
1096 1111 1127 1135 et
1151 1105 1176 1134 ΙΙ
1195 1104 1324 1144 Physic.
1343 1103 1378 1122 **

371 1152 424 1183 XI.
449 1151 499 1182 Ad
518 1151 580 1181 hoc
603 1161 621 1180 a
645 1150 836 1190 quibusdam
860 1149 1078 1190 respondetur,
1104 1148 1250 1188 negando
1273 1147 1378 1178 mino-

311 1205 394 1226 rem:
419 1195 574 1236 quoniam
597 1194 732 1234 negatio,
752 1204 833 1234 quae
849 1200 895 1224 est
911 1194 1045 1224 alterum
1062 1199 1237 1223 extremum
1257 1198 1379 1222 contra—

313 1239 468 1276 dictionis,
492 1249 559 1270 non
574 1245 619 1270 est
635 1245 706 1269 actu
723 1245 794 1269 ante
818 1248 901 1278 opus
925 1237 1112 1273 intellectus,
1137 1236 1292 1277 quoniam
1312 1246 1379 1266 non

312 1290 359 1315 est
375 1284 435 1314 nisi
455 1294 509 1314 ens
533 1283 672 1314 rationis.
690 1300 710 1305 —
724 1283 786 1313 Sed
804 1282 881 1313 haec
900 1281 1065 1322 responsio
1080 1281 1158 1312 nihil
1173 1281 1265 1311 valet.
1290 1281 1380 1311 Errat

312 1328 399 1358 enim
422 1338 488 1358 non
511 1327 718 1358 discernendo
741 1326 822 1358 inter
841 1337 907 1357 non
932 1336 998 1356 esse
1021 1326 1112 1366 quod
1134 1325 1259 1365 negatio
1283 1324 1378 1364 signi-

313 1371 385 1403 ficat
407 1372 440 1403 in
459 1379 530 1402 actu
548 1371 692 1408 exercito,
710 1378 740 1402 et
755 1371 835 1402 inter
851 1370 996 1402 illudmet
1011 1380 1075 1400 non
1094 1380 1170 1406 esse,
1187 1369 1380 1410 inquantum

313 1416 417 1448 induit
444 1416 599 1447 rationem
630 1415 709 1446 entis
733 1415 872 1447 rationis.
904 1414 1077 1446 Hominem
1107 1414 1193 1444 enim
1225 1423 1286 1444 non
1311 1422 1379 1444 esse

964 276 1231 324 QUAEsrio
1260 275 1442 322 XXXIX,
1471 273 1768 311 ARTICULUS
1798 273 1830 309 11

1424 353 1551 390 bovem,
1577 362 1633 382 nec
1658 362 1713 382 ens
1731 351 1822 388 reale,
1847 361 1904 382 nec
1928 361 1982 381 ens
2006 350 2136 381 rationis
2151 349 2325 390 significat,
2350 351 2404 380 sed
2428 350 2490 385 noti

1425 406 1492 428 esse
1516 397 1644 427 bovem:
1667 403 1698 426 et
1717 395 1872 436 quamvis,
1890 395 1979 425 nullo
2003 395 2163 425 intellectu
2187 394 2414 431 considerante,
2434 394 2493 425 ista

1425 440 1601 481 propositio
1619 450 1685 470 non
1701 447 1790 476 esset,
1807 446 1836 470 et
1852 439 1931 470 illud
1947 449 2013 469 non
2030 449 2096 470 esse
2113 449 2179 470 non
2195 439 2323 469 haberet
2337 437 2493 469 rationem

1426 485 1521 521 entis;
1546 483 1757 524 significatum
1780 491 1886 515 tamen
1911 482 2138 524 propositionis
2167 483 2205 513 ab
2236 482 2395 513 intellectu
2427 492 2493 512 non

1425 528 1551 569 pendet.

1485 573 1552 603 XII.
1578 572 1708 609 Verum,
1733 578 1956 613 argumentum
1972 578 2077 612 potest
2092 570 2183 612 quasi
2203 570 2315 601 fortius
2337 569 2415 600 fieri.
2439 569 2493 600 Ef-

1426 617 1527 648 fectus
1549 616 1582 646 in
1606 623 1678 647 actu
1701 617 1795 647 habet
1819 626 1947 647 causam
1962 616 1995 646 in
2011 622 2099 647 actu:
2125 615 2180 646 sed
2203 614 2427 646 affirmationes
2449 613 2494 644 in-

1428 661 1588 692 cludentes
1616 661 1649 691 in
1677 671 1709 691 se
1734 660 1991 697 contradictoria,
2023 659 2140 690 scilicet
2168 669 2341 690 commune
2368 665 2398 689 et
2421 668 2494 699 pro7

1427 705 1543 746 prium,
1569 712 1643 735 sunt
1666 704 1792 735 effectus
1816 704 1848 735 in
1872 711 1953 741 actu,
1979 711 2036 735 etc.

1488 749 1588 781 Unica
1607 755 1714 779 tamen
1738 749 1944 789 responsione
1968 749 2008 779 ad
2030 749 2107 779 haec
2131 747 2240 778 omnia
2263 754 2294 778 et
2317 746 2431 777 similia
2450 745 2495 776 di-

1410 792 1518 829 citur,
1543 793 1689 832 negando
1712 793 1927 823 universaliter
1956 793 2044 823 illam
2077 791 2347 833 propositionem,
2380 790 2497 821 scilicet

1429 837 1519 877 quod
1542 837 1609 866 sola
1629 836 1786 867 distinctio
1807 844 1852 867 est
1868 847 1962 868 causa
1977 837 2072 867 huius
2091 836 2228 867 effectus.
2252 836 2336 866 Nam
2351 835 2409 865 iste
2426 834 2496 865 effe-

1431 888 1498 911 ctus
1521 887 1627 921 potest
1649 880 1724 911 on'ri
1746 890 1765 910 a
1788 880 1998 917 distinctione,
2023 887 2059 911 ut
2082 891 2100 911 a
2123 891 2216 911 causa
2232 880 2323 921 quasi
2342 879 2495 910 univoca:

1431 932 1460 955 et
1483 935 1502 955 a
1525 925 1708 956 virtualiter
1723 925 1904 955 continente
1925 925 2171 967 distinctionem,
2189 931 2225 955 ut
2241 935 2258 954 a
2273 934 2367 955 causa
2390 923 2498 963 aequi-

1430 979 1518 999 voca.
1543 969 1654 1004 Modo,
1680 974 1803 999 constat
1826 969 1924 1009 quod,
1949 962 2079 1009 quando
2104 969 2231 999 effectus
2254 974 2359 1008 potest
2382 967 2457 998 oriri
2479 977 2499 997 a

1431 1023 1525 1043 causa
1547 1013 1685 1043 univoca
1707 1013 1785 1049 sola,
1810 1020 1840 1044 et
1859 1023 1878 1043 a
1893 1023 1986 1044 causa
2005 1013 2179 1054 aequivoca
2197 1012 2275 1048 sola,
2299 1013 2339 1042 ad
2362 1011 2495 1052 positio-

1431 1067 1506 1088 nem
1529 1056 1657 1087 effectus
1680 1056 1714 1087 in
1737 1063 1819 1093 actu,
1843 1067 1910 1088 non
1934 1057 2077 1098 sequitur
2095 1056 2300 1087 determinate
2315 1056 2411 1086 altera
2427 1066 2499 1086 cau-

1432 1111 1548 1137 sarum,
1574 1101 1628 1131 sed
1652 1101 1710 1131 sub
1735 1101 1955 1132 disiunctione.
1980 1101 2022 1132 Et
2044 1101 2120 1141 quia
2143 1100 2187 1131 sic
2210 1107 2257 1131 est
2271 1100 2304 1130 in
2319 1100 2497 1140 proposito,

1433 1146 1573 1176 concedo
1597 1146 1687 1185 quod
1710 1145 1837 1176 effectus
1860 1145 1894 1176 in
1917 1151 1988 1176 actu
2012 1145 2107 1176 habet
2131 1154 2260 1176 causam
2282 1144 2316 1174 in
2339 1150 2424 1174 actu:
2445 1143 2501 1174 sed
2558 1155 2578 1168 υ

1432 1190 1485 1221 illa
1509 1197 1555 1221 est
1577 1190 1627 1220 vel
1651 1189 1810 1220 distinctio
1833 1189 1866 1220 in
1890 1196 1973 1226 actu,
1996 1190 2048 1220 vel
2071 1189 2237 1220 continens
2259 1187 2431 1219 virtualiter
2455 1187 2500 1218 di-

1433 1234 1650 1265 stinctionem:
1677 1241 1708 1264 et
1723 1234 1784 1264 hoc
1801 1234 1978 1264 secundum
1993 1234 2175 1264 membrum
2195 1240 2241 1264 est
2253 1242 2364 1263 verum
2379 1232 2411 1262 in
2423 1235 2501 1272 'pro-

1434 1279 1550 1319 posito,
1571 1289 1628 1309 nec
1643 1278 1763 1319 aliquid
1779 1278 1979 1309 obiectorum
1995 1285 2103 1308 contra
2119 1278 2181 1308 hoc
2195 1277 2317 1309 militat.
2331 1294 2351 1300 -
2365 1277 2407 1307 Et
2422 1277 2503 1308 bene

1433 1324 1496 1354 hoc
1519 1329 1595 1353 nota
1617 1323 1649 1353 in
1673 1322 1823 1353 omnibus
1852 1323 1989 1353 materiis
2020 1322 2075 1353 ubi
2104 1322 2142 1353 de
2171 1332 2265 1353 causa
2295 1319 2502 1352 distinctionis

1434 1367 1611 1398 secundum
1635 1367 1792 1398 rationem
1815 1377 1851 1397 ex
1875 1374 1962 1407 parte
1978 1367 2032 1402 rei,
2057 1377 2075 1397 a
2098 1366 2240 1397 Scotistis
2263 1373 2295 1397 et
2317 1365 2384 1396 aliis
2402 1364 2505 1395 mole·

1434 1411 1578 1442 staberis:
1602 1411 1665 1442 hoc
1687 1411 1773 1442 enim
1797 1421 1864 1442 uno
1888 1411 2037 1442 omnium
2060 1421 2116 1442 ora
2139 1411 2293 1442 obstrues.

1087 1573 1404 1617 ARTICULUS
1434 1572 1732 1616 SECUNDUS

689 1669 844 1701 UTRUM
868 1667 933 1699 5ιτ
959 1667 1188 1724 ΒιοιῑΝΒυΜ
1211 1666 1320 1698 TREs
1343 1666 1563 1698 PERSONAS
1586 1666 1686 1697 Essa
1715 1666 1854 1696 UNJUS
1875 1665 2128 1696 ESSENTIAE

968 1747 976 1771 I
997 1746 1080 1776 Sent„
1101 1747 1159 1771 dist.
1178 1753 1234 1776 xxv,
1254 1746 1362 1778 exposit.
1381 1750 1454 1776 text.;
1475 1745 1532 1770 dist.
1551 1753 1634 1776 xxxw,
1654 1753 1699 1779 qu.
1717 1752 1740 1777 1,
1759 1749 1807 1770 art.
1828 1752 1851 1770 2.

383 1850 485 1918 „ihs
531 1848 551 1873 D
568 1848 757 1873 SECUNDUM
773 1847 825 1872 sm
842 1847 1080 1873 paocamrua.
1101 1834 1260 1872 Videtur
1279 1834 1384 1884 quod

364 1879 501 1951 ⁷42,
530 1902 609 1926 non
641 1889 687 1926 sit
725 1888 928 1926 dicendum
964 1896 1039 1925 tres
1073 1889 1263 1925 Personas
1301 1899 1383 1925 esse

379 1983 381 1987 y
468 1932 642 1980 unius
671 1942 868 1979 essentiae.
898 1941 999 1978 Dicit
1025 1941 1126 1978 enim
1147 1940 1383 1988 Hilarius,in

373 2012 384 2024 κ
484 1987 625 2032 &libro
651 1996 696 2032 de
715 1995 857 2043 Synod.
877 1994 908 2042 ’¹‘,
937 1994 1043 2042 quod
1062 1995 1175 2030 Pater
1204 2002 1240 2031 et
1268 1994 1384 2030 Filius

319 2056 354 2086 et
383 2034 542 2097 Spiritus
571 2049 731 2085 Sanctus
758 2053 846 2084 sunt
872 2048 1020 2096 quidem
1043 2059 1117 2096 per
1139 2047 1384 2084 substantiam

317 2102 401 2148 tria,
421 2113 493 2151 per
521 2101 804 2139 consonantiam
823 2112 914 2138 vero
945 2113 1073 2138 unum.
1105 2100 1183 2138 Sed
1211 2101 1384 2138 substan-

317 2155 368 2193 tia
396 2154 468 2192 Dei
495 2163 551 2192 est
571 2155 651 2192 eius
671 2154 844 2192 essentia.
875 2154 978 2202 Ergo
998 2162 1073 2191 tres
1093 2154 1286 2191 Personae
1306 2167 1386 2192 non

319 2215 407 2245 sunt
433 2207 546 2244 unius
574 2208 769 2245 essentiae.

375 2273 409 2298 2.
438 2260 675 2308 PRAETEREA,
705 2273 784 2297 non
804 2268 859 2297 est
883 2259 1155 2297 affirmandum
1175 2259 1319 2308 aliquid
1339 2261 1385 2297 de

322 2314 476 2362 divinis,
507 2314 611 2363 quod
647 2313 868 2351 auctoritate
904 2313 1120 2362 Scripturae
1149 2325 1280 2350 sacrae
1308 2325 1387 2350 non

323 2374 378 2405 est
404 2379 639 2416 expressum,
668 2374 710 2404 ut
735 2373 840 2415 patet
859 2379 929 2416 per
947 2366 1188 2415 Dionysium,
1209 2379 1220 2403 1
1240 2378 1321 2415 cap.
1343 2367 1389 2404 de

322 2421 409 2458 Diu.
428 2420 546 2458 Nom.
566 2419 587 2442 ’¹‘
615 2419 693 2457 Sed
729 2432 927 2468 nunquam
948 2425 965 2441 ‘²‘
993 2419 1032 2457 in
1061 2419 1254 2468 Scriptura
1282 2432 1388 2458 sacra

324 2473 543 2523 exprimitur
570 2473 676 2521 quod
703 2474 816 2510 Pater
844 2481 880 2510 et
908 2473 1024 2509 Filius
1053 2480 1089 2509 et
1115 2472 1274 2522 Spiritus
1294 2474 1389 2510 San-

324 2535 404 2564 ctus
424 2534 511 2563 sunt
528 2527 640 2563 unius
670 2526 867 2564 essentiae.
898 2526 1000 2574 Ergo
1021 2527 1096 2563 hoc
1115 2538 1193 2563 non
1214 2533 1269 2563 est
1288 2539 1389 2563 asse-

324 2580 497 2617 rendum.

380 2634 413 2670 3.
443 2634 684 2692 PRAETEREA,
718 2639 852 2670 natura
890 2631 1020 2669 divina
1058 2639 1114 2670 est
1150 2631 1254 2670 idern
1283 2631 1390 2682 quod

326 2686 496 2723 essentia.
528 2685 727 2723 Sufficeret
756 2698 845 2734 ergo
875 2684 1000 2722 dicere
1021 2684 1037 2739 Β
1066 2685 1170 2735 quod
1198 2694 1273 2723 tres
1301 2687 1391 2723 Per-

325 2751 442 2776 sonae
471 2746 557 2775 sunt
585 2739 694 2775 unius
722 2744 892 2776 naturae.

378 2804 415 2839 4.
437 2793 669 2838 PRAETEREA,
691 2804 769 2828 non
789 2791 988 2828 consuevit
1008 2791 1081 2828 dici
1101 2791 1207 2841 quod
1226 2772 1390 2841 persona

326 2845 372 2882 sit
400 2845 582 2882 essentiae
602 2849 633 2881 ⁷.
664 2844 730 2882 sed
760 2845 879 2893 magis
907 2844 1013 2893 quod
1043 2844 1204 2882 essentia
1233 2845 1278 2882 sit
1305 2857 1391 2894 per-

326 2911 455 2936 sonae.
476 2899 579 2946 Ergo
600 2909 722 2947 neque
744 2898 1015 2935 convenienter
1027 2897 1179 2935 videtur
1195 2898 1267 2936 dici
1286 2898 1392 2948 quod

327 2959 400 2989 tres
429 2952 622 2988 Personae
651 2958 737 2988 sunt
765 2951 874 2988 unius
904 2951 1100 2990 essentiae.

385 3006 416 3042 5.
439 3006 671 3051 PRAETEREA,
692 3004 924 3052 Augustinus
951 3004 1039 3042 dicit
1056 3004 1076 3026 '¹‘
1105 3005 1210 3053 quod
1238 3017 1318 3042 non
1339 3004 1392 3042 di-

329 3058 449 3094 cimus
468 3065 544 3094 tres
573 3058 761 3094 Personas
791 3070 873 3094 esse
902 3070 951 3094 ex
979 3069 1055 3094 una
1080 3058 1247 3105 essentia,
1269 3070 1317 3095 ne
1337 3057 1392 3094 in-

328 3111 510 3159 telligatur
528 3110 566 3147 in
587 3110 724 3148 divinis
744 3110 845 3148 aliud
866 3123 947 3148 esse
968 3110 1129 3147 essentia
1149 3118 1186 3148 et
1213 3123 1390 3160 persona.

330 3163 406 3202 Sed
434 3163 529 3201 sicut
562 3163 862 3213 praepositiones
897 3171 983 3201 sunt
1010 3164 1248 3212 transitivae,
1277 3164 1328 3202 ita
1357 3162 1393 3201 et

330 3217 472 3265 obliqui
494 3213 518 3254 ὅ.
549 3217 664 3265 Ergo,
693 3217 773 3265 pari
802 3216 965 3264 ratione,
996 3225 1158 3254 non‘est
1186 3217 1390 3255 dicendum

330 3271 434 3318 quod
462 3277 535 3307 tres
564 3271 756 3307 Personae
785 3278 872 3307 sunt
901 3271 1009 3307 unius
1037 3271 1224 3308 essentiae.

384 3324 419 3359 6.
445 3324 677 3369 PRAETEREA,
707 3323 744 3360 id
773 3323 879 3371 quod
907 3331 1032 3371 potest
1061 3336 1142 3360 esse
1172 3322 1310 3360 erroris
1329 3335 1394 3360 oc-

332 3375 444 3422 casio,
469 3388 548 3415 non
577 3384 632 3414 est
660 3376 698 3414 in
727 3376 863 3414 divinis
884 3376 1101 3414 dicendum.
1133 3377 1209 3414 Sed
1230 3388 1318 3414 curn
1339 3375 1393 3413 di-

383 3489 411 3520 α)
432 3496 574 3520 nunquam.
591 3502 611 3509 -
629 3496 757 3522 nusquam
777 3490 830 3515 ΑΒ.

385 3522 427 3584 βξ
431 3524 524 3549 dicere.
542 3538 561 3543 —
579 3527 608 3549 ut
626 3524 732 3550 videtur
745 3525 842 3550 addunt
854 3524 964 3549 codices.
983 3538 1001 3543 —
1020 3524 1083 3549 Post
1096 3528 1209 3550 naturae
1223 3526 1243 3550 B
1257 3525 1326 3550 addit
1341 3533 1392 3551 non

331 3566 402 3584 essen
419 3559 467 3583 iae.

386 3595 412 3627 γ)
431 3594 566 3619 essentiae.
584 3608 605 3614 —
622 3595 736 3620 essentia
754 3595 881 3625 ABCEG;
901 3602 949 3627 pro
964 3602 1105 3627 personae,
1121 3602 1239 3628 persona
1257 3596 1325 3621 BsA.

385 3629 410 3663 δ)
430 3629 534 3661 obliqui.
552 3643 571 3648 —
589 3630 708 3662 obliquae
726 3630 756 3655 B.

1439 1841 1576 1871 cuntur
1603 1841 1677 1870 tres
1702 1834 1894 1870 Personae
1918 1833 2029 1870 unius
2050 1832 2234 1870 essentiae
2253 1834 2315 1870 vel
2333 1820 2508 1880 substanss

1439 1886 1511 1924 tiae
1535 1892 1561 1933 ‘,
1592 1886 1703 1924 datur
1737 1886 1872 1923 erroris
1906 1886 2068 1924 occasio.
2106 1886 2228 1934 Quia,
2265 1894 2308 1924 ut
2341 1886 2507 1926 Hilarius

1441 1939 1540 1986 dicit,
1560 1939 1599 1976 in
1624 1939 1719 1976 libro
1745 1940 1792 1976 de
1819 1940 1961 1988 Synod.
1983 1939 2021 1976 *t
2057 1941 2142 1977 Una
2159 1940 2366 1979 substantia
2383 1940 2508 1977 Patris

1439 1998 1476 2029 et
1500 1993 1590 2029 Filii
1610 1993 1844 2041 praedicata,
1865 1998 1933 2030 aut
1955 2005 2073 2029 unum
2101 1993 2167 2042 qui
2193 1993 2288 2030 duas
2315 1998 2508 2044 nuncupai

1440 2046 1557 2083 tiones
1570 2047 1707 2084 habeat
1721 2046 1746 2093 ς,
1767 2046 2022 2084 subsistentem
2041 2047 2250 2096 significan
2269 2051 2336 2084 aut
2348 2046 2507 2085 divisam

1441 2111 1558 2137 unam
1585 2099 1831 2136 substantiam
1869 2100 1963 2137 duas
1991 2099 2229 2149 imperfectas
2251 2100 2396 2149 secisse
2418 2100 2509 2146 sub,

1439 2153 1614 2197 stantias‚·
1641 2158 1709 2190 aut
1735 2153 1882 2190 tertiam
1899 2153 2071 2201 priorem
2090 2153 2348 2200 substantiam,
2369 2164 2508 2202 quaen

1441 2207 1586 2243 duobus
1613 2211 1651 2242 et
1676 2212 1857 2254 usurpata
1875 2207 1923 2242 sit
1944 2212 1980 2243 et
1996 2211 2200 2255 assumpta.
2231 2206 2323 2244 Non
2342 2213 2400 2244 est
2418 2218 2510 2255 ergo

1443 2259 1648 2296 dicendum
1676 2266 1751 2295 tres
1780 2260 1968 2296 Personas
1997 2271 2081 2296 esse
2108 2260 2219 2297 unius
2248 2259 2507 2299 substantiae:

1497 2313 1572 2349 SED
1606 2323 1751 2348 CONTRA
1775 2323 1841 2349 EST
1870 2312 1975 2361 quod
2003 2312 2237 2360 Augustinus
2267 2313 2373 2361 dicit,
2402 2313 2442 2351 in
2469 2308 2510 2351 liss

1442 2365 1512 2402 bro
1543 2366 1575 2402 II
1610 2365 1751 2402 Contra
1770 2365 2034 2402 Maximinum
2056 2365 2076 2387 *
2084 2367 2229 2414 ,quod
2261 2367 2510 2405 hoe-nomen

1442 2418 1682 2463 homousion,
1712 2418 1819 2466 quod
1846 2418 1886 2456 in
1914 2418 2088 2456 Concilio
2123 2419 2297 2456 Nicaeno
2327 2419 2511 2458 adversus

1444 2470 1607 2509 Arianos
1635 2472 1830 2508 firmatum
1862 2479 1927 2518 est,
1962 2472 2065 2509 idem
2094 2472 2279 2520 significat
2307 2473 2419 2520 quod
2436 2474 2511 2510 tres

1444 2525 1633 2562 Personas
1662 2536 1744 2561 esse
1772 2525 1885 2561 unius
1914 2525 2111 2562 essentiae.

1498 2578 1723 2615 RESPONDEO
1742 2589 1926 2615 monimum
1945 2578 2063 2627 quod,
2084 2578 2181 2615 sicut
2200 2590 2314 2628 supra
2328 2578 2348 2600 '¹‘
2368 2563 2511 2623 dictum*
2538 2586 2550 2598 ⁶

1446 2638 1522 2679 est,
1551 2630 1760 2668 intellectus
1789 2638 1918 2668 noster
1946 2643 2005 2668 res
2033 2631 2181 2669 divinas
2210 2631 2405 2680 nominat,
2433 2630 2513 2678 non

1446 2684 1658 2721 secundum
1696 2684 1858 2722 modum
1892 2696 2046 2731 earum,
2076 2685 2168 2733 quia
2195 2685 2249 2722 sic
2278 2697 2342 2722 eas
2371 2697 2513 2734 cogno÷

1445 2749 1550 2775 scere
1570 2750 1649 2774 non
1668 2745 1810 2786 potest3
1840 2738 1907 2775 sed
1928 2738 2139 2775 secundum
2160 2738 2321 2775 modum
2342 2738 2380 2775 in
2398 2739 2512 2776 rebus

1447 2791 1579 2828 creatis
1607 2790 1817 2827 inventum.
1852 2791 1901 2828 Et
1929 2791 2016 2840 quia
2044 2791 2082 2828 in
2111 2791 2225 2829 rebus
2253 2791 2512 2841 sensibilibus,

1446 2856 1468 2881 a
1497 2843 1633 2893 quibus
1652 2849 1669 2867 '³
1694 2843 1901 2881 intellectus
1929 2851 2059 2882 noster
2087 2844 2282 2883 scientiam
2312 2845 2420 2894 capit,
2446 2857 2512 2884 na·
2536 2866 2542 2869 ν’

1446 2904 1530 2935 tura
1557 2896 1713 2934 alicuius
1742 2897 1882 2946 speciei
1908 2910 1978 2946 per
2006 2897 2205 2935 materiam
2233 2897 2510 2945 individuatur;

1447 2958 1483 2987 et
1502 2950 1554 2987 sic
1570 2958 1703 2987 natura
1718 2963 1759 2987 se
1778 2951 1894 2988 habet
1912 2959 1954 2988 ut
1973 2951 2107 2998 forma,
2122 2950 2366 2988 individuum
2381 2958 2512 2989 autem

1446 3011 1487 3040 ut
1514 3003 1753 3052 suppositum
1778 3004 1945 3041 formae:
1975 3011 2132 3053 propter
2158 3004 2234 3041 hoc
2262 3004 2375 3041 etiam
2395 3004 2433 3041 in
2458 3003 2514 3051 di-

1445 3057 1556 3103 vinis,
1587 3064 1771 3106 quantum
1802 3057 1850 3094 ad
1877 3057 2040 3094 modum
2069 3056 2320 3106 significandi,
2351 3057 2514 3095 essentia·

1446 3109 1678 3158 significatur
1696 3117 1738 3147 ut
1764 3110 1885 3147 forma
1905 3110 2018 3148 trium
2037 3111 2307 3148 Personarum.
2337 3110 2512 3157 Dicimus

1447 3171 1575 3200 autem
1594 3163 1634 3200 in
1653 3164 1768 3201 rebus
1788 3163 1921 3201 creatis
1940 3164 2106 3201 formam
2126 3175 2412 3213 quamcumque
2429 3175 2513 3202 esse

1447 3216 1527 3253 eius
1547 3216 1654 3253 cuius
1680 3224 1735 3254 est
1763 3217 1903 3263 forma3
1934 3217 2030 3255 sicut
2047 3216 2246 3254 sanitatem
2265 3218 2328 3254 vel
2351 3216 2515 3266 pulchri-

1445 3269 1616 3307 tudinem
1645 3269 1812 3307 hominis
1832 3270 2002 3307 alicuius.
2032 3271 2131 3306 Rem
2153 3278 2281 3307 autern
2306 3270 2513 3307 habentem

1446 3323 1612 3359 formam
1632 3335 1711 3360 non
1741 3323 1903 3360 dicimus
1924 3335 2006 3360 esse
2027 3323 2188 3371 formae,
2209 3323 2280 3360 nisi
2301 3335 2389 3361 cum
2411 3322 2513 3361 adie-

1448 3375 1570 3412 ctione
1586 3374 1598 3396 θ
1618 3376 1774 3413 alicuius
1794 3376 1982 3423 adiectivi,
2004 3377 2108 3426 quod
2129 3377 2299 3428 designat
2317 3376 2421 3420 illam
2439 3375 2514 3413 for-

1500 3490 1521 3522 ε)
1542 3491 1582 3515 vel
1600 3490 1772 3516 substantiae.
1790 3490 1888 3516 -70m.
1907 3490 2018 3516 codices.

1499 3525 1524 3558 ζ)
1544 3525 1648 3551 habeat.
1666 3539 1685 3545 —
1703 3525 1782 3551 habet
1800 3525 1875 3551 PBD.

1499 3561 1526 3593 η)
1546 3568 1563 3585 a
1583 3561 1683 3592 quibus.
1700 3574 1719 3580 -
1737 3561 1763 3586 in
1783 3561 1876 3593 quibus
1896 3560 2005 3591 codices,
2025 3561 2118 3594 quibus
2137 3561 2177 3586 ed.
2191 3568 2218 3586 a.

1479 3631 1484 3637 ⁸
1500 3594 1524 3627 Θ)
1544 3603 1602 3656 cudm
1622 3596 1777 3656 aaziectione.
1791 3609 1810 3615 -
1827 3603 1886 3621 cum
1906 3596 2044 3622 additione
2064 3597 2165 3621 codices
2185 3602 2211 3622 et
2229 3595 2306 3621 editio
2325 3603 2356 3625 a,
2375 3602 2434 3621 cum
2454 3594 2514 3620 adi—

1447 3635 1533 3656 ctione
1553 3639 1566 3656 e
1587 3631 1629 3656 itio
1665 3649 1671 3656 .

2534 1948 2546 1960 ⁸
2559 1947 2631 1972 Num.
2645 1947 2684 1970 68.

2536 2372 2611 2400 ’Cam
2617 2372 2701 2399 mul.
2708 2372 2750 2394 lib.

2537 2399 2614 2426 ml·
2603 2399 2664 2422 -Οἱ,
2673 2399 2750 2421 Ser-m.

2537 2427 2621 2448 contra
2635 2426 2749 2454 Arianos,

2537 2458 2589 2480 cap.
2603 2458 2684 2475 xxm.
