2768 4178
30 1617 44 1630 “
57 1617 108 1647 Qu.
121 1623 155 1646 n,
169 1621 242 1646 nrt-3.

930 266 1197 312 QUAESTIO
1226 267 1387 315 XXVII,
1417 269 1713 307 ARTICULUS
1743 272 1791 306 111

2378 270 2447 306 311

327 343 379 374 IX.
405 343 441 374 In
464 344 671 383 responsione
694 345 735 375 ad
758 344 899 381 tertium,
929 352 1039 376 notato
1068 356 1163 376 aurea
1185 347 1280 376 verba
1302 346 1335 376 in
1390 346 1563 378 formaliter
1585 349 1760 380 salvantur:
1784 350 1852 390 ipsa
1875 351 1961 381 enim
1977 352 2126 391 perfectio
2151 352 2247 383 divini
2267 361 2343 388 esse,
2362 351 2388 382 si
2407 362 2454 383 se·

270 387 353 418 calce
376 387 470 424 illius,
499 388 629 419 scilicet:
654 389 686 419 in
711 390 779 429 ipsa
797 389 1000 429 perfectione
1021 390 1122 420 divini
1144 399 1214 421 esse
1235 392 1334 421 conti-

1390 392 1531 422 cundum
1555 402 1598 428 se,
1621 400 1658 423 ut
1681 393 1724 424 sic
1746 394 1838 425 liceat
1860 395 1959 436 loqui,
1984 396 2172 432 definiretur,
2192 397 2269 427 haec
2293 396 2401 426 omnia
2419 396 2453 426 in

269 437 366 462 netur
388 437 420 462 et
451 433 580 463 verbum
614 439 672 464 etc.
703 433 872 472 Pei-spicue
905 433 991 463 enim
1021 441 1150 474 apparet
1172 434 1223 464 hic
1245 434 1336 474 quod
1390 444 1422 465 se
1441 436 1653 468 concluderet.
1677 438 1718 468 Et
1740 445 1907 479 propterea
1926 449 2056 470 omnem
2075 440 2260 471 huiusmodi
2280 440 2453 471 distinctio-

268 476 357 506 nulla
376 482 422 506 est
437 476 596 507 distinctio
612 476 754 507 formalis
777 483 849 508 actu
872 476 952 508 inter
968 478 1136 508 essentiam
1152 477 1291 508 divinam
1306 485 1337 509 et
1390 489 1464 509 nem
1482 479 1514 509 in
1539 481 1608 510 Deo
1633 491 1700 511 non
1719 482 1778 512 nisi
1800 482 1988 519 virtualiter;
2008 484 2041 513 in
2060 484 2219 515 intellectu
2243 494 2318 515 vero
2342 494 2452 515 secun-

268 520 475 560 proprietates
498 521 680 561 personales
703 527 735 551 et
756 520 904 551 attributa
927 528 957 551 et
974 521 1096 562 reliqua
1117 521 1246 562 quaein
1265 522 1334 552 Deo
1390 523 1469 553 dum
1492 524 1647 555 rationem
1671 525 1794 565 ponito.

1077 674 1394 717 ARTICULUS
1422 676 1650 719 TERTIUS

652 760 810 792 UTRUM
834 760 900 792 slr
926 761 968 791 IN
991 761 1148 793 D1V1N1s
1171 762 1274 793 ALIA
1296 763 1532 795 PROCEsslo
1556 767 1586 795 A
1609 765 1920 798 GENERATIONE
1943 767 2069 798 VERBI

361 839 371 864 1
389 839 472 869 Sent„
492 837 550 864 dist.
568 846 622 870 xm,
641 844 687 864 art.
708 846 736 870 23
756 840 790 864 lv
811 841 887 866 Cont.
909 842 996 870 Geni„
1016 848 1073 874 cap.
1090 849 1145 872 xxx;
1166 842 1207 866 De
1226 842 1294 870 Poe..
1313 850 1358 875 qu.
1376 851 1400 873 x,
1420 849 1467 869 art.
1490 852 1511 875 ι,
1531 851 1560 876 2;
1580 845 1679 878 Opusc.
1694 845 1723 877 11,
1746 846 1846 871 Contra
1867 847 1991 875 Graecos,
2010 847 2149 875 Armenos,
2169 851 2226 878 etc„
2246 854 2302 879 cap.
2314 854 2353 872 111.

358 937 369 961 ι
410 947 434 970 13
456 947 458 952 ,
483 934 506 958 D
525 933 686 959 marum
706 933 759 958 Sic
779 934 1018 960 PROCEDITUR.
1043 923 1203 960 Videtur
1230 923 1336 972 quod

324 1016 339 1026 (Ἰ
406 971 443 1032 *J
484 987 563 1012 non
591 975 638 1012 sit
665 974 703 1012 in
731 975 868 1012 divinis
897 976 969 1012 alia
999 976 1195 1025 processio
1224 989 1247 1012 a
1274 988 1337 1024 ge-

330 1040 411 1105 ἐς,
428 1024 455 1070 ‘'(1
484 1028 681 1066 neratione
716 1029 837 1066 verbi.
875 1029 1024 1066 Eadem
1062 1029 1164 1066 enim
1193 1029 1336 1066 ratione

292 1079 295 1083 ’
331 1094 341 1105 “
363 1074 428 1113 ζΨ)
444 1070 552 1118 erit
580 1082 706 1130 aliqua
734 1081 807 1118 alia
841 1082 1035 1131 processio
1065 1083 1113 1119 ab
1142 1082 1203 1119 illa
1230 1083 1302 1120 alia
1320 1089 1338 1104 ¹³

269 1135 542 1184 processione,
582 1143 618 1172 et
655 1136 708 1172 sic
745 1135 1016 1183 procederetur
1047 1135 1088 1172 in
1124 1136 1336 1173 infinitum:

271 1189 376 1238 quod
415 1196 471 1225 est
507 1188 793 1225 inconveniens.
834 1188 1023 1225 Standum
1060 1196 1116 1226 est
1152 1189 1263 1237 igitur
1300 1189 1338 1226 in

269 1242 396 1292 primo
415 1240 444 1289 Ρ,
474 1249 517 1279 ut
544 1241 589 1278 sit
616 1254 694 1278 una
721 1249 868 1278 tantum
896 1241 1092 1290 processio
1121 1241 1159 1278 in
1189 1241 1336 1279 divinis.

301 1307 361 1337 2.
382 1295 618 1342 plumeam,
637 1294 677 1332 in
697 1294 804 1332 omni
827 1301 962 1331 natura
981 1295 1172 1332 invenitur
1190 1303 1338 1332 tanturn

270 1361 371 1387 unus
398 1348 539 1386 modus
568 1347 926 1385 communicationis
959 1347 1055 1384 illius
1083 1355 1263 1385 naturae:
1304 1356 1340 1385 et

218 1415 219 1418 ¹
270 1403 346 1440 hoc
363 1401 452 1439 ideo
468 1409 535 1448 est,
552 1400 642 1449 quia
661 1399 904 1449 operationes
922 1400 1135 1437 secundum
1154 1401 1340 1438 terminos

270 1456 413 1492 habent
430 1454 615 1491 unitatem
635 1460 672 1490 et
690 1452 961 1490 diversitatem.
988 1453 1065 1490 Sed
1085 1455 1280 1503 processio
1300 1454 1339 1491 in

271 1508 409 1546 divinis
437 1519 516 1545 non
539 1514 595 1544 est
617 1506 688 1543 nisi
707 1506 920 1543 secundum
950 1507 1340 1545 communicationem

272 1561 424 1600 divinae
452 1567 622 1597 naturae.
653 1560 754 1596 Cum
782 1559 893 1607 igitur
920 1559 966 1596 sit
992 1572 1070 1597 una
1098 1567 1245 1598 tanturn
1274 1574 1339 1598 na-

270 1622 355 1653 tura
382 1613 528 1660 divina,
557 1620 599 1650 ut
625 1625 741 1661 supra
759 1612 779 1634 '¹‘
799 1620 996 1650 ostensum
1026 1621 1092 1660 est,
1122 1614 1341 1662 relinquitur

271 1667 379 1717 quod
403 1663 483 1704 una
511 1666 558 1704 sit
584 1673 732 1703 tantum
760 1665 956 1715 processio
984 1666 1022 1703 in
1047 1666 1185 1704 divinis
1214 1672 1240 1704 ⁷.

282 1728 283 1731 ’
327 1722 362 1759 3.
392 1721 635 1766 PRAETEREA,
665 1719 696 1756 si
723 1718 770 1756 sit
797 1719 836 1756 in
866 1719 1003 1756 divinis
1036 1719 1108 1756 alia
1143 1721 1339 1769 processio

272 1775 321 1814 ab
349 1773 566 1822 intelligibili
602 1771 849 1821 processione
877 1772 1008 1819 verbi,
1047 1785 1126 1810 non
1164 1774 1234 1810 erit
1269 1774 1341 1811 nisi

271 1827 468 1878 processio
497 1826 660 1872 amoris,
691 1837 790 1875 quae
820 1833 875 1862 est
903 1826 1115 1864 secundum
1135 1827 1341 1864 voluntatis

234 1899 237 1901 ·
273 1880 549 1930 operationem.
580 1878 658 1916 Sed
686 1878 769 1915 talis
796 1878 991 1927 processio
1020 1891 1099 1916 non
1113 1888 1239 1929 potest
1259 1893 1340 1918 esse

39 3300 197 3324 ‘nomene
207 3306 230 3322 n.
241 3306 258 3321 1.

273 1934 346 1972 alia
365 1946 387 1971 a
406 1932 653 1983 processione
672 1931 881 1968 intellectus
900 1931 1139 1980 intelligibili:
1163 1933 1254 1981 quia
1272 1946 1341 1971 vo-

273 1989 398 2026 luntas
426 1987 464 2024 in
493 1987 579 2023 Deo
616 1997 696 2022 non
734 1993 789 2027 est
821 1985 924 2022 aliud
943 1981 957 2006 ⁸
985 1986 1032 2022 ab
1061 1985 1271 2034 intellectu,
1300 1995 1342 2024 ut

274 2053 390 2090 supra
408 2039 430 2062 ²¹⁸
457 2047 654 2077 ostensum
683 2045 749 2075 est.
779 2039 881 2086 Ergo
910 2037 949 2075 in
978 2040 1063 2076 Deo
1092 2052 1171 2077 non
1195 2048 1251 2077 est
1270 2041 1342 2078 alia

274 2093 469 2144 processio
498 2100 648 2142 praeter
674 2091 964 2141 processionem
993 2092 1113 2129 verbi.

329 2149 404 2185 SED
434 2157 580 2184 CONTRA
598 2157 664 2182 EST
683 2145 788 2193 quod
814 2145 974 2194 Spiritus
994 2146 1155 2182 Sanetus
1173 2147 1344 2195 procedit

276 2214 299 2239 a
325 2202 458 2247 Patre,
496 2206 538 2236 ut
570 2198 706 2236 dicitur
734 2199 839 2235 Ioan.
859 2201 908 2234 xv
930 2197 961 2234 *.
1001 2199 1087 2247 Ipse
1121 2206 1250 2236 autem
1289 2208 1344 2236 est

276 2254 371 2292 alius
391 2266 414 2291 a
432 2252 542 2299 Filio,
567 2252 781 2289 secundum
801 2251 892 2287 illud
913 2252 1016 2287 Ioan.
1036 2263 1098 2288 X1v
1111 2251 1152 2288 *z
1180 2253 1344 2302 Rogabo

274 2309 427 2346 Patrem
455 2317 581 2344 meum
600 2309 621 2351 ¹,
643 2310 679 2341 et
704 2304 821 2342 alium
840 2303 1079 2341 Paracletum
1108 2305 1211 2342 dabit
1226 2306 1342 2343 vobis.

276 2362 380 2409 Ergo
409 2359 448 2398 in
477 2358 614 2397 divinis
643 2365 699 2395 est
717 2357 789 2395 alia
806 2356 1002 2406 processio
1022 2365 1174 2406 praeter
1192 2371 1345 2407 proces-

277 2414 427 2452 sionem
455 2412 576 2450 verbi.

285 2465 288 2468 ’
330 2468 557 2504 ΚΕεΡοΝΒΕο
576 2476 761 2502 DICENDUM
781 2463 887 2513 quod
914 2464 953 2501 in
983 2463 1119 2501 divinis
1139 2472 1227 2501 sunt
1247 2465 1345 2501 duae

275 2519 552 2571 processiones,
573 2518 714 2555 scilicet
732 2516 927 2566 processio
946 2517 1067 2564 verbi,
1098 2525 1135 2554 et
1154 2518 1344 2566 quaedam

277 2568 361 2611 alia.
377 2573 439 2610 Ad
455 2571 560 2609 cuius
577 2570 821 2616 evidentiam,
834 2570 1154 2607 considerandum
1171 2578 1226 2608 est
1241 2571 1345 2619 quod

277 2627 317 2664 in
346 2625 483 2663 divinis
512 2637 590 2661 non
615 2631 671 2661 est
689 2623 884 2672 processio
905 2623 977 2659 nisi
997 2624 1211 2661 secundum
1231 2624 1346 2661 actio-

279 2691 369 2717 nem
395 2690 494 2727 quae
523 2689 602 2714 non
630 2676 750 2713 tendit
768 2675 807 2713 in
827 2676 967 2725 aliquid
992 2676 1258 2724 extrinsecum,
1279 2677 1347 2713 sed

279 2740 410 2770 manet
446 2731 484 2768 in
522 2731 606 2779 ipso
640 2737 786 2777 agente.
821 2729 1054 2766 Huiusmodi
1082 2738 1211 2767 autem
1249 2730 1346 2767 actio

1391 924 1429 961 in
1449 925 1685 963 intellectuali
1705 934 1838 964 natura
1867 935 1922 964 est
1941 927 2038 964 actio
2058 927 2268 964 intellectus
2301 935 2338 964 et
2356 927 2453 964 actio

1390 978 1608 1016 voluntatis.
1639 979 1838 1016 Processio
1868 987 1997 1017 autem
2024 980 2134 1017 verbi
2162 980 2366 1018 attenditur
2397 993 2454 1017 se-

1392 1032 1559 1069 cundum
1579 1032 1767 1070 actionem
1786 1033 2068 1081 intelligibilem.
2089 1034 2310 1071 Secundum
2327 1041 2454 1070 autem

1392 1085 1656 1133 operationem
1683 1086 1887 1123 voluntatis
1916 1086 2106 1123 invenitur
2134 1086 2171 1123 in
2200 1086 2311 1123 nobis
2340 1098 2455 1134 quae·

1393 1137 1482 1174 darn
1512 1138 1583 1174 alia
1610 1139 1828 1187 processio,
1858 1139 1996 1176 scilicet
2030 1139 2224 1188 processio
2251 1140 2265 1166 ζ
2292 1139 2454 1186 amoris,

1392 1191 1606 1227 secundum
1626 1203 1743 1239 quarn
1764 1199 1935 1228 amatum
1956 1199 2011 1229 est
2029 1192 2067 1229 in
2088 1200 2252 1240 amante,
2274 1193 2368 1229 sicut
2386 1204 2456 1240 per

1393 1243 1684 1292 conceptionem
1703 1244 1813 1281 verbi
1832 1257 1891 1282 res
1918 1245 2015 1282 dicta
2033 1246 2096 1282 vel
2121 1245 2318 1292 intellecta,
2344 1252 2399 1282 est
2418 1245 2456 1282 in

1392 1296 1631 1344 intelligente.
1661 1297 1771 1334 Unde
1797 1305 1833 1334 et
1851 1305 2000 1346 praeter
2027 1298 2315 1346 processionem
2333 1297 2455 1345 verbi,

1391 1349 1546 1398 ponitur
1578 1350 1650 1386 alia
1682 1350 1876 1398 processio
1905 1350 1944 1387 in
1973 1350 2129 1398 divinis,
2159 1363 2256 1399 quae
2286 1358 2342 1387 est
2369 1362 2456 1398 pro-

1393 1414 1514 1439 cessm
1544 1415 1697 1439 amorls.

1446 1457 1505 1492 An
1533 1467 1670 1492 Palmum
1698 1467 1797 1492 ERGO
1826 1467 2010 1493 mcENDUM
2030 1456 2135 1504 quod
2154 1468 2233 1493 non
2253 1464 2309 1493 est
2327 1455 2457 1493 neces-

1393 1508 1534 1545 sarium
1551 1508 1761 1558 procedere
1790 1508 1829 1545 in
1857 1508 1994 1546 divinis
2017 1508 2324 1557 processionibus
2344 1509 2382 1545 in
2401 1509 2456 1546 in-

1393 1561 1556 1598 finitum.
1595 1561 1793 1598 Processio
1832 1561 1934 1598 enim
1960 1567 1973 1584 ¹²
2001 1574 2098 1611 quae
2131 1569 2187 1599 est
2218 1562 2267 1599 ad
2294 1562 2391 1599 intra
2417 1561 2457 1599 in

1393 1614 1631 1652 intellectuali
1659 1622 1803 1662 natura,
1824 1615 2044 1652 terminatur
2066 1615 2105 1651 in
2123 1615 2369 1664 processione
2388 1627 2457 1651 vo-

1394 1668 1556 1705 luntatis.
1921 1691 1924 1694 Δ

1447 1723 1506 1758 AD
1535 1732 1725 1758 SECUNDUM
1753 1732 1937 1758 memnon
1974 1720 2080 1769 quod
2117 1720 2302 1769 quidquid
2336 1727 2392 1757 est
2419 1720 2456 1757 in

1395 1776 1497 1822 Deo,
1528 1781 1584 1810 est
1610 1774 1737 1820 Deus,
1766 1782 1808 1810 ut
1836 1786 1950 1823 supra
1974 1773 1994 1795 ’¹‘
2022 1781 2219 1811 ostensum
2248 1782 2323 1810 est:
2352 1773 2459 1822 quod

1395 1840 1475 1865 non
1504 1826 1684 1875 contingit
1711 1826 1750 1863 in
1778 1826 1858 1864 aliis
1887 1827 2010 1864 rebus.
2040 1827 2090 1864 Et
2116 1826 2203 1864 ideo
2232 1839 2301 1876 per
2324 1839 2458 1875 quarn—

1394 1881 1484 1918 libet
1510 1879 1797 1929 processionem
1827 1892 1925 1929 quae
1954 1892 2032 1917 non
2061 1887 2116 1916 est
2143 1881 2192 1917 ad
2213 1887 2325 1926 extra,
2356 1891 2458 1916 com-

1395 1934 1611 1970 municatur
1625 1933 1755 1970 divina
1770 1940 1920 1970 natura:
1935 1945 2015 1969 non
2029 1940 2157 1969 autem
2178 1933 2271 1969 aliae
2291 1940 2457 1969 naturae.

1449 1989 1507 2024 An
1535 1998 1696 2023 'rem-mm
1723 1997 1907 2023 DmENDUM
1936 1985 2057 2033 quod,
2086 1985 2172 2022 licet
2199 1985 2238 2022 in
2265 1986 2350 2022 Deo
2379 1997 2458 2022 non

1396 2040 1442 2077 sit
1470 2039 1571 2077 aliud
1598 2039 1776 2076 voluntas
1806 2046 1842 2075 et
1861 2038 2079 2085 intellectus,
2100 2045 2228 2075 tamen
2247 2038 2294 2075 de
2315 2038 2459 2076 ratione

1396 2092 1600 2130 voluntatis
1639 2099 1676 2129 et
1711 2092 1919 2129 intellectus
1958 2099 2033 2138 est,
2064 2091 2168 2140 quod
2195 2091 2459 2140 processiones

1398 2158 1496 2195 quae
1525 2153 1612 2182 sunt
1640 2145 1852 2182 secundum
1880 2144 2069 2181 actionem
2096 2144 2304 2193 utriusque,
2334 2156 2375 2181 se
2393 2144 2460 2181 ha-

1398 2200 1512 2236 beant
1540 2198 1752 2235 secundum
1787 2198 1982 2246 quendam
2011 2197 2198 2234 ordinem.
2238 2198 2329 2233 Non
2357 2197 2459 2233 enim

1399 2259 1454 2289 est
1481 2251 1675 2300 processio
1697 2250 1837 2287 amoris
1866 2250 1937 2287 nisi
1964 2250 2003 2286 in
2031 2250 2165 2287 ordine
2184 2250 2232 2287 ad
2251 2250 2462 2298 processio-

1399 2317 1490 2342 nem
1518 2304 1648 2341 verbi:
1682 2303 1774 2340 nihil
1811 2302 1912 2340 enim
1941 2310 2066 2352 potest
2092 2303 2287 2340 voluntate
2320 2303 2460 2350 amari,

1399 2357 1470 2395 nisi
1499 2357 1544 2394 sit
1571 2357 1610 2394 in
1639 2357 1828 2394 intellectu
1862 2363 2103 2404 conceptum.
2140 2355 2245 2392 Sicut
2271 2355 2381 2403 igitur
2408 2363 2460 2392 at-

1399 2411 1564 2448 tenditur
1591 2410 1748 2459 quidam
1777 2410 1872 2446 ordo
1901 2408 2011 2446 verbi
2030 2410 2078 2446 ad
2097 2408 2322 2457 principium
2342 2421 2365 2445 a
2383 2421 2460 2456 quo

1399 2463 1580 2513 procedit,
1611 2463 1697 2499 licet
1724 2463 1763 2499 in
1792 2462 1929 2499 divinis
1958 2462 2004 2498 sit
2023 2462 2158 2498 eadem
2179 2462 2386 2498 substantia
2406 2461 2461 2497 in-

1399 2518 1569 2554 tellectus
1589 2523 1625 2552 et
1645 2515 1843 2564 conceptio
1863 2514 2071 2551 intellectus
2085 2512 2114 2559 ⁰3
2134 2514 2196 2561 ita,
2216 2514 2300 2550 licet
2318 2514 2356 2550 in
2375 2515 2459 2550 Deo

1401 2570 1446 2606 sit
1473 2569 1575 2606 idem
1602 2569 1779 2606 voluntas
1809 2575 1845 2604 et
1872 2567 2092 2613 intellectus,
2122 2574 2266 2613 tamen,
2297 2566 2385 2616 quia
2413 2567 2460 2604 de

1401 2622 1546 2659 ratione
1574 2621 1715 2658 amoris
1735 2628 1790 2657 est
1818 2620 1924 2669 quod
1943 2632 2021 2657 non
2040 2620 2222 2668 procedat
2240 2619 2310 2656 nisi
2330 2632 2352 2656 a
2372 2632 2461 2657 con-

1402 2675 1575 2724 ceptione
1604 2674 1832 2719 intellectus,
1861 2674 1976 2709 habet
2009 2673 2150 2709 ordinis
2186 2672 2462 2709 distinctionem

1401 2727 1594 2777 processio
1623 2727 1764 2764 amoris
1793 2738 1815 2762 a
1842 2726 2087 2774 processione
2115 2725 2223 2762 verbi
2246 2725 2284 2762 in
2313 2725 2461 2763 divinis.

333 2845 361 2878 α)
379 2845 445 2870 alia.
461 2858 481 2863 —-
500 2845 561 2870 Om.
580 2843 671 2868 FGsB.
688 2856 708 2862 -
726 2843 777 2868 Pro
796 2843 1003 2875 procederetur,
1022 2845 1183 2876 proceditur
1200 2844 1347 2872 ABCDEb,

275 2881 440 2915 procedetur
458 2880 530 2905 FGa.

335 2915 360 2950 β)
375 2916 477 2948 primo.
494 2929 514 2934 -
527 2915 619 2947 prima
637 2914 700 2939 Pab.

333 2952 360 2986 γ)
380 2951 572 2984 relinquitur...
592 2949 697 2975 divinis.
715 2962 735 2968 —
753 2949 780 2974 in
794 2949 852 2974 Deo
872 2956 923 2974 non
938 2953 978 2974 est
995 2950 1050 2974 alia
1065 2949 1204 2981 processio
1223 2949 1275 2974 nisi
1294 2956 1348 2974 una

277 2990 386 3013 ⁴tantum
406 2988 437 3012 B.

1455 2842 1479 2875 ὃ)
1498 2842 1581 2867 aliud.
1599 2855 1618 2860 —
1635 2841 1690 2865 alia
1708 2840 1831 2865 ABCDE.

1455 2878 1477 2909 ε)
1498 2884 1591 2902 meum.
1609 2890 1629 2895 -
1646 2876 1707 2901 Om.
1726 2875 1848 2900 ABCDE.

1454 2913 1480 2945 ζ)
1499 2913 1597 2938 scilicet
1611 2911 1756 2944 processio.
1774 2924 1793 2929 —
1811 2911 1873 2935 Om.
1892 2911 1932 2935 ed.
1951 2917 1968 2934 a
1974 2917 1982 2938 ,·
1996 2910 2131 2942 processio
2150 2917 2203 2934 om.
2221 2909 2276 2934 FG.

1454 2949 1481 2979 η)
1500 2947 1639 2972 Processio
1657 2946 1737 2972 enim.
1750 2959 1769 2964 —
1782 2946 1845 2978 quia
1854 2946 1990 2977 processio
2002 2946 2031 2970 B.
2044 2959 2063 2963 -
2075 2945 2113 2969 ad
2127 2950 2184 2970 ante
2199 2945 2272 2969 intra
2284 2952 2338 2969 om.
2351 2945 2463 2969 codices.

1456 2982 1480 3015 θ)
1500 2983 1636 3014 conceptio
1651 2982 1804 3007 intellectus.
1814 2981 1976 3013 —conceptio
1987 2981 2135 3013 intelligens
2149 2980 2202 3010 FG,
2213 2980 2373 3005 intellectum
2386 2980 2428 3004 ed.
2437 2986 2463 3004 a.

959 3072 1292 3105 Commentariun
1315 3070 1567 3104 Car-<linaiis
1590 3069 1791 3102 Caietam

314 3173 335 3192 N
358 3162 461 3199 titulo,
485 3162 518 3203 ly
540 3163 607 3193 alia
631 3160 782 3201 significat
804 3170 912 3191 veram
930 3161 1102 3197 alietatem;
1123 3168 1153 3191 et
1171 3167 1300 3201 propter
1318 3160 1351 3200 ly

315 3208 372 3244 sit,
397 3213 524 3246 oportet
550 3207 640 3247 quod
663 3204 816 3245 significet
838 3205 995 3235 alietatem
1017 3205 1150 3235 realem:
1176 3215 1242 3235 non
1266 3204 1351 3234 enim

286 3257 332 3282 est
353 3260 427 3280 vera
450 3250 557 3281 alietas
580 3250 823 3290 processionum
851 3248 1000 3285 realium,
1031 3249 1091 3279 nisi
1115 3249 1155 3279 sit
1177 3248 1278 3279 realis.
1302 3249 1351 3288 Ly

286 3297 318 3326 in
335 3295 452 3326 divinis
468 3294 604 3325 sumitur
619 3294 700 3325 sicut
715 3294 748 3324 in
770 3304 779 3323 1
803 3300 857 3324 art.
868 3290 884 3307 *
900 3293 1093 3324 declaratum
1109 3299 1163 3323 est.
1180 3293 1221 3322 Et
1237 3293 1352 3322 eodem

287 3339 386 3370 modo
411 3345 458 3369 est
480 3338 722 3378 intelligendum
751 3338 783 3368 in
811 3337 942 3377 singulis
970 3336 1060 3367 istius
1089 3336 1282 3377 quaestionis
1306 3346 1352 3366 ar-

287 3383 407 3419 ticulis,
432 3392 471 3413 ne
495 3389 641 3422 oporteat
663 3382 749 3412 idern
772 3381 889 3422 pluries
913 3387 1061 3421 repetere.

346 3428 383 3458 11.
409 3427 445 3457 In
468 3436 600 3466 corpore
631 3435 695 3457 una
725 3433 772 3458 est
800 3425 977 3461 conclusio,
1001 3424 1185 3464 responsiva
1207 3424 1351 3464 quaesito

288 3471 486 3503 affirmative:
511 3471 547 3500 ln
566 3469 688 3506 divinis,
706 3477 828 3510 praeter
850 3469 1088 3509 processionem
1109 3468 1206 3504 verbi,
1224 3474 1270 3498 est
1293 3468 1352 3498 alia

289 3515 460 3557 processio,
477 3524 559 3555 quae
583 3521 629 3544 est
651 3513 811 3554 processio
830 3513 956 3544 amoris.
973 3531 993 3536 —
1009 3513 1050 3543 Et
1065 3513 1216 3552 probatur
1238 3512 1292 3543 sic.
1316 3512 1351 3542 In

290 3567 402 3591 natura
424 3557 625 3589 intellectuali
648 3558 734 3597 apud
758 3567 835 3593 110⁵,
863 3564 984 3598 praeter
1007 3556 1243 3597 processionem
1266 3555 1352 3586 verbi

290 3604 468 3635 secundum
484 3602 642 3633 actionem
657 3601 896 3641 intelligibilem,
914 3608 960 3632 est
974 3601 1034 3631 alia
1049 3600 1219 3640 processio,
1236 3600 1353 3630 scilicet

1406 3158 1531 3194 amoris,
1550 3158 1726 3188 secundum
1746 3157 1963 3197 operationem
1987 3156 2173 3187 voluntatis:
2199 3166 2273 3196 ergo
2290 3156 2323 3186 in
2339 3156 2464 3195 divinis,

1406 3210 1526 3243 praeter
1544 3201 1782 3242 processionem
1804 3201 1900 3237 verbi,
1923 3208 1970 3232 est
1993 3201 2052 3231 alia
2074 3200 2244 3240 processio,
2265 3207 2323 3231 etc.

1462 3246 1658 3277 Antecedens
1689 3246 1841 3285 probatur
1869 3255 1905 3275 ex
1935 3243 2180 3285 proportionali:
2203 3244 2279 3284 quia
2302 3243 2383 3274 sicut
2410 3253 2466 3284 per

1406 3290 1649 3331 conceptionem
1670 3289 1757 3319 verbi
1779 3289 1973 3319 intellectum
1997 3295 2043 3319 est
2065 3288 2097 3317 in
2120 3287 2320 3327 intelligente,
2345 3288 2387 3318 ita
2410 3298 2466 3328 per

1406 3334 1640 3375 processionem
1653 3333 1770 3363 amoris
1784 3340 1926 3363 amatum
1941 3339 1987 3363 est
2002 3332 2034 3362 in
2053 3338 2186 3362 amante.
2198 3349 2218 3354 —
2230 3331 2466 3372 Consequentia

1406 3389 1481 3409 vero
1505 3378 1672 3419 probatur:
1697 3377 1772 3417 quia
1798 3377 1831 3407 in
1855 3376 1967 3406 divinis
1990 3386 2055 3406 non
2079 3382 2125 3405 est
2152 3375 2311 3415 processio
2335 3375 2396 3406 nisi
2418 3386 2465 3406 se-

1407 3423 1548 3454 cundum
1563 3421 1720 3451 actionem
1738 3421 1965 3451 immanentem
1981 3426 2108 3450 naturae
2124 3418 2351 3455 intellectualis,
2367 3429 2466 3460 quam

1407 3473 1528 3497 constat
1552 3475 1618 3495 esse
1642 3465 1722 3495 hanc
1746 3464 1906 3504 duplicem
1929 3463 2104 3494 intellectus
2129 3470 2159 3493 et
2181 3461 2362 3494 voluntatis.

1464 3510 1515 3540 ΙΙΙ.
1533 3509 1623 3540 Circa
1639 3508 1701 3539 hoc
1720 3508 1855 3538 occurrit
1874 3507 1978 3547 primo
1996 3507 2129 3537 dubium
2145 3506 2246 3537 simile
2263 3506 2361 3537 dubio
2375 3514 2465 3537 moto

1407 3555 1486 3585 circa
1516 3552 1752 3594 processionem
1775 3551 1861 3582 verbi
1876 3551 1908 3581 *2
1933 3562 1975 3582 an
1998 3551 2117 3582 scilicet
2133 3560 2196 3590 per
2225 3556 2330 3581 actum
2356 3551 2467 3582 volun-

1406 3599 1480 3629 tatis
1504 3596 1661 3638 procedat
1692 3596 1814 3636 aliquid
1837 3597 1868 3625 in
1893 3605 1931 3626 ea
1963 3600 2115 3635 tanquam
2139 3595 2294 3625 terminus
2316 3595 2466 3625 eiusdem.

2484 1776 2495 1787 ⁴
2502 1776 2549 1803 Qu.
2556 1782 2588 1803 111,
2595 1779 2636 1798 art.
2644 1782 2698 1804 3‚4.

2494 3561 2505 3572 ⁶
2519 3561 2570 3582 Art.
2585 3568 2604 3588 ι,
2634 3561 2707 3583 Com-

2495 3590 2564 3609 mem.
2576 3594 2599 3610 n.
2609 3594 2632 3609 w
2643 3594 2695 3616 sqq.
