2768 4178
17 2600 32 2615 ⁴
45 2600 76 2624 D.
89 2606 128 2630 79.

21 2280 35 2292 ⁶
47 2279 74 2304 S.
83 2279 131 2304 Tu.
144 2281 197 2303 leet.
208 2286 235 2303 ιι.

987 240 1255 288 QUAESTIO
1285 240 1354 286 XI,
1384 239 1681 277 ARTICULUS
1712 241 1724 275 l

2379 251 2448 287 107

919 449 1334 527 QUAESTIO
1371 447 1799 505 UNDECIMA

1093 574 1178 615 DE
1211 574 1485 615 UNITATE
1517 573 1620 641 DEI

1051 690 1084 715 IN
1115 690 1288 721 QUATUOR
1315 689 1518 715 ARTICULOS
1545 690 1661 715 DIVlSA

258 795 396 878 posr
422 785 650 834 praemissa⁷
685 784 1008 822 considerandum
1038 792 1093 822 est
1123 784 1169 822 de
1199 784 1329 822 divina

325 838 482 877 unitate.
503 839 552 876 Et
581 838 680 876 circa
707 838 783 875 hoc
811 845 1046 887 quaeruntur
1074 846 1249 886 quatuor.

302 891 461 930 Primo:
491 899 620 929 utrum
649 904 772 929 unum
801 891 918 930 addat
937 891 1079 941 aliquid
1107 904 1222 941 supra
1249 904 1327 928 ens.

1438 783 1636 821 Secundo:
1666 791 1795 820 utrum
1830 790 2075 832 opponantur
2107 795 2228 820 unum
2257 791 2293 821 et
2320 785 2450 821 multa.

1437 837 1588 875 Tertio:
1617 845 1747 874 utrum
1775 838 1882 874 Deus
1911 836 1957 873 sit
1983 849 2095 873 unus.

1407 884 1409 886 ¹
1437 892 1604 939 Quarto:
1633 897 1761 927 utrum
1791 889 1837 927 sit
1865 890 2032 927 maxime
2059 902 2172 927 unus.

1079 1001 1398 1044 ARTICULUS
1429 1000 1635 1043 PRIMUS

883 1102 1039 1133 UTRUM
1063 1101 1190 1132 UNUM
1213 1100 1364 1131 ADDAT
1387 1099 1566 1137 ALIQUID
1591 1099 1728 1131 SUPRA
1751 1099 1831 1130 ENs

563 1189 639 1221 Infra,
658 1197 703 1223 qu.
722 1197 778 1221 xxx,
798 1194 844 1214 art.
862 1188 890 1220 35
910 1188 1022 1219 lSent.,
1043 1187 1102 1212 dist.
1120 1194 1170 1217 xxx,
1190 1194 1235 1220 qu.
1254 1194 1288 1217 w,
1308 1191 1396 1217 art-1,
1416 1187 1497 1216 ad2;
1518 1187 1660 1217 dist-xxxv,
1680 1191 1727 1211 art.
1748 1186 1775 1218 35
1797 1187 1924 1215 DePot„
1945 1194 2035 1219 qu..xx
2055 1191 2144 1218 art.;7

908 1223 1004 1254 Quodl.
1023 1223 1056 1254 X,
1076 1230 1120 1255 qu.
1139 1230 1156 1254 r,
1177 1227 1223 1247 art.
1243 1230 1264 1252 i;
1282 1205 1318 1247 '1v
1336 1221 1501 1255 Metaphys„
1522 1222 1581 1246 lect.
1596 1229 1629 1253 113
1648 1206 1680 1253 Χ,
1700 1222 1759 1247 lect.
1772 1229 1810 1247 m.

322 1378 343 1398 31
447 1379 452 1387 ’-

283 1361 430 1466 ζ
419 1419 577 1462 enim
605 1418 713 1468 quod
741 1426 798 1455 est
824 1418 864 1455 in
892 1417 1020 1467 aliquo
1042 1429 1182 1465 genere
1211 1416 1332 1454 deter-

274 1475 299 1504 Ι
318 1467 413 1515 aasz,
430 1466 638 1532 Κῐξιίιιειῐο,
653 1485 695 1509 se
722 1472 840 1509 habet
867 1483 914 1508 ex
942 1470 1138 1508 additione
1166 1470 1216 1507 ad
1245 1482 1330 1516 ens,

220 1567 222 1570 ,
259 1527 366 1577 quod
385 1526 516 1564 circuit
535 1526 666 1563 omnia
685 1537 867 1574 genera.
838 1531 856 1546 α
899 1524 977 1562 Sed
994 1536 1118 1561 unum
1139 1531 1194 1561 est
1213 1523 1251 1560 in
1271 1535 1333 1583 ge-

260 1592 350 1618 nere
365 1578 384 1608 Ρ
403 1579 673 1617 determinato:
705 1587 761 1616 est
787 1578 889 1616 enim
907 1577 1139 1628 principium
1168 1576 1332 1624 numeri,

260 1633 328 1684 qui
355 1640 412 1671 est
438 1633 586 1684 species
609 1632 839 1683 quantitatis.
866 1632 969 1680 Ergo
989 1644 1113 1669 unum
1138 1630 1241 1668 addit
1270 1630 1333 1667 ali-

260 1686 355 1736 quid
382 1699 498 1736 supra
526 1699 605 1724 ens.

315 1752 351 1778 2.
381 1742 616 1788 PRAETEREA,
637 1739 744 1789 quod
773 1739 908 1777 dividit
926 1738 1083 1787 aliquod
1111 1749 1333 1785 commune,

260 1806 302 1832 se
330 1794 447 1832 habet
475 1807 520 1832 ex
540 1794 734 1832 additione
764 1793 813 1831 ad
834 1792 937 1830 illud.
960 1792 1037 1830 Sed
1067 1804 1135 1829 ens
1155 1791 1336 1829 dividitur

258 1859 330 1898 per
365 1861 488 1886 unum
519 1857 555 1885 et
592 1847 723 1884 multa.
763 1848 866 1895 Ergo
894 1858 1018 1883 unum
1053 1845 1158 1882 addit
1194 1844 1336 1894 aliquid

262 1913 378 1951 supra
407 1914 486 1939 ens.

317 1957 352 1994 3.
382 1956 621 2003 PRAETEREA,
648 1954 679 1991 si
707 1965 830 1990 unum
858 1964 939 1989 non
967 1951 1073 1989 addit
1100 1964 1217 2001 supra
1245 1964 1334 1999 ens,

260 2010 366 2048 idem
404 2015 504 2046 esset
537 2008 663 2045 dicere
702 2019 820 2044 unum
849 2013 886 2043 et
917 2018 994 2043 ens.
1026 2006 1103 2043 Sed
1137 2005 1336 2054 nugatorie

262 2063 398 2101 dicitur
433 2074 498 2099 ens
535 2073 611 2099 ens.
646 2062 750 2109 Ergo
785 2059 941 2108 nugatio
978 2067 1078 2096 esset
1111 2059 1237 2096 dicere
1272 2071 1337 2096 ens

263 2129 401 2154 unum:
432 2115 538 2164 quod
565 2115 704 2152 falsum
734 2121 800 2151 est.
834 2112 953 2150 Addit
980 2112 1092 2161 igitur
1124 2125 1246 2149 unum
1276 2125 1336 2149 su-

261 2183 332 2221 pra
360 2182 441 2207 ens.

316 2223 392 2262 SED
421 2233 568 2260 CONTRA
596 2232 662 2258 EST
681 2219 789 2269 quod
809 2219 898 2257 dicit
916 2218 1139 2268 Dionysius,
1163 2219 1230 2255 ult.
1253 2231 1335 2268 cap.

260 2277 308 2315 de
334 2277 423 2314 Div.
452 2276 570 2313 Nom.
600 2274 640 2311 *.
667 2273 760 2311 nihil
787 2279 841 2310 est
875 2272 1113 2310 existentium
1146 2284 1221 2309 non
1245 2284 1337 2321 par-

261 2330 419 2380 ticipans
448 2341 547 2366 uno.-
580 2328 688 2376 quod
716 2339 796 2364 non
825 2333 940 2373 esset,
968 2326 998 2363 si
1026 2338 1148 2363 unum
1179 2326 1339 2363 adderet

159 2419 164 2428 ,
198 2422 203 2426 ,
261 2396 378 2435 supra
407 2395 475 2421 ens
503 2381 610 2431 quod
629 2386 644 2408 ⁷
664 2380 938 2418 contraheret
929 2392 1069 2429 ipsum.
1091 2380 1194 2428 Ergo
1215 2392 1336 2417 unum

262 2450 343 2475 non
370 2437 488 2474 habet
515 2448 556 2472 se
585 2447 631 2472 ex
660 2434 856 2472 additione
885 2434 934 2470 ad
963 2445 1043 2470 ens.

316 2492 544 2528 Responnsso
581 2499 767 2525 meatuum
810 2488 918 2536 quod
954 2499 1078 2524 unum
1117 2499 1197 2524 non
1235 2486 1338 2524 addit

263 2554 378 2594 supra
407 2547 475 2581 ens
503 2554 586 2579 rem
614 2541 796 2589 aliquam,
822 2541 891 2578 sed
918 2548 1067 2578 tantum
1092 2540 1337 2588 negationem

263 2597 462 2635 divisionis
475 2596 512 2632 *ε
532 2607 655 2632 unum
680 2594 781 2631 enim
796 2594 887 2632 nihil
903 2594 1005 2632 aliud
1020 2594 1206 2642 significat
1220 2606 1337 2643 quam

264 2663 332 2688 ens
351 2650 573 2693 indivisum.
590 2650 640 2686 Et
659 2661 704 2686 ex
724 2650 800 2686 hoc
814 2649 899 2698 ipso
915 2655 1074 2698 apparet
1093 2649 1200 2696 quod
1214 2660 1337 2684 unum

264 2703 498 2742 convern'tur
535 2715 625 2740 curn
654 2709 753 2740 ente.
783 2703 888 2739 Nam
923 2713 1038 2739 omne
1077 2713 1144 2738 ens
1181 2709 1246 2738 aut
1283 2709 1338 2737 est

263 2757 437 2807 simplex,
463 2764 528 2794 aut
557 2756 830 2805 compositum.
858 2755 978 2802 Quod
1005 2762 1134 2792 autem
1164 2762 1221 2791 est
1249 2754 1338 2791 sim-

262 2811 362 2860 plex,
384 2818 440 2848 est
458 2809 666 2848 indivisum
697 2817 734 2846 et
761 2816 848 2846 actu
876 2816 912 2845 et
930 2808 1111 2858 potentia.
1134 2808 1252 2855 Quod
1266 2810 1337 2844 'au

263 2872 343 2902 tem
373 2872 429 2902 est
462 2863 742 2914 compositum,
781 2875 862 2900 non
894 2862 1012 2899 habet
1044 2873 1127 2899 esse
1165 2861 1337 2909 quandiu

219 2958 223 2961 ,
263 2925 391 2968 partes
412 2917 493 2955 eius
512 2925 601 2955 sunt
620 2916 779 2964 divisae,
796 2916 864 2953 sed
882 2923 1089 2965 postquam
1106 2914 1338 2952 constituunt

266 2979 302 3009 et
316 2969 331 2993 δ
345 2979 588 3021 componunt
606 2970 733 3020 ipsum
753 2969 1024 3029 compositum.
1045 2968 1158 3006 Unde
1179 2967 1337 3005 manife-

266 3032 368 3063 stum
397 3032 454 3062 est
481 3026 588 3074 quod
616 3036 699 3061 esse
729 3023 927 3060 cuiuslibet
946 3023 1000 3060 rei
1029 3021 1198 3059 consistit
1225 3021 1263 3058 in
1282 3021 1336 3058 in-

267 3077 466 3116 divisione.
487 3079 536 3116 Et
555 3078 643 3116 inde
662 3083 674 3098 ¹
694 3084 750 3114 est
772 3076 879 3125 quod
901 3075 1222 3125 unumquodque,
1243 3075 1339 3111 sicut

268 3131 432 3169 custodit
459 3144 573 3169 suurn
603 3143 698 3178 esse,
728 3130 779 3167 ita
808 3129 972 3167 custodit
999 3141 1109 3166 suam
1137 3128 1335 3166 unitatem.

321 3186 380 3221 AD
408 3197 546 3235 patmon
575 3196 699 3223 1G1TUR
727 3195 912 3220 DICENDUM
940 3183 1046 3232 quod
1074 3182 1246 3231 qnidam,
1267 3194 1336 3231 pu-

267 3244 400 3275 tantes-
426 3237 531 3275 idem
559 3250 643 3276 esse
679 3235 801 3274 unum
839 3237 943 3285 quod
979 3235 1212 3274 convertitur
1248 3247 1337 3272 cum

323 3371 351 3403 α)
370 3370 442 3403 quod
460 3369 557 3394 circuit
574 3370 665 3394 omnia
682 3376 792 3403 genera.
809 3383 829 3389 -
847 3369 909 3394 Om.
923 3368 1000 3393 Act-2.

323 3405 348 3439 β)
366 3411 473 3439 genere.
492 3418 510 3424 -
528 3404 618 3437 aliquo
635 3405 672 3436 E,
697 3406 786 3438 aliquo
810 3411 908 3438 genere
932 3405 1018 3429 ceteri.
1036 3417 1054 3423 -
1074 3403 1124 3427 Pro
1149 3402 1262 3434 species,
1281 3409 1339 3434 spe-

267 3442 447 3521 ο.γ1)>ιΐιιοιί.
465 3489 485 3495 -
502 3475 566 3508 quia
583 3475 668 3506 DFG;
686 3476 758 3508 quod
775 3475 947 3501 contraheret
965 3476 1051 3507 ipsum
1069 3481 1123 3498 om.
1137 3473 1214 3498 ACE.

322 3512 347 3546 δ)
372 3512 539 3538 constituunt
561 3513 596 3535 et.
613 3524 633 3531 -
651 3511 713 3536 Om.
735 3511 781 3536 FG
806 3516 831 3537 et
856 3512 897 3537 ed.
916 3518 942 3536 a.
959 3524 978 3530 -
995 3509 1169 3542 compositum
1194 3517 1248 3534 om.
1267 3510 1338 3534 codi-

270 3556 314 3574 ces
323 3554 402 3616 5113
412 3583 483 3608 inde.
501 3596 520 3601 -
542 3581 617 3606 Unde
631 3581 800 3615 manifestum
813 3583 876 3607 8.-
891 3581 961 3607 Idem
975 3588 1034 3614 post
1048 3582 1253 3614 unumquodque
1267 3580 1337 3605 addit

269 3627 324 3650 ens,
343 3625 368 3644 et
386 3627 434 3652 pro
453 3619 491 3644 ita
510 3618 573 3650 legit
590 3617 636 3642 sic.

1384 1417 1560 1454 videntes
1575 1416 1589 1443 t
1604 1363 1731 1466 quod
1725 1429 1848 1454 unum
1868 1417 1975 1466 quod
1997 1416 2229 1454 convertitur
2248 1429 2337 1453 cum
2358 1393 2497 1464 ente:v

1386 1482 1466 1507 non
1494 1469 1599 1508 addit
1626 1470 1794 1530 aliquam
1819 1483 1902 1507 rem
1931 1482 2046 1519 supra
2075 1482 2154 1517 ens,
2176 1471 2243 1507 sed
2271 1469 2458 1518 significat

1386 1523 1638 1561 substantiam
1667 1523 1762 1561 entis
1789 1531 1905 1573 prout
1934 1531 1990 1560 est
2017 1523 2191 1571 indivisa,
2217 1523 2456 1560 existimave—

1387 1585 1474 1614 runt
1493 1583 1507 1600 ”
1526 1577 1580 1614 sic
1599 1589 1640 1614 se
1660 1577 1803 1614 habere
1825 1577 1872 1614 de
1900 1589 1978 1614 uno
2008 1577 2115 1625 quod
2144 1584 2200 1614 est
2226 1576 2456 1626 principium

1387 1630 1549 1668 numeri.
1571 1631 1621 1668 Et
1648 1630 1738 1680 quia
1756 1643 1940 1668 numerus
1970 1630 2214 1679 componitur
2238 1642 2283 1667 ex
2310 1630 2457 1667 unitati-

1388 1685 1472 1732 bus,
1494 1684 1735 1722 crediderunt
1764 1685 1870 1732 quod
1898 1684 2048 1721 numeri
2074 1691 2199 1721 essent
2226 1683 2458 1720 substantiae

1389 1738 1564 1775 omnium
1584 1750 1723 1775 rerum.
1740 1759 1764 1765 -
1781 1738 1814 1774 E
1835 1737 2024 1774 contrario
2045 1745 2172 1774 autem
2186 1735 2199 1757 ⁰
2218 1737 2416 1774 Avicenna
2425 1736 2456 1784 *⁷

1389 1791 1636 1829 considerans
1655 1791 1761 1841 quod
1781 1803 1903 1828 unum
1932 1791 2037 1840 quod
2058 1798 2114 1827 est
2141 1790 2369 1839 principium
2389 1803 2457 1827 nu-

1389 1845 1497 1892 meri,
1519 1845 1623 1882 addit
1641 1845 1808 1893 aliquam
1829 1856 1910 1881 rem
1931 1856 2047 1893 supra
2070 1843 2322 1881 substantiam
2343 1843 2459 1880 entis*

1389 1898 1496 1946 (alias
1524 1910 1709 1935 numerus
1734 1910 1779 1935 ex
1806 1897 2013 1935 unitatibus
2043 1897 2275 1946 compositus
2303 1909 2383 1934 non
2403 1909 2458 1934 es-

1389 1960 1446 1990 set
1473 1952 1620 2012 species
1645 1951 1889 2000 quantitatis),
1911 1950 2067 1988 credidit
2086 1951 2191 1999 quod
2210 1962 2332 1987 unum
2352 1950 2459 2007 quod

1390 2005 1623 2043 convertitur
1651 2017 1741 2042 cum
1762 2012 1859 2051 ente,
1886 2004 2002 2042 addat
2034 2016 2116 2041 rem
2145 2004 2311 2052 aliquam
2344 2016 2460 2052 supra

1390 2059 1641 2097 substantiam
1671 2058 1778 2106 entis,
1808 2058 1904 2095 sicut
1923 2058 2054 2094 album
2075 2069 2190 2116 supra
2209 2057 2420 2094 hominem.
2434 2078 2457 2084 -

1391 2114 1469 2151 Sed
1496 2113 1572 2149 hoc
1591 2111 1790 2149 manifeste
1810 2111 1948 2148 falsum
1978 2118 2049 2147 est:
2070 2110 2160 2159 quia
2189 2110 2381 2159 quaelibet
2400 2122 2459 2147 res

1391 2174 1446 2204 est
1473 2178 1552 2203 una
1578 2177 1648 2214 per
1675 2177 1786 2202 suam
1815 2164 2077 2202 substantiam.
2099 2163 2140 2201 Si
2169 2163 2271 2200 enim
2299 2175 2368 2212 per
2395 2163 2459 2200 ali-

1391 2219 1484 2269 quid
1512 2219 1615 2256 aliud
1644 2225 1742 2255 esset
1761 2229 1839 2255 una
1868 2217 2059 2267 quaelibet
2078 2229 2149 2264 res,
2172 2229 2260 2253 cum
2283 2216 2375 2254 illud
2394 2216 2460 2253 ite-

1392 2286 1478 2310 rum
1508 2272 1554 2309 sit
1580 2283 1716 2319 unum,
1737 2271 1767 2308 si
1797 2278 1895 2308 esset
1914 2271 2051 2307 iterum
2079 2282 2201 2307 unum
2221 2282 2290 2318 per
2318 2270 2460 2318 aliquid

1391 2326 1506 2373 aliud,
1528 2333 1627 2362 esset
1654 2324 1760 2362 abire
1779 2324 1818 2361 in
1842 2324 2044 2361 infinitum.
2066 2324 2176 2361 Unde
2206 2323 2383 2360 standum
2406 2331 2461 2360 est

1391 2381 1429 2418 in
1457 2379 1596 2429 primo.
1618 2400 1642 2406 -
1663 2378 1726 2415 Sic
1745 2378 1855 2427 igitur
1884 2377 2090 2415 dicendum
2119 2385 2174 2414 est
2206 2376 2311 2425 quod
2339 2389 2460 2413 unum

1391 2434 1497 2482 quod
1527 2432 1759 2470 convertitur
1797 2443 1886 2468 cum
1916 2438 2021 2478 ente,
2051 2442 2131 2468 non
2160 2429 2264 2467 addit
2292 2429 2459 2477 aliquam

1391 2500 1473 2524 rem
1503 2499 1618 2546 supra
1646 2498 1734 2522 ens:
1765 2485 1834 2522 sed
1861 2496 1983 2521 unum
2012 2483 2118 2531 quod
2147 2491 2202 2520 est
2228 2482 2458 2531 principium

1391 2540 1551 2586 numeri,
1573 2539 1677 2577 addit
1705 2538 1847 2587 aliquid
1875 2549 1988 2586 supra
2017 2549 2097 2584 ens,
2119 2536 2169 2573 ad
2192 2548 2311 2584 genus
2339 2548 2458 2585 quan-

1389 2594 1503 2631 titatis
1530 2592 1734 2642 pertinens.

1444 2649 1503 2683 An
1532 2657 1722 2683 SECUNDUM
1751 2655 1938 2681 memnon
1972 2642 2079 2691 quod
2103 2642 2195 2680 nihil
2214 2642 2392 2692 prohibet
2420 2642 2458 2679 id

1391 2700 1496 2749 quod
1526 2707 1581 2736 est
1607 2711 1686 2736 uno
1707 2697 1826 2734 modo
1856 2696 2034 2744 divisum,
2057 2708 2140 2733 esse
2159 2696 2234 2733 alio
2263 2696 2382 2733 modo
2402 2695 2457 2732 in-

1392 2754 1581 2798 divisum;
1611 2752 1706 2789 sicut
1742 2750 1848 2799 quod
1887 2757 1943 2787 est
1980 2749 2145 2787 divisum
2182 2761 2367 2794 numero,

1390 2807 1598 2844 indivisum
1618 2805 1831 2843 secundum
1851 2803 2040 2852 speciem:
2067 2810 2104 2839 et
2122 2802 2176 2840 sic
2195 2803 2375 2851 contingit
2394 2802 2457 2839 ali-

1391 2860 1485 2908 quid
1513 2871 1595 2896 esse
1623 2870 1702 2895 uno
1736 2856 1856 2894 modo
1884 2868 2019 2903 unum,
2041 2856 2113 2893 alio
2133 2864 2148 2879 ²
2178 2856 2297 2893 modo
2325 2856 2455 2892 multa.

1392 2913 1470 2951 Sed
1489 2921 1619 2950 tamen
1647 2911 1679 2948 si
1697 2911 1743 2948 sit
1770 2909 1978 2948 indivisum
1998 2908 2231 2958 simpliciter;
2256 2910 2318 2946 vel
2334 2907 2346 2929 λ
2368 2908 2457 2958 quia

1392 2974 1448 3004 est
1474 2965 1684 3003 indivisum
1713 2963 1927 3001 secundum
1947 2963 1985 3000 id
2014 2962 2118 3012 quod
2142 2962 2304 3011 pertinet
2331 2962 2380 2999 ad
2400 2974 2457 2998 es-

1391 3020 1552 3058 sentiam
1572 3018 1637 3066 rei,
1658 3018 1744 3054 licet
1763 3017 1809 3054 sit
1828 3016 1994 3054 divisum
2010 3023 2195 3064 quantum
2216 3015 2265 3052 ad
2289 3027 2335 3052 ea
2358 3027 2457 3063 quae

1392 3081 1479 3111 sunt
1507 3080 1610 3109 extra
1639 3070 1842 3108 essentiam
1870 3070 1924 3107 rei
1942 3077 1972 3116 μ,
2003 3069 2097 3106 sicut
2116 3068 2222 3117 quod
2251 3075 2307 3105 est
2334 3080 2457 3105 unum

1392 3127 1562 3165 subiecto
1592 3132 1628 3161 et
1646 3124 1767 3161 multa
1796 3123 2008 3161 secundum
2028 3122 2251 3167 accidentia;
2276 3121 2339 3158 vel
2368 3121 2458 3170 quia

1393 3188 1448 3218 est
1475 3175 1683 3217 indivisum
1707 3177 1746 3214 in
1774 3184 1872 3224 actu,
1894 3184 1931 3213 et
1959 3176 2124 3213 divisum
2144 3175 2182 3212 in
2209 3174 2389 3223 potentia,
2411 3174 2457 3211 si-

1393 3241 1455 3271 cut
1483 3232 1586 3282 quod
1607 3238 1663 3268 est
1690 3243 1811 3268 unum
1830 3237 1911 3267 toto
1941 3237 1976 3266 et
1995 3230 2114 3266 multa
2142 3228 2354 3265 secundum
2373 3239 2458 3276 par-

1446 3365 1471 3398 ζ)
1493 3365 1619 3390 videntes.
1636 3378 1655 3383 —
1674 3364 1735 3388 Om.
1749 3363 1859 3387 codices.
1878 3376 1896 3381 -
1915 3363 1965 3386 Pro
1983 3361 2055 3393 quod
2073 3365 2131 3385 ante
2149 3360 2321 3390 convertitur,
2337 3360 2400 3392 quia
2413 3359 2458 3384 AB

1446 3437 1473 3469 η)
1493 3436 1727 3461 existimaverunt.
1746 3448 1765 3454 —
1783 3434 1991 3459 aestimaverunt
2009 3432 2111 3457 codices
2130 3436 2156 3456 et
2174 3431 2214 3456 ed.
2228 3438 2254 3455 a.

1447 3470 1471 3504 0)
1491 3475 1589 3496 autem.
1607 3484 1626 3489 -
1644 3470 1706 3495 Om.
1719 3470 1844 3495 ABCDE.

1448 3508 1465 3540 ι)
1485 3507 1562 3532 entis.
1579 3520 1599 3524 —
1619 3506 1680 3531 Om.
1693 3506 1806 3530 ABCDE
1826 3510 1851 3529 et
1870 3504 1928 3529 edd.
1947 3503 1997 3528 ab.
2042 3519 2044 3521 ·

1446 3544 1470 3575 κ)
1491 3542 1554 3567 alio.
1571 3556 1590 3560 -
1608 3544 1634 3566 et
1651 3541 1706 3566 alio
1725 3541 1835 3565 codices.

1445 3578 1473 3610 λ)
1493 3578 1542 3602 vel.
1559 3591 1580 3597 —
1597 3577 1646 3602 hoc
1663 3579 1704 3602 est
1722 3577 1762 3601 vel
1781 3577 1811 3600 B.

1447 3614 1474 3647 μ)
1494 3614 1555 3638 licet
1572 3613 1642 3638 sit...
1657 3612 1705 3637 rei.
1722 3626 1741 3631 —
1760 3611 1821 3636 Om.
1841 3611 1876 3642 D3
1895 3613 1921 3635 et
1940 3610 1978 3634 ita
1997 3609 2140 3634 indivisum
2163 3608 2319 3640 simpliciter
2342 3607 2410 3632 addit
2428 3607 2457 3630 B.

2484 1369 2492 1377 '
2515 1367 2576 1388 Vide
2597 1367 2671 1389 Arist.
2687 1367 2697 1389 1

2484 1394 2547 1415 Meta
2565 1394 2596 1422 hy
2597 1400 2617 1415 5.
2645 1400 2670 1415 ca

2483 1427 2535 1446 v·1n
2557 1400 2697 1442 nde'Cael'o

2484 1449 2507 1468 et
2516 1447 2611 1474 Mundo,
2621 1453 2672 1475 cap.
2680 1453 2697 1468 ι.

2582 1475 2596 1504 ζ

2581 1585 2596 1607 η

2486 1769 2494 1777 ·
2520 1731 2670 1794 ΜεῙαΞΙιγε.,

2485 1797 2551 1815 tract.
2566 1799 2596 1820 ιιι,
2619 1799 2670 1820 cap.

2486 1826 2511 1847 ιι,
2527 1826 2562 1841 111.

2589 1857 2596 1872 ι

2403 2757 2458 2786 est
