2768 4178
0 902 2 919 ζ
45 894 56 904 '
69 892 106 916 Cf.
128 898 168 921 qu.

0 922 2 948 ε
44 919 134 942 huod.

0 957 5 1012 ,ἰ

976 266 1244 313 QUAESTIO
1272 268 1413 316 XLIII,
1442 269 1739 307 ARTICULUS
1770 270 1784 306 I

667 491 1083 570 QUAESTIO
1123 493 2091 570 QUADRAGESIMATERTIA

558 621 658 662 DE
705 620 1096 662 MissloNE
1143 621 1613 664 DIVINARUM
1658 624 2205 667 PERSONARUM

1117 737 1151 761 IN

372 850 480 877 ΕιΝῡΕ
517 838 840 877 considerandum
875 839 922 876 de
955 839 1137 877 missione
1162 845 1181 860 ⁴²
1211 838 1353 876 divina-

372 903 458 929 rum
486 892 745 929 Personarum
765 892 795 929 ³⁶.

286 946 337 982 Et
364 945 463 982 circa
493 945 568 982 hoc
596 953 830 994 quaeruntur
858 953 957 982 octo.

340 998 492 1042 Primo:
522 1006 651 1035 utrum
679 998 791 1036 alicui
821 998 971 1036 divinae
1000 999 1192 1035 Personae
1215 1010 1355 1035 conve-

189 898 238 915 xur
247 909 254 920 ‚

394 1059 471 1088 mat
499 1059 606 1088 mitti.

341 1105 543 1142 Secundo:
572 1112 699 1141 utrum
733 1104 864 1142 missio
893 1105 939 1142 sit
967 1113 1140 1152 aeterna,
1169 1104 1231 1142 vel
1259 1112 1354 1142 tem-

393 1158 534 1207 poralis
562 1165 722 1195 tantum.

341 1211 494 1248 Tertio:
523 1211 734 1248 secundum
763 1211 855 1260 quid
884 1210 1012 1248 divina
1035 1211 1206 1247 Persona
1228 1210 1356 1247 invisi-

394 1263 515 1303 biliter
542 1265 721 1301 mittatur.

1181 736 1278 762 OCTO
1307 737 1508 763 ARTICULOS
1535 739 1652 764 DIVISA

1463 842 1636 888 Quarto:
1678 851 1807 880 utrum
1850 843 2001 881 cuilibet
2041 844 2233 881 Personae
2271 843 2473 882 conveniat

1515 902 1620 940 mitti.

1464 962 1627 1008 Quinto:
1656 970 1784 999 utrum
1809 963 2042 1000 invisibiliter
2061 963 2228 1001 mittatur
2246 971 2324 1000 tam
2346 963 2472 1011 Filius,

1517 1034 1634 1069 quam
1663 1022 1823 1071 Spiritus
1852 1023 2024 1060 Sanctus.

1465 1083 1597 1119 Sexto:
1627 1082 1676 1120 ad
1704 1095 1802 1130 quos
1830 1083 1896 1119 fiat
1924 1082 2053 1119 missio
2083 1082 2289 1119 invisibilis.

1465 1142 1659 1191 Septimo:
1689 1142 1946 1183 demissione
1974 1141 2122 1179 visibili.

1465 1202 1637 1239 Octavo:
1666 1210 1794 1239 utrum
1823 1202 1948 1250 aliqua
1967 1203 2137 1239 Persona
2156 1202 2277 1239 mittat
2296 1202 2472 1250 seipsam,

1515 1261 1712 1299 visibiliter
1740 1271 1805 1300 aut
1832 1262 2076 1300 invisibiliter.

1104 1380 1424 1423 ARTICULUS
1455 1380 1660 1423 PRIMUS

777 1482 935 1515 UTRUM
958 1482 1105 1515 Auem
1129 1482 1356 1514 PERSONAE
1379 1480 1556 1514 DIVINAE
1582 1481 1836 1514 CONVENIAT
1860 1482 1984 1514 MITT1

678 1565 688 1589 1
706 1565 791 1594 Sent„
811 1565 871 1590 dist.
888 1571 928 1595 xv,
948 1571 994 1597 qu.
1010 1571 1029 1595 1,
1047 1569 1094 1589 m.
1114 1570 1140 1594 ις
1159 1564 1193 1588 1v
1215 1563 1292 1589 Cont⁴
1308 1563 1396 1592 Gent„
1417 1571 1472 1596 cap.
1490 1570 1565 1594 xxm;
1587 1563 1689 1588 Contra
1707 1570 1812 1588 errores
1833 1565 1940 1592 Graec„
1961 1571 2016 1595 cap.
2028 1571 2079 1588 x1v.

285 1679 298 1698 π
321 1683 348 1711 32
375 1681 381 1700 ;
405 1681 476 1725 ‘'‘2‘5
498 1675 523 1700 n
552 1675 690 1700 Palmum
718 1674 772 1699 src
800 1673 1040 1699 Pnocnmrua.
1069 1661 1231 1698 Videtur
1250 1662 1355 1710 quod

324 1772 343 1798 t

439 1752 457 1775 Ι
500 1717 693 1753 Personae
722 1715 874 1752 divinae
908 1727 988 1753 non
1016 1714 1220 1752 conveniat
1246 1714 1353 1751 mitti.

285 1770 428 1823 ¹2³³(-
444 1759 643 1807 Missus
676 1768 779 1806 enim
811 1768 941 1806 minor
977 1776 1034 1805 est
1061 1768 1242 1805 mittente.
1278 1767 1355 1804 Sed

347 1796 445 1855 <³⁴⁹5
460 1812 579 1859 una
607 1823 777 1859 Persona
805 1821 935 1859 divina
951 1834 1032 1858 non
1050 1829 1109 1858 est
1125 1821 1253 1858 minor
1271 1820 1353 1857 alia.

286 1877 390 1926 Ergo
417 1888 496 1913 una
521 1877 694 1913 Persona
721 1887 801 1912 non
829 1875 986 1912 mittitur
1013 1875 1062 1911 ab
1090 1874 1174 1912 alia.

341 1941 376 1967 2.
401 1930 636 1975 Pmmm,
657 1941 776 1965 omne
803 1929 908 1977 quod
928 1928 1097 1974 mittitur,
1117 1934 1314 1976 separatur
1333 1939 1355 1963 a

43 1991 55 2002 ·
67 1989 120 2012 ub·
134 1988 170 2017 v,
187 1994 258 2017 turer
285 1982 472 2022 minente:
488 1982 593 2020 unde
609 1981 868 2031 Hieronymus
885 1981 983 2028 dicit,
993 1982 1114 2030 Super
1127 1979 1353 2030 Ezechiel.*:

8 2048 9 2054 ἵ
42 2021 95 2072 ξε.
103 2021 150 2044 xvi,
157 2021 218 2038 ven.
223 2021 256 2044 53,

38 2516 51 2529 ⁸
63 2516 132 2540 Vera.
148 2516 181 2539 16.

289 2036 401 2078 Quod
426 2036 667 2073 coniunctum
690 2041 754 2081 est,
782 2041 818 2072 et
845 2035 884 2072 in
912 2046 1073 2084 corpore
1101 2046 1175 2071 uno
1203 2033 1354 2082 copula-

285 2094 386 2135 tum,
415 2089 513 2126 mitti
543 2101 620 2125 non
649 2094 780 2137 potest.
820 2088 900 2125 Sed
934 2088 974 2125 in
1011 2087 1148 2125 divinis
1175 2086 1354 2124 Personis

183 2149 258 2205 39¹5&
286 2142 380 2180 nihil
405 2148 460 2180 est
484 2141 706 2190 separabile,
735 2148 778 2178 ut
801 2141 966 2178 Hilarius
987 2141 1075 2179 dicit
1092 2140 1124 2178 ²¹⁵.
1154 2142 1258 2188 Ergo
1277 2152 1355 2176 una

285 2196 456 2233 Persona
483 2207 564 2232 non
588 2194 747 2232 mittitur
774 2195 823 2231 ab
851 2194 935 2231 alia.

285 2273 291 2278 ι
340 2249 377 2286 3.
406 2250 648 2296 Passum,
679 2247 913 2297 quicumque
942 2247 1119 2294 mittitur,
1149 2247 1197 2284 ab
1227 2246 1354 2294 aliquo

284 2302 371 2339 Ioco
397 2300 416 2331 Ρ
444 2301 623 2349 discedit,
658 2308 695 2338 et
722 2300 771 2338 ad
800 2301 968 2349 aliquem
1005 2301 1135 2338 locum
1173 2299 1220 2336 de
1250 2311 1354 2336 novo

283 2354 401 2392 vadit.
428 2356 515 2391 Hoc
533 2362 662 2392 autem
674 2352 835 2392 'divinae
851 2355 1044 2391 Personae
1064 2366 1144 2391 non
1163 2352 1354 2399 convenit,

285 2418 373 2446 eum
400 2408 545 2457 ubique
568 2408 625 2445 sit.
654 2409 758 2456 Ergo
780 2407 932 2444 divinae
952 2409 1146 2444 Personae
1166 2418 1245 2443 non
1266 2418 1355 2442 con·
1374 2415 1377 2418 ’

285 2468 392 2499 vemt
419 2468 527 2498 mlttl.
1184 2480 1187 2482 ·

339 2515 414 2551 SED
435 2525 582 2551 coum
600 2525 667 2550 EST
695 2513 800 2561 quod
829 2513 964 2550 dicitur
990 2514 1096 2549 Ioan.
1117 2524 1178 2549 vm
1196 2511 1233 2548 *ε
1261 2511 1353 2548 Νοη

283 2579 368 2604 sum
397 2578 469 2616 ego
495 2567 619 2612 solus,
646 2567 714 2602 sed
740 2578 812 2615 ego
841 2571 878 2602 et
901 2566 969 2614 qui
993 2566 1095 2602 misit
1119 2578 1200 2611 me,
1229 2566 1353 2601 Pater.

339 2621 566 2657 Responnno
595 2631 780 2656 DICENDUM
808 2619 915 2668 quod
932 2619 973 2655 in
991 2618 1138 2655 ratione
1164 2617 1355 2655 missionis

286 2673 364 2710 duo
402 2673 678 2722 importantur:
717 2683 884 2720 quorum
926 2684 1049 2708 unum
1083 2679 1139 2709 est
1171 2671 1354 2709 habitudo

286 2725 392 2765 missi
418 2726 470 2763 ad
489 2738 579 2762 eum
599 2737 622 2762 a
641 2737 719 2773 quo
739 2725 916 2770 mittitun
946 2725 1048 2762 aliud
1063 2730 1077 2752 ⁷
1097 2732 1153 2762 est
1169 2725 1353 2761 habitudo

287 2778 392 2818 missi
430 2779 479 2816 ad
515 2778 721 2815 terminum
749 2778 798 2815 ad
827 2790 943 2827 quem
975 2778 1144 2815 mittitur.
1179 2779 1254 2814 Per
1280 2778 1356 2814 hoc

286 2840 416 2870 autem
445 2832 551 2881 quod
575 2831 710 2879 aliquis
729 2831 896 2878 mittitur,
917 2831 1129 2868 ostenditur
1158 2830 1354 2879 processio

286 2886 478 2935 quaedam
504 2885 608 2922 missi
637 2897 659 2921 a
687 2884 875 2931 mittente;
902 2885 966 2921 vel
993 2885 1207 2921 secundum
1234 2883 1355 2932 impe-

286 2938 398 2985 rium,
415 2938 510 2976 sicut
530 2938 710 2976 dominus
730 2937 842 2974 mittit
858 2950 1034 2983 servurn3
1058 2938 1122 2974 vel
1141 2936 1355 2973 secundum

287 2992 500 3039 consilium,
522 3000 564 3028 ut
588 2991 618 3028 si
644 2990 877 3027 consiliarius
896 2991 1042 3028 mittere
1064 2990 1208 3027 dicatur
1227 3001 1355 3037 regern

287 3044 336 3081 ad
356 3045 578 3082 bellandum
598 3042 628 3090 ὃς
658 3045 720 3081 vel
740 3043 953 3080 secundum
974 3043 1171 3091 originem,
1192 3050 1233 3079 ut
1251 3043 1282 3079 si
1302 3043 1355 3079 di-

288 3105 394 3134 catur
421 3098 527 3145 quod
558 3098 632 3134 flos
662 3096 842 3133 emittitur
870 3097 917 3133 ab
946 3097 1094 3133 arbore.
1135 3095 1357 3133 Ostenditur

289 3150 402 3187 etiam
428 3150 612 3188 habitudo
642 3150 691 3187 ad
720 3150 925 3187 terminum
945 3157 956 3173 ε
983 3149 1032 3186 ad
1052 3161 1168 3197 quem
1187 3149 1354 3196 mittitur,

236 3204 240 3209 '
288 3210 329 3240 ut
357 3203 484 3252 aliquo
513 3205 632 3241 modo
661 3203 712 3240 ibi
742 3215 824 3240 esse
845 3202 1020 3251 incipiat;
1049 3203 1111 3240 vel
1139 3202 1228 3250 quia
1255 3202 1357 3251 prius

1410 1660 1463 1697 ibi
1491 1660 1648 1697 omnino
1686 1673 1766 1698 non
1796 1669 1875 1698 erat
1902 1674 1980 1710 quo
2009 1662 2185 1709 mittitur;
2213 1662 2275 1699 vel
2303 1662 2392 1710 quia
2419 1662 2474 1699 in-

1412 1713 1501 1762 cipit
1527 1714 1578 1751 ibi
1607 1713 1736 1762 aliquo
1765 1715 1884 1752 modo
1914 1727 2010 1762 esse,
2040 1727 2115 1764 quo
2144 1715 2248 1764 prius
2276 1728 2355 1752 non
2383 1722 2472 1752 erat.

1466 1766 1599 1804 Missio
1620 1767 1729 1815 igitur
1743 1767 1894 1805 divinae
1910 1769 2102 1805 Personae
2119 1768 2323 1805 convenire
2337 1776 2473 1817 potest,

1411 1820 1624 1858 secundum
1644 1821 1749 1869 quod
1776 1821 1957 1870 importat
1981 1833 2025 1858 ex
2044 1834 2120 1859 una
2139 1829 2245 1870 parte
2263 1821 2474 1870 processio-

1411 1886 1502 1910 nem
1531 1873 1683 1921 originis
1711 1886 1734 1911 a
1761 1874 1948 1920 mittente;
1978 1882 2014 1911 et
2041 1875 2254 1912 secundum
2283 1874 2387 1923 quod
2406 1874 2474 1911 im-

1409 1934 1534 1975 portat
1564 1939 1608 1963 ex
1637 1926 1709 1964 alia
1736 1935 1842 1976 parte
1870 1940 2019 1965 novum
2043 1928 2206 1965 modum
2236 1927 2416 1964 existendi
2435 1927 2474 1964 in

1410 1980 1538 2029 aliquo
1559 1980 1583 2016 ζ.
1616 1980 1719 2017 Sicut
1748 1980 1863 2017 Filius
1892 1980 2027 2018 dicitur
2056 1993 2136 2018 esse
2164 1981 2303 2018 missus
2323 1993 2345 2017 a
2364 1982 2474 2017 Patre
2602 1982 2616 2011 t:

1409 2033 1448 2070 in
1475 2033 1666 2070 mundum
1681 2033 1712 2079 ³¹²,
1738 2035 1950 2071 secundum
1971 2034 2077 2082 quod
2104 2034 2269 2083 incoepit
2290 2041 2306 2064 η
2335 2045 2418 2071 esse
2437 2033 2475 2070 in

1410 2087 1557 2123 mundo
1581 2086 1775 2123 visibiliter
1801 2099 1870 2136 per
1897 2100 2050 2124 carnem
2080 2095 2337 2136 assumptam:
2367 2094 2404 2123 et
2421 2093 2475 2123 ta—

1411 2152 1502 2176 men
1529 2147 1615 2176 ante
1644 2140 1681 2177 in
1710 2140 1850 2177 mundo
1878 2146 1975 2186 erat,
2003 2148 2044 2177 ut
2072 2141 2208 2178 dicitur
2235 2139 2421 2177 Ioan.1“⁸.

1462 2195 1523 2229 An
1542 2205 1681 2230 PmMUM
1699 2205 1799 2230 ERGO
1818 2203 2002 2231 montinum
2022 2193 2129 2242 quod
2146 2193 2277 2230 missio
2297 2193 2478 2242 importat

1411 2246 1706 2283 minorationem
1736 2246 1775 2283 in
1804 2258 1850 2283 eo
1871 2247 1936 2295 qui
1954 2246 2122 2293 mittitur,
2142 2246 2355 2284 secundum
2371 2246 2477 2294 quod

1410 2299 1591 2347 importat
1616 2299 1905 2348 processionem
1924 2311 1947 2336 a
1966 2299 2151 2348 principio
2178 2300 2348 2337 mittente
2371 2297 2385 2320 ⁰
2413 2306 2477 2336 aut
2604 2301 2617 2325 ⁰

1411 2353 1624 2389 secundum
1662 2352 1884 2401 imperium,
1918 2361 1982 2390 aut
2009 2353 2220 2390 secundum
2254 2352 2474 2390 consilium:

1411 2405 1501 2454 quia
1519 2405 1712 2454 im'perans
1741 2414 1798 2442 est
1823 2405 1957 2453 maior,
1980 2413 2016 2442 et
2034 2405 2235 2443 consilians
2255 2413 2310 2442 est
2328 2405 2474 2454 sapien—

1411 2459 1494 2495 tior.
1524 2458 1603 2495 Sed
1630 2458 1670 2495 in
1697 2459 1833 2495 divinis
1861 2471 1940 2495 non
1968 2459 2147 2507 importat
2174 2459 2246 2495 nisi
2264 2458 2475 2507 processio-

1410 2523 1501 2548 nem
1530 2511 1701 2559 originis;
1733 2523 1830 2560 quae
1860 2519 1915 2548 est
1947 2512 2161 2549 secundum
2189 2511 2472 2560 aequalitatem,

1409 2572 1452 2600 ut
1479 2576 1594 2612 supra
1610 2564 1632 2586 *
1661 2564 1803 2601 dictum
1832 2572 1899 2601 est.

1463 2619 1523 2653 AD
1560 2629 1750 2654 SECUNDUM
1787 2629 1970 2655 morannum
2008 2617 2114 2665 quod
2155 2617 2246 2654 illud
2282 2617 2388 2665 quod
2421 2616 2474 2653 sic

1410 2670 1566 2707 mittitur
1601 2677 1644 2707 ut
1673 2670 1827 2719 incipiat
1861 2682 1944 2707 esse
1976 2670 2042 2707 ubi
2078 2670 2183 2720 prius
2216 2671 2320 2707 nullo
2352 2669 2473 2707 modo

1411 2731 1501 2770 erat,
1517 2736 1586 2760 sua
1599 2723 1781 2760 missione
1801 2724 1970 2760 localiter
1987 2731 2182 2760 movetur:
2202 2724 2306 2761 unde
2325 2729 2476 2772 oportet

1410 2777 1516 2824 quod
1544 2778 1629 2813 loco
1650 2784 1846 2825 separetur
1862 2789 1887 2813 a
1906 2776 2088 2814 mittente.
2119 2776 2195 2814 Sed
2214 2777 2290 2813 hoc
2306 2789 2386 2813 non
2413 2788 2474 2812 ac-

1412 2830 1499 2866 cidit
1516 2830 1556 2866 in
1571 2830 1754 2866 missione
1775 2829 1926 2867 divinae
1954 2831 2167 2867 Personae:
2196 2829 2286 2877 quia
2304 2831 2474 2866 Persona

1412 2883 1542 2920 divina
1570 2883 1697 2930 missa,
1718 2884 1814 2920 sicut
1833 2894 1911 2920 non
1931 2882 2060 2931 incipit
2078 2895 2161 2920 esse
2180 2883 2247 2919 ubi
2264 2883 2368 2932 prius
2392 2893 2475 2919 non

1411 2937 1542 2983 fuerat,
1563 2936 1613 2972 ita
1638 2948 1710 2973 nec
1726 2943 1736 2957 ⁴
1761 2935 1895 2973 desinit
1915 2947 1996 2973 esse
2015 2936 2082 2972 ubi
2102 2936 2232 2973 fuerat.
2262 2935 2374 2973 Unde
2393 2934 2474 2972 talis

1411 2989 1542 3025 missio
1568 2996 1623 3025 est
1641 2989 1721 3026 sine
1742 2989 2001 3038 separatione;
2031 2989 2099 3026 sed
2116 2989 2232 3026 habet
2250 2989 2372 3025 solam
2401 2988 2474 3025 dis-

1411 3042 1633 3079 tinctionem
1663 3042 1825 3090 originis.

1465 3097 1524 3131 AD
1552 3107 1711 3132 TERTlUM
1739 3107 1924 3141 mcENDuM
1957 3095 2061 3144 quod
2099 3092 2261 3131 obiectio
2298 3093 2360 3131 illa
2388 3105 2474 3143 pro-

1413 3148 1510 3185 cedit
1539 3148 1586 3184 de
1614 3147 1797 3184 missione
1826 3160 1923 3196 quae
1952 3149 1994 3185 fit
2023 3149 2234 3185 secundum
2253 3155 2402 3184 motum
2421 3147 2475 3183 lo-

1412 3202 1552 3246 calem3
1583 3213 1681 3250 quae
1707 3213 1788 3238 non
1815 3201 1930 3238 habet
1957 3202 2084 3238 locum
2111 3201 2150 3238 in
2178 3200 2325 3238 divinis.

2501 2042 2511 2053 ⁸
2524 2041 2588 2063 loun.
2603 2047 2629 2068 x,
2643 2041 2679 2069 36.

2503 2148 2512 2156 ·
2527 2146 2594 2168 Vers.
2613 2153 2646 2168 ιο.

2500 2570 2512 2580 ⁸
2527 2569 2573 2617 Qu.
2588 2576 2647 2597 κιιι7
2666 2572 2709 2591 art.

341 3335 369 3368 α)
389 3334 522 3360 missione.
537 3347 558 3354 —
575 3334 714 3359 emissione
733 3335 786 3370 BD.

342 3369 367 3403 β)
387 3371 452 3395 loco.
470 3384 489 3388 -
508 3370 569 3395 Om.
589 3370 700 3396 codices.

340 3405 368 3440 γ)
387 3404 471 3430 aliud.
489 3418 509 3424 —-
527 3408 616 3430 autem
636 3406 733 3431 addunt
751 3405 839 3430 ABCF
841 3406 873 3431 G.

340 3440 366 3474 δ)
386 3441 546 3465 bellandum.
562 3453 582 3460 -—
600 3441 716 3466 duellum
736 3441 806 3466 addit
823 3443 854 3467 B.

342 3477 365 3509 ε)
384 3476 422 3501 ad
440 3476 594 3501 terminum.
610 3489 630 3495 -
647 3477 756 3502 termini
774 3476 919 3506 ACDEFG,
939 3483 1007 3509 qnae
1025 3477 1072 3509 pB.

341 3511 366 3544 ζ)
387 3512 484 3544 aliquo.
503 3526 522 3531 —-
540 3511 595 3536 alio
614 3512 672 3536 PsA
691 3517 716 3536 et
734 3512 786 3537 ab.

1464 3334 1490 3365 η)
1511 3333 1632 3365 incoepit.
1650 3347 1670 3352 -
1687 3333 1781 3365 incipit
1797 3333 1916 3358 BDFGa.
1933 3346 1953 3352 -
1970 3334 2020 3358 Pro
2042 3340 2098 3358 esse
2117 3333 2144 3358 in
2164 3333 2262 3358 mundo
2280 3333 2427 3363 visibiliter,
2447 3333 2474 3358 ίι

1412 3369 1510 3393 mundo
1529 3376 1584 3394 esse
1603 3368 1665 3394 Pab.
1683 3383 1702 3388 -
1720 3369 1770 3393 Pro
1789 3372 1859 3398 ante,
1878 3372 1958 3394 antea
1976 3368 2155 3393 ABDEFGab.

1464 3402 1488 3436 θ)
1511 3404 1706 3436 processionem
1725 3411 1743 3428 a
1756 3404 1892 3436 principio
1916 3404 2044 3428 mittente.
2062 3418 2080 3422 -
2094 3403 2289 3435 processionem
2313 3411 2330 3428 a
2356 3403 2475 3430 mittente

1408 3439 1543 3471 principio
1562 3439 1620 3469 FG,
1641 3438 1836 3471 processionem
1855 3447 1873 3464 a
1891 3439 2011 3464 mittente
2029 3439 2070 3463 vei
2083 3439 2174 3471 primo
2195 3437 2331 3471 principio
2354 3439 2430 3464 editio
2448 3446 2474 3470 a,

1408 3475 1604 3507 processionem
1623 3482 1641 3499 a
1655 3474 1790 3506 principio
1809 3475 1955 3500 mittentem
1975 3474 2052 3499 editio
2070 3475 2094 3499 b.

1466 3510 1483 3542 ι)
1504 3517 1558 3535 nec.
1576 3523 1595 3530 -—
1612 3517 1664 3535 non
1684 3510 1795 3535 codices.
