2768 4178
50 1359 60 1369 ⁶
76 1358 207 1380 Ordinaria.

49 1385 72 1397 *⁴
86 1385 154 1407 Vers.
168 1391 189 1412 7.

54 1633 62 1643 ¹
78 1632 135 1659 Cap.
146 1637 186 1653 xu.
201 1642 212 1646 -
228 1630 263 1653 Cf.

53 1659 90 1681 De
98 1658 205 1680 Moribus
219 1657 265 1679 Ec-

56 1685 111 1707 cles.
133 1684 223 1706 Cathol.
243 1686 267 1706 et

54 1712 84 1733 de
96 1711 203 1733 Moribus
212 1711 265 1732 Μα-

54 1738 183 1765 ηἰεΙιαεον.,
194 1737 265 1765 lib.11,

52 1771 103 1792 cap.
118 1771 165 1800 ¹¹¹⁸..

54 1839 122 1861 Ἀι-ῐ.
137 1845 158 1868 3.

282 217 359 264 496

953 213 1222 261 QUAEsrio
1251 213 1427 260 XLVIII,
1458 212 1755 250 ARTICULUS
1784 212 1820 249 v

1078 321 1398 363 ARTICULUS
1429 320 1686 372 QUINTUS

619 407 775 438 UTRUM
799 406 956 436 MALUM
981 404 1294 436 SUFFICIENTER
1317 405 1561 436 DIVIDATUR
1583 405 1666 435 PER
1689 404 1870 435 POENAM
1894 404 1952 435 ET
1977 404 2154 436 CULPAM

982 475 1002 500 11
1023 475 1106 504 Sent„
1127 474 1186 499 dist.
1204 482 1277 505 xxxv,
1297 479 1344 499 art.
1368 482 1375 499 1
1387 482 1395 505 ;
1416 474 1458 499 De
1476 474 1559 505 Malo,
1581 482 1625 507 qu.
1644 482 1666 505 1,
1687 479 1734 500 art.
1753 482 1780 507 4.

338 603 348 610 .
372 579 379 591 ι
404 598 408 607 ,
432 557 522 611 3'1)
551 570 714 600 QUINTUM
738 569 791 594 stc
810 568 1051 593 PROCEDITUR.
1072 555 1232 592 Videtur
1251 555 1355 603 quod

470 622 475 629 ²
499 612 646 649 malum
662 610 959 647 insufficienter⁰‘
975 609 1166 646 dividatur
1179 620 1249 657 per
1263 620 1356 656 poe-

500 677 591 701 nam
621 672 657 700 et
691 665 855 712 culpam.
887 662 1024 699 Omnis
1053 662 1157 698 enim
1187 661 1357 698 defectus

474 718 646 754 malum
675 716 874 765 quoddam
905 727 986 752 esse
1014 715 1175 751 videtur.
1213 714 1290 751 Sed
1318 714 1356 750 in

289 771 468 808 omnibus
498 770 676 808 creaturis
705 778 761 807 est
780 769 935 819 quidam
956 768 1137 814 defectus,
1160 768 1265 816 quod
1278 765 1296 795 β
1315 779 1357 803 se

288 825 326 862 in
355 836 438 860 esse
467 836 695 861 conservare
724 835 803 860 non
831 829 1002 872 possunt,
1034 822 1098 870 qui
1125 828 1256 857 tamen
1285 832 1356 857 nec

286 890 413 927 poena
433 889 504 914 nec
520 878 631 926 culpa
651 884 716 913 est.
738 877 830 913 Non
851 888 939 924 ergo
960 874 1192 912 sufficienter
1211 874 1356 910 malum

289 930 468 968 dividitur
494 942 564 979 per
590 942 758 979 poenam
788 937 823 966 et
852 930 1016 977 culpam.

343 996 378 1020 2.
408 985 647 1031 PRAETEREA,
677 983 715 1019 in
745 983 858 1019 rebus
886 981 1166 1019 irrationalibus
1193 992 1273 1016 non
1300 979 1356 1016 in-

286 1037 438 1074 venitur
458 1037 568 1085 culpa
587 1042 601 1063 ⁷
626 1048 696 1073 nec
714 1048 853 1084 poena.
884 1034 1078 1072 Invenitur
1096 1042 1227 1076 tam-en
1245 1033 1284 1070 in
1305 1032 1357 1069 eis

290 1090 480 1138 corruptio
502 1098 538 1127 et
558 1090 739 1136 defectus,
770 1101 869 1137 quae
890 1089 939 1126 ad
959 1088 1146 1125 rationem
1166 1086 1255 1123 mali
1274 1098 1359 1135 per-

289 1143 416 1180 tinent.
434 1144 536 1191 Ergo
553 1155 632 1179 non
648 1155 764 1179 omne
780 1143 924 1179 malum
941 1149 997 1178 est
1011 1153 1138 1190 poena
1152 1141 1215 1177 vel
1232 1140 1356 1188 culpa.

345 1198 379 1233 3.
409 1197 651 1243 PRAETEREA,
689 1195 845 1241 tentatio
881 1195 1078 1245 quoddam
1114 1194 1260 1230 malum
1289 1200 1356 1230 est.

289 1250 373 1286 Nec
401 1257 531 1286 tamen
560 1257 615 1286 est
645 1250 772 1298 culpa:
802 1249 892 1297 quia
911 1248 1061 1285 tentatio
1091 1247 1154 1284 cui
1171 1259 1246 1284 non
1271 1258 1358 1283 con-

288 1303 454 1350 sentitur,
484 1315 558 1339 non
588 1308 644 1339 est
662 1308 874 1351 peccatum,
903 1302 969 1338 sed
996 1301 1155 1338 materia
1180 1311 1358 1337 exercen-

290 1357 361 1393 dae
387 1356 553 1402 virtutis,
583 1363 623 1392 ut
652 1356 787 1393 dicitur
810 1355 848 1392 in
878 1356 1015 1393 Glossa
1032 1354 1052 1376 ’¹‘
1072 1355 1104 1390 II
1130 1354 1216 1390 Cor.
1238 1352 1356 1389 X11**.

290 1410 374 1446 Nec
395 1409 508 1446 etiam
528 1422 671 1458 poena:
699 1409 786 1458 quia
804 1408 959 1445 tentatio
980 1406 1173 1456 praecedit
1192 1407 1357 1455 culpam,

290 1475 417 1511 poena
437 1470 564 1499 autem
585 1462 836 1511 subsequitur.
868 1461 1143 1498 Insufficienter
1168 1471 1256 1507 ergo
1278 1472 1359 1496 ma-

290 1517 369 1552 lum
400 1516 577 1553 dividitur
604 1528 674 1564 per
701 1527 869 1564 poenam
899 1522 936 1551 et
964 1515 1130 1562 culpam.

346 1570 419 1606 SED
449 1581 606 1615 CONTRA,
631 1569 784 1606 videtur
803 1567 909 1616 quod
930 1567 1066 1604 divisio
1087 1566 1133 1603 sit
1152 1565 1358 1615 superflua.

290 1623 341 1660 Ut
369 1622 471 1659 enim
491 1622 724 1670 Augustinus
753 1621 852 1668 dicit,
882 1621 921 1658 in
939 1620 1133 1657 Enchirid.
1153 1619 1184 1667 ²⁸,
1215 1619 1359 1655 malum

292 1675 426 1713 dicitur
453 1676 541 1723 quia
561 1673 574 1697 ὅ
603 1681 720 1712 nocet.
751 1674 870 1721 Quod
898 1681 1027 1711 autem
1053 1680 1176 1719 nocet,
1198 1672 1360 1721 poenale

293 1736 358 1766 est.
390 1729 519 1766 Omne
548 1741 638 1777 ergo
666 1728 809 1765 malum
840 1728 911 1764 sub
939 1739 1067 1776 poena
1096 1725 1319 1763 continetur.

346 1783 572 1819 RESPONDEO
607 1793 791 1819 DICENDUM
829 1780 934 1830 quod
967 1780 1133 1826 malum,
1170 1779 1265 1816 sicut
1299 1790 1361 1814 su-

291 1835 395 1884 pra*
415 1835 557 1872 dictum
587 1843 654 1882 est,
676 1842 732 1871 est
749 1834 912 1884 privatio
942 1833 1046 1880 boni,
1077 1833 1181 1882 quod
1210 1832 1248 1868 in
1276 1844 1361 1880 per-

292 1888 453 1925 fectione
490 1896 525 1925 et
553 1896 639 1925 actu
669 1887 836 1924 consistit
862 1886 1119 1937 principaliter
1147 1892 1183 1922 et
1209 1897 1279 1934 per
1307 1897 1359 1921 se.

292 1943 410 1979 Actus
440 1949 567 1979 autem
598 1949 653 1978 est
688 1941 846 1990 duplex:
885 1940 1052 1989 primus,
1085 1946 1121 1976 et
1157 1938 1360 1976 secundus.

293 1997 411 2032 Actus
431 1994 588 2044 quidem
616 1994 764 2044 primus
794 2001 849 2031 est
877 1994 1001 2030 forma
1021 2000 1058 2030 et
1077 1992 1266 2040 integritas
1287 1991 1361 2028 rei:

294 2056 398 2085 actus
418 2056 546 2085 autem
566 2048 757 2085 secundus
778 2055 834 2084 est
853 2046 1036 2096 operatio.
1059 2045 1252 2093 Contingit
1271 2057 1360 2092 ergo

294 2103 440 2138 malum
460 2114 542 2138 esse
564 2101 772 2150 dupliciter.
793 2101 880 2138 Uno
902 2100 1035 2147 modo,
1051 2111 1120 2148 per
1139 2099 1363 2136 subtractio-

294 2167 384 2192 nem
413 2155 571 2202 formae,
601 2162 666 2191 aut
693 2154 850 2191 alicuius
878 2153 1007 2203 partis,
1038 2165 1136 2201 quae
1164 2151 1364 2201 requiritur

296 2207 343 2245 ad
367 2208 618 2256 integritatem
647 2207 721 2253 rei,
750 2208 847 2244 sicut
875 2206 1035 2244 caecitas
1064 2206 1209 2242 malum
1239 2212 1305 2252 est,
1328 2211 1365 2241 et

296 2273 423 2298 carere
456 2261 646 2297 membro.
681 2260 767 2297 Alio
802 2260 938 2307 modo,
968 2271 1037 2308 per
1068 2258 1364 2295 subtractionem

296 2314 444 2351 debitae
474 2313 720 2362 operationis;
740 2314 803 2350 vel
822 2313 913 2361 quia
932 2311 1091 2349 omnino
1111 2324 1190 2348 non
1211 2318 1282 2356 est;
1301 2311 1365 2347 vel

295 2367 383 2415 quia
412 2367 582 2404 debitum
601 2366 763 2403 modum
793 2374 828 2403 et
847 2372 858 2387 ⁸
881 2365 1056 2403 ordinem
1085 2377 1164 2402 non
1193 2365 1319 2401 habet.

349 2420 450 2467 Quia
468 2432 563 2457 vero
589 2420 737 2457 bonurn
766 2419 987 2468 simpliciter
1006 2426 1062 2455 est
1082 2417 1275 2454 obiectum
1294 2429 1365 2454 vo-

294 2473 458 2521 luntatis,
488 2474 652 2520 malurn,
682 2472 785 2522 quod
816 2480 872 2510 est
899 2471 1062 2521 privatio
1096 2471 1199 2518 boni,
1231 2482 1366 2507 secun-

296 2527 388 2564 dum
418 2526 623 2575 specialem
659 2525 846 2563 rationem
885 2524 1077 2563 invenitur
1113 2524 1152 2561 in
1187 2523 1366 2561 creaturis

347 2639 375 2672 α)
395 2639 595 2673 insufficienter.
612 2653 631 2658 -
649 2646 700 2664 non
720 2639 882 2673 sufficienter·
900 2640 929 2664 B.

349 2673 374 2707 β)
394 2676 473 2708 quod.
491 2689 511 2694 -
528 2675 600 2708 quod
617 2675 716 2700 scilicet
734 2676 764 2704 B,
783 2675 846 2707 quia
864 2675 893 2699 F.

365 2712 374 2743 )
394 2711 480 2743 culpa.
498 2724 518 2729 -
536 2718 582 2736 nec
600 2711 678 2742 culpa
698 2711 809 2736 codices.

347 2746 372 2779 ο)
392 2746 464 2779 quia.
481 2760 501 2765 —
519 2746 590 2779 quod
608 2747 720 2771 codices.

347 2781 369 2815 ε)
389 2785 423 2807 et.
440 2795 459 2802 ·-·
477 2782 517 2807 vel
535 2782 589 2806 DE.

1412 555 1657 592 rationalibus
1676 555 1905 592 habentibus
1924 555 2175 592 voluntatem.
2206 556 2355 594 Malum
2374 556 2485 605 igitur

1412 609 1518 657 quod
1538 616 1594 645 est
1612 621 1682 658 per
1710 608 2009 646 subtractionem
2038 609 2185 646 formae
2205 610 2267 647 vel
2293 609 2308 636 ζ
2335 609 2484 658 integri-

1411 661 1495 698 tatis
1524 662 1598 708 rei,
1627 662 1743 699 habet
1780 662 1968 699 rationem
2005 674 2178 711 poenae;
2209 670 2246 699 et
2279 663 2483 712 praecipue

1412 714 1611 763 supposito
1647 716 1753 763 quod
1789 715 1921 752 omnia
1959 715 2112 752 divinae
2153 715 2418 764 providentiae
2449 723 2486 753 et

1411 767 1572 804 iustitiae
1601 767 1824 815 subdantur,
1853 775 1895 804 ut
1923 781 2040 817 supra
2062 768 2082 790 '¹‘
2111 777 2308 806 ostensum
2329 777 2405 806 est:
2436 769 2484 807 de

1412 820 1556 857 ratione
1587 820 1689 857 enim
1718 833 1869 870 poenae
1899 828 1966 868 est,
1992 822 2097 870 quod
2126 822 2172 859 sit
2200 823 2388 860 contraria
2415 833 2485 861 vo-

1412 874 1557 910 luntati.
1594 874 1743 910 Malum
1772 881 1901 910 autem
1929 874 2035 922 quod
2065 875 2233 913 consistit
2267 876 2306 913 in
2335 877 2481 914 subtra-
2511 914 2518 919 ,

1414 923 1539 963 ctione
1567 927 1718 963 debitae
1753 926 1984 976 operationis
2018 927 2057 964 in
2091 929 2206 965 rebus
2233 929 2483 977 voluntariis,

1403 980 1528 1017 ‘habet
1547 980 1734 1017 rationem
1756 981 1902 1029 culpae.
1924 981 2010 1017 Hoc
2026 980 2128 1018 enim
2148 981 2356 1030 imputatur
2375 983 2485 1020 alicui

1412 1033 1452 1070 in
1481 1034 1648 1082 culpam,
1679 1046 1768 1070 cum
1797 1033 1926 1071 deficit
1953 1046 1976 1070 a
2003 1034 2171 1082 perfecta
2192 1034 2355 1083 actione,
2376 1036 2483 1073 cuius

1414 1087 1593 1124 dominus
1629 1094 1684 1123 est
1721 1087 1935 1124 secundum
1961 1092 1975 1110 '¹
2002 1088 2253 1125 voluntatem.
2285 1088 2348 1125 Sic
2375 1088 2486 1136 igitur

1414 1152 1530 1177 omne
1564 1141 1709 1176 malum
1738 1140 1777 1177 in
1805 1141 1920 1177 rebus
1947 1140 2172 1178 voluntariis
2201 1141 2484 1179 consideratum

1411 1194 1474 1231 vel
1505 1201 1560 1230 est
1578 1191 1591 1213 ⁰
1618 1205 1746 1242 poena
1773 1194 1835 1230 vel
1865 1194 1999 1242 culpa.⁴

1466 1249 1526 1283 An
1555 1258 1692 1284 prunum
1720 1258 1818 1283 ERGO
1847 1258 2033 1284 nmENDUM
2063 1247 2188 1296 quod,
2219 1247 2310 1296 quia
2338 1248 2486 1286 malum

1413 1299 1576 1348 privatio
1607 1307 1663 1336 est
1682 1300 1784 1347 boni,
1815 1307 1851 1337 et
1869 1313 1948 1337 non
1969 1301 2120 1348 negatio
2142 1313 2250 1349 pura,
2279 1308 2321 1338 ut
2342 1301 2485 1339 dictum

1415 1361 1471 1390 est
1490 1365 1605 1402 supra
1624 1353 1661 1399 *3
1686 1365 1765 1390 non
1785 1353 1910 1390 omnis
1939 1354 2108 1391 defectus
2137 1354 2229 1391 boni
2249 1361 2305 1391 est
2325 1355 2484 1402 malum,
2514 1364 2524 1374 ·

1415 1406 1484 1444 sed
1513 1406 1681 1444 defectus
1711 1406 1803 1443 boni
1831 1407 1936 1455 quod
1965 1414 2099 1444 natum
2128 1414 2185 1444 est
2213 1414 2250 1444 et
2277 1407 2393 1445 debet
2420 1408 2487 1446 ha-

1415 1460 1506 1496 beri.
1537 1460 1718 1496 Defectus
1748 1459 1850 1496 enim
1879 1460 2037 1498 visionis
2075 1472 2155 1498 non
2185 1468 2240 1497 est
2273 1461 2420 1498 malurn
2448 1461 2487 1499 in

1415 1513 1553 1562 lapide,
1584 1513 1651 1550 sed
1679 1513 1717 1549 in
1738 1513 1910 1550 animali:
1940 1513 2030 1562 quia
2060 1521 2191 1550 contra
2221 1513 2408 1551 rationem
2436 1515 2488 1551 la-

1414 1566 1512 1615 pidis
1541 1573 1616 1613 est,
1656 1566 1761 1615 quod
1797 1566 1925 1604 visum
1953 1567 2093 1604 habeat
2117 1574 2136 1604 ¹.
2168 1566 2346 1604 Similiter
2375 1567 2487 1604 etiarn

1416 1627 1548 1657 contra
1568 1619 1754 1656 rationem
1784 1627 1978 1657 creaturae
2008 1627 2074 1667 est,
2105 1620 2211 1669 quod
2234 1620 2273 1657 in
2294 1633 2376 1657 esse
2397 1633 2488 1658 con-

1416 1680 1589 1710 servetur
1609 1685 1631 1709 a
1650 1673 1794 1722 seipsa:
1825 1673 1915 1721 quia
1944 1673 2047 1710 idem
2078 1673 2141 1710 dat
2170 1686 2253 1710 esse
2279 1681 2317 1710 et
2337 1685 2488 1711 conser-

1414 1733 1491 1763 vat.
1522 1725 1634 1763 Unde
1654 1726 1724 1762 iste
1744 1725 1913 1763 defectus
1939 1738 2018 1763 non
2039 1734 2094 1763 est
2115 1727 2261 1764 malum
2282 1734 2488 1764 creaturae.

1469 1781 1529 1816 An
1558 1790 1749 1816 SECUNDUM
1786 1791 1971 1817 memnon
2005 1780 2111 1828 quod
2147 1791 2276 1828 poena
2309 1787 2346 1817 et
2378 1780 2490 1829 culpa

1417 1845 1495 1869 non
1525 1832 1701 1869 dividunt
1729 1833 1874 1869 malum
1905 1832 2142 1881 simpliciter;
2179 1832 2248 1870 sed
2276 1833 2423 1870 malum
2451 1833 2490 1871 in

1418 1886 1531 1922 rebus
1559 1885 1794 1922 voluntariis.

1470 1940 1530 1975 AD
1558 1950 1719 1976 TERTmM
1747 1950 1933 1976 DICENDUM
1962 1939 2069 1987 quod
2097 1939 2266 1987 tentatio,
2288 1946 2403 1988 prout
2421 1938 2489 1977 im-

1416 1999 1542 2041 portat
1560 1991 1878 2041 provocationem
1903 1992 1953 2029 ad
1973 1992 2132 2040 malum,
2161 2005 2316 2042 semper
2343 1993 2490 2031 malurn

1419 2046 1554 2094 culpae
1590 2053 1646 2082 est
1673 2045 1712 2082 in
1740 2053 1918 2082 tentante.
1959 2045 2037 2082 Sed
2066 2045 2105 2083 in
2133 2058 2180 2083 eo
2209 2046 2276 2095 qui
2303 2053 2490 2095 tentatur,

1419 2110 1499 2135 non
1528 2106 1584 2135 est
1610 2098 1777 2148 proprie,
1808 2098 1878 2135 nisi
1905 2099 2119 2136 secundum
2148 2099 2254 2148 quod
2283 2099 2492 2149 aliqualiter

1419 2151 1662 2189 immutatur:
1694 2152 1746 2189 sic
1767 2152 1870 2188 enim
1895 2152 1992 2189 actio
2015 2152 2158 2201 agentis
2179 2160 2235 2190 est
2253 2152 2292 2190 in
2311 2153 2489 2202 patiente.

1421 2205 1643 2242 Secundum
1681 2212 1811 2242 autem
1849 2206 1952 2254 quod
1987 2213 2149 2243 tentatus
2186 2206 2409 2244 immutatur
2442 2206 2492 2244 ad

1420 2258 1564 2294 malum
1593 2271 1616 2295 a
1643 2265 1822 2305 tentante,
1852 2257 1982 2296 incidit
2009 2258 2048 2296 in
2077 2260 2242 2308 culpam.

1474 2313 1533 2347 An
1554 2323 1728 2353 QUARTUM
1747 2323 1932 2348 DICENDUM
1961 2312 2067 2361 quod
2095 2312 2144 2349 de
2174 2312 2319 2349 ratione
2339 2324 2491 2361 poenae

1423 2371 1489 2410 est,
1510 2364 1616 2413 quod
1635 2371 1772 2401 noceat
1800 2364 1924 2412 agenti
1951 2365 1990 2402 in
2009 2365 2148 2414 seipso.
2179 2365 2258 2402 Sed
2278 2365 2326 2402 de
2346 2365 2491 2403 ratione

1423 2418 1557 2466 culpae
1587 2424 1662 2464 est,
1699 2418 1805 2465 quod
1839 2425 1976 2455 noceat
2004 2418 2129 2466 agenti
2164 2417 2202 2455 in
2231 2430 2301 2455 sua
2329 2418 2489 2456 actione.

1422 2470 1471 2506 Et
1489 2470 1543 2508 sic
1561 2477 1767 2519 utrumque
1796 2471 1867 2507 sub
1898 2472 2000 2508 malo
2030 2471 2254 2519 continetur,
2277 2473 2492 2510 secundum

1421 2523 1527 2571 quod
1555 2524 1671 2560 habet
1700 2523 1886 2561 rationem
1915 2523 2138 2561 nocumenti
2157 2530 2182 2561 ²².

1473 2637 1498 2671 ζ)
1518 2638 1566 2663 vel.
1583 2651 1604 2656 -
1621 2641 1648 2662 et
1666 2638 1728 2662 Pab.

1473 2674 1500 2706 η)
1519 2673 1673 2699 secundum.
1690 2686 1710 2692 -·
1723 2680 1776 2705 per
1794 2673 1827 2698 Α.

1473 2707 1498 2742 θ)
1519 2709 1560 2734 vel
1577 2712 1625 2734 est.
1643 2722 1662 2727 -
1680 2711 1719 2734 est
1738 2708 1802 2734 Pab.

1473 2744 1492 2777 ι)
1511 2744 1610 2776 lapidis
1660 2744 1764 2769 habeat.
1782 2757 1801 2762 -
1819 2743 1940 2776 lapidum
1992 2743 2108 2769 habeant
2126 2744 2157 2768 Β.

1472 2781 1498 2813 κ)
1518 2779 1677 2805 nocumenti.
1695 2793 1715 2798 -
1733 2779 1846 2805 nocendi
1865 2779 1923 2804 efld.
1942 2780 2000 2809 ab,·
2018 2779 2163 2805 secundum
2175 2796 2200 2805 ...
2215 2779 2369 2805 nocumenti
2390 2786 2444 2805 om.
2462 2778 2494 2805 F.

974 2860 1308 2894 Commenta1·ia
1332 2860 1584 2894 Cardinalis
1607 2859 1808 2893 Caietani

358 2962 463 2983 rrimus
494 2951 682 2992 suscipiatur
709 2957 745 2982 ut
774 2950 869 2987 iacet,
902 2951 1106 2991 intelligendo
1133 2960 1189 2991 per
1218 2950 1363 2991 culpam,

298 2963 479 3027 Tmalurn
503 2996 592 3037 quod
612 2995 751 3036 agimus;
776 3005 832 3036 per
858 3004 994 3036 poenam
1018 3005 1104 3032 vero,
1130 2994 1253 3025 malum
1276 2995 1366 3036 quod

297 3041 445 3082 patimur.

357 3085 392 3115 In
416 3095 548 3125 corpore
572 3094 636 3115 una
660 3083 833 3120 conclusio,
857 3083 1040 3124 responsiva
1056 3083 1199 3125 quaesito
1221 3083 1364 3120 limitate‚

298 3129 430 3160 scilicet:
455 3129 561 3161 Omne
585 3129 707 3159 malum
730 3128 763 3158 in
787 3128 880 3158 rebus
903 3128 1098 3165 voluntariis,
1120 3134 1166 3158 est
1189 3137 1293 3168 poena
1315 3128 1366 3158 vel

298 3174 401 3214 culpa.
417 3191 438 3196 -
456 3174 490 3204 ln
509 3183 573 3214 qua
589 3172 794 3204 conclusione
817 3172 875 3203 tria
899 3172 1116 3203 continentur:
1142 3172 1259 3203 scilicet
1273 3181 1367 3202 omne

299 3219 437 3256 malum,
471 3224 501 3248 et
525 3219 556 3248 in
580 3218 675 3248 rebus
699 3217 905 3254 voluntariis,
930 3223 960 3247 et
982 3226 1089 3257 poena
1118 3217 1169 3248 vel
1195 3217 1300 3257 culpa.
1325 3216 1366 3248 Et

298 3269 464 3302 propterea
488 3262 564 3292 haec
587 3261 654 3298 tria,
679 3261 820 3292 ordinate
845 3261 1061 3301 procedendo,
1087 3261 1230 3292 declarat.

354 3307 390 3336 11.
406 3306 512 3336 Primo
529 3306 632 3346 igitur,
647 3305 810 3345 distinguit
826 3305 947 3335 malum
964 3305 997 3335 in
1015 3305 1179 3336 communi
1195 3305 1228 3336 in
1244 3305 1365 3336 malum

301 3351 359 3388 rei,
385 3357 415 3380 et
437 3351 557 3380 malum
582 3351 696 3391 operis.
723 3350 830 3387 Quam
854 3349 1088 3380 distinctionem
1112 3350 1225 3390 probat
1248 3359 1285 3380 ex
1305 3349 1366 3379 dis-

300 3394 450 3425 tinctione
473 3394 550 3424 boni
580 3394 613 3424 in
637 3394 811 3424 bonitatem
839 3403 895 3434 per
924 3393 1059 3431 modum
1089 3400 1175 3424 actus
1199 3393 1311 3434 primi,
1337 3399 1367 3424 et

302 3445 388 3468 actus
412 3439 551 3469 secundi.

360 3482 516 3519 Secundo,
537 3482 674 3513 ostendit
693 3482 782 3523 quod
806 3481 1028 3512 rationabiliter
1051 3481 1173 3512 malurn
1196 3481 1229 3511 in
1252 3481 1367 3512 volun-

302 3526 386 3557 tariis
410 3526 556 3557 sortitum
585 3533 630 3557 est
661 3526 809 3566 speciales
837 3525 989 3562 rationes,
1015 3525 1230 3556 distinctiones
1254 3532 1284 3556 et
1308 3535 1366 3556 no-

302 3570 398 3607 mina,
416 3570 470 3601 sic.
493 3570 622 3601 Bonum
646 3570 828 3611 simpliciter
844 3576 890 3601 est
906 3570 1066 3601 obiectum
1085 3570 1271 3601 voluntatis:
1292 3580 1366 3610 ergo

1421 2950 1544 2980 malum
1567 2950 1745 2980 secundum
1769 2949 1938 2990 specialem
1962 2950 2119 2981 rationem
2142 2949 2301 2981 invenitur
2323 2950 2355 2980 in
2378 2950 2493 2981 volun-

1421 2994 1505 3025 tariis
1529 2994 1687 3025 creaturis.
1702 3011 1724 3017 —
1738 2994 1895 3024 Probatur
1926 2994 2173 3035 consequentia:
2197 2994 2274 3035 quia
2297 2994 2420 3026 malum
2447 3001 2495 3026 est

1421 3038 1554 3079 privatio
1571 3038 1666 3075 boni;
1691 3048 1727 3069 ac
1742 3048 1799 3080 per
1821 3038 1893 3075 hoc,
1914 3039 1995 3070 sicut
2010 3039 2134 3070 bonum
2150 3038 2325 3078 specialiter
2341 3039 2495 3080 reperitur

1420 3083 1454 3114 in
1476 3083 1669 3119 voluntario,
1694 3082 1737 3113 ita
1760 3089 1791 3114 et
1814 3083 1947 3114 malum.

1478 3127 1619 3158 Demum
1643 3127 1782 3163 tertium,
1803 3127 2017 3167 principaliter
2039 3127 2208 3163 intentum,
2234 3126 2414 3159 manifestat
2437 3127 2492 3159 sic.

1421 3171 1543 3202 Malum
1567 3171 1611 3202 rei
1635 3171 1729 3202 habet
1759 3171 1916 3202 rationem
1944 3181 2067 3212 poenae
2098 3171 2131 3202 in
2163 3171 2255 3202 rebus
2286 3171 2492 3209 voluntariis,

1421 3215 1589 3256 supposito
1618 3215 1787 3257 praecipue
1815 3216 1904 3256 quod
1935 3215 2045 3246 omnia
2074 3215 2197 3246 divinae
2222 3215 2439 3256 providentiae
2462 3222 2494 3247 et

1421 3260 1558 3291 iustitiae
1587 3260 1787 3290 subduntur:
1820 3260 1944 3291 malum
1975 3269 2051 3290 vero
2084 3259 2278 3300 operationis
2309 3259 2342 3290 in
2373 3259 2493 3291 eisdem

1421 3304 1515 3335 habet
1531 3304 1688 3335 rationem
1707 3304 1828 3344 culpae.
1854 3304 1939 3344 Ergo
1963 3313 2061 3334 omne
2081 3304 2203 3335 malum
2218 3304 2251 3334 in
2267 3305 2361 3335 rebus
2377 3304 2492 3336 volun-

1422 3348 1505 3379 tariis
1522 3356 1568 3379 est
1585 3359 1689 3388 poena
1700 3348 1751 3379 vel
1764 3348 1867 3389 culpa.
1883 3366 1904 3372 -
1920 3348 2128 3385 Antecedens‚
2145 3349 2253 3389 quoad
2270 3348 2406 3389 primam
2423 3358 2492 3389 par-

1421 3399 1500 3428 tem,
1526 3392 1763 3424 manifestatur:
1789 3392 1864 3433 quia
1889 3392 1927 3422 de
1950 3392 2071 3423 ratione
2100 3402 2222 3433 poenae
2247 3399 2308 3429 est,
2341 3393 2430 3434 quod
2453 3392 2494 3424 sit

1422 3436 1576 3467 contraria
1591 3436 1757 3467 voluntati.
1784 3436 1901 3474 Quoad
1921 3436 2092 3467 secundam
2111 3445 2203 3467 vero:
2229 3437 2304 3478 quia
2318 3437 2380 3468 hoc
2399 3436 2493 3467 alicui

1422 3481 1597 3520 imputatur
1624 3480 1657 3510 in
1681 3481 1830 3521 culpam,
1865 3481 1994 3521 quando
2028 3480 2145 3512 scilicet
2176 3480 2279 3512 deficit
2308 3491 2326 3511 a
2354 3480 2493 3522 perfecta

1423 3525 1545 3556 actione
1561 3524 1710 3555 existente
1725 3524 1757 3554 in
1772 3531 1927 3564 potestate
1944 3524 2021 3556 eius.
2038 3543 2059 3549 -
2076 3525 2315 3566 Consequentia
2325 3535 2401 3556 vero
2416 3530 2493 3555 nota

1423 3575 1469 3600 est
1492 3578 1528 3599 ex
1553 3568 1752 3600 distinctione
1776 3568 1851 3599 mali
1875 3569 2062 3609 praeposita.

2513 780 2522 790 ¹
2531 778 2726 807 Qu.xxu,m.2.
2755 771 2757 774 Α
