2768 4178
36 1523 78 1549 α’
90 1508 159 1549 afh-
173 1530 225 1548 vm.

982 248 1250 295 QUAESTIO
1279 248 1368 296 XII,
1397 248 1694 286 ARTICULUS
1724 250 1774 286 VI

258 327 369 363 modo,
385 336 442 369 per
457 326 595 357 formam
619 334 755 358 creatam
776 327 1070 368 supernaturalem,
1091 333 1123 358 et
1137 336 1203 357 non
1219 326 1327 357 solum

258 369 552 411 supernaturaliter:
577 378 608 402 et
630 372 720 413 quod
742 371 848 412 primo
870 371 971 402 modo
995 378 1042 402 est
1064 370 1270 411 impossibile,
1291 380 1327 402 ac

258 413 447 452 refutatum
479 415 620 446 secundo
643 425 719 446 vero
742 415 861 451 modo,
886 422 932 446 est
954 414 1178 446 necessarium.
1201 415 1243 445 Et
1265 414 1326 445 tale

259 465 306 490 est
327 459 438 490 lumen
461 459 589 500 gloriae.
621 458 822 490 Illuminatus
844 458 976 501 quidem
998 459 1071 496 illo,
1097 458 1327 490 naturalissime

257 503 344 534 videt
358 504 475 540 Deum,
491 504 572 534 adeo
588 511 624 535 ut
638 503 835 544 impossibile
850 503 891 534 sit
905 513 972 534 non
987 503 1093 534 videre
1107 503 1208 539 illum,
1226 509 1326 534 stante

257 548 391 579 lumine.
404 565 422 571 -
440 548 534 579 Unde
555 553 642 588 patet
654 547 744 588 quod
758 557 824 578 non
841 553 888 578 est
910 547 1014 578 simile
1033 548 1072 578 de
1091 557 1186 579 caeco
1209 547 1326 578 illumi-

257 599 344 629 nato,
369 599 400 623 et
423 592 461 623 de
482 592 643 623 intellectu
661 591 859 623 illuminato:
883 591 959 632 quia
982 591 1026 622 ibi
1047 592 1095 622 vis
1118 592 1192 623 data
1207 598 1254 623 est
1271 602 1326 622 na-

256 636 376 674 turalis,
392 636 466 668 licet
486 635 765 676 supernaturaliter
780 636 868 672 data;
889 635 942 667 hic
963 645 1039 667 vero
1061 636 1109 667 vis
1131 636 1204 667 data
1227 643 1274 667 est
1296 642 1327 668 et

257 680 535 722 supernaturaliter
558 680 639 717 data,
664 686 695 711 et
717 687 765 712 est
788 680 1044 720 supernaturalis.

312 725 364 756 Ad
387 725 533 762 tertium,
557 730 690 764 negatur
713 731 948 765 argumentum.
972 725 1030 756 Est
1053 724 1139 756 enim
1162 724 1326 766 sophisma

250 769 387 810 figurae
413 768 584 799 dictionis.-
613 775 756 799 mutatur
785 769 945 810 siquidem
967 769 1046 810 quid
1067 769 1100 800 in
1122 769 1235 810 quale,
1268 779 1323 799 seu

256 813 301 844 ad
321 813 454 854 aliquid.
479 812 570 844 Visio
585 812 671 843 enim
694 813 754 844 Dei
770 819 871 844 creata
890 823 957 844 non
976 812 1130 854 significat
1150 823 1217 844 rem
1233 814 1324 844 abso-

256 857 332 894 lute,
357 856 413 887 sed
435 855 590 897 significat
612 863 721 892 actum
743 857 777 888 in
801 857 911 889 ordine
934 858 974 888 ad
996 868 1092 898 agens
1109 865 1259 889 creatum.
1283 858 1325 889 Et

255 901 302 932 sic
323 907 380 932 est·
391 900 494 932 simile
508 901 590 932 sicut
605 901 632 932 si
647 909 844 942 argueretur:
868 902 956 933 Deus
972 902 1121 943 producit
1136 909 1243 933 actum
1257 912 1323 933 me-

254 945 403 978 ritorium
425 945 584 976 mediante
608 945 771 978 voluntate
794 953 826 977 et
849 946 974 978 caritate
997 947 1096 983 Petri;
1121 956 1196 987 ergo
1219 953 1325 987 potest

255 989 431 1032 producere
454 989 546 1020 illum
570 990 637 1021 sine
661 990 715 1021 eis.

310 1033 363 1065 Ad
380 1039 544 1075 quartum,
567 1041 700 1075 negatur
723 1035 920 1066 antecedens.
944 1035 1010 1066 Nec
1033 1035 1179 1076 probatio
1203 1034 1324 1075 aliquid

253 1078 352 1110 valet:
377 1078 533 1119 quoniam
556 1079 712 1110 memoria
738 1079 928 1110 intellectiva
956 1079 1162 1120 impertinens
1186 1085 1232 1110 est
1255 1078 1323 1109 feli-

255 1122 358 1159 citati,
382 1132 466 1164 quae
489 1123 633 1154 consistit
654 1123 687 1154 in
709 1130 801 1160 actu,
826 1130 857 1155 et
879 1134 946 1154 non
967 1124 1001 1154 in
1023 1123 1143 1155 habitu.

308 1167 351 1198 Et
361 1167 442 1198 bene
457 1167 583 1199 adverte
594 1168 684 1208 quod
699 1167 824 1204 Scotus,
840 1178 914 1199 cum
929 1167 1126 1209 sequacibus,
1138 1177 1204 1198 non
1218 1173 1324 1207 potest

254 1210 392 1253 amplius
415 1211 448 1242 in
470 1211 533 1253 hac
552 1211 682 1244 materia
705 1212 867 1243 sustineri:
892 1212 1047 1253 quoniam
1068 1211 1102 1242 in
1123 1210 1324 1242 Clementina

254 1255 310 1287 Ad
326 1254 485 1294 nostriani,
501 1256 541 1288 de
555 1256 751 1294 Haereticis,
776 1266 919 1297 expresse
935 1256 1048 1286 erroris
1063 1256 1255 1286 damnantur
1277 1254 1322 1285 di—

255 1307 360 1332 centes
386 1300 476 1341 quod
507 1300 613 1331 anima
642 1310 708 1331 non
736 1299 856 1340 indiget
885 1299 1008 1330 lumine
1034 1299 1152 1340 gloriae
1182 1299 1323 1330 elevante

254 1345 359 1386 ipsam
371 1345 411 1375 ad
422 1345 599 1376 videndum
612 1345 728 1375 Deum.
749 1344 813 1375 Ubi
829 1344 928 1375 cernis
943 1343 1127 1380 Ecclesiam,
1143 1343 1323 1384 amplexam

254 1399 280 1422 s.
296 1389 444 1420 Thomae
467 1388 654 1425 doctrinam,
674 1388 898 1427 determinasse
912 1398 978 1419 non
993 1388 1101 1419 solum
1116 1387 1324 1428 indigentiam

253 1433 395 1475 luminis,
418 1433 474 1465 sed
497 1441 644 1469 causam;
668 1432 794 1470 scilicet,
820 1439 856 1464 ut
879 1433 1017 1464 elevetur
1035 1432 1141 1463 anima
1164 1432 1204 1463 ad
1227 1431 1323 1463 talem

252 1476 421 1515 visionem,
446 1484 482 1508 ut
503 1476 537 1508 in
559 1477 662 1508 littera
685 1476 809 1508 dicitur.

309 1521 349 1553 X.
365 1521 418 1552 Ad
426 1522 572 1562 primum
593 1521 736 1552 Durandi
745 1521 772 1558 *‚
790 1531 942 1552 concesso
962 1521 1174 1558 antecedente,
1192 1527 1324 1561 negatur

251 1565 391 1607 sequela.
414 1566 467 1597 Ad
489 1565 714 1606 probationem
737 1565 865 1602 dicitur,
889 1566 980 1607 quod
1003 1576 1039 1596 ex
1062 1575 1207 1606 perversa
1229 1565 1323 1595 inter-

252 1610 430 1652 pretatione
445 1609 598 1651 procedit.
622 1610 704 1640 Poni
720 1610 806 1640 enim
822 1617 953 1650 propter
968 1609 1184 1641 excellentiam
1207 1609 1322 1640 obiecti

252 1664 350 1696 supra
371 1654 568 1696 potentiam,
593 1654 748 1695 contingit
770 1664 838 1686 uno
862 1655 974 1694 modo,
998 1661 1034 1686 ut
1056 1654 1250 1695 adaequetur
1273 1663 1322 1684 ex-

253 1709 376 1736 cessus,
409 1699 556 1740 augendo
586 1699 779 1740 potentiam:
810 1705 841 1730 et
867 1699 955 1730 iuxta
986 1699 1072 1730 hunc
1095 1708 1226 1729 sensum
1248 1708 1322 1739 pro-

252 1742 335 1775 cedit
356 1743 519 1784 probafio,
544 1743 600 1774 sed
623 1750 732 1774 contra
755 1743 883 1774 nullum
906 1743 1030 1775 militat.
1053 1742 1127 1774 Alio
1151 1742 1262 1779 modo,
1287 1749 1324 1773 ut

220 1805 231 1811 -
253 1797 398 1820 acessus
413 1797 480 1818 non
505 1787 672 1828 prohibeat
695 1787 914 1819 attinctionem
937 1787 1100 1829 potentiae
1123 1787 1164 1817 ad
1189 1793 1255 1818 tam
1271 1796 1321 1818 ex-

38 3499 106 3524 Vm.
115 3507 137 3523 2.

253 1831 368 1864 callens
392 1832 570 1863 obiectum:
596 1838 627 1863 et
649 1832 689 1862 ad
711 1831 798 1863 hunc
821 1841 961 1863 sensumx
975 1831 1107 1873 ponitur
1125 1831 1236 1862 lumen
1251 1831 1322 1871 glo-

251 1876 316 1908 riae
338 1883 469 1917 propter
491 1876 710 1907 excellentiam
733 1876 847 1907 obiecti
871 1886 966 1917 supra
989 1876 1176 1917 potentiam.
1201 1875 1323 1907 Contra

250 1927 360 1954 autem
375 1921 463 1952 hunc
477 1930 618 1957 sensum,
638 1920 804 1951 manifeste
823 1927 910 1961 patet
927 1920 1149 1961 probationem
1166 1930 1232 1950 non
1249 1930 1322 1961 pro-

252 1965 373 1997 cedere.
390 1983 409 1988 ·-
427 1965 526 2003 Quod
549 1964 575 1995 si
598 1963 652 1996 fiat
674 1964 722 1995 vis
744 1964 778 1995 in
800 1964 873 2002 hoc,
898 1965 987 2006 quod
1002 1965 1042 1996 de
1058 1974 1125 1995 non
1142 1964 1323 2005 proportio-

252 2016 329 2042 nato
352 2008 419 2040 fieri
443 2009 556 2041 dicitur
578 2009 856 2050 proponionatus‚
880 2009 944 2040 iam
963 2009 1068 2040 habita
1092 2015 1138 2040 est
1156 2009 1321 2049 responsio

252 2053 286 2085 in
301 2053 412 2090 littera,
435 2053 469 2085 in
492 2059 550 2085 art.
566 2064 587 2090 1,
611 2053 644 2084 in
668 2053 876 2094 responsione
899 2054 939 2084 ad
954 2053 1115 2089 ultimum,
1133 2053 1321 2084 declarando

251 2098 421 2140 quomodo
437 2097 622 2138 intelligitur
636 2097 854 2138 proportionis
868 2107 988 2128 nomen
1004 2097 1037 2128 in
1053 2096 1231 2138 proposito.

307 2142 360 2174 Ad
382 2142 558 2174 secundum
583 2142 706 2178 dicitur,
731 2143 821 2182 quod
840 2142 1012 2172 Durandus
1029 2142 1133 2172 noluit
1148 2141 1321 2182 intelligere

251 2187 306 2218 illa
329 2197 353 2219 s.
370 2186 518 2218 Thomae
540 2187 644 2222 verba,
669 2196 723 2227 qu.
740 2197 771 2222 11,
792 2192 848 2217 art.
866 2197 897 2228 7.
922 2187 1047 2217 Lumen
1072 2185 1231 2227 siquidem
1253 2186 1321 2226 glo-

251 2231 315 2263 riae
338 2237 444 2272 potest
467 2230 635 2271 dupliciter
656 2230 782 2261 haberi:
807 2240 874 2261 uno
898 2230 999 2261 modo
1023 2240 1080 2271 per
1098 2230 1234 2260 modum
1251 2240 1320 2270 pas-

251 2275 360 2313 sionis,
385 2275 448 2306 alio
472 2275 573 2306 modo
597 2284 654 2315 per
676 2275 814 2305 modum
836 2274 973 2306 habitus.
996 2274 1105 2305 Primo
1122 2274 1233 2311 modo,
1255 2284 1321 2305 non

251 2320 346 2362 ponit
367 2318 534 2350 hominem
557 2326 641 2350 extra
664 2318 770 2349 viam:
803 2319 945 2350 secundo
968 2319 1086 2355 modo,
1119 2325 1166 2349 est
1195 2318 1323 2359 propria

251 2364 370 2406 patriae
400 2363 579 2405 dispositio.
611 2363 653 2394 Et
675 2363 765 2399 ideo,
791 2373 867 2394 cum
894 2364 927 2394 in
957 2364 1035 2395 solis
1065 2363 1323 2404 dispositionibus

252 2410 324 2441 viae
355 2408 488 2445 dicitur,
516 2408 597 2439 idest
620 2409 652 2438 in
676 2407 934 2448 dispositionibus
964 2418 1026 2439 non
1050 2407 1244 2449 ponentibus
1266 2408 1321 2438 ho-

252 2454 370 2484 minem
394 2458 490 2484 extra
515 2454 597 2484 viam
621 2452 821 2492 simpliciter,
844 2452 1039 2493 intelligitur.
1067 2452 1109 2483 Et
1133 2452 1222 2493 quod
1245 2451 1322 2482 haec

252 2497 293 2529 sit
308 2507 399 2528 mens
414 2507 487 2528 vera
504 2507 529 2527 s.
538 2496 695 2532 Thomae‚
712 2506 749 2527 ex
765 2506 804 2527 eo
820 2496 930 2537 liquet,
947 2497 1037 2538 quod
1053 2496 1085 2527 in
1101 2497 1165 2534 Qu.
1181 2496 1221 2527 de
1238 2496 1320 2534 Ver„

252 2551 309 2583 qu.
324 2552 354 2578 x,
369 2548 426 2572 art.
449 2552 497 2577 11,
514 2540 606 2581 ponit
620 2540 707 2571 idem
730 2541 819 2581 quod
842 2540 875 2571 in
892 2541 944 2577 lv,
961 2547 992 2572 et
1015 2548 1122 2572 tamen
1145 2541 1178 2571 in
1202 2540 1322 2571 eisdem

253 2586 317 2624 Qu.
330 2586 371 2617 de
391 2586 474 2624 Ver„
486 2595 542 2626 qu.
558 2595 622 2621 xm,
639 2591 694 2615 art.
715 2595 743 2621 2,
761 2592 792 2615 et
807 2595 861 2626 qu.
876 2595 926 2621 xx,
943 2592 1000 2616 art.
1018 2595 1048 2622 2,
1065 2586 1109 2616 sic
1124 2585 1267 2625 exponit;
1291 2592 1322 2616 et

253 2630 396 2661 similiter
410 2629 444 2660 in
460 2629 502 2659 11³
522 2629 576 2659 11⁸¹e
588 2652 595 2665 ,
620 2639 675 2670 qu.
693 2639 801 2665 ctxxv,
818 2635 875 2660 art.
895 2630 923 2660 3.
948 2630 1055 2667 Quare
1074 2629 1203 2660 indubie
1219 2629 1262 2660 sic
1278 2636 1321 2660 te—

253 2674 398 2706 nendum
420 2680 476 2705 est.

309 2718 363 2751 XI.
388 2717 424 2748 In
447 2716 655 2758 responsione
678 2718 718 2748 ad
741 2717 884 2754 tertium,
908 2718 1064 2759 quoniam
1087 2717 1209 2749 subtilis
1232 2718 1321 2748 valde

254 2761 399 2794 doctrina
420 2761 567 2798 traditur,
592 2761 718 2792 adverte
741 2762 818 2793 duo.
842 2762 969 2800 Primo,
994 2763 1072 2804 quid
1097 2769 1143 2793 est
1166 2769 1231 2793 tam
1255 2772 1321 2792 esse

253 2817 353 2848 quam
375 2805 443 2838 fieri
466 2805 671 2837 connaturale
694 2805 798 2837 alicui.
822 2806 980 2846 Secundo,
1003 2817 1085 2848 quae
1101 2807 1141 2838 sit
1156 2806 1320 2847 proportio

251 2851 333 2882 inter
355 2851 466 2882 lumen
488 2850 607 2891 gloriae
631 2856 662 2881 et
685 2849 825 2881 divinam
847 2851 1066 2882 substantiam.

307 2896 396 2932 Esse,
412 2895 626 2927 connaturale
648 2901 695 2925 est
718 2894 802 2931 oriri,
826 2905 883 2926 seu
899 2895 1066 2936 pullulare,
1088 2906 1124 2926 ex
1148 2894 1322 2926 intrinsecis

251 2939 337 2972 illius
355 2946 500 2976 naturae;
525 2946 562 2970 ut
585 2949 621 2970 ex
638 2939 665 2969 11
681 2939 809 2980 Pnysic.
822 2938 840 2959 *
862 2946 957 2981 patet,
975 2947 1006 2971 et
1024 2940 1057 2970 in
1073 2947 1165 2971 motu
1185 2939 1321 2970 elemen-

2374 253 2444 290 125

1381 333 1489 357 torum
1513 334 1651 367 apparet.
1683 329 1771 359 Fieri
1793 338 1867 360 vero
1892 331 2103 362 connaturale
2133 337 2180 362 est
2208 330 2276 362 fieri
2303 332 2392 372 quod
2414 332 2447 362 id

1381 371 1471 411 quod
1494 380 1560 402 non
1575 371 1646 403 fluit
1659 382 1697 403 ex
1711 373 1873 413 principiis
1889 374 2030 411 alicuius,
2047 375 2124 406 fluat
2138 385 2175 406 ex
2190 375 2352 416 principiis
2366 375 2446 407 eius.

1382 415 1454 446 Hoc
1477 422 1586 446 autem
1603 416 1767 456 imaginari
1791 417 1881 448 nullo
1897 419 1997 449 modo
2013 425 2127 459 potest,
2144 419 2204 450 nisi
2220 426 2332 451 natura
2347 426 2446 451 trans-

1382 458 1498 490 feratur
1511 460 1543 490 in
1558 467 1720 491 naturam:
1741 460 1784 492 sic
1801 461 1887 492 enim
1906 462 2112 494 solummodo
2129 463 2282 505 principia
2298 474 2316 494 a
2329 463 2446 505 quibus

1381 503 1501 544 aliquid
1523 503 1608 541 fluit,
1633 504 1713 536 effici
1736 513 1873 546 possunt
1895 506 2048 547 principia
2070 507 2137 538 eius
2154 518 2172 538 a
2187 518 2253 549 quo
2276 518 2343 539 non
2363 507 2443 539 fluit.

1436 549 1605 588 Propertio
1620 550 1705 580 inter
1719 550 1827 580 lumen
1843 550 1971 591 gloriae
1989 556 2019 582 et
2029 551 2170 582 divinam
2183 553 2364 590 essentiam,
2378 562 2445 583 non

1380 591 1413 622 in
1429 602 1496 623 esse
1512 599 1652 629 naturae,
1676 594 1732 624 sed
1754 593 1787 624 in
1811 603 1878 625 esse
1901 594 2098 635 intelligibili,
2123 602 2171 627 est
2189 596 2355 636 proportio
2371 606 2444 636 pro-

1381 636 1440 677 prii
1460 637 1672 668 connaturalis
1691 638 1732 668 ad
1750 644 1896 669 naturam
1912 648 1930 669 a
1944 649 2008 679 qua
2027 638 2106 670 fluit.
2131 639 2230 677 Quod
2244 640 2287 671 sic
2303 650 2340 671 ex
2355 640 2445 672 dictis

1381 681 1541 721 probatur.
1566 682 1692 712 Lumen
1714 682 1833 722 gloriae
1856 682 1935 714 nihil
1957 683 2044 713 aliud
2067 690 2114 714 est
2128 694 2227 724 quam
2240 684 2296 721 vis,
2313 691 2350 715 ut
2369 695 2444 725 pro-

1380 725 1447 766 pria
1470 725 1647 766 dispositio,
1664 725 1784 757 unitiva
1808 725 1931 757 divinae
1955 727 2106 758 essentiae
2128 734 2164 758 ut
2186 727 2306 758 formae
2328 728 2443 759 intelli-

1379 770 1492 810 gibilis,
1517 777 1612 811 atque
1636 770 1748 801 factiva
1770 770 1901 801 visionis
1925 771 2064 801 divinae:
2094 772 2133 802 ad
2156 771 2233 802 haec
2261 772 2346 802 enim
2378 773 2444 803 duo

1379 815 1489 845 lumen
1503 814 1621 855 gloriae
1639 814 1727 855 poni,
1748 821 1834 855 patet
1857 825 1893 845 ex
1908 815 2008 846 dictis.
2033 815 2094 846 Sed
2113 815 2227 846 habere
2243 816 2382 846 divinam
2398 827 2445 847 es-

1380 858 1514 890 sentiam
1529 865 1565 890 ut
1579 858 1719 889 formam
1740 858 1979 899 intelligibilem,
1996 866 2027 890 et
2043 859 2185 891 similiter
2207 860 2311 891 videre
2326 860 2443 897 Deum,

1379 903 1439 934 soli
1461 903 1532 934 Deo
1557 909 1604 934 est
1625 903 1839 935 connaturale.
1863 903 1950 943 Ergo
1972 903 2082 934 lumen
2105 903 2224 944 gloriae
2239 904 2300 935 soli
2320 904 2444 935 divinae

1378 954 1508 979 naturae
1531 947 1736 979 connaturale
1759 954 1815 978 est.
1845 947 1887 978 Et
1908 947 1983 979 hinc
2006 947 2150 990 sequitur
2172 948 2312 978 divinam
2339 958 2443 979 essen-

1378 991 1455 1022 tiam
1479 998 1509 1023 et
1531 992 1642 1023 lumen
1664 991 1783 1032 gloriae
1807 1001 1873 1022 esse
1897 991 2040 1022 eiusdem
2059 992 2188 1029 ordinis,
2205 1002 2244 1023 eo
2260 993 2359 1023 modo
2376 1002 2443 1034 quo

1379 1036 1545 1076 dispositio
1578 1035 1690 1067 ultima
1714 1042 1744 1066 et
1766 1035 1870 1066 forma
1893 1043 1968 1067 sunt
1990 1036 2134 1067 eiusdem
2156 1036 2275 1067 ordinis
2288 1060 2295 1073 ‚
2327 1036 2445 1068 scilicet

1378 1081 1487 1120 quoad
1510 1080 1822 1111 connaturalitatem:
1851 1080 1928 1121 quia
1951 1080 2068 1112 scilicet
2091 1080 2283 1122 cuicumque
2302 1080 2443 1112 naturale

1379 1131 1426 1155 est
1448 1134 1570 1161 unum,
1600 1130 1632 1155 et
1653 1124 1828 1165 reliquum,
1853 1131 1883 1155 et
1906 1124 1958 1155 cui
1980 1134 2046 1155 non
2069 1135 2187 1162 unum,
2211 1131 2371 1156 neutrum.
2402 1125 2444 1157 Et

1378 1175 1545 1209 propterea
1567 1168 1600 1199 in
1622 1168 1724 1199 littera
1742 1168 1856 1199 dicitur
1879 1169 1967 1210 quod
1990 1169 2100 1200 lumen
2123 1169 2241 1209 gloriae
2257 1179 2323 1200 non
2339 1175 2445 1210 potest

1379 1222 1446 1243 esse
1469 1213 1673 1243 connaturale
1696 1212 1807 1249 alicui,
1838 1212 1898 1243 nisi
1920 1212 1974 1243 illa
1996 1222 2045 1243 res
2068 1213 2285 1244 transferretur
2308 1214 2341 1244 in
2364 1213 2443 1244 divi-

1378 1266 1454 1286 nam
1477 1263 1633 1287 naturam.

1434 1301 1503 1331 XII.
1527 1300 1575 1331 Ex
1595 1300 1644 1330 his
1666 1307 1774 1331 autem
1802 1307 1888 1340 patet
1918 1299 2036 1331 falsitas
2059 1300 2221 1341 opinionis
2244 1301 2346 1337 Scoti,
2376 1301 2410 1332 in
2432 1312 2443 1332 1

1379 1350 1499 1386 quaest.
1517 1345 1598 1385 prol.
1615 1344 1713 1375 Primi
1731 1344 1830 1382 Sent.‚
1847 1344 1982 1375 volentis
2005 1345 2095 1385 quod
2118 1345 2259 1376 naturale
2282 1351 2312 1376 et
2335 1355 2443 1386 super-

1379 1389 1519 1420 naturale
1542 1399 1609 1419 non
1632 1388 1826 1428 distinguant
1849 1398 1897 1419 res
1911 1412 1918 1425 ,
1951 1388 2006 1419 sed
2035 1389 2235 1420 habitudines
2265 1389 2306 1420 ad
2334 1399 2442 1420 causas

1378 1433 1503 1464 activas.
1528 1434 1654 1464 Lumen
1678 1432 1835 1474 siquidem
1859 1432 1995 1473 gloriae,
2021 1439 2051 1463 et
2074 1433 2193 1469 caritas,
2214 1440 2245 1464 et
2267 1434 2352 1464 dona
2374 1433 2443 1474 Spi-

1378 1477 1456 1509 n'tus
1475 1477 1590 1514 Sancti,
1607 1483 1638 1508 et
1659 1477 1686 1508 si
1709 1487 1773 1518 qua
1796 1484 1870 1508 sunt
1893 1476 2088 1514 huiusmodi,
2106 1477 2216 1508 omnia
2239 1484 2313 1508 sunt
2335 1487 2442 1518 super-

1379 1522 1533 1553 naturalia
1549 1521 1642 1558 entia,
1658 1531 1724 1551 non
1747 1521 1854 1552 solum
1877 1521 1953 1562 quia
1968 1531 1986 1551 a
2002 1521 2071 1551 solo
2086 1528 2197 1562 agente
2213 1522 2442 1562 supernaturali

1379 1566 1498 1597 causari
1514 1573 1664 1607 possunt;
1690 1565 1744 1596 sed
1761 1565 1836 1607 quia
1855 1565 1934 1596 nulli
1951 1571 2109 1596 creaturae
2128 1565 2226 1596 factae
2243 1572 2298 1596 aut
2314 1565 2442 1597 factibili

1379 1610 1595 1642 connaturalia
1618 1620 1685 1641 esse
1714 1617 1870 1650 possunt;
1901 1616 2032 1650 propter
2062 1610 2152 1651 quod
2182 1610 2330 1641 dicuntur
2359 1610 2443 1642 entia

1378 1654 1633 1696 supernaturalis,
1657 1654 1724 1685 imo
1749 1654 1847 1685 divini
1871 1653 2001 1685 ordinis.

1434 1699 1475 1730 Et
1498 1699 1524 1730 si
1548 1706 1658 1730 contra
1684 1699 1747 1730 hoc
1775 1698 1942 1729 obiiciatur
1974 1698 2013 1728 de
2043 1698 2189 1729 distantia
2218 1697 2340 1730 infinita
2362 1698 2443 1729 inter

1378 1744 1485 1775 Deum
1510 1750 1541 1775 et
1563 1743 1672 1774 lumen
1696 1743 1831 1783 gloriae;
1856 1749 1912 1773 aut
1934 1742 2024 1784 quod
2047 1742 2135 1773 aliud
2159 1750 2205 1774 est
2227 1743 2318 1783 loqui
2336 1743 2375 1773 de
2394 1743 2442 1773 lu-

1377 1788 1463 1819 mine
1486 1787 1604 1828 gloriae
1627 1797 1684 1828 per
1707 1787 1884 1823 essentiam,
1909 1793 1940 1818 et
1962 1786 2048 1818 aliud
2071 1787 2110 1817 de
2134 1796 2172 1817 eo
2195 1797 2253 1828 per
2276 1787 2442 1828 participa-

1377 1833 1516 1869 tionem;
1532 1839 1572 1863 ‘et
1594 1832 1683 1873 quod
1697 1855 1704 1868 ,
1737 1831 1811 1862 licet
1839 1832 1949 1862 lumen
1977 1830 2095 1871 gloriae
2123 1841 2179 1871 per
2209 1831 2378 1863 essentiam
2401 1831 2440 1862 sit

1377 1876 1543 1917 proprium
1567 1876 1647 1913 Deo,
1665 1885 1731 1906 non
1746 1882 1852 1906 tamen
1875 1885 1932 1915 per
1953 1875 2237 1916 participationem,
2254 1877 2293 1907 de
2316 1886 2382 1917 quo
2397 1882 2441 1906 ta-

1376 1931 1450 1952 men
1474 1921 1654 1961 quuimur:
1680 1919 1770 1951 facile
1788 1920 1970 1961 responderi
1986 1926 2101 1960 potest,
2119 1920 2208 1960 quod
2232 1920 2378 1951 distantia
2393 1919 2440 1950 in-

1376 1965 1464 1996 finita
1483 1964 1562 1995 nihil
1578 1964 1663 1995 aliud
1678 1964 1781 2000 infert,
1798 1964 1858 1995 nisi
1877 1964 1967 2005 quod
1982 1964 2063 1995 inter
2078 1964 2307 2006 quodcumque
2330 1965 2439 1995 lumen

1375 2009 1494 2050 gloriae
1517 2015 1658 2040 creatum
1682 2015 1712 2039 et
1735 2009 1842 2040 Deum
1865 2014 1939 2039 sunt
1958 2008 2072 2039 infiniti
2096 2008 2192 2039 medii
2215 2009 2340 2049 gradus.
2358 2009 2441 2039 Inter

1375 2053 1618 2094 dispositionem
1642 2063 1781 2094 namque
1804 2052 1967 2094 propriam
1987 2059 2018 2083 et
2040 2052 2178 2083 formam
2201 2053 2440 2084 substantialem

1376 2105 1423 2129 est
1436 2098 1572 2128 maxima
1596 2097 1750 2133 distantia,
1769 2103 1800 2128 et
1814 2097 1909 2137 longe
1927 2096 2029 2127 maior
2052 2106 2151 2137 quam
2173 2096 2255 2128 inter
2268 2097 2346 2128 duas
2365 2097 2439 2127 sub-

1376 2142 1519 2179 stantias;
1541 2149 1572 2173 et
1594 2148 1699 2173 tamen
1723 2141 1794 2172 illae
1825 2148 1899 2172 sunt
1922 2141 2064 2172 eiusdem
2087 2140 2206 2171 ordinis
2236 2141 2345 2182 quoad
2368 2151 2442 2172 con-

1375 2186 1617 2222 naturalitatem,
1636 2193 1666 2216 et
1679 2185 1757 2217 istae
1772 2194 1852 2222 non;
1873 2185 2018 2226 quamvis
2034 2185 2111 2216 istae
2130 2185 2230 2225 magis
2254 2186 2442 2216 conveniant

1375 2231 1407 2261 in
1432 2238 1553 2266 natura,
1577 2229 1653 2271 quia
1676 2229 1756 2260 forte
1779 2236 1854 2260 sunt
1877 2229 2019 2260 eiusdem
2042 2228 2166 2269 speciei,
2191 2236 2226 2260 ut
2250 2230 2392 2260 Socrates
2412 2236 2442 2260 et

1376 2275 1465 2306 Plato
1479 2299 1486 2311 ,
1513 2281 1571 2305 etc.
1593 2273 1696 2305 Maior
1719 2283 1793 2314 ergo
1817 2274 1867 2304 vel
1890 2273 1996 2304 minor
2025 2273 2172 2304 distantia
2199 2273 2277 2303 nihil
2306 2273 2379 2305 facit
2402 2274 2441 2304 ad

1375 2319 1590 2360 propositum.
1611 2318 1708 2359 Igitur
1722 2328 1788 2348 non
1801 2317 1932 2349 infinita.
1943 2335 1964 2340 —
1975 2318 2041 2349 Nec
2057 2317 2242 2357 decipimur,
2256 2325 2292 2348 ut
2304 2318 2441 2348 secunda

1376 2363 1512 2395 obiectio
1537 2362 1698 2404 proponit.
1717 2362 1890 2400 Quoniam,
1907 2362 1988 2393 sicut
2002 2369 2069 2393 tota
2091 2362 2225 2392 latitudo
2245 2361 2375 2393 visionis
2391 2362 2439 2392 di-

1375 2408 1467 2438 vinae
1490 2407 1642 2438 essentiae
1665 2406 1725 2437 soli
1749 2407 1818 2438 Deo
1843 2413 1889 2437 est
1913 2406 2139 2442 connaturalis;
2164 2406 2374 2437 diversimode
2397 2413 2440 2437 ta-

1376 2462 1468 2488 men,
1492 2451 1568 2493 quia
1591 2453 1622 2482 in
1652 2461 1777 2482 summo
1799 2450 2138 2481 incommunicabiliter
2169 2450 2209 2480 ad
2232 2457 2334 2486 extra,
2358 2451 2440 2481 citra

1375 2506 1534 2528 summum
1547 2506 1622 2526 vero
1638 2495 1943 2526 communicabiliter
1956 2495 2028 2535 plus
2043 2502 2074 2525 et
2085 2494 2201 2530 minus,
2215 2494 2248 2524 in
2264 2493 2438 2525 infinitum:

1376 2541 1420 2571 sic
1443 2547 1509 2571 tota
1532 2540 1666 2571 latitudo
1690 2539 1820 2569 luminis
1843 2539 1960 2578 gloriae
1984 2545 2015 2570 et
2038 2538 2180 2574 caritatis,
2206 2545 2273 2574 etc„
2299 2538 2441 2568 similiter

1375 2592 1442 2616 tota
1464 2585 1599 2615 latitudo
1623 2583 1759 2614 habendi
1783 2583 1922 2613 divinam
1941 2582 2108 2613 essentiam
2132 2590 2167 2613 ut
2190 2581 2328 2612 formam
2350 2582 2439 2613 intel-

1375 2628 1537 2669 ligibilem,
1555 2628 1614 2658 soli
1638 2628 1707 2658 Deo
1725 2634 1770 2659 est
1791 2627 2015 2663 connaturalis;
2041 2627 2095 2657 sed
2119 2627 2151 2657 in
2174 2636 2298 2657 summo
2321 2626 2440 2657 incom-

1377 2673 1622 2708 municabiliter,
1647 2672 1782 2702 limitate
1805 2678 1912 2702 autem
1938 2671 2212 2706 communicatur,
2243 2680 2310 2701 non
2333 2677 2439 2702 tamen

1377 2717 1580 2748 connaturale
1595 2715 1640 2752 fit,
1657 2715 1754 2747 alteri.
1779 2715 1867 2746 Sicut
1889 2715 1914 2746 si
1938 2715 1992 2746 lux
2011 2722 2189 2755 acceptetur
2211 2714 2339 2755 propria
2362 2725 2438 2756 qua-

1375 2762 1444 2793 litas
1469 2761 1554 2797 solis,
1571 2767 1638 2792 tota
1661 2759 1794 2790 latitudo
1817 2759 1897 2791 lucis
1921 2766 1967 2790 est
1985 2759 2196 2790 connaturalis
2221 2759 2279 2789 soli
2299 2765 2437 2795 tantum;

1376 2806 1431 2837 sed
1454 2805 1486 2836 in
1514 2815 1643 2836 summo
1675 2803 2034 2840 incommunicabiliter,
2063 2803 2139 2834 citra
2168 2813 2334 2834 summum
2363 2813 2438 2834 vero

1377 2849 1665 2884 communicabilis;
1690 2858 1757 2878 non
1773 2848 1815 2879 ita
1838 2855 1875 2879 ut
1897 2848 1936 2879 sit
1952 2848 2155 2879 connaturale
2179 2847 2255 2884 aliis,
2276 2847 2351 2888 quia
2374 2857 2439 2878 non

1376 2901 1412 2925 ut
1427 2894 1505 2924 fluat
1527 2894 1565 2924 ab
1585 2893 1646 2923 illis
1663 2891 1703 2935 (si
1726 2899 1807 2924 astra
1821 2898 1981 2933 ponantur
1997 2899 2159 2923 extraneae
2174 2898 2303 2922 naturae
2326 2901 2344 2921 a
2359 2891 2435 2921 solis

1377 2936 1511 2980 natura),
1532 2937 1587 2968 sed
1610 2943 1646 2968 ut
1668 2937 1708 2968 sit
1730 2946 1843 2969 eorum
1866 2947 1903 2968 ex
1926 2936 2093 2967 diffusione
2117 2946 2135 2966 a
2156 2936 2227 2966 luce
2250 2935 2354 2966 solari.

1069 3083 1386 3126 ARTICULUS
1417 3081 1624 3124 SEXTUS

586 3177 743 3209 UTRUM
767 3176 1011 3208 vaNTmM
1035 3177 1276 3208 ESSENTIAM
1296 3176 1370 3207 DEI
1396 3174 1509 3206 UNUS
1532 3173 1634 3205 Amo
1658 3173 1923 3205 PERFECTIUS
1946 3174 2108 3205 VlDEAT

698 3255 772 3288 Infra,
792 3263 836 3288 qu.
855 3263 915 3285 mr,
934 3261 980 3281 art.
999 3264 1016 3290 9
1023 3263 1031 3287 ς
1051 3256 1084 3281 IV
1104 3256 1187 3285 Sent.‚
1207 3256 1266 3281 dist.
1285 3263 1350 3285 nix,
1370 3263 1414 3288 qu.
1433 3262 1460 3284 11,
1480 3259 1526 3279 art.
1545 3260 1576 3285 43
1595 3253 1627 3278 111
1649 3253 1725 3278 Cont.
1746 3254 1832 3283 Gent„
1854 3261 1909 3286 cap.
1928 3260 1997 3278 tvm.

376 3365 429 3387 ,μς

298 3388 307 3395 “
325 3387 333 3395 “
387 3365 447 3449 ’Ξρ
469 3389 682 3426 videntium
702 3391 903 3428 essentiam
925 3390 997 3427 Dei
1024 3402 1125 3428 unus
1144 3390 1218 3427 alio
1238 3402 1322 3439 per-

373 3469 377 3472 ·
411 3431 602 3479 “fectius
625 3455 704 3480 non
722 3443 860 3481 videat.
891 3443 1036 3481 Dicitur
1064 3443 1165 3480 enirn
1185 3445 1198 3480 I
1217 3445 1319 3480 Ioan.

442 3348 491 3373 D
519 3348 660 3375 sextum
679 3349 732 3374 stc
761 3349 1000 3375 paoeamrua.
1029 3336 1188 3375 Videtur
1216 3337 1323 3385 quod
1376 3349 1454 3373 uno
1493 3336 1610 3376 modo
1646 3342 1712 3372 est.
1751 3335 1853 3383 Ergo
1890 3347 1968 3372 uno
2006 3334 2125 3371 modo
2161 3334 2353 3371 videbitur
2389 3334 2437 3371 ab

1377 3389 1576 3434 omnibus.>
1598 3389 1690 3425 Non
1714 3400 1804 3436 ergo
1832 3387 2032 3437 perfectius
2052 3395 2088 3424 et
2107 3386 2232 3424 minus
2261 3387 2436 3436 perfecte.

1431 3455 1465 3479 2.
1474 3443 1706 3488 PRAETEREA,
1718 3441 1951 3489 Augustinus
1967 3440 2065 3486 dicit,
2078 3440 2115 3477 in
2130 3440 2224 3476 libro
2241 3441 2438 3490 Octoginta

265 3507 274 3518 ¹
294 3477 298 3490 ¹
315 3510 325 3522 κ
347 3487 403 3522 541³
426 3486 459 3531 K
472 3507 506 3532 111
525 3495 565 3532 *ε
593 3496 800 3534 videbimus
818 3510 904 3534 eum
923 3498 1034 3534 sicuti
1051 3503 1113 3534 est.
1145 3497 1221 3534 Sed
1241 3496 1321 3546 ipse
1376 3497 1488 3532 trium
1509 3494 1615 3543 Qq.*,
1637 3495 1742 3543 quod
1756 3506 1874 3532 unam
1889 3506 1969 3531 rem
1990 3506 2068 3530 non
2082 3501 2207 3542 potest
2220 3506 2319 3530 unus
2335 3493 2407 3530 alio
2421 3499 2438 3514 α

309 3609 336 3643 α)
357 3617 408 3634 non
424 3613 514 3642 potest
533 3617 600 3635 unus
618 3609 680 3635 alio.
699 3623 717 3628 -
736 3618 788 3635 non
802 3614 894 3643 potest
911 3612 980 3637 alius
999 3612 1053 3637 alio
1073 3613 1183 3636 codices.

2465 3478 2475 3488 ⁸
2491 3477 2538 3504 Qu.
2554 3482 2627 3498 xxxn.

2563 3513 2580 3529 α
