2768 4178
998 261 1267 308 QUAESTIO
1297 262 1384 310 vn,

1414 263 1712 300 ARTICULUS
1744 265 1791 300 III
2445 278 2494 314 77

296 339 498 371 terminatam
514 340 726 381 quantitatem
744 347 774 371 et
793 340 827 371 in
842 340 946 370 maius
962 346 993 370 et
1011 339 1044 370 in
1059 339 1176 370 minus.
1201 340 1287 380 Ergo
1303 348 1369 370 non
1424 341 1553 379 Anima,
1571 347 1644 372 text.
1660 351 1698 380 41
1716 342 1747 372 *ι
1772 343 1858 383 ignis
1881 349 2060 384 augeretur
2083 345 2115 374 in
2127 344 2311 385 infinitum,
2335 345 2364 375 si
2386 346 2419 375 in
2445 346 2493 376 in-

297 390 404 424 potest
425 394 492 415 esse
516 391 588 416 actu
611 384 783 416 infinitum.
801 400 820 408 -
837 384 983 415 Secunda
1006 384 1233 424 consequentia
1257 385 1370 424 proba-

296 435 362 459 tur:
387 429 462 469 quia
485 429 644 470 quantitas
667 435 714 460 est
736 437 841 460 unum
864 429 903 459 de
927 428 1140 459 accidentibus
1163 428 1370 469 sequentibus

296 472 435 503 formam
463 473 712 504 substantialem.
743 473 852 504 Tertia
874 482 948 503 vero
978 473 1149 513 probatur:
1173 473 1250 514 quia
1273 483 1370 503 omne

297 526 414 558 corpus
429 518 572 548 naturale
594 517 690 548 habet
709 516 950 548 determinatam
964 516 1103 547 formam
1119 517 1368 548 substantialem.

350 562 405 593 VI.
421 561 514 593 Circa
526 562 665 602 primam
676 561 949 602 consequentiam,
961 561 1099 592 dubium
1110 562 1256 598 occurrit,
1272 572 1370 603 quem

295 616 427 637 sensum
444 606 568 637 habeat.
591 608 659 637 Aut
674 605 762 636 enim
776 605 810 647 ly
825 606 1040 637 determinata
1057 607 1235 637 accidentia
1249 606 1369 646 impor-

294 657 342 682 tat
364 650 662 681 determinationem
684 651 875 691 genericam
887 659 945 681 seu
963 650 1160 692 specificam:
1186 658 1217 681 et
1231 658 1308 682 tunc
1324 658 1371 681 est

294 704 416 731 sensus,
433 695 523 735 quod
537 694 636 726 talem
651 694 791 725 formam
810 694 842 725 in
859 695 973 735 specie,
991 701 1068 735 puta
1083 695 1175 735 ignis,
1193 702 1370 736 sequuntur

294 739 369 770 talia
390 738 563 770 accidentia
589 739 767 770 secundum
792 739 946 779 speciem,
972 746 1050 780 puta
1073 740 1177 775 calor,
1201 740 1274 776 lux,
1299 740 1369 771 talis

293 782 411 823 figura,
436 783 565 819 levitas,
590 790 649 814 etc.
680 783 770 815 quta
793 783 880 815 hunc
903 794 1048 820 sensum,
1074 785 1301 826 consequentia
1324 791 1371 815 est

294 827 427 878 optima,
444 828 500 858 sed
515 837 583 858 non
606 827 700 859 infert
714 828 934 879 propositum:
961 839 997 859 ex
1012 829 1066 859 tali
1085 829 1171 860 enim
1187 839 1282 860 sensu
1301 839 1368 860 non

293 871 437 913 sequitur
456 873 596 903 secunda
614 872 850 924 consequentia,
868 883 948 914 ergo
967 875 1132 914 quantitas
1154 874 1368 905 determinata

291 921 324 947 et
346 917 379 947 in
404 918 511 948 maius
533 922 565 947 et
587 918 620 947 in
645 918 771 955 minus;
796 917 956 959 quantitas
979 918 1066 948 enim
1084 918 1186 949 maior
1210 926 1240 949 et
1262 918 1368 949 minor

291 970 359 991 non
382 967 458 992 sunt
480 961 677 992 diversarum
699 960 891 1003 specierum,
917 970 953 994 ut
975 969 1071 1003 patet.
1089 981 1109 985 —
1124 965 1191 994 Aut
1214 962 1368 1003 significat

292 1005 390 1036 etiam
419 1005 717 1037 determinationem
745 1007 962 1057 gradualem,
991 1007 1099 1048 quoad
1130 1007 1312 1049 qualitates,
1338 1014 1368 1037 et

292 1051 501 1088 extensionis,
525 1051 634 1091 quoad
657 1051 877 1092 quantitatem.
903 1052 944 1083 Et
967 1058 1043 1083 tunc
1067 1058 1114 1083 est
1137 1061 1258 1087 sensus,
1278 1052 1368 1092 quod

292 1093 431 1125 formam
455 1095 696 1126 determinatam
719 1102 898 1137 sequuntur
917 1106 983 1127 non
1000 1096 1108 1127 solum
1127 1096 1170 1127 ita
1193 1096 1270 1126 haec
1289 1096 1367 1126 acci-

291 1138 399 1171 dentia
414 1139 594 1171 secundum
613 1140 762 1180 speciem,
779 1141 871 1182 quod
888 1151 956 1172 non
971 1140 1041 1176 illa;
1067 1141 1123 1171 sed
1138 1140 1181 1171 ita
1196 1140 1368 1171 accidentia

290 1183 326 1215 in
347 1183 403 1215 tali
425 1184 526 1224 gradu
550 1194 606 1215 seu
631 1184 823 1221 extensione,
843 1185 934 1226 quod
954 1195 1022 1216 non
1044 1184 1078 1215 in
1102 1185 1175 1215 alio.
1201 1185 1241 1215 Et
1256 1194 1367 1215 secun-

291 1227 372 1272 dum
380 1228 490 1267 filiunt
498 1237 636 1260 sensum
659 1229 772 1270 procul
795 1229 895 1260 dubio
919 1236 965 1260 est
987 1229 1039 1260 hic
1062 1229 1191 1260 intenta.

253 1278 261 1280 “
291 1275 308 1279 ‘
347 1272 411 1304 Sed
424 1279 531 1313 potest
544 1273 649 1304 adhuc
664 1273 832 1314 dupliciter
846 1273 990 1314 intelligi.
1006 1273 1128 1311 Primo,
1145 1273 1235 1314 quod
1250 1279 1368 1304 certam

290 1316 432 1349 formam
461 1324 641 1358 sequuntur
663 1318 870 1349 determinata
898 1317 1087 1354 accidentia,
1113 1327 1180 1348 non
1203 1318 1312 1348 solum
1335 1317 1368 1347 in

291 1368 374 1399 toto,
389 1362 446 1393 sed
468 1362 503 1392 in
519 1361 671 1393 omnibus
693 1368 726 1393 et
747 1361 880 1402 singulis
904 1361 1063 1403 partibus:
1088 1369 1167 1402 puta
1190 1362 1282 1403 quod
1304 1361 1368 1392 for-

291 1416 382 1438 mam
404 1416 506 1448 aquae
529 1405 674 1447 sequitur
695 1412 779 1437 certa
797 1407 968 1447 quantitas,
992 1416 1060 1437 non
1083 1407 1191 1437 solum
1214 1406 1247 1437 in
1262 1406 1369 1447 aliqua

291 1457 360 1482 tota
382 1460 480 1492 aqua,
505 1450 560 1481 sed
583 1450 616 1480 in
640 1450 900 1492 quibuscumque
923 1451 1066 1492 partibus
1089 1451 1304 1492 integralibus.
1328 1451 1370 1482 Et

289 1494 343 1527 hic
366 1504 478 1526 sensus
498 1494 621 1527 alienus
636 1501 684 1526 est
698 1505 716 1526 a
731 1495 861 1526 veritate
877 1502 908 1527 et
923 1495 1105 1536 proposito:
1130 1495 1284 1537 quoniam
1301 1505 1368 1526 non

290 1539 384 1571 datur
407 1539 542 1570 minima
564 1549 638 1579 pars
665 1547 846 1581 aquae‘aut
868 1540 945 1576 albi,
970 1546 1007 1571 ut
1030 1540 1145 1571 dicitur
1166 1540 1200 1571 in
1222 1540 1304 1571 libro
1328 1540 1369 1571 de

289 1584 396 1616 Sensu
412 1589 443 1615 et
453 1584 591 1615 Sensato
601 1583 633 1620 *;
649 1584 716 1620 sed,
732 1593 938 1626 quacumque
953 1591 1042 1625 parte
1058 1585 1140 1621 data,
1154 1585 1247 1616 datur
1262 1584 1369 1615 minor

288 1629 470 1665 inexistens,
486 1628 520 1660 1ιι
538 1628 760 1669 homogeneis.
773 1646 794 1652 -—
809 1629 968 1667 Secundo,
985 1630 1075 1670 quod
1091 1636 1209 1660 certam
1229 1629 1368 1660 formam

289 1680 470 1715 sequuntur
492 1673 701 1705 determinata
719 1673 894 1705 accidentia
914 1673 949 1704 in
972 1680 1042 1705 toto
1062 1681 1094 1705 et
1108 1674 1250 1725 partibus
1265 1674 1369 1714 possi-

288 1718 408 1750 bilibus
426 1727 574 1749 seorsum
592 1717 733 1749 existere.
757 1718 799 1750 Et
817 1718 869 1750 hic
884 1728 996 1750 sensus
1012 1725 1060 1750 est
1074 1718 1190 1750 directe
1208 1718 1367 1750 intentus:

288 1762 447 1806 quoniam
469 1762 503 1793 in
526 1762 670 1803 partibus
697 1762 938 1794 inexistentibus
963 1769 1108 1802 tantum,
1132 1773 1198 1794 non
1222 1770 1270 1794 est
1291 1773 1367 1803 pro-

288 1807 358 1849 prie
381 1806 496 1844 forma,
515 1807 571 1838 sed
594 1805 717 1838 formae
740 1817 822 1848 pars,
842 1814 908 1839 tam
932 1814 1004 1839 actu
1028 1817 1128 1849 quarn
1150 1808 1309 1849 potentia;
1334 1808 1367 1838 in

287 1852 392 1884 littera
407 1858 516 1883 autem
530 1851 646 1883 dicitur
661 1852 752 1892 quod
769 1852 910 1883 formam
929 1852 1171 1883 determinatam
1189 1859 1369 1893 sequuntur

287 1896 463 1928 accidentia
486 1902 517 1928 et
540 1895 700 1938 quantitas
721 1897 939 1928 determinata.
964 1896 1027 1928 Sed
1042 1896 1151 1927 unde
1143 1907 1176 1927 ιιι
1192 1896 1255 1927 hoc
1272 1907 1366 1928 sensu

289 1941 520 1982 consequentia
541 1941 654 1976 valeat,
679 1941 808 1982 quodve
831 1941 871 1972 sit
893 1941 979 1972 illius
1003 1940 1261 1978 fundamentum,
1281 1942 1366 1973 latet.

288 1985 331 2018 Et
352 1986 427 2017 ideo
449 1985 583 2016 vertitur
605 1985 638 2016 in
663 1985 809 2022 dubium,
825 1985 931 2027 primo
946 1985 1056 2027 quoad
1069 1984 1368 2017 determinationem

288 2029 474 2072 quantitatis
489 2030 522 2061 in
539 2030 666 2067 minus,·
684 2030 837 2066 secundo,
848 2031 958 2072 quoad
973 2030 1271 2061 determinationem
1286 2031 1367 2062 eius-

245 2098 251 2105 .
289 2075 365 2106 dem
389 2075 421 2105 in
445 2075 553 2106 maius
566 2073 593 2105 *.

239 2157 241 2159 ¹
344 2118 416 2151 VII.
439 2119 564 2155 Scotus,
584 2118 619 2149 in
638 2118 664 2149 11
684 2118 784 2157 Seni„
811 2118 881 2150 dist.
899 2129 935 2156 ιι,
960 2129 1015 2160 qu.
1031 2130 1072 2155 tx,
1098 2119 1208 2150 nititur
1232 2121 1367 2160 probare

288 2163 489 2206 oppositum,
515 2169 546 2194 et
568 2163 723 2199 sustinere
745 2163 836 2204 quod
860 2173 927 2194 non
951 2164 1045 2195 datur
1060 2164 1234 2195 minimum
1251 2164 1286 2194 in
1308 2164 1367 2195 ho-

251 2218 253 2222 ’
287 2207 454 2250 megeneis
478 2207 672 2244 substantiis,
696 2214 811 2248 potens
835 2217 892 2249 per
907 2218 940 2239 se
955 2209 1102 2240 existere:
1127 2208 1192 2245 sed,
1211 2218 1367 2249 quacum-

287 2263 353 2296 que
368 2262 454 2294 aqua
470 2253 552 2288 data,
576 2258 682 2293 potest
703 2252 811 2283 minor
829 2262 886 2293 per
909 2263 943 2284 se
966 2253 1106 2284 existere.
1130 2253 1172 2284 Et
1195 2253 1239 2284 sic
1263 2252 1367 2284 forma

287 2297 361 2330 eius
380 2306 449 2329 non
472 2296 662 2328 determinat
683 2296 743 2328 sibi
767 2303 886 2328 certam
908 2297 1119 2339 quantitatem
1138 2297 1172 2328 in
1187 2297 1306 2334 minus,
1332 2305 1368 2329 ut

287 2342 323 2374 in
345 2341 450 2373 littera
473 2341 598 2373 dicitur.

341 2385 459 2427 Arguit
480 2395 556 2426 ergo
580 2396 618 2417 ex
640 2386 763 2417 ratione
786 2387 901 2427 quanti
915 2385 959 2429 (V
974 2385 1187 2438 Metaphys.)‚
1212 2387 1267 2418 sic.
1291 2387 1366 2417 Non

289 2431 390 2472 magis
414 2430 579 2462 essentiale
602 2437 649 2461 est
671 2437 808 2471 quanto,
834 2441 929 2471 posse
953 2431 1051 2462 dividi
1073 2431 1106 2462 in
1129 2438 1243 2472 partes,
1267 2441 1366 2472 quam

286 2475 381 2518 quod
403 2481 578 2516 utrumque
602 2485 717 2506 eorum
738 2475 772 2506 in
796 2485 879 2516 quae
903 2475 1068 2512 dividitur,
1093 2475 1194 2516 possit
1218 2486 1286 2506 esse
1308 2476 1368 2507 hoc

285 2520 422 2562 aliquid.
453 2520 540 2560 Ergo
563 2519 708 2560 singulae
731 2526 835 2561 partes
864 2526 1143 2562 quantaecumque
1167 2530 1269 2561 aquae
1292 2531 1367 2561 pos-

288 2571 365 2597 sunt
387 2574 445 2606 per
467 2574 501 2595 se
523 2563 664 2595 existere.
681 2581 703 2588 ·-
717 2564 917 2596 Antecedens
941 2571 1028 2605 patet
1050 2575 1087 2596 ex
1106 2565 1135 2596 V
1154 2563 1366 2606 Metaphys.*

133 2615 142 2628 '
196 2616 203 2623 ·
257 2616 264 2627 ’
289 2608 531 2650 Consequentia
543 2618 620 2639 vero
637 2608 806 2640 manifesta
820 2615 867 2640 est
881 2619 919 2640 ex
934 2619 977 2641 se.
1000 2609 1043 2640 Et
1057 2609 1268 2640 nihilominus
1291 2620 1366 2641 con-

289 2663 428 2695 sequens
452 2652 660 2684 confirmatur
683 2653 948 2694 quadrupliciter.
973 2654 1063 2685 Tum
1078 2654 1155 2696 quia
1173 2661 1277 2695 partes
1292 2661 1368 2685 sunt

289 2698 435 2730 eiusdem
457 2697 588 2728 rationis
615 2707 691 2728 cum
720 2704 808 2734 toto,
836 2698 947 2740 quoad
972 2699 1139 2730 materiam
1163 2706 1193 2730 et
1216 2698 1365 2730 formam.

289 2743 376 2784 Ergo
393 2752 449 2783 per
463 2752 497 2772 se
517 2741 657 2778 existere,
673 2742 764 2783 quod
779 2752 847 2774 non
862 2750 1019 2784 repugnat
1033 2743 1102 2780 toti,
1119 2753 1187 2774 non
1211 2751 1368 2784 repugnat

289 2787 382 2829 parti.
397 2804 418 2810 ·—
433 2786 522 2818 Tum
539 2785 615 2827 quia
631 2786 791 2828 quaelibet
813 2797 885 2828 pars
903 2787 999 2819 habet
1011 2795 1173 2819 naturam:
1199 2788 1284 2819 unde
1300 2798 1366 2819 non

286 2838 448 2873 repugnat
471 2830 531 2862 sibi
554 2841 621 2862 esse
649 2830 854 2863 individuum
877 2831 1022 2864 eiusdem
1045 2832 1160 2873 speciei
1187 2842 1262 2863 cum
1286 2839 1365 2871 toto.

289 2877 376 2918 Ergo
400 2882 506 2917 potest
529 2885 596 2906 esse
618 2875 836 2912 individuum;
860 2883 891 2908 et
913 2884 1147 2918 consequenter
1168 2887 1225 2917 per
1248 2887 1281 2908 se
1305 2877 1367 2908 exi-

289 2927 418 2953 ποτε.-
433 2921 523 2952 Τιιιιι
538 2920 615 2961 quia
629 2926 732 2961 partes
749 2926 824 2952 sunt
838 2922 1022 2953 naturaliter
1038 2922 1160 2962 priores
1175 2928 1256 2953 toto.
1281 2921 1366 2962 Ergo

291 2965 336 2997 eis
351 2975 419 2996 non
435 2971 591 3015 repugnat
606 2975 672 2996 esse
688 2965 777 3005 prius
791 2971 946 3006 tempore,
959 2973 1049 2998 etc.—
1061 2967 1150 2998 Tum
1164 2966 1250 3016 quia,
1263 2966 1367 3017 posita

288 3010 362 3041 illa
368 3019 453 3051 aqua
473 3009 624 3046 minima,
653 3009 892 3051 circumscripto
921 3011 1011 3042 omni
1040 3010 1242 3052 corruptivo,
1271 3010 1366 3042 etiam

292 3053 485 3090 continente,
509 3053 536 3085 si
559 3053 727 3090 dividatur,
752 3061 808 3085 aut
826 3061 902 3095 post
917 3055 1107 3087 divisionem
1124 3065 1206 3096 quae
1221 3061 1287 3086 erat
1302 3065 1367 3086 una

291 3107 377 3139 aqua
398 3098 432 3129 in
455 3104 528 3130 actu
552 3105 583 3129 et
605 3099 726 3130 multae
755 3099 789 3129 in
816 3099 971 3139 potentia,
997 3100 1054 3131 erit
1077 3109 1179 3141 aquae
1202 3099 1309 3141 plures
1333 3100 1366 3130 in

291 3149 375 3178 actu.
400 3148 431 3174 et
453 3142 587 3174 habetur
609 3143 786 3174 intentum:
810 3149 867 3174 aut
888 3153 966 3176 non.
989 3145 1032 3176 Et
1054 3144 1080 3175 si
1103 3154 1188 3181 non,
1212 3154 1288 3185 ergo
1311 3155 1365 3175 an-

292 3186 424 3222 nihilata
446 3192 494 3218 est
515 3196 599 3228 aqua
621 3188 742 3228 absque
771 3188 964 3228 corruptivo.
993 3186 1164 3220 Probatur:
1195 3189 1271 3230 quia
1298 3189 1367 3220 sola

292 3231 406 3262 divisio
422 3235 491 3262 non
505 3232 691 3273 corrumpit.
715 3233 886 3263 Probatur:
911 3233 986 3274 quia
1004 3233 1116 3264 dividit
1134 3233 1168 3264 in
1188 3240 1292 3275 partes
1308 3233 1366 3264 ho-

291 3285 475 3316 mogeneas,
491 3285 529 3306 ex
543 3276 661 3317 quibus
684 3283 808 3308 constat
826 3283 948 3314 totum;
972 3287 1048 3318 ergo
1068 3277 1180 3308 dividit
1198 3277 1232 3308 in
1251 3287 1364 3319 aquas;

291 3326 348 3351 aut
362 3330 447 3361 aqua
465 3321 672 3361 componitur
686 3331 725 3352 ex
740 3331 806 3352 non
823 3322 923 3363 aquis,
939 3328 975 3353 ut
990 3322 1133 3362 partibus
1148 3322 1364 3362 integralibus.

291 3365 359 3395 Nec
383 3370 443 3401 est,
471 3364 592 3405 inquit,
619 3366 830 3407 repugnantia
853 3376 890 3397 ex
913 3372 1002 3407 parte
1029 3376 1143 3406 parvae
1166 3367 1365 3408 quantitatis:

292 3408 370 3450 quia
391 3408 497 3439 forma
519 3418 622 3450 aquae
644 3415 720 3441 cum
741 3417 808 3442 tam
831 3421 928 3451 parva
950 3410 1126 3452 quantitate
1149 3410 1295 3451 praefuit.

343 3453 429 3484 VIII.
443 3452 564 3484 Contra
576 3453 872 3486 determinationem
885 3465 960 3486 vero
976 3455 1160 3496 quantitatis
1175 3456 1208 3486 in
1224 3457 1329 3487 maius
1337 3455 1364 3491 *‚

292 3498 436 3539 arguitur
457 3497 580 3528 ratione
595 3504 627 3529 et
645 3499 840 3531 auctoritate.
864 3499 1000 3531 Ratione
1019 3499 1167 3541 quidem:
1193 3500 1268 3531 dato
1284 3510 1365 3541 quo-

293 3552 434 3584 cumque
449 3541 531 3583 igne,
548 3541 574 3573 si
590 3549 771 3582 apponatur
785 3544 1009 3575 combustibile
1024 3545 1226 3585 dispositum,
1244 3551 1366 3576 certum

294 3593 342 3618 est
363 3587 454 3628 quod
477 3586 653 3617 comburet.
678 3586 761 3618 Illud
775 3597 850 3628 ergo
867 3589 986 3625 crescit,
1010 3595 1169 3630 quantum
1192 3595 1239 3620 est
1261 3599 1298 3620 ex
1321 3599 1364 3625 se,

294 3631 328 3662 in
350 3630 522 3662 infinitum.
540 3649 560 3653 -
575 3631 623 3662 Et*
636 3630 842 3663 confirmatur
865 3633 1049 3664 auctoritate
1072 3633 1260 3670 Aristotelis,
1285 3634 1311 3663 11
1326 3633 1366 3664 de

1414 385 1551 425 finitum
1567 391 1785 426 apponeretur
1803 388 2026 418 combustibile.
2047 389 2120 418 Non
2137 398 2212 428 ergo
2228 389 2320 420 datur
2336 389 2493 420 maximus

1424 429 1516 469 ignis.

1481 474 1533 505 IX.
1557 475 1609 504 Ad
1625 474 1815 505 evidentiam
1839 475 1934 506 huius
1952 475 2151 512 difficultatis,
2177 484 2254 507 nota
2263 479 2383 517 primo,
2405 479 2493 518 quod

1424 527 1491 548 non
1510 518 1705 550 intendimus
1724 519 1776 550 hic
1791 526 1921 551 tractare
1939 520 2076 551 totaliter
2091 522 2129 551 de
2146 523 2288 552 maximo
2304 527 2335 552 et
2350 523 2492 559 minimo,

1424 563 1579 603 quoniam
1596 570 1676 594 esset
1693 570 1777 595 extra
1793 564 2010 604 propositum;
2027 566 2082 595 sed
2106 566 2213 596 solum
2228 576 2268 596 an
2284 567 2376 597 detur
2394 567 2494 598 maxi-

1424 617 1516 638 mum
1531 614 1561 638 et
1576 607 1749 639 minimum
1768 618 1811 639 ex
1833 610 2015 640 intrinseco.
2042 610 2114 640 Hoc
2137 610 2224 640 enim
2239 611 2334 651 exigit
2349 611 2429 642 ratio
2446 621 2493 642 as-

1423 659 1552 692 sumpta
1574 652 1607 682 in
1630 652 1741 689 littera,
1766 653 1878 684 volens
1902 654 1991 694 quod
2015 663 2051 684 ex
2066 654 2245 690 intrinseco,
2262 665 2299 685 ex
2314 655 2418 686 forma
2433 655 2492 686 sci-

1422 696 1495 727 licet
1518 697 1724 733 substantiali¹
1750 707 1962 738 unaquaeque
1986 698 2159 729 substantia
2182 699 2331 729 naturalis
2356 700 2494 731 vindicet

1422 740 1481 771 sibi
1498 748 1614 772 certam
1631 741 1849 782 quantitatem,
1874 749 1940 772 tam
1963 742 1996 772 in
2019 742 2122 773 maius
2146 753 2244 783 quam
2262 743 2295 773 in
2313 744 2428 775 minus.
2453 744 2495 775 Et

1422 785 1495 816 ideo
1520 786 1576 816 has
1600 796 1717 826 paucas
1746 786 1884 817 rationes
1911 787 1943 816 in
1968 786 2026 817 hac
2050 786 2263 827 disputatione
2292 788 2492 819 adduximus.

1423 829 1492 860 Fiet
1507 837 1624 866 autem,
1645 831 1715 861 Deo
1732 830 1835 866 dante,
1853 831 1995 871 specialis
2019 831 2162 871 quaestio
2180 832 2218 861 de
2234 832 2373 862 maximo
2390 840 2420 863 et
2435 833 2493 863 rni-

1422 874 1512 904 nimo
1537 874 1764 906 universaliter.
1781 893 1801 897 —
1815 875 1900 906 Nota
1923 875 2073 914 secundo,
2099 876 2189 916 quod
2205 877 2282 906 duas
2302 877 2438 908 rationes
2454 878 2493 908 ab

1422 918 1592 950 Aristotele
1617 919 1770 950 habemus
1793 920 1834 950 ad
1856 919 1927 950 hoc.
1953 919 2096 950 Alteram
2120 920 2131 950 1
2153 921 2292 961 Physic„
2318 928 2391 952 text.
2412 922 2450 952 36
2466 921 2492 958 *‚

1422 963 1554 994 scilicet:
1584 965 1748 1004 quantitas
1778 965 1875 995 totius
1897 965 2066 1006 consurgit
2096 974 2138 995 ex
2164 965 2395 1006 quantitatibus
2411 976 2494 1006 par-

1422 1009 1513 1045 tium,
1535 1014 1592 1039 etc.
1618 1008 1680 1039 Sed
1695 1008 1754 1039 ista
1770 1008 1859 1044 ratio,
1881 1016 1916 1039 ut
1932 1015 2027 1049 patet,
2043 1009 2186 1049 procedit
2202 1019 2238 1040 ex
2253 1010 2505 1050 suppositiones

1423 1052 1576 1092 supponit
1600 1052 1685 1083 enim
1702 1053 1767 1083 dari
1788 1053 1973 1089 maximum,
1999 1060 2029 1084 et
2053 1053 2214 1084 concludit
2229 1054 2295 1084 dari
2310 1054 2491 1090 minimum,

1422 1096 1565 1137 alioquin
1589 1103 1695 1128 totum
1718 1107 1785 1128 non
1809 1104 1889 1128 esset
1910 1105 2010 1128 certae
2034 1098 2227 1138 quantitatis.
2251 1098 2393 1129 Alteram
2415 1099 2448 1129 in
2466 1099 2491 1129 ΙΙ

1421 1141 1461 1171 de
1475 1142 1606 1179 Anima,
1626 1148 1699 1172 text.
1715 1151 1753 1180 41
1770 1141 1797 1177 *,
1822 1141 1954 1173 scilicet:
1979 1143 2120 1172 omnium
2137 1148 2257 1174 natura
2277 1145 2490 1174 constantium

1422 1185 1634 1216 determinata
1651 1191 1698 1216 est
1713 1187 1809 1224 ratio,
1825 1193 1883 1217 etc.
1907 1186 1948 1217 Et
1964 1186 2041 1217 haec
2057 1186 2146 1223 ratio,
2164 1193 2200 1217 ut
2218 1187 2321 1228 inquit
2337 1187 2451 1219 Scotus
2465 1188 2491 1224 *,

1422 1229 1566 1270 loquitur
1590 1230 1628 1260 de
1651 1229 1806 1266 animatis,
1830 1230 1861 1260 in
1887 1230 2004 1271 quibus
2028 1237 2152 1261 tantum
2175 1231 2269 1262 habet
2291 1232 2401 1262 locum
2417 1242 2492 1272 aug-

1423 1280 1569 1304 mentum
1593 1274 1721 1314 proprie
1745 1274 1875 1310 dictum‚
1900 1275 1939 1305 de
1963 1284 2030 1315 quo
2054 1275 2098 1305 ibi
2122 1281 2168 1306 est
2191 1285 2307 1306 sermo.

1477 1318 1615 1354 Verum‚·
1632 1318 1791 1359 quidquid
1814 1319 1854 1349 sit
1871 1319 1909 1349 de
1924 1319 1981 1349 illo
2005 1326 2100 1355 textu,
2126 1329 2151 1349 s.
2164 1319 2310 1350 Thomas
2333 1321 2493 1351 universa-

1422 1362 1528 1394 lizavit
1546 1362 1648 1393 illam:
1674 1370 1704 1393 et
1720 1363 1809 1403 quod
1827 1363 1870 1394 ibi
1886 1363 1925 1393 de
1941 1363 2047 1393 anima
2070 1363 2192 1399 dicitur,
2218 1364 2256 1394 de
2276 1365 2366 1394 omni
2390 1365 2494 1395 forma

1423 1407 1620 1438 substantiali
1651 1407 1842 1448 assumpsit,
1871 1407 1988 1438 scilicet
2010 1408 2102 1448 quod
2129 1408 2268 1439 vindicat
2290 1409 2348 1439 sibi
2377 1416 2494 1440 certam

1422 1452 1642 1493 quantitatem.
1672 1452 1713 1482 Et
1736 1451 1883 1491 probavit
1906 1462 1977 1482 eam
2000 1452 2178 1483 secundum
2202 1452 2379 1484 doctrinam
2401 1454 2494 1484 tradi-

1421 1504 1488 1528 tam
1511 1496 1540 1527 V
1563 1495 1777 1537 Metaphys.*
1799 1502 1831 1527 et
1854 1496 1880 1527 11
1904 1497 2032 1537 Pnysic.
2049 1496 2099 1532 ⁸²⁴³,
2129 1497 2247 1528 scilicet
2270 1498 2359 1538 quod
2383 1508 2494 1529 causae

1422 1540 1592 1577 effectibus,
1611 1547 1642 1571 et
1661 1550 1677 1571 e
1697 1550 1862 1576 converso,
1883 1547 2109 1581 comparantur
2132 1548 2162 1572 et
2186 1550 2493 1574 commensurantur.

1421 1586 1469 1616 Ex
1491 1585 1554 1616 hoc
1573 1585 1659 1616 enim
1683 1585 1827 1626 sequitur
1849 1586 1949 1626 quod,
1974 1585 1999 1616 si
2023 1585 2162 1616 formam
2185 1587 2425 1617 substantialem
2441 1598 2494 1618 na-

1421 1630 1562 1662 turaliter
1584 1630 1618 1660 in
1642 1630 1809 1661 communi
1837 1630 1981 1671 sequitur
2007 1630 2183 1671 quantitas,
2209 1641 2284 1671 ergo
2309 1632 2495 1662 determina—

1420 1683 1486 1706 tam
1510 1675 1649 1706 formam
1673 1674 1881 1706 determinata
1900 1675 2068 1716 quantitas.
2093 1675 2155 1706 Sed
2174 1675 2334 1715 quantitas
2350 1686 2416 1706 non
2431 1676 2494 1707 alio

1421 1719 1521 1751 modo
1546 1719 1774 1750 determinatur
1796 1729 1895 1760 quam
1918 1719 2097 1750 secundum
2125 1720 2292 1750 terminos:
2318 1730 2384 1751 non
2410 1721 2495 1751 enim

1421 1764 1615 1805 corporeitas
1639 1763 1780 1794 hominis
1805 1770 1835 1794 et
1858 1773 1960 1806 aquae
1983 1763 2086 1795 differt
2107 1764 2221 1804 specie,
2246 1772 2413 1805 ut‘posset
2433 1765 2494 1796 dici

1420 1809 1510 1850 quod
1533 1808 1776 1840 determinatam
1800 1807 1939 1839 formam
1955 1808 2098 1849 sequitur
2114 1809 2321 1840 determinata
2336 1810 2495 1850 quantitas

1420 1853 1600 1884 secundum
1631 1853 1780 1894 speciem.
1814 1853 1912 1893 Igitur
1935 1853 2078 1894 sequitur
2100 1854 2260 1894 quantitas
2289 1854 2494 1886 determinata

1420 1898 1599 1929 secundum
1622 1897 1786 1928 terminos.
1804 1915 1824 1920 -
1840 1897 1996 1935 Quamvis
2017 1897 2112 1928 etiarn
2136 1898 2162 1928 si
2184 1898 2375 1939 quantitates
2391 1899 2493 1929 differ·

1419 1949 1489 1974 rent
1513 1942 1633 1982 specie,
1658 1942 1762 1972 adhuc
1785 1948 1892 1972 tamen
1916 1941 2084 1973 haberetur
2112 1941 2359 1973 fundamentum
2383 1953 2493 1974 conse-

1420 1987 1583 2028 quentiae,
1608 1996 1645 2017 ex
1669 1996 1708 2017 eo
1732 1986 1822 2027 quod
1847 1986 2054 2017 determinata
2082 1985 2187 2017 forma
2209 1994 2255 2018 est
2278 1987 2324 2017 vis
2348 1987 2492 2018 determi-

1420 2038 1528 2067 natae,
1554 2041 1590 2062 ac
1613 2041 1670 2071 per
1689 2030 1755 2061 ‘hoc
1779 2030 1858 2061 nihil
1885 2040 2084 2072 consequens
2108 2031 2148 2061 ad
2170 2031 2274 2071 ipsam
2298 2039 2402 2072 potest
2425 2042 2492 2062 esse

1419 2075 1598 2107 infinitum:
1623 2075 1648 2105 si
1668 2075 1754 2106 enim
1773 2075 1902 2106 haberet
1920 2075 2068 2111 calorem,
2086 2075 2255 2112 raritatem,
2272 2077 2490 2116 quantitatem,

1420 2127 1476 2151 aut
1498 2120 1730 2161 quodcumque
1758 2119 1902 2150 accidens
1931 2119 2112 2156 infinitum,
2144 2120 2209 2150 iam
2233 2131 2251 2150 a
2274 2119 2377 2151 forma
2405 2120 2493 2152 finita

1421 2171 1502 2195 esset
1518 2165 1566 2195 vis
1581 2163 1720 2202 infinitp;
1745 2164 1835 2204 quod
1859 2173 1925 2194 non
1941 2170 1987 2194 est
2006 2164 2210 2204 intelligibile.
2236 2165 2321 2202 Quia
2337 2175 2412 2206 ergo
2431 2165 2493 2195 for-

2525 349 2644 377 'Cap.1v,
2660 357 2682 372 n.
2693 351 2715 373 8.

2521 925 2530 934 ⁸
2546 924 2602 952 Cap.
2614 931 2645 952 iv,
2660 931 2683 947 n.
2694 931 2714 953 5.

2520 1148 2530 1158 “
2545 1148 2602 1176 Cap.
2613 1154 2644 1175 iv,
2655 1149 2707 1170 n.8.

2521 1194 2529 1202 '
2544 1193 2608 1215 Loco
2624 1193 2704 1215 citato.

2520 1503 2530 1513 “
2545 1502 2577 1523 Ca
2596 1518 2601 1523 .
2613 1507 2643 1524 ιιι.
2654 1514 2663 1518 -
2678 1503 2734 1524 Did.

2522 1528 2561 1550 lib.
2614 1545 2620 1555 ,
2635 1535 2687 1556 cap.
2703 1535 2732 1556 n,

2522 1561 2544 1576 ιι.
2556 1561 2581 1576 ιι.

2522 1583 2541 1591 ··
2557 1581 2614 1610 Cap.
2622 1588 2653 1609 ιιι,
2669 1588 2731 1604 n.12.

1420 2219 1509 2239 mam
1532 2208 1697 2250 physicam
1720 2208 1754 2238 in
1778 2207 1945 2239 communi
1968 2215 2147 2249 sequuntur
2170 2209 2358 2245 accidentia,
2383 2219 2492 2240 conse·
2540 2236 2543 2238 .

1420 2263 1523 2295 quens
1546 2260 1593 2284 est
1617 2258 1652 2283 ut
1675 2258 1794 2284 certam
1817 2252 1972 2288 formam,
1998 2263 2034 2283 ac
2056 2262 2113 2293 per
2135 2253 2198 2283 hoc
2221 2263 2288 2284 rem
2312 2260 2412 2284 certae
2435 2254 2491 2290 vis,

1419 2304 1594 2340 sequantur
1613 2303 1697 2328 certa
1712 2296 1899 2328 accidentia:
1924 2307 1991 2327 non
2016 2297 2124 2328 solum
2147 2297 2190 2328 ita
2213 2298 2291 2328 haec
2317 2299 2407 2339 quod
2427 2309 2492 2329 non

1419 2343 1487 2379 illa;
1511 2343 1567 2373 sed
1591 2342 1686 2374 etiam
1709 2341 1751 2372 ita
1768 2341 1801 2372 in
1825 2341 1876 2372 tali
1902 2342 2000 2382 gradu
2021 2342 2071 2372 vel
2087 2342 2234 2379 termino,
2261 2352 2401 2379 summo,
2425 2343 2492 2373 imo

1419 2387 1470 2418 vel
1486 2387 1605 2423 medio,
1623 2387 1712 2428 quod
1729 2396 1796 2417 ιιοιι
1814 2386 1847 2416 1ιι
1862 2386 1976 2416 maiori
1991 2393 2048 2417 aut
2066 2386 2193 2417 minori.
2210 2387 2287 2417 E-t
2301 2387 2345 2417 sic
2360 2387 2493 2418 habetur

1422 2432 1507 2463 unde
1523 2438 1609 2463 tenet
1624 2431 1852 2472 consequentia
1871 2431 1991 2461 litterae
2001 2430 2027 2467 *‚
2044 2441 2110 2461 non
2127 2431 2235 2462 solum
2251 2432 2290 2461 de
2307 2431 2491 2472 quantitate,

1421 2477 1476 2507 sed
1500 2477 1540 2507 de
1563 2475 1715 2507 omnibus
1739 2475 1962 2506 accidentibus.

1476 2522 1516 2552 X.
1540 2521 1591 2551 Ad
1614 2520 1771 2551 rationem
1795 2529 1870 2560 ergo
1886 2519 1972 2550 Scoti
1985 2519 2011 2555 *,
2037 2529 2187 2550 concesso
2207 2520 2420 2556 antecedente,
2438 2530 2491 2550 ne-

1419 2572 1512 2607 gatur
1535 2564 1772 2606 consequentia.
1804 2564 1846 2595 Et
1868 2564 1948 2594 ratio
1973 2570 2034 2600 est,
2059 2564 2135 2605 quia
2159 2571 2350 2605 utrumque,
2375 2564 2492 2596 scilicet

1421 2610 1519 2642 dividi
1542 2610 1574 2640 in
1595 2616 1708 2649 partes,
1733 2615 1764 2639 et
1786 2604 1855 2639 illas
1879 2618 1973 2648 posse
1997 2618 2065 2639 esse
2088 2608 2150 2639 hoc
2174 2608 2304 2649 aliquid,
2329 2609 2355 2639 si
2370 2609 2492 2640 realiter

1420 2654 1621 2694 intelligatur,
1646 2659 1712 2684 non
1732 2652 1882 2684 convenit
1904 2659 2026 2693 quanto
2050 2663 2106 2693 per
2129 2663 2162 2684 se
2179 2654 2327 2693 positive,
2353 2654 2407 2684 sed
2427 2664 2489 2684 non

1421 2704 1656 2740 repugnanter,
1682 2704 1716 2728 ut
1740 2704 1826 2738 patet
1849 2697 1888 2727 de
1912 2697 2086 2738 quantitate
2106 2697 2198 2728 caeli:
2223 2705 2381 2738 quantum
2405 2698 2490 2729 enim

1419 2744 1499 2775 illud
1523 2753 1580 2774 nec
1604 2749 1709 2783 potest
1731 2741 1846 2773 actuali
1869 2741 2024 2772 divisione
2049 2741 2156 2779 dividi,
2181 2752 2238 2772 nec
2261 2749 2366 2782 potest
2386 2742 2491 2783 aliqua

1420 2799 1492 2829 pars
1521 2788 1589 2818 eius
1620 2796 1764 2817 seorsum
1793 2785 1941 2823 existere,
1967 2793 1998 2817 et
2019 2793 2125 2817 tamen
2151 2793 2197 2817 est
2219 2796 2292 2817 vere
2322 2794 2488 2828 quantum.

1420 2833 1562 2873 Utraque
1579 2841 1655 2872 ergo
1673 2830 1814 2862 conditio
1837 2830 1943 2871 posita
1966 2831 1999 2861 in
2021 2831 2143 2862 ratione
2166 2831 2286 2872 quanti,
2304 2838 2409 2871 potest
2431 2832 2489 2862 im-

1420 2876 1521 2918 pediri
1545 2886 1584 2907 ne
1609 2877 1805 2911 exerceatur,
1830 2885 1848 2906 a
1872 2874 1976 2906 forma
2003 2875 2138 2906 naturali
2167 2875 2217 2906 cui
2246 2876 2415 2906 coniuncta
2444 2883 2490 2907 est

1420 2921 1589 2963 quantitas.
1621 2920 1714 2951 Unde
1741 2919 1796 2951 illa
1826 2919 1968 2951 definitio
1998 2920 2147 2951 convenit
2170 2926 2290 2960 quanto
2314 2926 2349 2950 ut
2371 2922 2436 2951 sic:
2458 2928 2488 2951 et

1419 2974 1527 2998 tamen
1550 2965 1649 2996 alicui
1671 2969 1792 3005 quanto
1814 2971 1979 3005 repugnat.
1994 2982 2013 2987 —
2030 2965 2071 2995 Et
2086 2964 2112 2994 si
2129 2970 2237 2995 contra
2259 2964 2322 2995 hoc
2344 2964 2490 2995 afferatur

1419 3011 1499 3041 ratio
1515 3010 1569 3040 illa
1585 3008 1688 3040 Scoti:
1713 3009 1994 3050 Quandocumque
2018 3009 2124 3049 aliqua
2138 3018 2195 3049 per
2210 3019 2242 3038 se
2263 3009 2488 3049 consequentia

1420 3055 1525 3096 aliqua
1549 3054 1625 3090 duo,
1650 3060 1725 3084 sunt
1746 3053 2028 3094 incompossibilia,
2054 3060 2084 3084 et
2106 3053 2160 3083 illa
2183 3053 2248 3083 duo
2273 3059 2347 3083 sunt
2366 3053 2487 3083 incom-

1420 3099 1599 3140 possibilia;
1630 3098 1685 3128 sed
1710 3097 1908 3129 conditiones
1931 3097 2043 3139 quanti
2067 3104 2098 3128 et
2120 3097 2243 3127 formae
2266 3097 2390 3127 minimi
2413 3104 2488 3127 sunt

1419 3142 1710 3183 incompossibiles;
1736 3152 1810 3183 ergo
1834 3149 1993 3183 quantum
2016 3149 2047 3173 et
2070 3141 2173 3172 forma
2196 3141 2319 3171 minimi
2343 3147 2417 3172 sunt
2439 3142 2486 3171 in-

1420 3187 1677 3229 compossibiles;
1697 3204 1717 3209 —
1732 3187 1942 3227 respondetur
1965 3187 2080 3227 primo,
2105 3186 2294 3226 applicando
2317 3191 2423 3216 totum
2438 3196 2486 3216 ar-

1419 3239 1609 3273 gumentum
1632 3231 1672 3261 ad
1695 3237 1840 3262 naturam
1865 3231 1951 3268 caeli,
1968 3241 2050 3272 quae
2074 3240 2140 3261 non
2154 3230 2271 3270 patitur
2287 3230 2484 3260 divisionem.

1419 3277 1567 3309 Secundo
1597 3274 1693 3316 (quia
1719 3275 1930 3316 multiplicare
1960 3285 2026 3306 non
2054 3282 2101 3305 est
2130 3273 2289 3316 solvere),
2321 3275 2410 3315 quod
2433 3274 2486 3304 illa

1419 3322 1521 3352 maior
1544 3327 1590 3351 est
1605 3330 1678 3350 vera
1699 3320 1740 3351 de
1762 3330 1819 3360 per
1834 3330 1868 3351 se
1884 3319 2150 3360 consequentibus
2167 3320 2324 3358 positive:
2346 3328 2412 3349 non
2430 3329 2486 3349 au-

1419 3374 1486 3398 tern
1513 3375 1576 3396 non
1608 3370 1839 3406 repugnanter.
1873 3364 1965 3395 Unde
1987 3362 2224 3394 velocitabilitas
2252 3363 2285 3393 in
2308 3362 2484 3398 infinitum,

1420 3409 1567 3442 convenit
1590 3409 1694 3440 motui
1717 3418 1774 3449 per
1796 3419 1829 3439 se
1853 3419 1918 3439 non
1943 3414 2168 3448 repugnanter,
2194 3408 2279 3438 unde
2303 3414 2333 3437 et
2355 3408 2486 3437 demon-

1420 3462 1534 3486 stratur
1557 3454 1595 3484 de
1619 3462 1674 3484 eo:
1699 3453 1803 3484 motui
1827 3460 1934 3484 tamen
1957 3451 2091 3483 naturali
2114 3451 2243 3482 cuilibet
2266 3459 2430 3492 repugnat,
2450 3459 2486 3482 ut

1420 3506 1506 3540 patet
1521 3498 1547 3529 11
1567 3498 1669 3535 Caeli,
1689 3503 1762 3529 text.
1782 3499 1821 3538 39
1833 3497 1866 3527 *;
1891 3504 1921 3528 et
1943 3503 2110 3537 propterea
2132 3503 2241 3527 motus
2256 3503 2287 3526 et
2302 3496 2486 3526 naturalitas

1420 3555 1487 3575 non
1511 3549 1584 3582 sunt
1607 3541 1892 3582 incompossibiles.

1475 3589 1585 3618 Posset
1608 3593 1715 3617 tamen
1738 3586 1826 3617 aliter
1843 3585 1914 3622 dici,
1929 3585 2017 3626 quod
2035 3584 2106 3615 illae
2128 3585 2325 3616 conditiones
2349 3595 2414 3615 non
2438 3584 2486 3614 in·

1420 3632 1605 3672 telliguntur
1628 3631 1804 3661 secundum
1827 3630 1984 3661 actualem
2009 3630 2205 3667 divisionem,
2232 3630 2285 3659 sed
2309 3629 2486 3659 secundum

2520 2439 2528 2447 ·
2544 2438 2679 2460 Cf.num.v1
2691 2438 2729 2460 fin.

2518 2525 2578 2547 ·Cf.
2590 2531 2654 2547 num.
2662 2532 2701 2548 vu.

2513 3496 2523 3506 ⁸
2539 3495 2595 3523 Cap.
2606 3501 2636 3523 vi,
2646 3501 2670 3517 a.
2678 3501 2698 3523 5.
