2768 4178
79 2159 91 2170 ¹⁸
107 2158 143 2180 cf.
163 2164 228 2181 num.
241 2164 276 2185 tx,

85 2185 207 2213 Quartum.

85 3356 94 3365 ·
110 3354 182 3377 Num.
196 3360 272 3383 praec.

310 266 385 304 280

314 347 421 383 tionis,
440 353 470 378 et
485 345 725 386 reprobationis.
743 345 907 382 Quoniam
927 346 1059 376 ultimus
1085 346 1211 376 effectus
1235 346 1382 386 reproba-

314 391 426 428 tionis,
451 390 568 421 scilicet
595 389 738 430 puniti0‚
764 389 858 420 habet
882 400 1010 420 causam
1034 400 1070 420 ex
1094 396 1180 430 parte
1211 389 1380 430 reprobati,

313 435 590 475 scilicetculpam,
615 434 705 464 cuius
725 434 815 464 nullo
835 434 935 464 modo
955 435 1042 465 Deus
1063 441 1109 464 est
1128 440 1231 464 actor:
1253 434 1382 472 praede·

315 479 492 511 stinationis
517 485 624 509 autem
647 478 752 508 ultimi
777 477 914 514 effectus,
935 478 1054 518 scilicet
1078 477 1290 514 beatitudinis,
1310 477 1383 508 licet

316 525 355 556 sit
378 524 484 564 aliqua
503 533 596 554 causa
612 522 645 552 in
669 522 771 558 nobis,
787 522 904 553 scilicet
923 522 1083 558 meritum,
1103 522 1136 552 id
1155 528 1260 552 tamen
1277 528 1382 552 toturn

314 576 359 600 est
383 579 400 598 a
424 567 683 608 praedestinante.
708 567 749 597 Et
773 566 831 602 sic,
859 567 885 596 si
909 567 947 596 de
971 565 1082 596 effectu
1107 572 1176 596 toto
1205 565 1380 606 utriusque,

314 612 431 644 scilicet
453 610 685 651 reprobationis
709 617 740 641 et
763 610 1073 651 praedestinationis,
1099 617 1145 641 est
1164 619 1279 646 sermo,
1295 610 1383 640 nulla

314 657 352 687 de
369 663 499 697 peccato
523 655 668 696 quaestio
691 655 785 685 inseri
809 655 916 685 debet:
942 654 996 684 sed
1020 654 1058 684 de
1082 654 1131 684 his
1152 661 1278 685 tantum
1300 664 1382 695 quae

314 711 332 731 a
355 701 543 740 reprobante
574 707 604 731 et
634 699 885 740 praedestinante
916 705 1006 734 sunt,
1031 708 1113 739 quae
1143 699 1228 729 bona
1257 705 1383 738 oportet

314 755 391 776 esse.
416 745 457 775 Et
481 744 519 774 de
542 744 591 774 his
616 744 739 779 dicitur,
765 744 853 784 quod
877 743 983 773 divina
1007 743 1131 773 bonitas
1155 752 1266 773 eorum
1287 752 1381 773 causa

315 796 370 820 est.
400 789 432 819 Si
456 795 564 819 autem
588 794 634 818 est
657 798 762 818 sermo
793 788 833 818 de
862 792 925 818 toto
950 797 986 817 eo
1011 787 1095 827 quod
1119 788 1151 816 in
1176 787 1311 826 reprobo
1335 788 1382 816 in-

314 835 453 871 venitur,
471 833 514 864 sic
532 832 652 873 aliquid
672 839 718 863 est
734 842 751 862 a
767 832 836 862 Deo
857 831 1077 872 atque-divina
1091 830 1246 866 bonitate;
1263 829 1383 870 aliquid

313 887 388 908 vero
406 887 463 908 nec
479 887 497 907 a
512 878 592 912 Deo,
606 886 664 907 nec
680 882 808 916 propter
824 875 964 906 divinam
980 875 1165 911 bonitatem,
1176 874 1244 905 imo
1260 874 1382 904 aversio

315 929 361 953 est
377 922 415 952 ab
431 921 493 957 illa,
519 928 555 952 ut
571 927 656 962 patet
679 921 718 951 de
741 927 871 959 peccato
888 920 1024 950 mortali.
1049 920 1090 950 Et
1105 919 1188 955 ideo,
1205 918 1278 949 licet
1293 928 1383 959 prae-

315 966 443 997 scientia
466 966 654 996 meritorum
670 975 737 995 non
756 965 946 995 concedatur
970 974 1063 994 causa
1079 962 1382 1004 praedestinationis,

315 1009 519 1051 praescientia
553 1017 658 1040 tamen
692 1009 922 1039 demeritorum
955 1018 1048 1039 causa
1081 1007 1224 1048 quodam
1257 1006 1383 1047 speciali

315 1055 414 1085 modo
439 1061 486 1084 est
509 1052 747 1093 reprobationis.
780 1053 863 1090 Quia
887 1059 1017 1093 propter
1032 1052 1192 1082 demerita
1214 1051 1382 1092 praescita,

315 1109 372 1129 nec
396 1109 414 1128 a
438 1108 470 1128 se
494 1104 686 1138 praeparata,
712 1097 819 1128 statuit
841 1097 929 1127 Deus
953 1107 971 1126 a
995 1107 1026 1127 se
1051 1096 1210 1137 quosdam
1228 1102 1383 1136 perpetuo

314 1142 509 1183 puniendos;
527 1148 563 1172 ut
579 1151 636 1171 sua
655 1141 779 1171 bonitas
799 1141 894 1171 etiam
913 1141 946 1171 in
965 1141 1019 1171 tali
1034 1140 1153 1172 iustitia
1169 1140 1384 1180 participetur,

315 1194 410 1227 atque
434 1186 477 1216 sic
501 1186 589 1216 modi
613 1185 701 1215 illam
725 1185 942 1226 participandi,
967 1195 986 1215 a
1009 1196 1066 1216 sua
1089 1184 1242 1225 sapientia
1266 1184 1383 1220 statuti,

314 1231 514 1271 impteantur.

372 1274 459 1306 Cum
481 1274 576 1314 igitur
599 1273 770 1304 relucentia
786 1273 910 1304 divinae
933 1273 1081 1305 bonitatis
1104 1273 1137 1304 in
1156 1273 1274 1304 iustitia
1289 1273 1385 1313 puni-

315 1319 395 1355 tiva,
420 1318 491 1349 finis
516 1325 545 1349 et
569 1318 648 1348 ratio
673 1317 903 1358 reprobationis
927 1318 960 1348 in
979 1318 1080 1349 littera
1099 1317 1226 1354 dicitur,
1251 1318 1385 1348 referen-

317 1364 395 1394 dum
419 1370 465 1394 est
481 1363 520 1393 ad
535 1362 623 1403 ipsos
647 1362 774 1393 effectus
798 1362 1039 1402 reprobationis,
1065 1362 1181 1393 scilicet
1204 1362 1385 1402 permissio-

316 1418 391 1438 nem
414 1413 634 1448 peccatorum,
665 1414 695 1438 et
717 1416 837 1447 poenas
861 1407 972 1447 culpae
989 1413 1188 1447 praeparatas
1211 1407 1261 1437 vel
1284 1406 1386 1437 reddi-

315 1459 376 1488 tas;
397 1459 427 1482 et
442 1461 508 1482 non
522 1452 631 1492 quoad
647 1458 822 1491 peccatum.
839 1451 914 1481 Non
931 1451 1017 1482 enim
1031 1451 1102 1482 finis
1117 1451 1185 1482 eius
1199 1458 1246 1482 est
1261 1452 1386 1481 bonum

317 1496 467 1537 aliquod,
498 1503 533 1526 ut
556 1506 593 1526 ex
616 1495 802 1536 supradictis
821 1502 916 1535 patet.
933 1496 999 1527 Nec
1015 1496 1054 1526 ad
1078 1495 1166 1536 ipsos
1190 1495 1320 1526 effectus
1342 1495 1386 1525 sic

316 1540 517 1571 referendum
536 1547 591 1576 est,
613 1547 648 1571 ut
664 1539 742 1570 aliae
759 1549 871 1570 causae
885 1540 1087 1579 singulorum
1103 1540 1325 1575 excludantur;
1351 1546 1387 1570 ut

317 1584 484 1616 adversarii
508 1584 695 1615 intellexisse
714 1584 869 1620 videntur,
892 1590 923 1615 et
945 1584 1018 1615 ideo
1045 1584 1166 1625 decepti
1194 1591 1276 1614 sunt.
1298 1584 1387 1621 Quo-

317 1629 413 1665 niam,
438 1628 522 1659 utin
541 1629 641 1659 littera
662 1638 804 1668 expresse
828 1627 952 1665 dicitur,
969 1628 1186 1668 permissionis
1210 1628 1384 1664 malorum,

318 1673 515 1704 conservatio
540 1673 739 1703 diversorum
763 1679 809 1703 est
833 1682 937 1703 causa.
960 1673 1010 1709 Et,
1028 1673 1068 1702 ad
1087 1673 1171 1703 mala
1194 1673 1306 1713 culpae
1330 1682 1385 1712 ap·

317 1717 475 1758 plicando,
498 1716 602 1747 suavis
626 1716 793 1757 dispositio
819 1723 1032 1747 creaturarum
1056 1717 1260 1747 rationalium
1279 1723 1310 1747 et
1328 1716 1386 1747 ho-

317 1762 453 1797 minum,
478 1761 643 1792 manifeste
662 1768 709 1792 est
727 1771 821 1791 causa
836 1760 1053 1801 permissionis
1072 1768 1286 1801 peccatorum,
1308 1761 1386 1791 dum

316 1806 463 1836 homines
493 1806 625 1846 quidam
653 1805 876 1845 relinquuntur
907 1805 940 1835 in
969 1815 1067 1835 manu
1098 1805 1220 1845 proprii
1251 1804 1384 1835 consilii.

316 1849 495 1881 Punitionis
519 1859 650 1890 quoque
674 1849 777 1889 culpa,
799 1859 882 1890 quae
907 1849 996 1880 nullo
1021 1850 1121 1880 modo
1141 1856 1187 1880 est
1206 1859 1224 1879 a
1242 1849 1323 1885 Deo,
1339 1856 1386 1879 est

318 1905 411 1925 causa
441 1894 649 1925 demeritoria.
682 1894 774 1924 Unde
806 1893 915 1924 omnia
945 1900 1131 1933 argumenta
1159 1900 1225 1924 tam
1257 1893 1387 1923 Henrici

317 1949 415 1980 quam
430 1938 570 1974 Aureoli,
595 1948 613 1968 a
636 1938 714 1968 falsa
737 1937 994 1978 interpretatione
1014 1938 1110 1968 huius
1134 1937 1252 1968 litterae
1276 1947 1386 1977 proce-

317 1983 409 2019 dunt;
430 1983 509 2013 dum
527 1982 733 2012 relucentiam
749 1982 871 2012 divinae
885 1981 1021 2012 iustitiae
1037 1981 1135 2012 finem
1155 1980 1386 2022 reprobationis

317 2027 502 2063 effectuum,
533 2026 729 2057 excludendo
753 2026 828 2056 alias
852 2036 960 2057 causas
985 2033 1016 2057 et
1043 2026 1212 2066 praecipue
1242 2026 1385 2067 culpam,

316 2071 535 2102 intellexerunt
550 2081 568 2101 a
587 2081 611 2102 s.
629 2071 759 2101 Thoma
781 2070 870 2111 poni.
899 2070 1001 2101 Cuius
1021 2070 1210 2111 oppositum
1232 2070 1297 2100 iam
1319 2080 1386 2100 ma-

318 2115 545 2146 nifestavimus.

375 2160 443 2190 XII.
457 2159 646 2199 Singillatim
662 2158 758 2198 igitur
769 2159 1003 2199 respondendo,
1020 2158 1063 2189 ad
1077 2158 1244 2199 primum*
1263 2158 1385 2195 dicitur,

318 2204 405 2245 quod
417 2203 497 2234 alius
512 2210 558 2234 est
570 2203 650 2234 ordo
666 2203 746 2233 inter
760 2202 888 2234 effectus
901 2203 1204 2243 praedestinationis,
1216 2210 1246 2234 et
1258 2202 1386 2234 effectus

319 2248 561 2289 reprobationis.
584 2247 659 2278 Non
683 2247 768 2277 enim
792 2247 948 2287 posterior
967 2254 1013 2278 est
1036 2246 1107 2278 finis
1130 2247 1254 2287 prioris,
1274 2257 1385 2288 quem-

319 2292 495 2323 admodum
510 2291 554 2322 ibi
570 2291 747 2331 praemium
765 2298 811 2322 est
834 2290 905 2322 finis
922 2291 1041 2322 meriti:
1066 2301 1132 2322 non
1148 2291 1235 2322 enim
1251 2290 1386 2321 dicimus

319 2337 410 2378 quod
432 2336 505 2366 ideo
529 2336 616 2366 Deus
640 2335 793 2376 permittit
816 2342 952 2375 peccata,
972 2342 1006 2366 ut
1025 2335 1149 2376 puniat;
1174 2335 1229 2366 sed
1253 2334 1388 2366 dicimus

320 2381 408 2422 quod
432 2379 583 2420 permittit
602 2386 632 2410 et
651 2379 744 2420 punit
767 2386 897 2420 propter
916 2379 1120 2411 relucentiam
1138 2379 1275 2411 iustitiae
1299 2389 1384 2410 suae.

319 2426 362 2456 Et
378 2425 454 2466 quia
468 2424 530 2455 hoc
554 2431 600 2454 est
623 2430 710 2454 totus
733 2424 964 2463 reprobationis
988 2423 1126 2460 effectus,
1142 2423 1260 2454 idcirco
1279 2433 1388 2464 repro-

319 2469 455 2501 bationis
470 2468 551 2499 ratio
571 2467 676 2499 divina
698 2468 818 2499 iustitia
834 2469 948 2499 merito
966 2468 1118 2500 dicitur.-
1129 2469 1195 2499 Nec
1212 2475 1258 2499 est
1275 2477 1387 2498 verum

319 2514 408 2555 quod
421 2513 617 2554 quicumque
633 2519 747 2552 potens
770 2512 922 2553 impedire
939 2520 1106 2553 peccatum
1124 2512 1262 2551 alterius,
1279 2519 1387 2552 peccat

319 2558 345 2589 si
369 2557 530 2598 permittit.
562 2557 635 2587 Hoc
658 2556 743 2587 enim
767 2567 834 2587 non
865 2556 958 2588 habet
990 2557 1100 2588 locum
1123 2556 1183 2587 nisi
1206 2556 1239 2587 in
1263 2566 1302 2587 eo
1331 2557 1387 2598 qui

319 2609 443 2634 tenetur
466 2602 506 2632 ad
529 2601 788 2641 impediendum
820 2608 856 2632 ut
885 2601 918 2632 in
941 2601 1093 2641 regimine
1122 2601 1216 2632 etiam
1244 2601 1387 2632 humano

320 2646 509 2687 experientia
529 2646 634 2676 docet:
660 2646 761 2679 multa
777 2645 862 2676 enim
887 2646 1023 2677 suavitas
1042 2645 1203 2686 regiminis
1223 2645 1385 2686 deperiret,

321 2691 346 2722 si
370 2690 536 2731 permissio
556 2700 622 2720 non
642 2697 722 2720 esset
740 2690 834 2721 licita.

378 2735 429 2765 Ad
453 2733 727 2765 confirmationem
750 2744 825 2764 vero
849 2734 982 2765 Aureoli
1006 2734 1138 2771 dicitur,
1167 2734 1257 2775 quod
1280 2743 1388 2774 repro-

320 2779 406 2810 batio
423 2778 531 2819 quoad
546 2778 698 2809 ultimum
715 2778 871 2814 effectum,
887 2778 966 2810 idest
983 2779 1194 2819 punitionem,
1209 2778 1283 2809 dato
1299 2778 1389 2819 quod

321 2830 402 2854 esset
429 2823 512 2853 mala
541 2822 607 2853 sine
638 2822 727 2852 omni
758 2822 929 2859 demerito;
954 2823 1063 2864 quoad
1088 2823 1230 2863 primum
1255 2829 1387 2859 tamen,

321 2867 438 2898 scilicet
457 2866 700 2907 permissionem
724 2866 875 2903 demeriti,
892 2867 988 2898 etiam
1008 2867 1033 2897 si
1053 2867 1141 2898 nulla
1164 2867 1224 2898 alia
1247 2867 1390 2898 subesset

322 2922 415 2943 causa
438 2911 497 2942 nisi
521 2910 692 2942 relucentia
714 2911 850 2942 iustitiae
875 2911 1007 2947 divinae,
1025 2912 1108 2942 mala
1127 2922 1193 2942 non
1213 2918 1269 2943 est.
1297 2911 1387 2949 Quo-

321 2956 407 2987 niam
431 2955 597 2996 permissio
622 2955 690 2996 ipsa
714 2955 792 2985 nihil
816 2955 927 2987 adimit
951 2956 1073 2987 cadenti
1097 2956 1137 2987 de
1159 2956 1208 2987 his
1231 2965 1314 2997 quae
1330 2955 1388 2986 sibi

322 3001 492 3036 debentur;
525 3000 580 3030 sed
602 3005 728 3030 tantum
750 3000 921 3040 gratuitum
953 3007 1047 3040 negat
1070 3010 1213 3031 amorem
1236 3000 1316 3037 Dei,
1348 3000 1388 3031 ad

321 3045 495 3076 tenendum
524 3054 564 3074 ne
588 3044 687 3075 cadat.
716 3044 824 3080 Unde,
854 3054 929 3074 cum
957 3044 1124 3084 permissio
1155 3045 1332 3076 secundum
1355 3054 1388 3075 se

321 3099 387 3119 non
411 3089 450 3119 sit
465 3088 559 3126 mala,
584 3095 615 3119 et
637 3088 807 3119 relucentia
831 3088 954 3119 divinae
978 3089 1126 3120 bonitatis
1145 3088 1178 3120 in
1193 3088 1311 3120 iustitia
1330 3099 1389 3129 pu-

322 3133 418 3163 nitiva
441 3132 480 3164 sit
503 3142 658 3172 magnum
676 3132 809 3168 bonum,
834 3132 860 3162 si
885 3133 923 3163 ad
939 3133 1018 3163 nihil
1039 3133 1126 3164 aliud
1149 3132 1314 3174 permissio
1338 3143 1387 3164 or-

322 3177 489 3213 dinaretur,
515 3177 618 3207 adhuc
641 3177 725 3207 bona
749 3183 838 3207 esset.
864 3178 1053 3217 Negandum
1078 3184 1124 3208 est
1147 3187 1222 3218 ergo
1246 3184 1277 3208 et
1299 3177 1389 3218 quod

322 3221 512 3262 reprobatio,
537 3221 645 3262 quoad
661 3220 802 3261 primum
821 3221 888 3251 eius
903 3221 1059 3258 effectum,
1084 3221 1205 3253 seclusa
1223 3221 1314 3252 omni
1329 3221 1389 3252 alia

323 3275 425 3302 causa,
450 3271 531 3296 esset
554 3265 652 3301 mala;
679 3272 709 3296 et
732 3265 821 3306 quod
845 3265 1034 3306 reprobatio,
1054 3266 1163 3307 quoad
1185 3275 1298 3296 omnes
1321 3265 1389 3296 eius

323 3309 460 3346 effectus,
477 3315 615 3350 ponatur
631 3319 649 3340 a
665 3309 757 3340 nobis
774 3309 840 3340 sine
866 3310 954 3340 omni
971 3309 1031 3340 alia
1049 3320 1151 3346 causa,
1172 3316 1207 3341 ut
1222 3309 1286 3340 iam
1302 3315 1390 3350 patet

323 3363 360 3384 ex
384 3354 473 3384 dictis
487 3354 515 3385 *.

375 3398 425 3428 Ad
439 3398 590 3428 ultimum
603 3397 726 3433 dicitur,
738 3398 884 3438 negando
898 3404 1112 3438 assumptum:
1131 3397 1256 3434 scilicet,
1267 3398 1388 3429 iustitia

317 3443 467 3483 punitiva
491 3452 553 3473 non
578 3447 625 3472 est
643 3451 706 3482 per
727 3451 762 3472 se
786 3443 917 3472 intenta.
942 3443 1017 3472 Non
1034 3442 1120 3473 enim
1142 3452 1210 3473 uno
1226 3442 1326 3472 modo
1343 3441 1388 3472 di-

323 3485 402 3517 citur
419 3495 482 3526 per
503 3495 538 3516 se
561 3487 735 3517 intentum:
758 3486 879 3526 aliquid
903 3493 949 3517 est
972 3487 1057 3517 enim
1076 3497 1138 3527 per
1159 3496 1195 3517 se
1213 3487 1322 3527 primo
1340 3485 1388 3516 in-

322 3536 462 3566 tentum;
487 3537 517 3560 et
540 3530 659 3570 aliquid
676 3540 739 3570 per
761 3539 796 3561 se
820 3540 882 3561 non
902 3531 1021 3570 primo.
1047 3531 1083 3561 Id
1106 3530 1192 3562 enim
1215 3537 1261 3562 est
1284 3539 1340 3570 per
1355 3539 1388 3560 se

322 3573 426 3614 primo
451 3573 618 3610 intentum,
639 3574 737 3615 quod,
755 3575 879 3605 bonum
903 3584 977 3605 cum
1002 3575 1050 3611 sit,
1072 3574 1105 3605 in
1121 3584 1154 3605 se
1178 3574 1388 3606 intentionem

324 3617 471 3648 omnium
482 3618 521 3648 ad
535 3617 642 3658 ipsum
657 3618 903 3659 quomodolibet
918 3618 1100 3650 facientium
1111 3619 1279 3659 adaequat:
1297 3618 1387 3654 idest,

1006 266 1274 313 QUAESTIO
1304 267 1448 314 XXIII,
1477 267 1774 304 ARTICULUS
1803 266 1838 302 V

1437 347 1533 387 quod,
1550 354 1615 377 tam
1642 347 1767 387 ipsum,
1799 357 1898 388 quam
1922 347 2032 377 omnia
2063 347 2102 377 ad
2125 347 2232 387 ipsum
2263 348 2508 389 quomodolibet

1438 391 1664 427 concurrentia,
1690 391 1899 422 intenduntur
1922 392 1960 421 ab
1985 401 2024 421 eo
2047 398 2192 431 respectu
2216 392 2306 422 cuius
2330 399 2377 423 est
2399 403 2455 433 per
2474 403 2506 423 se

1437 435 1541 475 primo
1556 435 1726 466 intentum.
1752 436 1786 465 Id
1810 443 1918 466 autem
1943 435 2057 466 dicitur
2079 446 2136 475 per
2151 445 2184 466 se
2200 445 2266 466 non
2282 436 2387 476 primo
2403 436 2505 468 inten-

1437 486 1516 515 tum,
1541 480 1630 520 quod
1654 480 1687 509 in
1711 489 1743 510 se
1767 479 1900 520 quidem
1923 480 2047 510 bonum
2071 486 2118 510 est
2141 490 2176 510 ac
2199 479 2368 517 intentum,
2393 481 2448 511 sed
2470 491 2507 511 ex

1437 523 1545 564 aliquo
1562 523 1653 554 nullo
1673 524 1773 554 modo
1798 524 1920 555 intento
1940 524 2168 554 occasionatur.
2192 524 2233 555 Et
2256 525 2295 555 de
2316 524 2434 555 horum
2449 535 2507 555 nu-

1437 577 1526 598 mero
1550 574 1597 598 est
1612 568 1730 598 iustitia
1753 567 1906 608 punitiva,
1922 578 2004 608 quae
2020 578 2057 598 ex
2077 568 2212 609 peccatis
2231 568 2400 608 puniendis
2419 578 2508 599 occa-

1437 611 1562 642 sionem
1584 612 1688 643 habet.
1707 630 1722 634 -
1740 612 1839 649 Quod
1867 619 1975 643 autem
1998 612 2184 643 huiusmodi
2207 612 2417 652 perfectiones
2440 623 2506 643 rna-

1435 655 1505 686 lum
1520 656 1632 696 culpae
1648 663 1951 697 praesupponentes,
1964 667 2021 697 per
2036 667 2068 687 se
2084 657 2222 688 intentae
2237 656 2300 687 sint
2311 663 2342 687 et
2356 656 2507 688 dicendae

1437 699 1508 736 sint,
1522 700 1693 731 relucentia
1713 700 1836 731 divinae
1852 701 2001 732 bonitatis
2018 701 2051 731 in
2067 701 2215 741 passione
2230 700 2348 732 Christi
2364 707 2505 732 testatur.

1437 743 1572 775 Constat
1591 745 1677 774 enim
1701 755 1771 775 eam
1794 755 1851 785 per
1873 755 1906 775 se
1929 745 2083 776 intentam
2107 755 2173 776 esse
2197 756 2216 776 a
2238 745 2324 782 Deo,
2349 745 2428 775 dum
2451 755 2508 785 per

1436 787 1540 827 ipsam
1563 788 1682 819 intenta
1709 788 1803 820 fuerit
1827 796 1893 820 tota
1915 789 2052 820 latitudo
2080 789 2234 820 felicitatis
2259 789 2408 820 omnium
2427 799 2507 829 pure

1437 831 1609 862 hominum
1624 832 1939 872 praedestinatorum,
1957 841 1987 865 et
2003 834 2104 874 gloria
2127 834 2176 864 sui
2191 834 2343 874 corporis,
2365 843 2440 864 cum
2457 843 2507 864 ce-

1437 875 1509 906 teris
1536 885 1618 916 quae
1643 876 1702 906 sibi
1725 883 1756 907 et
1779 877 1847 907 aliis
1874 877 2000 909 meruit.
2030 878 2072 909 Et
2093 885 2201 909 tamen
2225 888 2262 908 ex
2285 877 2371 908 malo
2396 877 2507 918 culpae

1430 919 1651 958 ,occidentium
1672 920 1790 960 ipsum,
1815 921 2009 952 occasionari
2032 922 2186 962 oportuit.

1495 964 1588 994 Unde
1612 970 1724 994 neutra
1755 965 1982 1005 consequentia
2005 965 2126 1006 aliquid
2148 966 2241 998 valet.
2273 966 2315 997 Et
2342 966 2381 996 de
2405 966 2509 1007 prima

1438 1007 1569 1048 quidem
1585 1007 1658 1038 satis
1675 1015 1770 1048 patet.
1790 1008 1838 1039 De
1853 1009 1991 1039 secunda
2006 1019 2138 1050 quoque
2154 1010 2314 1041 sollicitari
2328 1021 2395 1041 non
2411 1020 2507 1050 opor-

1437 1058 1497 1082 tet:
1522 1052 1678 1093 quoniam
1700 1052 1866 1083 manifeste
1888 1053 1989 1094 liquet
2003 1054 2094 1094 quod
2115 1060 2245 1094 propter
2266 1054 2344 1085 haec
2367 1054 2453 1085 bona
2471 1064 2509 1085 ex

1437 1096 1524 1126 malo
1548 1096 1660 1136 culpae
1684 1096 1902 1133 occasionata,
1927 1097 2028 1128 multa
2053 1097 2087 1128 in
2111 1098 2259 1128 universo
2283 1098 2508 1130 rationabiliter

1438 1139 1505 1171 fieri
1528 1140 1672 1181 expedit,
1697 1147 1733 1171 ut
1756 1147 1841 1181 patet
1863 1141 1897 1171 in
1922 1141 2072 1182 exemplis
2095 1141 2250 1173 adductis.

1497 1185 1580 1216 XIII.
1606 1185 1724 1222 Quoad
1745 1185 1921 1216 secundum
1933 1184 1962 1222 ⁴²,
1988 1185 2123 1216 intendit
2145 1186 2227 1216 hanc
2251 1186 2506 1218 conclusionem:

1442 1229 1551 1260 Causa
1573 1239 1676 1270 quare
1702 1230 1794 1260 Deus
1817 1231 1894 1261 istos
1910 1230 2153 1270 praedestinat,
2179 1230 2252 1261 illos
2275 1230 2436 1271 reprobat,
2461 1236 2508 1262 est

1438 1274 1508 1304 sola
1531 1274 1595 1304 Dei
1619 1274 1775 1305 voluntas.
1800 1274 1842 1304 Et
1865 1274 1979 1314 probat
2009 1284 2080 1305 eam
2108 1274 2293 1305 auctoritate
2316 1274 2507 1315 Augustini5

1440 1325 1534 1359 atque
1557 1317 1790 1358 proportionali
1814 1318 2020 1349 similitudine
2048 1319 2089 1349 ad
2117 1325 2220 1359 partes
2247 1329 2283 1349 ac
2307 1318 2385 1350 situs
2408 1325 2509 1351 mate-

1439 1362 1511 1399 riae,
1536 1369 1602 1393 tam
1625 1362 1658 1393 in
1677 1362 1872 1393 naturalibus
1896 1372 1995 1404 quam
2017 1362 2239 1400 artificialibus,
2265 1369 2300 1394 ut
2325 1363 2407 1394 clare
2422 1369 2510 1404 patet

1439 1406 1473 1437 in
1495 1406 1606 1438 littera.

1496 1451 1580 1482 XIV.
1606 1450 1698 1482 Circa
1717 1450 1799 1482 hanc
1821 1458 1960 1491 partem,
1984 1451 2043 1482 tria
2071 1458 2242 1483 occurrunt
2271 1451 2458 1492 impugnata
2478 1451 2508 1483 *-

1439 1495 1584 1526 Primum
1607 1502 1654 1526 est
1676 1495 1745 1535 ipsa
1768 1495 1948 1532 conclusio;
1973 1496 2151 1526 secundum
2175 1503 2222 1527 est
2244 1496 2429 1537 exemplum
2450 1506 2507 1527 na-

1439 1539 1552 1576 turale;
1577 1539 1715 1576 tertium,
1741 1539 1924 1580 exemplum
1947 1539 2116 1571 artificiale.

1497 1583 1619 1615 Contra
1647 1584 1830 1624 exemplum
1858 1584 1989 1625 quidem
2012 1591 2186 1625 utrumque
2209 1584 2319 1616 obiicit
2350 1584 2509 1617 Henricus

1439 1628 1554 1668 primo,
1574 1627 1650 1669 quia
1668 1628 1701 1658 in
1729 1628 1870 1669 partibus
1893 1628 2051 1665 materiae,
2076 1629 2140 1659 sive
2169 1628 2226 1660 arti
2243 1629 2308 1660 sive
2331 1629 2431 1660 actori
2453 1639 2510 1660 na-

1439 1679 1528 1704 turae
1551 1672 1709 1709 subiectis,
1734 1682 1836 1715 aequa
1855 1679 1902 1703 est
1923 1673 2020 1704 ratio:
2045 1673 2078 1703 in
2101 1673 2287 1704 hominibus
2310 1680 2419 1704 autem
2441 1673 2509 1705 istis

1439 1723 1470 1747 et
1492 1716 1553 1747 illis
1571 1723 1617 1748 est
1631 1717 1736 1757 dispar
1752 1717 1841 1753 ratio,
1859 1716 1948 1748 aliter
1963 1717 2118 1758 disposito
2133 1717 2196 1748 hoc
2219 1727 2318 1759 quam
2333 1717 2430 1749 illo.-
2442 1719 2508 1749 Au-

1439 1761 1546 1792 reolus
1562 1761 1685 1798 deinde,
1700 1761 1776 1802 quia
1794 1761 1981 1792 huiusmodi
2001 1768 2103 1801 partes
2118 1761 2266 1793 materiae
2282 1769 2388 1794 carent
2402 1772 2508 1800 sensu,

1439 1815 1475 1835 ac
1499 1805 1689 1845 experientia
1723 1805 1800 1836 boni
1823 1812 1854 1836 et
1886 1805 1980 1835 mali:
2004 1805 2151 1836 homines
2186 1812 2294 1837 autem
2325 1806 2377 1838 isti
2409 1813 2441 1838 et
2462 1806 2510 1838 illi

1440 1849 1643 1889 experiuntur
1675 1855 1705 1880 et
1728 1850 1827 1885 bona,
1860 1855 1890 1880 et
1913 1849 1997 1879 mala
2025 1859 2158 1890 poenae.
2182 1850 2226 1881 Et
2247 1857 2416 1891 propterea
2439 1860 2508 1882 non

1440 1900 1486 1924 est
1509 1903 1566 1934 par
1588 1893 1682 1924 ratio:
1707 1893 1862 1934 quoniam
1885 1893 1919 1923 in
1943 1893 2095 1933 exemplis
2119 1894 2187 1925 sola
2209 1894 2359 1925 voluntas
2382 1893 2507 1932 sufficit,

1439 1937 1515 1978 quia
1538 1937 1618 1968 nulli
1637 1936 1672 1968 fit
1690 1937 1818 1974 iniuria;
1842 1937 1875 1968 in
1899 1937 2066 1978 proposito
2082 1944 2191 1969 autem
2205 1947 2274 1968 non
2293 1937 2417 1976 sufficit,
2434 1938 2511 1981 quin

1439 1981 1475 2012 fit
1497 1981 1612 2012 iniuria
1635 1981 1827 2022 patientibus
1851 1988 1882 2013 et
1904 1981 2037 2013 afflictis.

1497 2026 1567 2057 XV.
1593 2025 1714 2057 Contra
1737 2026 1978 2057 conclusionem
1997 2026 2144 2067 quamvis
2162 2033 2273 2068 arguat
2292 2026 2453 2059 Aureolus
2473 2037 2511 2059 nc

1440 2070 1607 2106 Henricus,
1625 2070 1700 2111 quia
1715 2077 1822 2101 tamen
1837 2081 1903 2100 non
1923 2070 1983 2101 alia
1998 2071 2136 2111 tangitur
2151 2070 2318 2102 difficultas
2333 2081 2433 2113 quam
2451 2071 2511 2104 du-

1440 2115 1519 2146 dutn
1532 2114 1672 2145 discussa
1687 2121 1718 2145 et
1732 2114 1931 2146 manifestata
1941 2115 1967 2151 *‚
1979 2115 2166 2156 pertransire
2182 2115 2316 2156 expedit.
2331 2116 2408 2147 Non
2424 2116 2511 2147 enim

1440 2159 1517 2190 haec
1540 2159 1704 2190 conclusio
1729 2158 1815 2190 aliud
1838 2159 1972 2190 intendit
2000 2159 2059 2190 nisi
2083 2160 2187 2201 quod,
2214 2160 2370 2191 stantibus
2397 2170 2510 2202 supra-

1441 2203 1548 2239 dictis,
1579 2203 1696 2234 scilicet
1719 2203 1820 2234 causis
1844 2203 2075 2244 reprobationis
2103 2211 2133 2235 et
2160 2204 2455 2244 praedestinationis
2477 2204 2512 2236 in

1441 2247 1617 2283 communi,
1642 2247 1729 2278 nulla
1753 2253 1800 2278 est
1815 2257 1910 2278 causa
1932 2257 2030 2288 quare
2053 2248 2125 2279 illae
2151 2258 2263 2280 causae
2287 2259 2362 2280 cum
2385 2249 2451 2280 suia
2466 2248 2511 2281 ef-

1441 2291 1574 2322 fectibus
1604 2290 1711 2331 magis·
1737 2291 1935 2332 applicentur
1962 2292 2002 2322 ad
2029 2292 2116 2323 hunc
2144 2292 2311 2324 hominem
2344 2303 2444 2335 quam
2470 2293 2512 2325 ad

1440 2335 1550 2372 illurn,
1582 2335 1643 2365 nisi
1666 2335 1772 2365 divina
1799 2335 1957 2367 voluntas.
1989 2336 2095 2373 Quare
2120 2337 2205 2367 enim
2236 2337 2323 2368 hunc
2351 2337 2512 2378 permittat

1442 2380 1560 2416 cadere,
1581 2379 1675 2410 illum
1696 2389 1772 2410 vero
1797 2386 1901 2411 teneat
1923 2390 1963 2410 ne
1987 2380 2086 2417 cadat,
2112 2390 2149 2411 ex
2172 2381 2241 2412 sola
2263 2381 2332 2412 eius
2347 2381 2512 2413 voluntate

1441 2424 1608 2464 dependet.
1637 2423 1744 2461 Quare
1766 2433 1842 2454 vero
1865 2424 1952 2455 hunc
1975 2424 2104 2464 puniat,
2129 2434 2196 2456 non
2219 2435 2256 2456 ex
2280 2425 2348 2456 sora
2371 2425 2430 2456 Dei
2452 2435 2512 2456 vo-

1440 2468 1561 2499 luntate
1585 2468 1758 2508 dependet,
1789 2468 1843 2499 sed
1867 2478 1904 2499 ex
1931 2469 2084 2500 demerito
2108 2469 2220 2506 huius,
2245 2476 2281 2501 ut
2311 2469 2448 2501 diximus
2471 2470 2512 2500 de

1441 2512 1608 2552 punitione
1631 2513 1874 2553 reprobatorum
1896 2512 1930 2543 in
1957 2513 2133 2545 communi.
2161 2513 2264 2550 Unde,
2289 2513 2511 2545 concludendo

1441 2566 1538 2598 quare
1557 2556 1589 2587 in
1609 2556 1671 2587 hoc
1690 2556 1920 2597 reprobationis
1944 2556 2072 2588 effectus
2091 2557 2224 2598 primus,
2248 2565 2279 2589 et
2298 2567 2364 2589 non
2382 2557 2417 2588 in
2434 2557 2509 2595 illo,

1442 2601 1511 2632 sola
1529 2600 1589 2632 Dei
1606 2601 1755 2631 voluntas
1779 2607 1826 2632 est
1849 2611 1952 2632 causa.
1976 2602 2052 2632 Non
2075 2602 2162 2632 enim
2178 2612 2215 2632 ex
2231 2602 2337 2633 divina
2359 2601 2510 2639 bonitate,

1442 2652 1496 2676 aut
1519 2654 1556 2676 ex
1579 2645 1738 2686 inaequali
1762 2645 1971 2686 dispositione
1995 2643 2165 2688 (quoniam
2189 2646 2278 2677 nulla
2293 2653 2340 2678 est
2360 2653 2433 2678 ante
2448 2646 2511 2688 pri—

1442 2699 1535 2721 mum
1550 2689 1707 2726 effectum,
1732 2696 1767 2720 ut
1782 2689 1816 2720 in
1832 2700 1966 2730 corpore
1988 2690 2111 2722 articuli
2126 2691 2299 2731 probatum
2314 2690 2384 2728 fuit,
2401 2697 2512 2722 contra

1442 2733 1571 2765 Henrici
1595 2734 1790 2774 positionem
1809 2732 1861 2777 *),
1886 2734 1966 2765 ratio
1990 2734 2123 2766 habetur
2146 2745 2244 2776 quare
2267 2735 2300 2766 in
2323 2735 2386 2767 hoc
2409 2735 2510 2776 magis

1442 2788 1541 2820 quam
1559 2778 1592 2808 in
1609 2778 1673 2814 illo,
1693 2778 1744 2809 hic
1764 2785 1902 2818 ponatur
1921 2778 2059 2810 effectus.

1499 2822 1583 2854 XVI.
1607 2823 1655 2853 Ex
1676 2822 1726 2853 his
1754 2829 1861 2853 autem
1892 2829 1977 2863 patet
2000 2823 2106 2863 primo
2136 2823 2256 2854 solutio
2291 2823 2511 2855 obiectionum

1442 2867 1574 2898 Aureoli
1592 2866 1618 2898 *.
1645 2866 1809 2904 Quoniam
1837 2867 2005 2908 impugnat
2029 2867 2119 2908 quod
2143 2877 2311 2908 nunquam
2339 2867 2511 2899 somniavi-

1443 2922 1524 2948 mus,
1545 2910 1662 2942 scilicet
1681 2911 1771 2952 quod
1793 2911 1890 2948 Deus,
1916 2921 1974 2952 pro
1998 2911 2089 2943 libito
2112 2911 2286 2943 voluntatis
2305 2921 2391 2948 suae,
2409 2911 2510 2953 magis

1442 2956 1528 2987 hunc
1557 2965 1657 2996 quarn
1679 2955 1772 2986 illum
1795 2955 1887 2995 punit
1913 2962 1943 2987 et
1968 2955 2091 2996 affligit;
2115 2962 2230 2996 putans
2253 2955 2316 2987 hoc
2338 2955 2510 2987 intendisse

1441 3000 1578 3031 litteram
1596 2999 1687 3036 hanc,
1707 3006 1738 3031 et
1754 3000 1898 3040 exempla
1921 3000 2071 3037 adducta;
2096 3010 2171 3031 cum
2194 3006 2301 3031 tamen
2325 3000 2365 3030 ad
2388 2999 2510 3040 primos

1442 3044 1579 3081 effectus,
1602 3043 1718 3075 scilicet
1742 3044 1985 3084 permissionem
2005 3050 2036 3076 et
2050 3043 2263 3080 dilectionem,
2281 3043 2390 3075 omnia
2412 3044 2510 3086 respi-

1442 3089 1534 3119 ciant.
1559 3106 1579 3111 -
1604 3088 1693 3119 Patet
1727 3098 1858 3129 quoque
1881 3088 2047 3129 responsio
2070 3088 2111 3119 ad
2133 3088 2320 3119 Henricum.
2346 3088 2511 3126 Quoniam

1443 3140 1514 3164 ante
1530 3132 1651 3173 primos
1674 3132 1802 3163 effectus
1821 3133 2007 3173 praedictos,
2024 3135 2126 3173 aeque
2148 3139 2222 3163 sunt
2241 3132 2387 3173 dispositi
2409 3132 2460 3164 isti
2477 3139 2509 3164 et

1441 3176 1503 3213 illi;
1528 3176 1610 3208 sicut
1632 3183 1735 3217 partes
1762 3177 1910 3208 materiae
1933 3177 2063 3218 primae,
2088 3183 2119 3208 et
2140 3176 2261 3217 lapides
2285 3183 2428 3218 respectu
2452 3177 2511 3208 do-

1442 3230 1525 3257 mus,
1545 3227 1603 3251 etc.

1499 3265 1597 3296 XVII.
1620 3265 1738 3303 Quoad
1749 3266 1877 3296 tertium
1890 3265 1917 3302 ¹⁸,
1931 3264 2139 3305 respondetur
2155 3271 2354 3306 argumento,
2364 3275 2431 3296 non
2443 3273 2510 3296 ene

1442 3309 1615 3350 iniquitatis
1643 3309 1828 3350 aequalibus
1859 3309 2037 3351 inaequalia
2066 3319 2251 3350 praeparare
2281 3309 2314 3340 in
2344 3308 2486 3350 gratuitis
2499 3331 2508 3346 ,

1442 3354 1497 3384 sed
1526 3353 1559 3384 in
1587 3353 1708 3384 debitis.
1741 3354 1782 3385 Et
1809 3353 2015 3386 confirmatur
2044 3354 2230 3385 auctoritate
2258 3353 2508 3390 Pati-issamilias,

1442 3398 1530 3428 Matt.
1554 3407 1604 3428 xx.

1494 3442 1605 3473 XVIII.
1621 3442 1757 3473 Adverte
1773 3442 1833 3479 hic,
1851 3441 1940 3482 quod
1956 3447 2022 3472 tam
2038 3441 2195 3474 Henricus
2211 3451 2310 3483 quam
2319 3440 2479 3474 Aureolus
2490 3439 2509 3459 “

1442 3485 1527 3516 hunc
1543 3495 1673 3526 passum
1697 3486 1924 3526 reprehendere
1948 3492 2119 3523 conantur,
2143 3486 2219 3527 quia
2242 3484 2422 3528 reprobatio
2442 3494 2509 3515 non

1443 3536 1488 3560 est
1511 3530 1550 3560 de
1574 3539 1709 3560 numero
1732 3529 1954 3570 gratuitorum.
1979 3530 2095 3561 Punire
2118 3530 2203 3562 enim
2227 3540 2294 3562 non
2317 3536 2364 3561 est
2381 3528 2508 3570 gratiae,

1442 3573 1496 3603 sed
1518 3573 1672 3604 iustitiae:
1703 3573 1736 3604 in
1766 3573 1856 3605 iustis
1881 3580 1989 3605 autem
2015 3574 2126 3606 locum
2156 3585 2223 3606 non
2253 3574 2347 3606 habet
2375 3573 2510 3604 verbum

1441 3617 1685 3648 Patrisfamilias.

2537 1191 2547 1201 '
2561 1190 2598 1213 Cf.
2612 1196 2679 1213 nam.
2688 1196 2729 1212 vn.

2535 1455 2548 1468 ⁸
2561 1455 2633 1479 Lod·
2642 1462 2710 1479 mm.
2720 1462 2753 1478 vn

2535 1482 2620 1506 dutia-

2537 2122 2549 2135 ⁸
2562 2122 2634 2146 Num.
2647 2128 2673 2146 ix
2685 2129 2739 2152 nqq.

2538 2743 2548 2754 ·
2563 2742 2600 2766 Cf.
2613 2748 2679 2766 aum.
2692 2749 2724 2766 π.

2537 2877 2547 2888 ·
2562 2875 2600 2899 ct.
2614 2881 2679 2899 nun.
2689 2881 2739 2900 xxv.

2535 3269 2545 3280 ·
2563 3268 2600 3292 Cf.
2614 3274 2680 3292 num.
2693 3274 2736 3291 vn.

2540 3447 2549 3457 ·
2557 3443 2629 3467 Loci·
2643 3450 2709 3468 aum.
2717 3450 2768 3468 vn-

2537 3470 2621 3495 cit-tin.
