2768 4178
83 623 95 634 ⁴
116 623 164 651 Qu.
178 629 242 646 ικιιι.

77 1579 88 1591 ⁴*
104 1578 171 1602 Vers.
186 1586 208 1607 9.

327 281 401 327 370

324 367 429 395 turae
459 365 739 418 cognoscuntur
757 369 780 393 a
799 358 896 393 Deo.
929 356 1004 393 Sed
1026 357 1131 392 Deus
1155 368 1233 392 non
1252 343 1388 393 'solum

978 277 1245 323 QUAESTIO
1275 277 1455 325 XXXIV,
1485 277 1782 315 ARTICULUS
1813 278 1862 314 111

1497 358 1556 393 AD
1594 368 1783 393 SECUNDUM
1818 369 2001 394 DlCENDUM
2030 357 2156 406 quod,
2188 370 2275 394 cum
2312 359 2511 397 relationes

326 411 518 459 cognoscit
555 411 673 457 entia,
703 410 771 447 sed
806 409 917 446 etiam
956 422 1034 446 non
1069 408 1178 445 entia.
1218 409 1321 456 Ergo
1350 409 1388 446 in
1445 417 1726 457 consequantur
1754 410 1934 457 actiones,
1962 411 2153 458 quaedam
2175 410 2340 448 n-omina
2368 412 2510 461 impor-

324 465 452 501 Verbo
490 463 756 512 importabitur
784 460 797 484 δ
830 470 1021 511 respectus
1059 461 1107 498 ad
1146 473 1224 498 non
1262 462 1385 498 entia:

302 519 428 565 —quod
455 517 604 554 videtur
632 517 779 553 falsum.

379 571 452 607 SED
472 582 618 607 CONTRA
637 581 703 606 EST
731 569 836 617 quod
857 568 944 605 dicit
967 567 1212 615 Augustinus,
1234 566 1272 603 in
1292 567 1386 604 libro

328 623 525 672 Octoginta
544 623 657 659 trium
682 623 829 664 Quaest.
850 621 880 668 ³¹⁶,
912 621 1015 669 quod
1035 620 1073 656 in
1093 619 1250 656 nomine
1268 621 1385 657 Verbi

321 677 557 726 significatur
585 687 659 712 non
687 675 809 711 solum
836 675 1021 722 respectus
1048 673 1100 710 ad
1124 674 1294 719 Patrem,
1322 674 1389 710 sed

322 729 433 766 etiam
461 729 512 765 ad
539 728 601 765 illa
630 739 727 776 quae
747 740 820 776 per
855 728 1016 764 Verbum
1038 727 1152 774 sacta
1188 734 1276 762 sunt
1300 738 1385 774 ope-

321 782 444 819 rativa
465 782 642 830 potentia.

375 836 599 871 RESPONDEO
619 846 802 871 DICENDUM
822 834 926 882 quod
945 832 983 869 in
1010 832 1140 869 Verbo
1161 831 1386 879 importatur

321 895 513 936 respectus
533 887 581 924 ad
598 895 808 923 creaturam
823 892 844 923 ¹.
862 887 968 922 Deus
983 885 1098 931 enim,
1116 884 1383 932 cognoscendo

322 953 373 987 se,
396 940 589 988 cognoscit
608 952 764 976 ornnem
787 947 1009 976 creaturam.
1034 938 1206 974 Verbum
1227 945 1354 974 autem
1371 937 1385 963 ζ

321 994 359 1030 in
378 1001 506 1030 mente
527 1001 766 1041 conceptum,
788 1000 844 1029 est
868 991 1233 1040 repraesentativum
1262 990 1384 1027 omnis

322 1047 400 1083 eius
429 1046 535 1094 quod
563 1054 649 1082 actu
683 1045 907 1092 intelligitur.
947 1044 1059 1081 Unde
1088 1044 1126 1080 in
1159 1043 1269 1080 nobis
1298 1052 1384 1080 sunt

321 1099 469 1136 diversa
497 1100 636 1144 verba,
666 1098 879 1135 secundum
909 1098 1059 1134 diversa
1087 1109 1186 1145 quae
1215 1097 1384 1145 intelligi-

319 1165 416 1189 mus.
448 1152 526 1188 Sed
549 1151 638 1199 quia
665 1152 771 1198 Deus
799 1163 876 1187 uno
906 1158 991 1187 actu
1021 1158 1056 1186 et
1084 1162 1125 1187 se
1155 1158 1191 1186 et
1219 1150 1347 1187 omnia
1367 1158 1382 1181 η

318 1205 504 1252 intelligit,
534 1204 691 1241 unicum
718 1205 891 1241 Verbum
925 1204 1005 1240 eius
1035 1211 1090 1240 est
1119 1203 1382 1251 expressivum

318 1271 396 1295 non
416 1259 540 1295 solum
559 1258 692 1303 Patris,
708 1257 775 1294 sed
796 1257 909 1294 etiam
930 1264 1199 1294 creaturarum.
1221 1257 1271 1293 Et
1288 1256 1384 1293 sicut

318 1311 390 1348 Dei
409 1311 564 1348 scientia
592 1310 663 1347 Dei
692 1310 848 1358 quidem
871 1318 926 1347 est
946 1309 1203 1358 cognoscitiva
1222 1317 1380 1356 tantum,

319 1372 575 1401 creaturarum
603 1371 731 1400 autem
762 1363 1020 1411 cognoscitiva
1038 1360 1052 1384 ⁰
1080 1370 1116 1399 et
1143 1363 1302 1409 factiva3
1332 1363 1382 1400 ita

316 1417 487 1454 Verbum
508 1417 580 1454 Dei
601 1416 681 1453 eius
710 1417 815 1464 quod
836 1416 874 1453 in
901 1417 986 1452 Deo
1010 1417 1122 1452 Patre
1152 1423 1218 1463 est,
1241 1424 1296 1453 est
1321 1428 1381 1453 ex-

316 1471 532 1519 pressivum
560 1477 718 1516 tantum,
741 1477 999 1506 creaturarum
1023 1481 1118 1506 vero
1148 1477 1204 1506 est
1231 1482 1381 1518 expres-

317 1523 441 1560 sivum
470 1531 507 1560 et
534 1523 786 1571 operativum.
817 1523 866 1559 Et
893 1530 1049 1571 propter
1076 1523 1151 1559 hoc
1180 1522 1315 1559 dicitur
1342 1523 1380 1560 in

316 1577 469 1613 Psalmo
485 1587 581 1612 xxxn
596 1575 633 1612 *z
648 1576 768 1621 Dixit,
785 1577 940 1624 etfacta
954 1581 1058 1620 sunt,·
1071 1575 1161 1625 quia
1175 1575 1213 1612 in
1227 1576 1357 1612 Verbo
1372 1584 1380 1597 ¹

315 1629 541 1678 importatur
561 1628 654 1665 ratio
676 1628 812 1665 factiva
832 1641 967 1665 eorum
988 1640 1086 1677 quae
1107 1629 1212 1665 Deus
1231 1629 1329 1666 facit.

368 1685 427 1719 AD
447 1694 583 1719 ptumum
611 1693 708 1718 ERGO
728 1693 913 1719 DICENDUM
933 1682 1039 1730 quod
1059 1681 1096 1718 in
1116 1681 1276 1718 nomine
1294 1694 1379 1731 per-

315 1748 432 1772 sonae
456 1734 657 1772 includitur
686 1734 798 1771 etiam
819 1742 952 1771 natura
981 1734 1156 1782 oblique:
1186 1747 1276 1771 nam
1297 1747 1380 1784 per-

315 1801 409 1825 sona
438 1796 493 1824 est
521 1787 711 1825 rationalis
740 1795 897 1824 naturae
934 1787 1131 1825 individua
1159 1788 1378 1825 substantia.

316 1843 356 1878 In
386 1841 541 1878 nomine
571 1841 681 1888 igitur
708 1853 896 1888 personae
923 1841 1086 1886 divinae,
1116 1848 1301 1889 quantum
1331 1842 1380 1878 ad

314 1894 535 1932 relationem
555 1894 809 1942 personalem,
832 1906 910 1930 non
937 1894 1164 1942 importatur
1187 1902 1380 1942 respectus

313 1949 362 1985 ad
383 1955 612 1984 creaturam:
635 1946 703 1983 sed
723 1946 949 1995 importatur
967 1946 1005 1983 in
1027 1958 1072 1983 eo
1093 1946 1198 1995 quod
1218 1947 1380 1995 pertinet

314 2002 362 2038 ad
390 2008 564 2037 naturam
584 2006 607 2036 ²³.
639 1999 742 2036 Nihil
770 2007 899 2037 tamen
928 1999 1121 2048 prohibet,
1152 1999 1379 2048 inquantum

313 2053 513 2091 includitur
532 2053 570 2090 in
590 2052 862 2101 significatione
882 2053 961 2089 eius
982 2053 1154 2100 essentia,
1177 2054 1281 2102 quod
1310 2053 1380 2090 im-

313 2114 483 2156 portetur
517 2113 711 2155 respectus
749 2106 799 2143 ad
837 2113 1051 2143 creaturam
1079 2104 1111 2142 ²:
1146 2106 1241 2143 sicut
1279 2107 1379 2144 enim

312 2160 511 2208 proprium
542 2167 596 2196 est
624 2158 719 2196 Filio
748 2159 852 2207 quod
881 2159 927 2196 sit
954 2159 1082 2206 Filius,
1112 2159 1162 2196 ita
1181 2159 1380 2208 proprium

315 2221 370 2249 est
390 2213 422 2249 ei
442 2212 547 2261 quod
571 2212 616 2249 sit
643 2212 790 2259 genitus
818 2213 936 2259 Deus,
956 2213 1019 2249 vel
1039 2212 1186 2260 genitus
1206 2213 1378 2249 Creator.

314 2266 363 2302 Et
390 2278 459 2313 per
486 2266 588 2302 hunc
607 2265 770 2301 modum
800 2264 1024 2313 importatur
1048 2265 1177 2301 relatio
1194 2265 1256 2302 'ad
1276 2277 1378 2302 crea-

313 2326 437 2355 turam
466 2317 504 2354 in
533 2317 688 2355 nomine
717 2317 845 2354 Verbi.

1443 469 1523 499 tant
1554 462 1776 499 relationem
1806 463 1878 500 Dei
1907 463 1955 500 ad
1985 471 2214 510 creaturam,
2245 476 2344 511 quae
2373 471 2393 491 Ρ
2422 477 2510 502 con-

1443 515 1612 563 sequitur
1648 516 1837 552 actionem
1878 516 1950 553 Dei
1991 516 2029 552 in
2068 516 2293 554 exteriorem
2332 518 2509 555 effectum

1442 575 1717 614 transeuntem,
1748 569 1843 605 sicut
1872 581 1998 605 creare
2028 577 2064 605 et
2091 570 2328 617 gubernare:
2359 577 2396 606 et
2422 570 2510 607 talia

1444 621 1618 658 dicuntur
1647 621 1694 658 de
1714 623 1798 658 Deo
1821 634 1864 658 ex
1883 630 2070 671 tempore.
2102 623 2304 669 Quaedam
2333 635 2427 659 vero
2452 635 2509 660 re-

1442 674 1623 711 lationem
1652 687 1751 723 quae
1781 675 2026 723 consequitur
2045 681 2057 695 ¹·
2076 676 2266 712 actionem
2291 688 2370 712 non
2389 683 2508 713 trans-

1443 734 1597 764 euntem
1631 727 1670 764 in
1705 728 1929 765 exteriorem
1959 728 2159 775 effectum,
2189 729 2257 766 sed
2286 737 2508 766 manentem

1441 778 1479 815 in
1508 787 1654 827 agente,
1674 788 1716 816 ut
1734 780 1830 817 scire
1858 789 1895 818 et
1919 782 2040 818 velle:
2071 789 2107 818 et
2129 781 2216 818 talia
2235 794 2314 819 non
2333 782 2508 818 dicuntur

1442 832 1489 868 de
1518 833 1603 868 Deo
1637 845 1683 869 ex
1720 840 1894 882 tempore
1913 831 1938 870 t·
1969 835 2018 870 Et
2045 835 2265 872 huiusmodi
2299 835 2428 871 relatio
2457 835 2507 872 ad

1441 892 1653 922 creaturam
1681 885 1907 934 importatur
1933 887 1971 923 in
1997 887 2155 924 nomine
2179 887 2308 924 Verbi.
2339 889 2423 924 Nec
2452 895 2509 924 est

1439 950 1576 974 verum
1605 938 1709 987 quod
1738 939 1896 975 nomina
1922 939 2167 987 importantia
2192 941 2413 977 relationem
2433 941 2507 978 Dei

1440 991 1488 1027 ad
1527 999 1738 1038 creaturas,
1769 991 1900 1028 omnia
1935 991 2105 1029 dicantur
2133 1005 2178 1029 ex
2212 995 2408 1042 temp'ore:
2437 994 2507 1031 sed

1439 1045 1521 1080 sola
1547 1043 1608 1081 illa
1637 1044 1795 1081 nomina
1821 1056 1919 1093 quae
1947 1044 2155 1093 important
2173 1046 2396 1083 relationem
2416 1059 2507 1084 con-

1439 1105 1664 1144 sequentem
1693 1097 1884 1134 actionem
1913 1098 1986 1134 Dei
2014 1098 2053 1134 in
2082 1098 2306 1135 exteriorem
2326 1099 2506 1136 effectum

1438 1158 1706 1197 transeuntem,
1738 1163 1783 1187 ex
1811 1158 1986 1199 tempore
2015 1150 2201 1188 dicuntur.

1491 1205 1550 1240 AD
1578 1214 1742 1241 'remum‘
1766 1216 1950 1241 mcENDUM
1980 1204 2086 1252 quod
2109 1211 2302 1241 creaturae
2334 1216 2413 1242 non
2442 1204 2505 1242 co·

1438 1265 1674 1304 gnoscuntur
1692 1270 1714 1293 a
1734 1258 1819 1294 Deo
1839 1269 1909 1316 per
1936 1257 2132 1294 scientiam
2157 1270 2180 1294 a
2200 1257 2380 1295 creaturis
2398 1269 2505 1299 acce÷

1438 1317 1555 1358 ptam,
1577 1310 1644 1347 sed
1663 1322 1733 1359 per
1752 1310 1955 1347 essentiam
1974 1322 2096 1347 suam.
2126 1310 2239 1348 Unde
2258 1323 2336 1348 non
2355 1312 2507 1359 oportet

1438 1364 1543 1422 quod
1563 1376 1585 1399 a
1605 1363 1782 1400 creaturis
1802 1363 1985 1412 procedat
2012 1363 2198 1410 Verbum,
2219 1364 2305 1400 licet
2330 1363 2504 1401 Verbum

1438 1416 1482 1452 sit
1510 1416 1771 1465 expressivum
1800 1424 2070 1453 creaturarum.

1490 1471 1549 1506 An
1570 1481 1742 1512 QUARTUM
1771 1481 1955 1507 monimum
1984 1470 2089 1519 quod
2109 1481 2253 1506 nornen
2277 1469 2386 1507 ideae
2405 1469 2505 1520 prin-

1437 1522 1605 1571 cipaliter
1633 1530 1690 1559 est
1716 1522 1940 1571 impositum
1968 1523 2018 1560 ad
2055 1522 2347 1571 significandum
2377 1535 2504 1572 respe-

1437 1583 1540 1612 ctum
1568 1577 1618 1613 ad
1646 1583 1877 1613 creaturam:
1908 1583 1945 1612 et
1971 1576 2059 1613 ideo
2083 1576 2276 1625 pluraliter
2303 1576 2439 1626 dicitur
2465 1575 2504 1614 in

1438 1628 1595 1675 divinis,
1625 1641 1751 1678 neque
1781 1637 1836 1665 est
1862 1630 2074 1677 personale.
2107 1629 2185 1671 Sed
2214 1641 2358 1666 nomen
2387 1629 2504 1666 Verbi

1434 1681 1690 1730 principaliter
1717 1682 1939 1731 impositum
1967 1690 2023 1719 est
2051 1683 2099 1720 ad
2133 1682 2422 1730 significandam
2446 1694 2503 1719 re-

1435 1735 1615 1772 lationem
1636 1735 1685 1772 ad
1705 1735 1914 1772 dicentem:
1946 1743 1982 1772 et
2001 1747 2044 1772 ex
2066 1735 2314 1784 consequenti
2332 1736 2382 1773 ad
2401 1747 2504 1773 crea-

1435 1795 1548 1834 turas,
1579 1787 1805 1836 inquantum
1834 1789 1951 1834 Deus,
1981 1788 2222 1836 intelligendo
2252 1800 2309 1834 se,
2338 1787 2505 1837 intelligit

1436 1853 1594 1878 omnem
1633 1848 1857 1878 creaturam.
1901 1842 1951 1878 Et
1987 1849 2142 1890 propter
2178 1842 2254 1878 hoc
2289 1841 2329 1878 in
2367 1841 2503 1879 divinis

1435 1901 1491 1930 est
1519 1893 1676 1930 unicum
1708 1901 1856 1931 tantum
1885 1894 2078 1941 Verbum,
2109 1902 2144 1931 et
2171 1894 2422 1943 personaliter
2449 1893 2504 1932 di-

1436 1954 1551 1984 ctum.

1488 2001 1547 2036 An
1568 2011 1731 2042 Qum-rum
1750 2011 1935 2037 D1CENDUM
1956 2001 2060 2049 quod
2077 2012 2124 2037 eo
2145 2000 2264 2038 modo
2285 2012 2363 2049 quo
2382 1999 2502 2038 scien-

1434 2052 1484 2090 tia
1512 2053 1585 2090 Dei
1615 2060 1670 2090 est
1698 2065 1777 2090 non
1806 2053 1961 2099 entium,
1984 2061 2020 2090 et
2037 2053 2211 2091 Verbum
2237 2053 2310 2091 Dei
2341 2061 2397 2090 est
2423 2064 2503 2091 non

1435 2105 1602 2143 entium:
1631 2106 1721 2155 quia
1740 2118 1819 2143 non
1839 2114 1895 2143 est
1914 2083 2055 2155 aliquid
2076 2106 2204 2144 minus
2223 2106 2262 2144 in
2280 2106 2409 2144 Verbo
2429 2105 2502 2144 Dei

1434 2171 1551 2208 quam
1579 2159 1617 2196 in
1645 2159 1801 2196 scientia
1829 2159 1914 2206 Dei,
1934 2167 1976 2197 ut
1994 2159 2228 2208 Augustinus
2256 2159 2345 2198 dicit
2362 2159 2393 2198 ²¹².
2425 2159 2539 2199 Sed·

1434 2219 1563 2249 tamen
1582 2212 1755 2249 Verbum
1785 2220 1841 2249 est
1869 2213 2013 2250 entium
2032 2221 2076 2250 ut
2095 2213 2357 2262 expressivum
2386 2220 2423 2250 et
2449 2212 2502 2250 fa·

1435 2264 1600 2301 ctivum:
1630 2277 1709 2301 non
1747 2265 1891 2302 entium
1921 2273 2070 2313 autem,
2099 2274 2142 2303 ut
2177 2266 2438 2315 expressivum
2466 2273 2503 2303 et

1435 2317 1770 2354 manifestativum.

365 2431 390 2464 ὅ)
409 2431 606 2463 importabitur.
625 2444 643 2449 -
662 2431 825 2463 importatur
837 2431 936 2457 ACDF.
953 2445 973 2452 -
992 2432 1055 2456 Post
1066 2433 1170 2466 salsum
1191 2432 1288 2456 addunt
1305 2432 1379 2465 Ergo

313 2471 339 2492 et
353 2467 471 2499 primum
490 2467 541 2495 Ga,
562 2467 635 2499 Ergo
650 2466 770 2498 primum
791 2466 819 2491 F.

365 2503 387 2535 ε)
406 2505 567 2527 creaturam.
585 2516 604 2521 -
621 2505 760 2526 creaturas
778 2502 832 2526 BD.

341 2554 343 2556 -
365 2537 391 2570 ζ)
409 2541 507 2563 autem.
526 2552 545 2556 —
564 2537 649 2570 igitur
668 2537 776 2562 PFGab.

365 2574 392 2605 η)
411 2573 509 2598 omnia.
527 2587 545 2591 -
563 2573 618 2597 alia
637 2573 706 2597 addit
724 2573 753 2597 B.

365 2606 390 2641 Θ)
409 2608 597 2642 cognoscitiva.
615 2622 634 2627 —
652 2611 678 2633 et
696 2608 876 2641 cognoscitiva
895 2607 1075 2633 ABCEFGab.
1092 2622 1112 2627 -
1129 2608 1192 2633 Post
1206 2607 1261 2633 eius
1274 2608 1320 2633 FG
1334 2608 1378 2632 ad-

313 2644 376 2668 dunt
412 2644 507 2668 uidem.

366 2680 384 2712 ι)
394 2652 427 2704 qin
451 2678 533 2704 Verbo
553 2678 724 2710 importatur.
740 2693 759 2698 —
778 2679 942 2711 importatur
961 2679 987 2704 in
1011 2678 1093 2704 Verbo
1113 2679 1175 2704 Pab.
1195 2693 1214 2697 —
1233 2679 1284 2703 Pro
1294 2679 1377 2712 facit,

306 2714 375 2747 secit
393 2714 490 2743 ABDE.
510 2722 563 2739 om.
583 2714 612 2739 C.

1486 2435 1511 2464 x)
1531 2436 1668 2457 naturam.
1686 2446 1705 2451 —
1722 2436 1878 2466 creaturam>
1895 2432 1950 2466 pD;
1969 2436 2109 2462 naturam,
2131 2433 2232 2458 scilicet
2249 2433 2352 2466 oblique
2371 2433 2500 2459 inclusam

1433 2467 1459 2492 in
1479 2467 1586 2492 nomine
1610 2467 1686 2492 Verbi
1706 2467 1750 2492 sD.

1485 2501 1513 2534 λ)
1533 2502 1644 2527 Nihil...
1657 2506 1820 2528 creaturam.
1838 2517 1855 2522 -
1876 2503 1937 2528 Om.
1957 2503 2069 2528 codices.

1486 2538 1514 2572 μ)
1533 2545 1609 2570 quae.
1627 2552 1646 2557 —
1663 2545 1731 2571 quae
1749 2539 1848 2563 scilicet
1867 2538 1962 2564 relatio
1981 2539 2059 2569 ABD,
2077 2545 2145 2571 quae
2163 2539 2258 2564 relatio
2276 2538 2307 2564 E.

1485 2573 1509 2606 ν)
1528 2573 1684 2598 renationem
1703 2581 1770 2606 quae
1789 2574 1966 2606 consequitur.
1978 2587 1996 2592 -
2011 2574 2171 2599 relationum
2189 2577 2387 2607 consequuntur
2404 2574 2440 2605 Β,
2459 2581 2502 2600 re-

1431 2608 1544 2634 lationes
1562 2615 1630 2641 quae
1647 2612 1846 2641 consequuntur
1863 2609 1922 2640 FG,
1942 2609 2038 2634 reIatio
2057 2612 2097 2634 est
2123 2616 2191 2642 quae
2209 2610 2380 2642 consequitur
2398 2610 2456 2635 PsA
2476 2615 2502 2635 et

1432 2643 1558 2668 editiones
1579 2651 1596 2668 a
1606 2644 1629 2669 b.

1486 2677 1509 2711 ξ)
1527 2679 1554 2704 et
1577 2680 1674 2705 velle...
1691 2687 1729 2705 ex
1747 2683 1874 2712 tempore.
1885 2693 1905 2698 -
1925 2679 2027 2705 Omittit
2045 2680 2073 2709 F,
2093 2685 2153 2713 post
2171 2680 2335 2713 importatur
2349 2680 2376 2706 in
2396 2681 2501 2707 nomine

1436 2714 1514 2740 Verbi
1532 2715 1604 2747 ponit
1621 2714 1654 2740 G.

992 2792 1323 2826 Commentaria
1346 2776 1596 2826 Car-dixialis
1619 2793 1819 2827 Caietani

343 2882 363 2902 N
386 2872 493 2908 titulo,
518 2878 594 2902 nota
616 2872 649 2913 ly
673 2873 704 2902 in
730 2873 855 2902 nomine
884 2872 984 2903 Verbi.
1009 2873 1082 2903 Non
1107 2873 1193 2903 enirn
1217 2873 1379 2913 quaeritur

317 2884 452 2947 Iutrum
468 2925 520 2947 res
535 2926 617 2956 quae
633 2921 679 2947 est
700 2917 834 2947 Verbum
851 2916 996 2957 respiciat
1012 2924 1180 2948 creaturas:
1198 2917 1253 2947 sed
1269 2923 1378 2948 utrum

313 2970 361 2990 res
383 2960 435 2991 illa
454 2960 568 2996 divina,
594 2965 627 2990 ut
650 2960 741 2991 Verbi
757 2961 882 2991 nomine
897 2961 1113 3002 significatur,
1132 2961 1257 2992 claudat
1275 2971 1377 3002 respe-

314 3011 399 3035 cturn
424 3004 561 3045 aliquem
586 3004 625 3034 ad
649 3011 813 3036 creaturas,

373 3049 409 3079 ΙΙ.
435 3049 469 3078 In
494 3057 625 3088 corpore
649 3048 706 3079 tria
730 3048 812 3080 facit.
836 3049 962 3085 Primo,
991 3049 1182 3089 proponitur
1213 3049 1377 3080 conclusio

314 3092 427 3123 directe
450 3092 632 3132 responsiva
655 3093 798 3133 quaesito
822 3092 1016 3130 affirmative,
1041 3093 1137 3124 simul
1161 3103 1235 3124 cum
1254 3093 1377 3124 medio:

314 3147 349 3167 ac
372 3146 428 3177 per
449 3136 512 3167 hoc
535 3137 704 3177 respondet
727 3137 834 3178 quoad
858 3145 1036 3178 respectum
1058 3138 1091 3168 in
1115 3138 1291 3169 communi.
1325 3138 1378 3169 Se-

256 3191 259 3193 ·
315 3180 437 3217 cundo,
462 3180 702 3212 determinando
726 3181 827 3222 qualis
851 3188 898 3212 est
927 3182 978 3212 ille
1001 3189 1177 3222 respectus,
1209 3182 1380 3222 respondet

316 3225 353 3255 de
369 3225 427 3255 tali
441 3230 596 3265 respectu,
622 3225 785 3256 communi
803 3232 907 3256 tamen
924 3226 1006 3256 Patri
1023 3233 1054 3257 et
1073 3226 1231 3258 creaturis.
1256 3225 1376 3262 Tertio,

316 3268 553 3308 distinguendo,
578 3269 747 3345 respondet
778 3270 815 3300 de
844 3277 986 3310 respectu
1010 3280 1076 3311 quo
1100 3277 1225 3301 tantum
1254 3269 1380 3310 respicit

316 3319 479 3343 creaturas.

371 3357 421 3387 111.
446 3357 563 3394 Quoad
579 3358 735 3397 primum,
761 3357 924 3388 conclusio
948 3364 994 3388 est
1017 3358 1056 3388 de
1077 3365 1222 3399 respectu
1241 3358 1275 3388 in
1291 3367 1377 3389 com-

316 3400 424 3436 muni,
456 3401 536 3431 sicut
558 3400 590 3431 in
614 3401 779 3432 communi
809 3411 939 3443 quoque
967 3402 1147 3443 quaesitum
1169 3402 1239 3433 fuit.
1269 3402 1310 3434 Et
1332 3409 1379 3433 est

316 3444 388 3474 ista:
414 3445 448 3474 In
472 3445 576 3475 Verbo
600 3445 659 3476 Dei
682 3445 872 3486 importatur
887 3453 1047 3486 respectus
1063 3447 1103 3477 ad
1120 3453 1285 3478 creaturas.
1301 3463 1322 3468 -
1336 3446 1379 3477 Et

316 3487 515 3528 subiungitur
537 3489 642 3519 statim
670 3489 827 3520 medium:
858 3490 933 3531 quia
956 3490 1057 3527 Deus,
1083 3489 1305 3531 cognoscendo
1330 3499 1376 3526 se,

317 3532 478 3571 cognoscit
502 3540 664 3564 creaturas.

369 3576 484 3613 Quoad
500 3577 673 3607 secundum
689 3584 805 3614 autem,
817 3578 1019 3618 propositum
1036 3578 1180 3609 medium
1195 3559 1376 3623 explicatur,

317 3619 416 3659 magis
432 3620 643 3659 applicando'
636 3631 741 3661 ipsum
759 3623 797 3652 ad
815 3622 1053 3653 conclusionem
1070 3630 1263 3653 contractam
1279 3622 1319 3652 ad
1335 3631 1378 3652 re·

1431 2879 1576 2913 spectum
1593 2873 1701 2911 talem,
1716 2873 1832 2910 scilicet
1846 2883 1852 2904 ζ
1874 2874 2017 2904 Verbum
2035 2874 2095 2905 Dei
2110 2880 2157 2904 est
2172 2874 2387 2914 expressivum
2401 2874 2501 2906 Patris

1432 2924 1463 2948 et
1485 2924 1708 2948 creaturarum.
1733 2935 1753 2940 —-
1776 2918 1930 2949 Probatur
1953 2918 2039 2949 enim
2062 2918 2116 2950 sic.
2146 2918 2287 2949 Verbum
2310 2925 2358 2950 est
2379 2927 2500 2960 reprae—

1432 2961 1622 2992 sentativum
1642 2961 1747 2992 omnis
1767 2962 1834 2992 eius
1851 2962 1940 3003 quod
1956 2969 2027 2994 actu
2042 2961 2241 3002 intelligitur:
2267 2971 2341 3002 ergo
2357 2962 2500 2995 Verbum

1432 3005 1490 3036 Dei
1515 3012 1561 3036 est
1584 3005 1799 3046 expressivum
1823 3016 1888 3036 non
1913 3006 2020 3037 solum
2042 3005 2158 3042 Patris,
2183 3006 2238 3036 sed
2262 3005 2356 3037 etiarn
2380 3013 2500 3039 uenu-

1432 3059 1548 3080 rarum.
1565 3067 1585 3072 -
1601 3050 1799 3080 Antecedens
1823 3051 1975 3091 probatur
1990 3050 2022 3081 in
2038 3050 2140 3086 nobis,
2157 3050 2243 3091 apud
2259 3060 2343 3091 quos
2361 3056 2436 3090 sunt
2453 3050 2500 3082 di-

1431 3103 1520 3124 versa
1542 3095 1636 3124 verba
1663 3095 1840 3125 secundum
1871 3095 1992 3125 diversa
2018 3094 2175 3125 intellecta
2202 3094 2234 3124 in
2263 3101 2345 3126 actu.
2377 3093 2500 3127 Conse-

1432 3138 1561 3179 quentia
1583 3148 1659 3169 vero
1683 3139 1853 3179 probatur:
1878 3139 1954 3180 quia
1976 3139 2064 3170 Deus
2084 3138 2181 3170 unico
2200 3145 2272 3169 actu
2291 3148 2324 3170 se
2341 3145 2371 3170 et
2390 3139 2499 3173 omnin

1432 3182 1588 3222 intelligit.

1491 3226 1608 3264 Quoad
1631 3227 1776 3264 tertium,
1802 3233 1848 3258 est
1875 3226 1952 3258 haec
1975 3225 2153 3257 conclusio:
2178 3226 2321 3257 Verbum
2347 3226 2407 3258 Dei
2430 3226 2498 3259 eius

1432 3270 1520 3311 quod
1537 3277 1583 3301 est
1596 3270 1627 3300 in
1641 3270 1710 3301 Deo
1726 3271 1826 3307 Patre,
1838 3277 1885 3301 est
1900 3269 2114 3311 expressivum
2126 3277 2264 3307 tantum;
2286 3277 2498 3302 creaturarum

1431 3324 1506 3344 vero
1531 3321 1576 3345 est
1599 3314 1814 3355 expressivum
1837 3321 1868 3345 et
1891 3314 2099 3355 operativum.
2124 3332 2144 3336 -
2167 3315 2331 3346 Probatur.
2363 3314 2498 3346 Scientia

1431 3358 1490 3388 Dei
1507 3365 1552 3389 est
1566 3358 1772 3400 Deilquidem
1784 3358 1997 3398 cognoscitiva
2012 3365 2146 3395 tantum,
2163 3365 2375 3390 creaturarum
2390 3365 2497 3390 autem

1432 3402 1645 3442 cognoscitiva
1669 3409 1700 3433 et
1722 3402 1850 3434 factiva:
1875 3411 1950 3442 ergo
1973 3402 2115 3433 Verbum
2143 3403 2202 3434 Dei
2231 3406 2288 3434 etc.
2321 3403 2363 3434 Et
2386 3401 2497 3434 confin-

1432 3454 1536 3477 matur
1558 3446 1743 3477 auctoritate
1766 3446 1959 3486 Scriptum:
1984 3446 2089 3484 Dixit,
2114 3452 2144 3477 et
2157 3446 2254 3488 facta
2277 3451 2362 3478 sunt.

1491 3490 1542 3521 IV.
1568 3489 1659 3521 Circa
1682 3490 1849 3530 praedicta,
1875 3489 2118 3531 universamque
2141 3490 2222 3521 hanc
2245 3489 2418 3526 materiam,
2442 3490 2496 3520 ad-

1430 3540 1515 3564 verte
1539 3533 1589 3564 hic
1613 3543 1679 3564 esse
1702 3541 1855 3574 quatuor:
1881 3533 1995 3574 primo,
2021 3544 2068 3564 res
2092 3534 2174 3565 dicta
2196 3535 2320 3570 Verbo;
2345 3533 2495 3569 secundo,

1431 3578 1540 3608 relatio
1565 3577 1644 3608 inter
1667 3578 1809 3608 Verbum
1838 3584 1868 3608 et
1896 3587 1963 3608 rem
1990 3578 2125 3614 dictam;
2149 3578 2260 3614 tertio,
2289 3578 2406 3609 modus
2429 3587 2496 3618 quo

1431 3622 1571 3652 Verbum
1596 3621 1727 3652 refertur
1750 3621 1789 3651 ad
1813 3631 1860 3651 res
1885 3621 2000 3658 dictas;
2024 3629 2147 3663 quarto,
2172 3622 2251 3653 ratio
2271 3631 2368 3662 quare
2387 3621 2430 3652 sic
2449 3631 2496 3652 re-

2554 2163 2591 2187 De
2606 2164 2684 2191 Tria„
2698 2165 2740 2188 lib.

2529 2190 2582 2219 XV,
2598 2196 2649 2220 etp.
2663 2197 2712 2214 xxv.

2761 4090 2768 4178 ...nn—i
2761 4003 2768 4074 2-..2
2762 3881 2768 3992 ---.-.
2764 3831 2768 3868 ..-
2764 3788 2768 3814 .-
2761 3646 2768 3768 —-›...-„
2764 3572 2768 3635 -.-Δ-
2765 3545 2768 3553 .
