2768 4178
990 242 1259 289 QUAESTIO
1289 244 1340 291 ΙΙ,
1370 244 1668 282 ARTICULUS
1699 246 1712 281 I

304 320 357 351 VI.
382 320 418 350 In
441 323 650 363 responsione
674 323 713 353 ad
737 322 924 357 secundum,
950 322 1075 352 adverte
1100 323 1189 364 quod
1214 330 1325 354 contra

249 364 423 397 secundam
446 367 689 407 responsionem
717 366 760 397 ibi
784 367 891 397 datam
919 365 992 396 satis
1023 367 1158 398 moleste
1191 368 1323 408 quidam

248 411 375 446 instant,
393 411 484 450 quasi
504 411 686 442 roborando
710 417 946 450 argumentum,
963 410 1018 441 sie.
1042 410 1204 442 Excedens
1226 421 1323 443 omne

248 453 416 495 cogitabile
439 466 507 486 non
531 462 587 492 est,
612 465 668 496 per
690 461 780 486 tuam
803 454 1060 495 responsionem:
1086 465 1161 496 ergo
1186 466 1253 487 non
1277 463 1324 488 est

248 498 403 530 excellens
427 510 524 530 omne
548 499 734 540 cogitabile,
766 499 856 539 quod
886 505 932 530 est
955 499 1144 540 oppositum
1166 501 1245 541 quid
1267 511 1322 531 no-

247 545 344 574 minis
361 542 462 583 ipsius
485 544 554 575 Dei.
579 544 736 574 Probatur
760 543 1000 584 consequentia:
1026 544 1102 585 quia
1121 554 1188 575 non
1203 545 1323 576 excedit

249 586 416 629 cogitabile
432 588 579 624 existens;
597 594 628 619 et
639 587 665 618 si
678 587 785 628 ipsum
800 593 890 624 esset,
899 588 1089 628 cogitaretur
1104 588 1207 620 maius
1223 599 1322 630 quam

249 633 426 674 cogitatum
449 642 516 663 non
540 639 631 663 esset.

302 678 371 709 vn.
396 677 459 709 Sed
474 676 552 708 haec
575 676 712 707 obiectio
737 686 803 707 non
828 683 875 707 est
897 676 958 707 alia
981 677 1020 707 ab
1045 677 1223 708 obiectione
1240 677 1322 709 facta

247 721 280 752 in
295 722 416 754 littera:
442 727 473 752 et
488 721 562 751 ideo
579 721 691 751 eadem
706 720 913 761 responsione
932 721 1074 757 solvitur,
1096 721 1320 762 distinguendo

247 775 463 808 consequens,
487 765 578 806 quod
600 765 749 796 excedere
773 775 869 796 omne
894 765 1061 806 cogitabile
1085 766 1240 807 contingit
1263 767 1320 797 du-

245 809 384 851 pliciter:
409 819 476 841 uno
501 809 612 846 modo,
636 809 726 850 quod
750 809 879 840 excellat
903 811 935 840 in
960 820 1070 841 rerum
1093 816 1212 842 natura
1219 821 1234 849 ,·
1257 811 1320 842 alio

245 855 357 891 modo,
371 854 548 886 secundum
561 863 631 885 esse
642 855 830 895 cogitatum.
850 854 892 885 Et
906 854 1049 890 intendo,
1066 865 1132 885 non
1147 855 1236 896 quod
1253 865 1320 886 esse

245 899 280 930 in
295 909 403 930 rerum
418 905 531 931 natura
546 905 602 929 aut
617 897 782 935 obiective,
799 898 839 929 sit
852 899 933 930 ratio
950 908 1111 930 excessus:
1129 900 1183 930 sed
1200 899 1321 930 utimur

246 943 291 974 eis
314 943 348 974 in
371 942 556 984 proposito,
581 949 618 973 ut
641 942 824 973 conditione
848 953 955 974 rerum
979 943 1199 983 cogitatarum.
1225 944 1320 976 Verbi

244 987 361 1028 gratia,
387 987 587 1018 conditiones
601 986 731 1027 perfecti
756 987 889 1018 oratoris
909 988 1062 1028 cogitatae
1081 995 1218 1029 possunt
1232 999 1320 1020 exce-

246 1032 320 1063 dere
343 1041 477 1062 omnem
505 1038 666 1062 oratorem
694 1030 879 1073 dupliciter:
904 1042 972 1062 uno
1001 1033 1101 1063 modo
1115 1056 1122 1069 ,
1154 1033 1243 1074 quod
1267 1034 1319 1064 ille

245 1085 390 1107 excessus
414 1075 501 1107 sitin
524 1085 631 1107 rerum
655 1082 781 1112 natura;
806 1076 869 1107 alio
893 1076 1004 1113 modo,
1029 1077 1118 1117 quod
1141 1077 1181 1108 sit
1198 1077 1232 1107 in
1252 1087 1319 1108 esse

245 1120 416 1152 obiectivo.
440 1120 548 1151 Primo
572 1120 684 1156 modo,
709 1127 876 1160 oporteret.
893 1130 1012 1161 ponere
1036 1127 1196 1151 oratorem
1219 1121 1319 1161 perfe-

245 1171 334 1196 ctum
349 1164 494 1196 existere:
514 1165 656 1196 secundo
671 1165 772 1196 modo
787 1175 864 1202 non,
882 1165 938 1195 sed
953 1164 1068 1196 sufficit
1082 1165 1190 1205 ipsum
1205 1165 1319 1196 habere

245 1218 313 1240 esse
328 1209 534 1242 obiectivum.
552 1209 724 1240 Rationem
740 1216 848 1240 autem
867 1209 1037 1240 excedendi
1050 1210 1168 1240 attendi
1185 1209 1320 1240 dicimus

245 1252 566 1294 porreenobilitatem
589 1253 813 1285 conditionum
836 1253 1045 1293 cogitatarum
1068 1253 1101 1284 in
1125 1263 1169 1285 se.

302 1297 338 1328 In
361 1298 529 1340 proposito
558 1307 633 1338 ergo
657 1298 789 1334 dicitur,
821 1297 911 1338 quod
940 1307 978 1328 ex
1007 1297 1063 1328 illo
1094 1298 1296 1329 antecedente
1310 1322 1317 1334 ‚

245 1342 404 1374 excedens
425 1352 520 1373 omne
542 1341 714 1383 cogitabile
737 1351 800 1373 non
825 1347 890 1380 est,
916 1341 1038 1383 optime
1057 1342 1213 1383 sequitur,
1238 1352 1319 1384 ergo

244 1395 310 1418 non
333 1392 381 1418 est
403 1387 562 1418 excedens
584 1387 617 1417 in
641 1396 752 1417 rerum
777 1391 897 1417 natura
920 1396 1014 1417 omne
1037 1387 1228 1428 cogitabile:
1250 1387 1317 1418 imo

244 1439 312 1462 non
329 1437 376 1461 est
391 1430 436 1473 sic
452 1430 604 1462 excedens
620 1429 797 1467 formicam,
822 1438 877 1462 aut
895 1431 1126 1472 quodcumque
1145 1431 1318 1462 minimum

242 1473 391 1507 existens.
420 1474 484 1506 Sed
506 1484 573 1506 non
596 1475 695 1511 valet,
719 1485 800 1516 ergo
824 1485 888 1506 non
912 1481 959 1506 est
978 1475 1135 1507 excedens
1151 1477 1183 1507 in
1202 1486 1248 1514 se,
1268 1486 1317 1507 se-

243 1518 385 1551 cuudum
409 1529 479 1551 esse
496 1519 696 1557 obiectivum,
717 1529 811 1550 omne
831 1519 1022 1562 cogitabile:
1045 1519 1112 1551 imo
1136 1520 1179 1551 sic
1199 1521 1318 1552 excedit

244 1572 343 1594 omne
365 1563 543 1604 cogitabile.
557 1581 577 1586 -
592 1564 633 1595 Et
657 1574 732 1595 cum
755 1564 870 1595 dicitur
892 1565 999 1595 maius
1021 1565 1192 1606 cogitabile
1215 1571 1316 1604 esset,

242 1608 274 1639 'si
293 1613 377 1640 esset
399 1609 432 1638 in
457 1617 567 1639 rerum
592 1613 730 1646 natura,
756 1615 888 1649 negatur
911 1608 983 1639 hoc.
1009 1609 1070 1640 Ista
1093 1609 1179 1640 enim
1202 1610 1318 1650 replica

243 1652 389 1694 procedit
411 1659 467 1683 aut
490 1662 527 1683 ex
549 1652 727 1693 ignorantia
756 1653 904 1694 propriae
935 1653 1041 1689 vocis,
1075 1654 1154 1684 dum
1185 1654 1318 1685 credunt

242 1695 296 1735 isti
318 1697 410 1738 quod
431 1697 598 1737 responsio
622 1698 704 1734 data,
728 1703 895 1738 acceptans
918 1697 996 1738 quid
1019 1699 1158 1729 nominis
1179 1699 1317 1739 assigna-

243 1747 316 1773 tum
329 1741 399 1778 Dei,
415 1741 558 1772 intendat
573 1742 673 1782 quod,
691 1751 766 1773 cum
785 1741 978 1782 significatur
993 1742 1065 1778 hoc,
1082 1742 1200 1774 scilicet
1213 1743 1317 1774 maius

244 1785 335 1823 omni
363 1785 541 1826 cogitabili,
573 1785 766 1827 significatur
792 1786 912 1828 aliquid
940 1787 1073 1827 plenum
1102 1787 1191 1818 omni
1216 1788 1317 1828 perfe-

243 1828 359 1867 tuone,
384 1830 594 1862 abstrahendo
618 1831 657 1861 ab
681 1830 845 1862 existentia
868 1829 914 1874 (et
933 1831 1005 1862 ideo
1022 1831 1152 1862 instant:
1172 1845 1186 1859 ι
1201 1831 1317 1872 signifi-

243 1878 332 1907 cetur
345 1874 479 1916 plenum
496 1875 586 1906 omni
605 1874 808 1916 perfectione,
830 1876 955 1906 inclusa
971 1876 1141 1907 existentia
1162 1875 1194 1906 in
1211 1886 1317 1907 rerum

243 1922 370 1956 natum
386 1926 418 1950 et
432 1919 476 1950 sic
491 1918 718 1960 significabitur
732 1920 836 1950 maius
848 1918 896 1962 »):
914 1926 969 1950 aut
985 1929 1022 1950 ex
1040 1920 1219 1960 ignorantia
1237 1921 1318 1952 inter

242 1969 352 1997 actum
366 1965 532 2005 signatum
549 1970 580 1995 et
592 1965 779 1996 exercitum.
797 1963 1018 1995 Convenimus
1036 1974 1176 2005 namque
1192 1965 1225 1995 in
1240 1966 1318 2006 quid

243 2008 402 2045 nominis,
429 2014 459 2039 et
481 2018 549 2038 non
573 2007 787 2040 dissentimus.
818 2008 906 2040 Nihil
929 2008 1104 2050 excipimus
1133 2009 1166 2039 in
1195 2009 1316 2041 ratione

243 2052 423 2089 excedendi,
449 2062 505 2083 seu
520 2052 554 2083 in
571 2059 643 2084 actu
666 2052 809 2093 signato:
835 2053 981 2094 quamvis
996 2053 1034 2083 ab
1051 2053 1181 2084 existere
1197 2053 1229 2084 in
1244 2061 1316 2085 actu

242 2097 390 2133 exercite,
407 2097 585 2128 abstrahere
605 2107 688 2138 opus
704 2097 754 2128 sit.
779 2097 872 2128 Unde
889 2097 1072 2128 conceditur
1091 2098 1180 2139 quod
1199 2098 1315 2138 signifi-

242 2147 332 2173 catur
355 2146 386 2172 et
404 2141 560 2182 cogitatur
583 2141 686 2172 maius
706 2141 796 2172 omni
813 2140 985 2182 cogitabili,
1009 2151 1083 2172 curn
1107 2142 1196 2172 omni
1214 2142 1315 2183 perfe-

242 2185 367 2222 ctione,
392 2185 488 2217 etiam
511 2185 692 2217 existentiae
715 2186 748 2216 in
772 2195 879 2216 rerum
902 2193 1032 2217 natura:
1057 2186 1089 2216 in
1113 2193 1184 2217 actu
1209 2194 1316 2218 tamen

241 2229 378 2271 signato.
401 2229 465 2262 Sed
487 2240 506 2260 a
529 2229 696 2271 significari
719 2237 751 2261 et
773 2230 903 2270 cogitari
926 2230 966 2261 ad
990 2240 1057 2261 esse
1081 2240 1147 2261 non
1170 2231 1254 2262 valet
1272 2241 1317 2262 ar-

241 2280 445 2316 gumeatum.
469 2274 511 2306 Et
524 2275 598 2305 ideo
621 2275 654 2305 in
678 2274 780 2306 littera
804 2274 919 2306 dicitur
937 2275 1026 2316 quod
1045 2275 1123 2306 haec
1141 2275 1221 2306 ratio
1237 2275 1316 2306 nihil

241 2318 420 2350 concludit:
446 2318 521 2360 quia
545 2319 584 2350 ab
603 2319 787 2350 adversariis
810 2329 877 2350 non
901 2319 1086 2350 conceditur
1104 2319 1207 2351 maius
1227 2321 1316 2351 omni

242 2363 403 2404 cogitabili
417 2373 485 2394 esse
499 2363 533 2394 in
549 2370 661 2394 natura
676 2372 796 2400 rerum;
817 2363 889 2395 licet
904 2364 1095 2395 concedatur
1106 2365 1196 2405 quod
1212 2365 1316 2395 maius

242 2407 334 2439 omni
357 2406 515 2448 cogitabili
539 2407 742 2448 significatur,
767 2414 798 2439 et
821 2408 977 2449 cogitatur
1000 2418 1066 2439 esse
1090 2408 1122 2439 in
1138 2419 1245 2440 rerum
1262 2420 1315 2440 na-

241 2458 324 2483 tura.
347 2452 423 2483 Non
439 2462 514 2492 ergo
530 2452 724 2493 significatur
742 2453 856 2489 maius,
881 2452 1095 2493 significatum
1111 2460 1146 2484 ut
1161 2454 1314 2484 existens:

241 2496 298 2527 sed
315 2497 372 2528 etsi
387 2497 539 2532 existeret,
564 2507 631 2527 non
656 2504 738 2528 esset
760 2497 873 2532 maius,
899 2498 954 2528 sed
977 2505 1058 2528 esset
1081 2498 1171 2539 quod
1186 2508 1253 2529 non
1270 2505 1317 2529 est

242 2550 303 2572 mai
326 2551 359 2571 ιη
383 2541 584 2581 cogitatione.

298 2585 492 2625 Exemplum
515 2585 618 2616 simile
634 2586 667 2616 in
683 2585 810 2626 speciali
834 2585 987 2622 habetur‚'
1002 2586 1028 2616 si
1047 2585 1206 2627 fingamus
1220 2587 1316 2618 latere

242 2639 303 2660 nos
318 2630 556 2660 nobilissimum
579 2629 767 2660 animalium
789 2639 867 2666 esse,
892 2636 924 2661 et
945 2630 1100 2661 vellemus
1124 2631 1258 2672 probare
1282 2631 1316 2661 il-

242 2674 300 2705 lud
323 2684 390 2704 esse
414 2684 451 2704 ex
474 2674 625 2711 terminis,
642 2673 772 2705 scilicet:
791 2674 1020 2716 nobilissimum
1039 2676 1229 2706 animalium
1250 2681 1314 2714 est,

241 2719 320 2760 quia
343 2719 372 2749 si
395 2728 458 2749 non
483 2724 550 2756 est,
581 2728 662 2760 ergo
691 2728 754 2749 non
779 2724 826 2750 est
854 2719 1083 2750 nobilissimum
1112 2720 1313 2750 animalium.

243 2762 306 2793 Hic
329 2762 416 2793 enim
440 2762 638 2794 manifestius
666 2762 767 2804 liquet
794 2764 884 2804 quod
912 2763 991 2794 ratio
1016 2773 1159 2795 excessus
1187 2771 1234 2796 est
1257 2774 1315 2795 no-

243 2806 350 2838 bilitas
379 2807 423 2837 rei
452 2806 644 2847 significatae
668 2807 701 2837 in
725 2817 773 2844 se,
804 2807 1004 2838 conditiones
1032 2818 1108 2839 vero
1137 2808 1315 2839 excedentis

242 2857 319 2883 sunt
337 2861 404 2882 esse
428 2851 624 2882 obiectivum
647 2858 678 2882 et
701 2862 769 2882 esse
791 2852 824 2882 in
848 2862 955 2883 rerum
977 2859 1103 2883 natura:
1129 2859 1159 2884 et
1182 2852 1316 2893 qualiter

244 2901 470 2937 argumentum
494 2906 560 2926 non
583 2895 700 2932 valeat,
725 2902 761 2927 ut
783 2903 870 2937 patet
892 2896 1057 2928 exercenti.

299 2939 383 2972 VIII.
408 2940 526 2980 Logice
545 2947 653 2971 autem
675 2940 724 2973 his
748 2940 903 2972 molestiis
926 2940 1023 2972 unico
1039 2941 1136 2971 verbo
1154 2940 1316 2972 silentium

244 2984 410 3025 impones,
441 2985 548 3016 dicens
581 2985 671 3026 quod
701 2986 806 3016 maius
835 2986 923 3016 omni
951 2985 1117 3026 cogitabili
1144 2985 1315 3026 importare

245 3028 443 3060 existentiam
465 3029 498 3060 in
521 3039 629 3060 rerum
651 3035 782 3066 natura,
807 3029 963 3070 contingit
985 3029 1170 3070 dupliciter,
1199 3029 1318 3060 scilicet

245 3073 278 3103 in
295 3078 370 3104 actu
387 3074 539 3112 exercito,
556 3074 607 3104 vel
624 3074 773 3115 signato:
795 3080 826 3105 et
844 3074 934 3116 quod
956 3074 1098 3106 secundo
1121 3074 1222 3104 modo
1239 3083 1316 3104 con-

245 3116 367 3148 ceditur
384 3116 419 3147 in
435 3118 613 3159 proposito,
638 3118 743 3159 primo
766 3118 867 3149 modo
890 3128 969 3150 non.
992 3119 1034 3150 Et
1056 3118 1147 3159 quod
1165 3118 1192 3149 si
1210 3118 1315 3159 primo

245 3161 346 3192 modo
363 3168 584 3203 acceptaretur,
609 3162 676 3193 sine
699 3162 799 3194 dubio
815 3162 869 3193 illa
884 3169 965 3194 esset
979 3173 1036 3204 per
1051 3173 1084 3193 se
1099 3168 1191 3199 nota,
1211 3163 1317 3193 maius

244 3206 336 3236 omni
349 3206 526 3247 cogitabili,
545 3212 603 3246 est,
620 3206 701 3238 sicut
719 3207 788 3243 ista,
807 3207 894 3248 quod
911 3212 969 3246 est,
989 3213 1047 3238 est.
1061 3224 1081 3230 —
1097 3206 1192 3238 Ratio
1209 3213 1318 3238 autem

245 3259 345 3290 quare
368 3259 435 3280 non
459 3250 616 3283 clauditur
638 3251 767 3283 existere
791 3251 823 3282 in
847 3257 918 3282 actu
943 3251 1087 3287 exercito,
1112 3251 1169 3282 sed
1191 3257 1228 3282 ut
1244 3261 1317 3282 con-

2402 259 2451 296 29

1378 330 1507 364 ceptum
1531 331 1670 361 tantum,
1700 331 1747 355 est
1777 326 1853 366 quia
1882 327 2067 358 nominibus
2097 337 2145 358 res
2174 326 2388 367 significantur
2413 335 2449 358 ut

1379 375 1558 409 conceptae,
1575 369 1677 399 verbis
1701 375 1809 400 autem
1833 377 1868 401 ut
1887 371 2046 402 exercitae.
2072 372 2165 403 Unde
2187 371 2246 402 ista
2260 371 2446 408 enuntiatio,

1378 413 1548 444 existentia
1563 423 1626 444 non
1642 419 1699 451 est,
1721 423 1787 443 non
1806 413 1946 454 implicat
1965 415 2220 446 contradictoria:
2245 416 2304 446 ista
2329 422 2446 452 autem,

1376 457 1462 497 quod
1476 459 1594 495 existit,
1611 468 1675 488 non
1692 463 1751 495 est,
1766 458 1909 498 implicat
1923 460 2176 490 contradictoria.

1436 502 1488 532 IX.
1514 502 1549 532 In
1566 511 1773 541 responsrone
1792 502 1833 532 ad
1848 503 1987 539 tertium,
2004 504 2232 535 advertendum
2248 504 2347 545 quod,
2368 505 2447 534 dum

1376 546 1479 576 littera
1509 546 1734 586 respondendo
1764 547 1908 578 concedit
1937 547 2101 578 veritatem
2124 558 2191 579 esse
2219 548 2252 578 in
2281 549 2446 578 communi

1376 600 1443 621 esse
1466 601 1578 631 perse
1602 597 1727 627 notum,
1753 591 2014 631 consequentiam
2037 591 2151 622 factam
2175 592 2336 632 arguendo
2360 602 2446 623 acce-

1376 641 1463 674 ptare
1487 635 1629 671 videtur,
1659 635 1748 665 illam
1767 635 1902 671 scilicet,
1935 636 2026 666 nulla
2051 637 2171 667 veritas
2194 642 2259 674 est,
2292 646 2371 677 ergo
2395 646 2445 668 ve-

1376 689 1449 709 rum
1474 685 1520 710 est
1543 680 1667 710 nullam
1692 679 1858 710 veritatem
1882 689 1960 710 esse.
1990 679 2104 711 Scotus
2127 686 2243 717 tamen,
2267 680 2300 710 in
2325 680 2444 717 Primo,

1376 723 1446 754 dist.
1464 734 1496 760 11,
1513 734 1568 765 qu.
1584 734 1616 760 11,
1641 724 1675 754 in
1690 723 1898 763 responsione
1917 724 1957 754 ad
1977 725 2004 760 3,
2022 723 2222 764 reprehendit
2239 724 2321 756 hanc
2336 734 2446 755 conse-

1375 768 1550 808 quentiam,
1575 768 1682 799 dicens
1705 778 1777 798 eam
1795 777 1925 808 peccare
1944 767 2067 798 fallacia
2090 769 2321 809 consequentis,
2342 778 2360 799 a
2375 769 2445 810 plu-

1374 812 1461 843 ribus
1485 812 1586 843 causis
1618 812 1755 843 veritatis
1784 812 1824 842 ad
1847 821 1946 843 unam
1974 812 2110 843 illarum.
2139 812 2228 843 Tum
2250 812 2342 853 quia,
2373 812 2446 844 licet

1374 857 1485 892 valeat,
1510 857 1602 888 nulla
1619 857 1739 888 veritas
1753 861 1817 894 est,
1843 866 1923 897 ergo
1947 866 2010 887 non
2035 861 2082 887 est
2104 866 2215 887 verum
2231 857 2374 897 aliquam
2394 866 2444 887 ve-

1375 902 1502 932 ritatem
1528 910 1596 932 esse
1602 910 1617 939 ‚·
1649 911 1715 932 non
1738 907 1846 932 tamen
1867 900 1966 936 valet,
1999 910 2079 942 ergo
2109 906 2156 932 est
2183 910 2294 931 verum
2319 901 2443 931 nullam

1374 946 1540 976 veritatem
1556 955 1642 983 esse,
1662 945 1714 976 illa
1729 945 1815 976 enim
1834 951 1880 976 est
1899 944 2051 985 negativa,
2067 944 2126 975 ista
2141 943 2337 975 affirmativa.
2356 945 2445 975 Tum

1374 989 1450 1030 quia
1472 989 1584 1020 veritas
1608 996 1663 1020 aut
1686 989 1823 1020 sumitur
1851 988 2144 1025 fundamentaliter,
2175 995 2230 1020 aut
2253 988 2443 1019 formaliter:

1374 1034 1400 1063 si
1423 1034 1511 1064 nulla
1534 1033 1647 1064 veritas
1671 1040 1735 1070 est,
1769 1040 1883 1064 neutro
1907 1033 2007 1064 modo
2029 1043 2142 1064 verum
2171 1039 2218 1064 est
2244 1032 2332 1063 illam
2350 1031 2442 1063 'essez

1374 1088 1440 1108 non
1457 1078 1743 1113 fundamentaliter,
1768 1077 1844 1118 quia
1867 1077 1955 1108 nulla
1978 1087 2026 1108 res
2042 1077 2179 1108 fundans
2195 1083 2352 1113 remanet;
2377 1086 2443 1108 non

1374 1121 1565 1158 formaliter,
1591 1122 1666 1163 quia
1685 1121 1792 1152 nullus
1815 1121 1991 1152 intellectus
2014 1128 2129 1152 restare
2150 1128 2332 1162 poneretur.
2357 1121 2442 1161 Ergo

1373 1165 1560 1197 affirmativa
1583 1176 1649 1197 non
1673 1166 1825 1207 sequitur,
1851 1172 1905 1196 sed
1929 1165 2082 1206 negativa,
2107 1172 2143 1197 ut
2165 1165 2288 1196 dictum
2311 1171 2367 1196 est.

1428 1211 1467 1241 X.
1492 1211 1543 1241 Ad
1562 1210 1625 1241 hoc
1643 1210 1778 1241 breviter
1793 1209 1907 1240 dicitur
1922 1210 2020 1251 quod,
2037 1220 2111 1241 cum
2131 1210 2308 1241 secundum
2324 1210 2442 1240 bonam

1372 1255 1520 1295 logicam,
1545 1265 1564 1285 a
1586 1254 1806 1295 propositione
1829 1264 1902 1284 vera
1924 1254 1965 1285 de
1987 1255 2091 1285 inesse
2106 1254 2146 1284 ad
2165 1264 2256 1285 suam
2279 1253 2442 1284 modalem

1372 1299 1412 1330 de
1435 1309 1522 1336 vero,
1547 1298 1586 1329 sit
1609 1298 1732 1339 optima
1755 1298 1990 1339 consequentia,
2015 1305 2046 1329 et
2069 1308 2085 1328 e
2110 1308 2274 1334 converso,
2297 1297 2373 1339 quia
2390 1307 2441 1328 ve-

1372 1353 1446 1374 rum
1478 1353 1544 1373 non
1575 1349 1622 1373 est
1654 1342 1771 1373 modus
1803 1342 1921 1373 addens
1952 1352 2047 1383 supra
2077 1352 2169 1373 suam
2192 1342 2440 1383 praeiacentem:

1373 1387 1472 1418 miror
1495 1387 1664 1428 quomodo
1695 1396 1830 1427 arguens
1853 1386 1927 1417 huic
1951 1387 2195 1428 consequentiae
2218 1397 2252 1417 se
2279 1387 2441 1427 opposuit.

1372 1432 1464 1463 Valet
1490 1441 1647 1472 namque,
1676 1431 1826 1462 Socrates
1855 1432 1975 1469 currit,
2005 1441 2085 1473 ergo
2115 1431 2279 1462 Socratem
2309 1441 2442 1462 currere

1372 1482 1419 1507 est
1442 1484 1575 1508 verum:
1597 1482 1628 1511 et
1643 1475 1794 1512 similiter,
1819 1475 1969 1506 Socrates
1991 1485 2055 1506 non
2079 1476 2199 1513 currit,
2224 1485 2304 1516 ergo
2326 1475 2440 1506 Socra-

1372 1527 1522 1555 lemnon
1552 1529 1686 1551 currere
1709 1525 1756 1551 est
1779 1528 1908 1551 verum:
1931 1526 1962 1551 et
1984 1526 2070 1560 patet
2092 1520 2126 1550 in
2149 1519 2308 1550 omnibus.
2333 1520 2374 1550 Et
2397 1520 2441 1550 sic

1372 1565 1404 1595 in
1423 1564 1601 1606 proposito,
1627 1564 1718 1595 nulla
1735 1565 1854 1595 veritas
1875 1570 1938 1595 est:
1953 1574 2033 1606 ergo
2050 1564 2172 1595 nullam
2193 1565 2356 1595 veritatem
2374 1573 2442 1594 esse

1372 1615 1419 1641 est
1442 1619 1565 1641 verum.
1576 1627 1596 1631 —
1608 1609 1649 1640 Et
1664 1607 1885 1639 confirmatur:
1906 1608 1981 1650 quia
1995 1608 2064 1645 ista,
2082 1608 2199 1639 scilicet
2214 1608 2306 1639 nulla
2322 1609 2441 1639 veritas

1371 1660 1429 1692 est,
1447 1660 1494 1685 est
1509 1653 1667 1695 quaedam
1683 1653 1874 1684 enuntiatio:
1899 1662 1974 1693 ergo
1996 1652 2174 1693 significans
2189 1662 2300 1683 verum
2319 1652 2368 1683 vel
2385 1651 2440 1682 fal-

1371 1709 1454 1735 sum,
1475 1708 1512 1729 ex
1532 1698 1544 1728 1
1560 1695 1760 1729 Periherm.¹'¹
1779 1697 1841 1728 Sed
1859 1697 1946 1738 apud
1962 1707 2018 1728 eos
2036 1696 2189 1738 significat
2211 1705 2340 1728 verum:
2365 1706 2439 1737 ergo

1372 1742 1526 1784 significat
1549 1742 1672 1773 nullam
1697 1743 1863 1773 veritatem
1888 1751 1968 1780 esse,
1992 1751 2061 1773 esse
2084 1751 2206 1773 verum.

1426 1787 1481 1818 XI.
1506 1787 1557 1818 Ad
1574 1788 1718 1828 primam
1743 1796 1818 1826 ergo
1835 1786 2048 1817 obiectionem
2062 1785 2091 1822 ’ἢ
2109 1785 2221 1817 dicitur
2246 1786 2336 1826 quod
2352 1785 2439 1816 nulla

1372 1831 1494 1863 fallacia
1518 1837 1578 1862 est:
1603 1830 1678 1872 quia
1695 1837 1829 1871 utraque
1857 1830 1983 1861 illarum
2012 1830 2153 1871 sequitur
2182 1830 2386 1861 determinate
2403 1839 2439 1860 ex

1371 1876 1433 1907 illa.
1458 1876 1499 1906 Et
1514 1875 1602 1916 prius
1618 1874 1761 1916 sequitur
1776 1874 1834 1906 ista
1850 1874 2035 1906 affirmativa
2051 1875 2090 1905 de
2103 1874 2214 1910 modo,
2232 1884 2312 1915 ergo
2328 1884 2437 1905 verum

1372 1926 1419 1951 est
1443 1920 1566 1951 nullam
1592 1921 1756 1951 veritatem
1780 1928 1859 1957 esse,
1885 1929 1983 1960 quam
2006 1919 2060 1950 illa
2083 1918 2242 1959 negativa,
2272 1928 2352 1959 ergo
2375 1928 2437 1949 non

1372 1970 1419 1996 est
1435 1974 1546 1996 verum
1562 1964 1705 2004 aliquam
1723 1964 1888 1994 veritatem
1904 1973 1981 1994 esse.
2000 1963 2163 2001 Quoniam
2178 1963 2282 2003 prima
2297 1962 2439 2004 sequitur

1371 2009 1563 2044 immediate,
1587 2007 1726 2039 secunda
1748 2014 1856 2038 autem
1880 2007 2038 2039 mediante
2060 2007 2131 2038 illa:
2159 2007 2314 2048 quoniam
2336 2006 2438 2046 prima

1371 2053 1506 2094 pertinet
1538 2053 1577 2083 ad
1607 2052 1844 2083 consistentiam
1871 2052 1970 2092 ipsius
1993 2051 2221 2092 propositionis
2253 2051 2286 2081 in
2316 2051 2436 2092 seipsa,

1371 2097 1509 2129 secunda
1532 2103 1639 2128 autem
1662 2096 1702 2126 ad
1726 2096 1972 2128 destructionem
1997 2106 2072 2127 suae
2094 2089 2360 2131 contradictoriae,
2381 2095 2438 2125 sci-

1370 2142 1443 2173 licet
1457 2142 1566 2182 aliqua
1591 2141 1711 2172 veritas
1734 2146 1789 2172 est.
1814 2140 1856 2171 Et
1870 2150 1989 2176 rursus,
2006 2140 2078 2171 licet
2093 2139 2263 2171 destructio
2283 2139 2437 2170 contradi-

1371 2187 1487 2218 ctoriae
1503 2186 1606 2226 ipsam
1629 2185 1735 2216 statim
1758 2191 1950 2226 sequeretur,
1970 2184 2105 2215 dicendo
2124 2185 2215 2215 nulla
2234 2185 2354 2215 veritas
2372 2190 2436 2221 est,

1371 2241 1451 2272 ergo
1468 2240 1531 2261 non
1542 2230 1652 2271 aliqua
1668 2230 1788 2260 veritas
1798 2234 1861 2260 est:
1876 2228 2046 2260 destructio
2061 2235 2167 2260 tamen
2179 2228 2437 2259 contradictoriae

1371 2285 1446 2307 cum
1470 2275 1570 2305 modo
1593 2274 1634 2305 de
1661 2283 1754 2311 vero,
1778 2283 1845 2304 non
1867 2273 2010 2314 sequitur
2036 2273 2096 2304 nisi
2118 2273 2151 2304 in
2175 2273 2288 2304 virtute
2312 2273 2437 2313 regulae

1371 2320 1472 2351 dictae
1487 2319 1513 2355 *‚
1538 2318 1655 2350 scilicet
1673 2318 1762 2359 quod
1786 2317 1964 2358 propositio
1979 2328 2052 2348 vera
2074 2318 2114 2348 de
2137 2318 2240 2348 inesse
2262 2317 2438 2358 aequivalet

1371 2364 1491 2395 modali
1509 2363 1550 2394 de
1566 2371 1660 2394 vero:
1675 2363 1748 2393 ideo
1763 2362 1849 2393 enim
1865 2362 2016 2403 sequitur,
2035 2362 2126 2393 nulla
2143 2363 2262 2393 veritas
2277 2367 2339 2400 est,
2357 2371 2437 2403 ergo

1371 2419 1435 2440 non
1452 2414 1499 2439 est
1516 2417 1627 2439 verum
1643 2408 1784 2448 aliquam
1809 2408 1975 2438 veritatem
1991 2416 2069 2444 esse,
2094 2406 2169 2447 quia
2191 2406 2368 2447 aequivalet
2382 2416 2436 2436 ne-

1370 2453 1491 2493 gationi
1510 2452 1595 2484 illius
1612 2451 1885 2487 contradictoriae,
1906 2450 2021 2482 scilicet
2042 2460 2104 2482 non
2121 2451 2231 2491 aliqua
2247 2451 2366 2482 veritas
2380 2456 2435 2481 est.

1370 2498 1412 2528 Et
1435 2497 1478 2528 sic
1494 2497 1619 2532 Scotus,
1639 2496 1785 2536 negando
1803 2495 2076 2536 consequentiam,
2104 2495 2257 2525 concessit
2280 2495 2368 2524 illam
2383 2505 2436 2525 ne-

1371 2542 1488 2578 sciens,
1511 2542 1590 2572 dum
1609 2540 1764 2571 concessit
1783 2540 1878 2570 aliam
1896 2549 1992 2580 super
2014 2539 2116 2570 radice
2135 2539 2219 2570 illius
2238 2538 2413 2570 fundatam.

1424 2586 1476 2617 Ad
1507 2585 1681 2616 secundam
1706 2594 1781 2614 vero
1811 2584 2039 2619 obiecdonem,
2071 2583 2184 2614 dicitur
2209 2584 2298 2624 quod
2325 2583 2437 2614 veritas

1370 2631 1507 2661 sumitur
1519 2630 1559 2660 ad
1572 2629 1678 2659 minus
1693 2628 1983 2659 fundamentaliter:
2004 2634 2036 2659 et
2053 2638 2129 2659 cum
2141 2627 2255 2658 dicitur
2270 2628 2358 2669 quod
2369 2628 2438 2658 nul-

1369 2675 1438 2706 lum
1462 2674 1709 2705 fundamentum
1725 2679 1908 2709 remaneret,
1926 2679 2067 2713 negatur.
2087 2672 2168 2703 Dico
2192 2672 2277 2702 enim
2292 2672 2381 2713 quod
2397 2673 2437 2702 ad

1369 2719 1604 2749 remansionem
1627 2717 1796 2748 veritatum
1818 2717 2036 2758 negativarum
2059 2716 2344 2752 fundamentaliter,
2370 2726 2435 2747 non

1369 2763 1538 2804 requiritur
1559 2762 1717 2793 remansio
1747 2771 1864 2792 rerum.
1894 2761 1987 2792 Unde
2013 2761 2125 2792 veritas
2149 2761 2253 2797 istius,
2284 2761 2364 2791 nihil
2391 2766 2437 2791 est

1370 2807 1461 2845 nihil,
1478 2807 1567 2838 omni
1591 2805 1725 2836 omnino
1741 2815 1773 2836 re
1789 2812 1819 2837 et
1834 2806 1995 2836 intellectu
2011 2806 2144 2842 seclum,
2164 2812 2305 2836 remanet
2327 2805 2437 2836 funda-

1370 2848 1560 2883 mentaliter:
1590 2850 1666 2891 quia
1688 2850 1714 2880 si
1736 2850 1913 2881 intellectus
1937 2857 2030 2887 esset,
2054 2855 2162 2890 posset
2185 2849 2214 2880 ei
2233 2859 2324 2880 suam
2348 2859 2435 2880 com-

1369 2896 1565 2937 positionem
1580 2895 1755 2935 adaequare
1779 2894 1980 2931 obiectaliter,
2001 2894 2226 2935 componendo
2246 2894 2336 2931 hanc,
2357 2894 2437 2924 nihil

1370 2947 1417 2972 est
1440 2940 1536 2971 nihil.-
1559 2946 1590 2970 et
1612 2939 1692 2969 haec
1714 2939 1874 2970 remansio
1897 2938 2021 2970 sufficit.
2046 2939 2139 2970 Unde
2154 2948 2212 2969 nec
2226 2937 2320 2968 etiam
2335 2938 2434 2968 modo

1369 2985 1428 3015 ista
1451 2983 1639 3025 propositio,
1656 2982 1737 3014 nihil
1750 2988 1797 3014 est
1815 2983 1906 3021 nihil,
1924 2982 2018 3014 habet
2036 2982 2280 3013 fundamentum
2296 2992 2332 3012 ex
2348 2988 2435 3022 parte

1370 3029 1414 3060 rei
1437 3028 1636 3069 significatae,
1657 3027 1718 3058 nisi
1740 3027 1840 3058 modo
1865 3027 1959 3059 dicto.
1979 3027 2078 3064 Quod
2101 3027 2187 3057 enim
2211 3026 2323 3057 dicitur
2346 3026 2435 3067 quod

1370 3073 1482 3104 veritas
1506 3071 1782 3103 fundamentaliter
1811 3078 1858 3102 est
1881 3071 2011 3108 entitas,
2032 3081 2143 3102 verum
2167 3077 2214 3101 est
2246 3070 2283 3101 de
2306 3070 2434 3101 veritate

1371 3117 1516 3158 positiva,
1533 3127 1599 3147 non
1615 3122 1723 3147 autem
1737 3116 1895 3156 negativa:
1910 3115 2156 3147 fundamentum
2172 3114 2257 3146 enim
2273 3114 2434 3156 negativae

1370 3162 1507 3193 veritatis
1530 3168 1576 3192 est
1600 3171 1663 3192 non
1687 3170 1766 3198 esse,
1783 3166 1814 3192 et
1835 3170 1902 3191 non
1925 3167 1972 3191 est
1994 3170 2073 3197 esse,
2090 3166 2126 3190 ut
2148 3165 2242 3199 patet.

1426 3206 1523 3237 Hunc
1546 3205 1715 3236 articulum
1738 3203 1850 3236 diffuse
1866 3204 1962 3235 habes
1976 3204 2009 3235 in
2025 3204 2090 3242 Qu.
2106 3204 2147 3235 de
2168 3203 2316 3242 Veritate,
2332 3213 2386 3244 qu.
2403 3213 2432 3240 x,

1371 3257 1428 3282 art.
1453 3260 1501 3281 12.

2467 1701 2476 1710 ⁸
2492 1701 2548 1728 Cap.
2565 1707 2596 1728 iv,
2611 1708 2634 1723 n.
2649 1709 2672 1728 4.

2468 1791 2475 1798 ’
2491 1789 2528 1811 Cf.
2544 1795 2608 1811 num.
2624 1797 2655 1811 ix.

2464 2325 2471 2332 ⁹
2488 2323 2558 2345 Num.
2574 2329 2649 2351 praec.
