2768 4178
68 410 211 437 ⁴*Quatxvnn
218 412 281 436 εῖτ-2,

70 436 203 458 Comment.
218 441 240 457 n.
248 441 281 457 ιι.

68 986 80 997 '⁵
91 985 126 1007 Cf.
133 991 196 1007 num.
203 990 281 1012 praec.

72 2352 83 2363 ⁴
98 2351 166 2373 Vers.
181 2357 197 2372 1.

75 2616 86 2627 ¹*
103 2615 154 2637 Art.
165 2620 186 2641 2,
197 2614 225 2636 ad
235 2620 256 2635 2.

308 283 387 330 468

310 368 442 401 negatur
464 360 574 390 maior.
600 377 620 382 -
644 359 686 389 Et
716 359 755 388 ad
778 357 1003 398 probationem
1032 356 1099 386 eius
1131 354 1259 393 dicitur,
1290 354 1378 395 quod

310 406 495 437 antecedens
512 411 558 435 est
573 403 698 439 falsum,
717 402 933 433 universaliter
952 400 1127 442 loquend0‚
1143 406 1179 429 ut
1195 398 1341 439 superius
1351 398 1377 435 *,

310 460 384 481 cum
400 450 438 480 de
455 448 605 480 relatione
622 454 652 478 et
668 447 879 478 fundamento
898 452 1069 476 tractatum
1089 450 1144 479 est,
1166 442 1377 473 ostendimus.

309 495 350 525 Et
372 504 496 529 rursuS,
523 491 749 533 consequentia
772 491 851 521 nihil
874 490 971 526 valet,
997 488 1172 519 formaliter
1194 487 1377 528 loquend0;

309 546 345 570 ut
368 538 502 578 ipsemet
530 537 657 572 fatetur,
688 535 840 576 ponendo
871 533 1090 574 exceptionem
1118 542 1227 563 unam.
1259 531 1326 562 Cur
1349 538 1380 562 et

309 583 388 613 mihi
412 593 477 613 non
500 581 606 612 licebit
621 580 715 611 aliam
739 579 958 620 exceptionem
981 575 1121 619 ponere?
1138 595 1158 599 -
1176 577 1228 606 Ad
1243 576 1379 607 declara-

309 628 431 658 tionem
447 633 565 662 autem‚
583 632 716 665 negatur
730 623 899 655 disiunctio
924 623 993 653 illa:
1015 621 1089 662 quia
1105 620 1298 651 insufficiens
1322 627 1378 656 est,

309 672 404 702 etiam
428 671 514 712 apud
536 670 653 710 ipsum,
679 675 715 700 ut
737 675 824 709 patet
839 668 878 698 de
895 666 1035 708 partibus
1060 666 1156 696 simul
1181 665 1316 705 sumptis
1333 674 1379 695 re-

310 722 419 756 spectu
438 714 546 746 tertiae
566 713 712 746 entitatis.
738 713 811 743 Illae
836 712 921 743 enim
945 721 1011 741 non
1035 716 1172 750 possunt
1196 719 1275 746 esse,
1301 708 1379 750 quin

309 760 398 791 tertia
422 759 533 790 entitas
553 759 607 795 sit;
633 765 663 789 et
682 765 789 789 tamen
813 767 879 787 non
900 762 974 786 sunt
993 754 1183 795 posteriores
1207 763 1265 783 nec
1284 753 1380 783 simul

309 811 430 840 natura,
455 813 513 834 nec
537 803 666 834 eaedem
689 802 734 832 illi
757 801 865 832 tertiae
889 799 1019 836 entitati‚
1045 809 1103 829 nec
1127 798 1307 838 dependent
1330 807 1378 828 es-

309 848 478 879 sentialiter
505 848 544 878 ab
577 848 638 878 illa.
671 847 763 878 Unde
787 845 867 876 ratio
892 844 970 875 nihil
992 844 1095 874 valet:
1128 842 1263 873 dicimus
1295 841 1380 872 enim

309 893 399 934 quod
428 892 675 932 inseparabilitas
706 890 901 931 quandoque
932 896 979 920 est
1009 894 1139 929 propter
1171 886 1380 917 necessariam

309 948 414 968 rerum
438 937 679 968 connexionem.
705 935 746 965 Et
769 935 812 965 sic
837 941 883 964 est
905 933 938 963 in
961 932 1148 974 proposito,
1178 938 1308 972 propter
1331 940 1380 961 as-

309 982 463 1022 signatam
488 991 615 1012 causam
629 980 655 1011 *.

993 275 1261 324 QUAESTIO
1290 275 1414 322 XLV,
1443 273 1741 311 ARTICULUS
1772 273 1823 309 IV

1491 354 1543 384 Ad
1567 353 1741 384 secundam
1756 362 1831 382 vero
1849 351 2014 387 rationem,
2039 357 2171 390 negatur
2191 350 2307 381 minor.
2332 350 2506 387 Quoniam,

1434 405 1470 429 ut
1492 397 1543 428 hic
1568 397 1682 428 dicitur
1711 396 1744 426 in
1773 396 1981 437 responsione
2005 395 2045 425 ad
2068 395 2265 431 secundum,
2298 394 2508 435 dependentia

1434 442 1473 472 ad
1497 442 1604 473 Deum
1628 441 1716 472 aliter
1740 440 1888 472 convenit
1912 439 2093 470 substantiis
2118 439 2241 475 creatis,
2267 446 2298 470 et
2320 438 2409 470 aliter
2432 439 2508 479 ipsis

1434 487 1640 517 relationibus
1665 485 1910 526 dependentiae:
1935 483 2092 525 quoniam
2116 483 2310 514 substantiae
2329 483 2509 524 dependent

1434 541 1490 571 per
1513 530 1681 561 relationes
1695 554 1702 566 ‚
1735 529 1822 570 ipsae
1853 536 1961 560 autem
1984 528 2152 559 relationes
2176 528 2357 568 dependent
2387 528 2506 568 seipsis.

1434 576 1508 605 Non
1528 585 1603 615 ergo
1623 574 1824 605 uniformiter
1847 572 2034 604 huiusmodi
2058 572 2168 603 relatio
2189 572 2338 603 convenit
2357 573 2508 604 omnibus

1434 619 1501 650 aliis
1525 630 1543 649 a
1567 620 1647 650 Deo.

1492 664 1544 695 Ad
1563 663 1693 695 tertium
1711 672 1787 693 vero
1812 662 1925 693 dicitur
1948 662 2047 703 quod,
2073 661 2210 691 admissa
2229 660 2426 702 expositione
2444 661 2507 698 illa,

1434 718 1500 739 non
1524 708 1607 738 valet
1630 706 1769 748 sequela,
1795 717 1874 748 ergo
1896 707 2075 738 substantia
2099 712 2209 737 creata
2227 711 2335 746 potest
2353 715 2422 737 esse
2439 707 2509 737 sine

1434 753 1524 783 omni
1546 752 1719 783 accidente.
1746 751 1912 788 Quoniam
1929 751 1969 782 ad
1984 751 2149 782 veritatem
2164 750 2250 781 illius
2266 750 2506 791 propositionis,

1433 797 1611 828 substantia
1635 801 1682 827 est
1704 796 1800 835 prior
1823 801 1896 831 etc.,
1932 795 2047 826 sufficit
2077 795 2167 836 quod
2196 795 2302 836 aliqua
2333 795 2509 826 substantia

1434 841 1474 872 sit
1492 840 1689 871 huiusmodi.
1711 839 1799 870 Talis
1819 845 1865 870 est
1883 845 1992 870 autem
2010 840 2114 880 prima
2130 840 2314 876 substantia,
2330 840 2509 871 secundum

1434 885 1612 921 veritatem3
1638 891 1669 916 et
1692 883 1852 925 quaelibet
1880 883 2096 925 intelligentia,
2122 885 2300 916 secundum
2323 886 2507 921 Averroem,

1434 930 1492 960 XII
1517 930 1716 970 Metaphys„
1742 939 1861 961 comm.
1881 939 1952 960 xxv.

1095 1130 1416 1173 ARTICULUS
1447 1129 1721 1182 QUARTUS

652 1227 809 1258 UTRUM
833 1226 993 1258 CREARI
1019 1225 1086 1257 slr
1110 1224 1335 1256 PRoPmUM
1359 1223 1710 1256 COMPOSITORUM
1734 1223 1792 1254 ET
1817 1223 2160 1273 suasrsTENTmM

487 1308 528 1333 De
547 1308 614 1336 Pot„
635 1315 680 1340 qu.
699 1314 736 1338 111,
757 1311 803 1331 art.
827 1314 848 1335 1,
868 1306 900 1331 ad
920 1313 964 1336 12;
985 1310 1031 1330 art.
1053 1304 1076 1334 3,
1097 1305 1128 1329 ad
1149 1311 1179 1335 23
1200 1309 1246 1328 art.
1266 1303 1291 1335 8,
1310 1304 1343 1328 ad
1365 1303 1392 1334 3;
1413 1304 1455 1328 De
1479 1303 1569 1332 Ver-it„
1589 1311 1632 1336 qu.
1647 1311 1723 1335 xxvxi,
1743 1308 1789 1328 art.
1807 1303 1830 1335 3,
1850 1304 1881 1328 ad
1901 1311 1931 1337 93
1954 1304 2050 1334 Quodl.
2070 1304 2112 1335 lX,
2132 1312 2177 1337 qu.
2195 1312 2220 1335 v,
2240 1309 2286 1330 art.
2310 1311 2336 1335 ¹3

1042 1340 1141 1373 Opusc.
1160 1339 1287 1369 xxxvn,
1308 1339 1340 1364 de
1361 1339 1486 1369 Quatuor
1508 1339 1637 1371 Opposit„
1657 1347 1713 1372 cap.
1733 1347 1767 1364 ιν.

525 1444 547 1469 D
568 1443 741 1474 QUARTUM
761 1443 814 1468 Slc
835 1441 1074 1467 PROCEDITUR.
1097 1429 1258 1466 Videtur
1276 1429 1382 1477 quod

345 1523 347 1527 ,
363 1520 385 1547 α
462 1531 463 1535 ¹
492 1512 498 1533 Ἰ,
526 1485 643 1522 creari
664 1497 743 1522 non
763 1484 808 1521 sit
826 1483 1024 1533 proprium
1039 1490 1056 1504 0‘
1078 1482 1381 1531 compositorum

330 1538 442 1598 '‘yn'‘
461 1523 562 1576 ''et
590 1538 886 1575 subsistentium.
917 1536 1064 1574 Dicitur
1091 1536 1193 1573 enim
1223 1536 1262 1573 in
1286 1536 1381 1573 libro

275 1596 277 1599 ’
369 1568 429 1621 ἑ
481 1584 571 1629 &de
590 1592 721 1629 Causis
735 1591 771 1628 *ε
791 1591 923 1628 Prima
944 1602 1073 1627 rerum
1094 1595 1310 1626 creatarum
1331 1595 1386 1627 est

311 1659 398 1683 esse.
440 1646 516 1683 Sed
545 1658 627 1683 esse
661 1645 715 1682 rei
744 1652 892 1682 creatae
930 1657 1009 1681 non
1040 1650 1096 1680 est
1123 1643 1331 1680 subsistens
1350 1642 1379 1680 β.

310 1701 413 1748 Ergo
435 1699 572 1736 creatio
598 1698 751 1748 proprie
781 1711 858 1735 non
880 1706 935 1735 est
955 1697 1191 1735 subsistentis
1220 1704 1257 1734 et
1277 1709 1382 1734 com-

309 1753 434 1802 positi.

366 1818 400 1844 2.
419 1807 652 1854 Pmmmm,
669 1806 773 1855 quod
790 1813 938 1842 creatur
952 1809 966 1831 ⁷
984 1811 1039 1841 est
1054 1816 1099 1841 ex
1114 1803 1241 1841 nihilo.
1265 1804 1382 1841 Com-

311 1860 435 1909 posita
454 1867 582 1896 autem
603 1872 681 1896 non
702 1867 787 1896 sunt
808 1871 852 1896 ex
873 1858 1003 1905 nihilo,
1025 1859 1093 1895 sed
1114 1869 1159 1894 ex
1179 1857 1256 1894 suis
1277 1870 1384 1894 corn-

312 1913 552 1963 ponentibus.
572 1914 673 1961 Ergo
691 1912 912 1962 compositis
933 1924 1011 1949 non
1028 1911 1208 1948 convenit
1220 1909 1232 1932 δ
1250 1911 1380 1948 creari.

350 1461 390 1492 .-:
438 1454 501 1501 τῖες(

362 1495 368 1506 ο
374 1498 383 1505 ι
456 1485 502 1529 {a

369 1969 402 2005 3.
434 1968 666 2014 PRAETEREA,
695 1967 787 2003 illud
806 1966 959 2016 proprie
978 1964 1202 2014 producitur
1221 1978 1291 2014 per
1309 1965 1383 2014 pri-

313 2034 418 2058 mam
441 2021 736 2067 emanationem,
758 2019 864 2068 quod
884 2018 1112 2068 supponitur
1135 2018 1174 2055 in
1193 2020 1382 2056 secunda:

314 2074 409 2111 sicut
438 2087 496 2111 res
525 2074 704 2111 naturalis
733 2086 802 2123 per
830 2073 1115 2121 generationem
1150 2073 1383 2120 naturalem,

314 2141 413 2176 quae
443 2127 670 2176 supponitur
688 2133 699 2148 ‘
729 2128 765 2164 in
795 2126 1017 2176 operatione
1047 2126 1147 2163 artis,
1188 2125 1266 2163 Sed
1294 2126 1384 2164 illud

315 2181 420 2230 quod
445 2181 672 2230 supponitur
691 2181 728 2218 in
752 2181 996 2229 generatione
1026 2179 1197 2226 naturali,
1229 2187 1284 2216 est
1305 2192 1386 2217 ma-

315 2235 418 2272 teria.
449 2235 551 2282 Ergo
581 2234 738 2271 materia
769 2242 822 2271 est
848 2246 945 2283 quae
974 2232 1129 2283 proprie
1160 2241 1320 2282 creatur,
1352 2241 1387 2270 et

315 2301 395 2326 non
425 2287 694 2336 compositum.

371 2343 445 2378 SED
466 2353 612 2378 CONTRA
631 2353 697 2377 EST
717 2341 822 2388 quod
843 2339 976 2377 dicitur
1005 2339 1098 2376 Gen.
1121 2351 1131 2375 1
1154 2339 1188 2376 *ε
1218 2340 1265 2376 In
1280 2340 1386 2388 prin-

316 2395 411 2443 cipio
431 2394 575 2432 creavit
590 2395 694 2431 Deus
713 2393 859 2430 caelum
888 2399 924 2430 et
950 2398 1103 2430 terram.
1135 2392 1295 2429 Caelum
1322 2405 1387 2430 au—

316 2456 393 2486 tem
432 2455 469 2485 et
496 2455 596 2484 terra
633 2455 720 2484 sunt
757 2459 817 2484 res
851 2446 1088 2495 compositae
1127 2445 1386 2484 subsistentes.

317 2503 419 2550 Ergo
448 2502 589 2538 horum
617 2500 771 2550 proprie
801 2507 856 2537 est
885 2499 1037 2537 creatio.

370 2557 596 2592 RESPONDEO
623 2566 807 2591 DmENDUM
837 2554 942 2603 quod
976 2553 1094 2590 creari
1116 2560 1171 2590 est
1190 2553 1386 2601 quoddam

316 2609 415 2655 fieri,
445 2616 485 2645 ut
515 2608 656 2645 dictum
686 2615 741 2644 est
759 2607 790 2645 ²⁸.
822 2607 919 2644 Fieri
948 2614 1076 2644 autem
1115 2606 1312 2644 ordinatur
1340 2606 1388 2644 ad

319 2675 399 2699 esse
422 2661 483 2699 rei.
506 2662 616 2699 Unde
636 2661 705 2698 illis
724 2660 878 2710 proprie
900 2660 1080 2697 convenit
1098 2660 1181 2697 fieri
1201 2667 1238 2697 et
1258 2660 1388 2708 creari,

317 2716 455 2765 quibus
473 2714 651 2752 convenit
673 2727 766 2752 esse.
789 2715 906 2761 Quod
922 2713 1080 2763 quidem
1101 2713 1282 2751 convenit
1299 2726 1387 2763 pro-

317 2770 398 2818 prie
427 2768 735 2806 subsistentibus:
766 2768 847 2805 sive
867 2768 939 2805 sint
959 2767 1155 2817 simplicia,
1178 2767 1274 2804 sicut
1301 2767 1389 2804 sub-

318 2823 474 2860 stantiae
495 2829 709 2871 separatae;
740 2822 820 2859 sive
841 2821 914 2858 sint
938 2821 1164 2870 composita,
1186 2820 1282 2858 sicut
1301 2821 1389 2858 sub-

1437 1441 1508 1465 suo
1539 1441 1632 1466 esse.
1674 1429 1839 1465 Formae
1877 1436 2007 1466 autem
2043 1436 2080 1465 et
2107 1429 2336 1476 accidentia,
2377 1437 2413 1467 et
2441 1430 2530 1477 alia⁸

1436 1482 1679 1530 huiusmodi,
1710 1494 1789 1519 non
1818 1481 1995 1520 dicuntur
2023 1482 2123 1519 entia
2151 1483 2260 1531 quasi
2283 1489 2298 1507 '¹
2326 1484 2408 1533 ipsa
2427 1483 2512 1532 sint,

1438 1536 1506 1573 sed
1540 1535 1631 1584 quia
1664 1535 1717 1572 eis
1750 1535 1892 1585 aliquid
1931 1544 2006 1583 est3
2039 1543 2082 1573 ut
2110 1536 2248 1574 albedo
2289 1550 2333 1574 ea
2366 1538 2512 1575 ratione

1439 1589 1574 1626 dicitur
1602 1602 1681 1636 ens,
1703 1589 1793 1637 quia
1822 1601 1867 1626 ea
1886 1589 2101 1627 subiectum
2131 1597 2187 1627 est
2215 1591 2356 1628 album.
2387 1591 2512 1639 Unde,

1438 1643 1652 1680 secundum
1671 1642 1953 1692 Philosophum
1967 1643 1999 1690 ²⁸,
2025 1643 2203 1681 accidens
2221 1644 2341 1692 magis
2358 1644 2514 1695 proprie

1439 1696 1574 1734 dicitur
1600 1697 1692 1734 entis
1721 1708 1838 1745 quam
1863 1709 1939 1734 ens.
1971 1697 2076 1734 Sicut
2103 1697 2214 1745 igitur
2242 1697 2450 1736 accidentia
2479 1706 2516 1736 et

1437 1751 1597 1798 formae,
1620 1757 1657 1787 et
1675 1750 1910 1797 huiusmodi,
1937 1762 2035 1799 quae
2055 1763 2134 1788 non
2155 1750 2374 1799 subsistunt,
2394 1751 2516 1800 magis

1440 1811 1528 1841 sunt
1556 1803 1801 1840 coexistentia
1820 1801 1833 1823 θ
1861 1815 1980 1852 quam
2002 1804 2122 1850 entia;
2151 1803 2202 1841 ita
2231 1804 2354 1853 magis
2373 1804 2516 1842 debent

1440 1857 1513 1895 diei
1541 1863 1742 1894 concreata
1771 1869 1889 1905 quarn
1920 1864 2057 1895 creata.
2087 1857 2246 1906 Proprie
2273 1870 2368 1896 vero
2390 1866 2514 1896 creata

1439 1918 1526 1947 sunt
1554 1910 1806 1948 subsistentia.

1493 1966 1552 2001 AD
1583 1976 1720 2001 PRIMUM
1749 1975 1848 2001 ERGO
1877 1975 2062 2001 DICENDUM
2095 1964 2218 2013 quod,
2249 1977 2336 2002 curn
2367 1964 2514 2012 dicitur,

1434 2018 1564 2067 prima
1595 2030 1723 2054 rerum
1744 2023 1960 2054 creatarum
1990 2023 2044 2054 est
2061 2029 2150 2064 esse,
2174 2018 2213 2066 ly
2240 2030 2319 2055 esse
2346 2031 2426 2056 non
2444 2018 2515 2056 im·

1440 2079 1566 2121 portat
1604 2071 1819 2108 subiectum
1856 2079 2024 2107 creatum
2049 2078 2077 2117 ι;
2115 2071 2182 2108 sed
2216 2071 2397 2121 importat
2429 2084 2517 2122 pro-

1440 2125 1565 2174 priam
1595 2124 1782 2162 rationem
1817 2124 1957 2161 obiecti
1992 2124 2205 2162 creationis.
2246 2125 2350 2163 Nam
2386 2137 2431 2162 ex
2469 2137 2516 2163 eo

1443 2179 1577 2216 dicitur
1605 2178 1746 2227 aliquid
1777 2186 1957 2225 creatum,
1978 2178 2084 2227 quod
2110 2186 2167 2215 est
2195 2191 2274 2226 ens,
2295 2191 2375 2216 non
2404 2191 2449 2216 ex
2469 2191 2516 2216 eo

1443 2233 1548 2281 quod
1578 2239 1632 2268 est
1660 2232 1735 2269 hoc
1765 2243 1832 2268 ens
1852 2237 1882 2267 *ε
1914 2243 2002 2268 cum
2023 2231 2161 2269 creatio
2182 2231 2228 2269 sit
2248 2232 2439 2270 emanatio
2459 2239 2517 2270 to-

1442 2286 1516 2322 tius
1545 2297 1627 2322 esse
1657 2285 1705 2321 ab
1735 2292 1821 2321 ente
1849 2284 2067 2331 universali,
2088 2293 2130 2322 ut
2159 2285 2302 2322 dictum
2333 2293 2389 2323 est
2406 2285 2438 2323 ²¹⁸.
2468 2286 2518 2324 Et
2543 2289 2554 2299 '

1444 2347 1500 2376 est
1519 2337 1650 2375 similis
1670 2338 1811 2375 modus
1830 2337 2025 2387 loquendi,
2042 2337 2138 2374 sicut
2156 2338 2187 2374 si
2207 2338 2397 2376 diceretur
2411 2340 2517 2388 quod

1437 2393 1609 2441 primum
1642 2391 1786 2429 visibile
1823 2396 1876 2428 est
1912 2391 2036 2437 color,
2067 2391 2246 2440 quamvis
2283 2392 2375 2430 illud
2409 2392 2518 2441 quod

1443 2445 1596 2495 proprie
1624 2444 1786 2490 videtur,
1816 2444 1862 2481 sit
1889 2444 2112 2482 coloratum.

1498 2501 1557 2536 AD
1586 2510 1777 2536 SECUNDUM
1806 2510 1991 2535 memnon
2020 2498 2124 2546 quod
2155 2498 2295 2536 creatio
2324 2511 2404 2536 non
2429 2498 2518 2536 dicit

1445 2551 1753 2590 constitutionem
1775 2551 1828 2589 rei
1849 2551 2085 2600 compositae
2116 2563 2160 2588 ex
2188 2551 2382 2601 principiis
2410 2565 2519 2602 prae-

1446 2606 1712 2643 existentibus:
1744 2605 1811 2642 sed
1832 2605 2088 2655 compositum
2118 2605 2171 2642 sic
2190 2603 2202 2626 λ
2232 2605 2367 2643 dicitur
2388 2606 2517 2654 creari,

1445 2659 1552 2709 quod
1581 2659 1694 2696 simul
1723 2671 1811 2695 cum
1841 2658 2022 2696 omnibus
2047 2658 2125 2696 suis
2152 2659 2346 2709 principiis
2375 2659 2414 2696 in
2435 2671 2517 2697 esse

1444 2712 1678 2763 producitur.

1499 2769 1559 2804 An
1579 2778 1740 2803 TERTIUM
1760 2777 1945 2803 DICENDUM
1961 2765 2067 2815 quod
2087 2765 2181 2804 ratio
2202 2765 2264 2803 illa
2283 2778 2362 2804 non
2380 2766 2519 2816 probat

1447 2820 1553 2869 quod
1573 2820 1654 2857 sola
1674 2819 1833 2856 materia
1854 2826 2016 2865 creetur;
2042 2819 2111 2857 sed
2130 2819 2238 2869 quod
2260 2820 2420 2857 materia
2438 2831 2519 2857 non

318 2876 474 2913 stantiae
513 2875 739 2912 materiales.
786 2875 838 2911 Illi
879 2875 980 2912 enim
1019 2875 1173 2924 proprie
1212 2874 1392 2912 convenit
1448 2874 1494 2911 sit
1521 2873 1590 2911 nisi
1621 2885 1665 2910 ex
1695 2873 1897 2910 creatione.
1928 2873 2032 2910 Nam
2063 2872 2202 2910 creatio
2232 2880 2289 2910 est
2316 2873 2517 2922 productio

319 2942 412 2978 esse,
443 2929 549 2978 quod
569 2930 684 2966 habet
713 2941 811 2974 esse;
843 2936 878 2966 et
903 2929 977 2966 hoc
998 2928 1011 2955 ζ
1041 2936 1096 2965 est
1124 2928 1332 2965 subsistens
1352 2928 1390 2965 in
1447 2927 1561 2965 totius
1590 2939 1686 2974 esse,
1709 2934 1744 2963 et
1773 2939 1852 2963 non
1882 2927 2008 2963 solum
2037 2926 2230 2964 materiae.

372 3056 398 3088 α)
414 3055 566 3088 proprium.
585 3069 604 3074 ·-
618 3054 731 3087 proprie
749 3054 870 3079 ABCDE.

372 3090 397 3124 β)
416 3091 568 3116 subsistens.
586 3105 604 3109 -
622 3094 648 3115 et
666 3090 840 3122 compositum
860 3090 929 3114 addit
948 3091 978 3115 Β.

371 3128 397 3171 1)
418 3127 488 3159 quod
506 3130 624 3168 creatur.
642 3139 661 3145 —
678 3129 788 3167 creatur
806 3126 877 3158 quod
896 3125 1021 3156 ACDEG,
1038 3126 1104 3151 illud
1122 3129 1232 3151 creatur
1252 3124 1324 3158 quod
1342 3125 1371 3149 B.

371 3163 395 3231 ii
414 3170 445 3223 1⁶2?
447 3165 581 3223 ηζέεᾚξιάα-
589 3161 810 3229 ‚Yssssssffifffip
813 3161 912 3221 {Fgrih
932 3197 1057 3227 Anco&
1083 3197 1152 3222 sicut
1171 3203 1246 3222 res...
1258 3196 1328 3222 artis
1346 3203 1390 3221 ex-

320 3234 411 3266 pungit
430 3234 462 3265 F;
481 3241 529 3266 pro
547 3234 623 3262 artis,
644 3236 758 3258 naturae
777 3235 804 3258 et
821 3233 890 3257 artis
909 3233 938 3257 B.

1496 3052 1521 3085 ζ)
1541 3053 1598 3078 hoc.
1616 3067 1636 3072 -
1654 3052 1726 3086 quod
1745 3052 1836 3078 PBDb.

1497 3089 1524 3121 η)
1543 3089 1630 3121 quasi.
1648 3103 1667 3108 -
1684 3095 1715 3114 eo
1733 3089 1806 3121 quod
1824 3089 1853 3113 B.

1497 3122 1521 3157 0)
1540 3124 1726 3150 coexistentia.
1745 3138 1765 3144 -
1782 3124 1960 3149 coexistentes
1978 3124 2120 3157 DEFGpA,
2139 3124 2282 3150 existentis
2301 3125 2331 3150 Β.

1496 3159 1517 3191 ι)
1537 3159 1681 3185 subiectum
1701 3162 1829 3185 creatum.
1848 3173 1867 3179 -
1885 3160 2063 3185 substantiam
2081 3163 2199 3185 creatam
2221 3160 2267 3186 Ρα.

1497 3196 1523 3228 κ)
1543 3203 1595 3221 non
1614 3203 1686 3221 ex...
1701 3203 1756 3221 ens.
1774 3209 1792 3214 —
1811 3195 1873 3220 Om.
1895 3195 1948 3221 DF.

1498 3229 1526 3263 λ)
1546 3231 1592 3257 sic.
1609 3245 1629 3251 -
1647 3231 1710 3257 Om.
1729 3232 1766 3262 A;
1787 3239 1834 3263 pro
1853 3231 1933 3264 quod,
1953 3230 2016 3264 quia
2034 3230 2134 3256 ACDE.

1001 3320 1336 3353 Commentariis
1358 3319 1611 3353 cardinalis
1634 3319 1836 3353 Caietani

325 3423 371 3483 IN
388 3414 491 3451 titulo,
507 3416 677 3455 proprium
695 3413 896 3454 distinguitur
913 3420 1022 3444 contra
1038 3421 1224 3444 commune:
1240 3421 1270 3445 et
1286 3414 1393 3444 creari

353 3459 553 3498 distinguitur
570 3466 678 3490 contra
694 3459 870 3490 concreari.
896 3458 941 3489 Ita
962 3458 1051 3499 quod
1068 3467 1178 3488 sensus
1197 3457 1392 3499 quaestionis

322 3510 383 3534 est:
410 3503 525 3534 Utrum
549 3503 653 3539 creari,
678 3503 721 3534 sic
741 3509 917 3542 sumptum,
935 3503 975 3533 sit
989 3509 1114 3534 tantum
1138 3502 1389 3539 subsistentium,

323 3547 387 3578 sive
411 3547 474 3578 sint
499 3547 675 3587 composita
699 3547 762 3577 sive
786 3557 863 3578 non.

382 3591 419 3622 11.
445 3591 479 3621 ln
504 3601 635 3631 corpore
655 3591 747 3622 unica
766 3598 812 3622 est
829 3591 1009 3622 conclusio:
1037 3591 1149 3622 Creata
1172 3591 1300 3632 proprie
1317 3597 1392 3621 sunt

322 3642 446 3667 tantum
470 3635 678 3666 subsistentia.
694 3653 715 3659 -—
728 3636 768 3666 Et
791 3636 944 3676 probatur
963 3636 1017 3667 sic.
1043 3635 1149 3667 Creari
1166 3643 1211 3667 est
1226 3635 1391 3676 quoddam

1446 3409 1511 3440 fieri
1524 3418 1531 3439 :
1556 3419 1631 3450 ergo
1655 3410 1784 3451 proprie
1799 3409 1949 3441 convenit
1963 3408 2025 3439 illis
2040 3408 2158 3449 quibus
2174 3407 2322 3440 convenit
2337 3415 2422 3439 esse:
2443 3416 2518 3447 ergo

1446 3454 1573 3495 proprie
1598 3454 1746 3486 convenit
1770 3453 2021 3485 subsistentibus.

1501 3499 1607 3529 Prima
1634 3498 1860 3539 consequentia
1889 3496 2058 3538 pro'batur:
2089 3497 2164 3538 quia
2194 3495 2261 3527 fieri
2292 3495 2457 3528 ordinatur
2479 3495 2519 3525 ad

1446 3553 1523 3574 esse.
1539 3562 1560 3567 -
1576 3543 1722 3574 Secunda
1737 3551 1829 3573 vero:
1855 3542 1930 3583 quia
1954 3552 2020 3572 esse
2041 3541 2169 3582 proprie
2186 3540 2335 3572 convenit
2348 3539 2518 3571 subsisten-

1446 3587 1540 3619 tibus.
1567 3588 1665 3625 Quod
1681 3587 1834 3628 probatur
1853 3596 1889 3617 ex
1910 3586 2081 3617 differentia
2097 3586 2178 3616 inter
2194 3584 2394 3616 subsistentia
2410 3590 2440 3615 et
2455 3583 2518 3613 for-

1447 3642 1525 3668 mas,
1550 3632 1732 3668 accidentia,
1750 3639 1779 3663 et
1796 3631 1855 3662 alia
1872 3630 2068 3667 huiusmodi,
2086 3630 2118 3660 in
2136 3630 2197 3661 hoc
2213 3626 2519 3670 quodsubsistenn'a

2539 1651 2552 1663 '⁴
2567 1651 2702 1680 Metaphyt.
2713 1651 2754 1674 lib.

2598 1684 2651 1707 cap.
2665 1684 2686 1705 ι,
2701 1684 2724 1701 ιι.
2749 1695 2754 1701 .

2541 1678 2575 1700 VI

2541 1716 2552 1722 -
2563 1694 2724 1728 s'.·rn.nb.v
2749 1722 2755 1731 ,

2541 1732 2595 1754 lect.
2610 1737 2627 1754 ι.
