2768 4178
970 283 1236 330 QUAESTIO
1266 284 1389 331 XLII,
1418 284 1714 322 ARTICULUS
1745 286 1758 321 I

621 497 1034 576 QUAESTIO
1074 499 2104 575 QUADRAGESIMASECUNDA

384 618 468 659 DE
499 617 942 670 AEQUALITATE
974 614 1054 658 ET
1087 617 1883 720 SIMXSTIQQQMDIVINARUM
1914 619 2333 661 PERSONARUM

1064 785 1103 810 IN
1139 785 1213 810 SEX
1245 785 1482 811 ARTICULOS
1521 786 1664 811 DIVISA

353 891 461 916 EmDE
503 878 826 916 considerandum
864 886 920 916 est
964 879 1011 916 de
1050 879 1335 928 comparatione

353 933 609 969 Personarum
635 931 685 969 ad
703 931 870 969 invicem
884 931 916 969 ²1³.
947 933 997 968 Et
1014 938 1031 953 α
1050 931 1187 981 primo,
1208 932 1335 980 'quan-

125 993 143 1011 ‘
269 992 351 1022 tum
380 986 429 1023 ad
458 984 724 1034 aequalitatem
754 992 790 1021 et
817 984 1121 1032 similitudinem3
1151 985 1334 1032 secundo,

269 1046 456 1087 quan-tum
485 1038 535 1075 ad
562 1037 786 1075 missionem
800 1037 832 1074 ²¹⁸.

270 1091 381 1128 Circa
408 1091 576 1140 primum
606 1098 839 1140 quaeruntur
866 1102 943 1127 sex.

0 1166 3 1183 l
322 1144 471 1181 Primo:
500 1151 629 1181 utrum
658 1143 865 1193 aequalitas
892 1144 1021 1180 locum
1050 1143 1189 1180 habeat
1215 1142 1254 1180 in
1283 1143 1337 1180 di-

375 1197 477 1234 vinis
508 1196 694 1246 personis.

0 1235 4 1298 l
324 1250 521 1287 Secundo:
550 1257 677 1286 utrum
705 1260 872 1297 persona
899 1248 1113 1297 procedens
1133 1248 1179 1284 sit
1198 1259 1337 1296 aequa-

27 930 146 980 ἰῃξῐὸἀςιι.
161 936 242 959 xxxix,

0 1043 3 1054 ¹
28 1044 181 1074 'meum

375 1740 410 1768 r,
410 1670 542 1765 ξῖῃίε
588 1721 807 1771 Aequalitas
836 1722 938 1759 enim
966 1722 1170 1760 attenditur
1203 1735 1336 1760 secun—

330 1770 426 1807 *²³⁶⁹
442 1769 579 1813 &dum
606 1787 728 1812 unum
756 1774 796 1813 in
823 1775 1042 1825 quantitate,
1070 1784 1112 1813 ut
1138 1784 1242 1824 patet
1268 1789 1338 1825 per

236 1827 560 1888 -Philosophum,
576 1828 612 1865 V
625 1828 843 1877 Metaphys.
854 1827 875 1850 ’¹‘
894 1830 937 1865 In
957 1828 1094 1866 divinis
1109 1837 1238 1866 autem
1247 1841 1336 1888 'per-

270 1880 374 1919 sonis
411 1893 491 1918 non
531 1881 723 1918 invenitur
764 1893 889 1930 neque
927 1882 1114 1930 quantitas
1156 1881 1335 1919 continua

269 1933 483 1994 intrinseca,
513 1946 612 1982 quae
642 1933 777 1971 dicitur
798 1934 1041 1982 magnitudo;
1071 1947 1196 1984 neque
1216 1947 1335 1983 quan-

269 1985 354 2025 titas
382 1987 560 2024 continua
597 1986 824 2035 extrinseca,
864 1999 962 2036 quae
1001 1987 1134 2025 dicitur
1165 1988 1271 2025 locus
1300 1995 1337 2025 et

269 2047 439 2089 tempus;
468 2052 594 2089 neque
622 2040 836 2077 secundum
855 2040 1105 2090 quantitatem
1134 2040 1334 2078 discretam

269 2092 460 2130 invenitur
494 2093 532 2130 in
562 2093 614 2130 eis
647 2093 875 2141 aequalitas,
905 2094 992 2143 quia
1020 2095 1118 2131 duae
1146 2106 1333 2143 personae

270 2153 358 2183 sunt
382 2146 511 2195 plures
530 2158 646 2195 quam
665 2158 755 2184 una.
785 2147 886 2194 Ergo
908 2146 1045 2184 divinis
1064 2147 1237 2196 personis
1256 2159 1335 2184 non

271 2199 450 2236 convenit
477 2199 694 2248 aequalitas.

325 2263 360 2289 2.
390 2253 624 2300 PRAETEREA,
654 2251 806 2289 divinae
829 2264 1018 2301 personae
1038 2260 1127 2289 sunt
1144 2252 1257 2289 unius
1277 2265 1334 2289 es-

30 2312 188 2341 *Qu-xxm
198 2315 243 2335 m.
270 2304 433 2352 sentiae,
469 2312 510 2342 ut
537 2317 652 2354 supra
674 2304 695 2326 *
724 2304 865 2342 dictum
893 2312 959 2342 est.
999 2305 1173 2342 Essentia
1205 2313 1334 2342 autem

269 2357 499 2406 significatur
517 2370 587 2407 per
605 2358 768 2395 modum
788 2358 948 2395 formae.
974 2358 1251 2395 Convenientia
1270 2371 1335 2395 au-

268 2418 347 2448 tem
375 2410 414 2447 in
441 2411 566 2448 forma
593 2423 672 2448 non
701 2411 788 2448 facit
815 2411 1093 2471 aequalitatem,
1115 2411 1182 2448 sed
1207 2411 1335 2448 simili-

268 2463 452 2502 tudinem.
490 2465 594 2512 Ergo
631 2464 670 2501 in
707 2463 844 2501 divinis
874 2464 1047 2512 personis
1085 2472 1141 2501 est
1175 2464 1336 2501 dicenda

0 2273 50 2435 ll

0 2437 7 2571 i

115 2528 144 2554 >t
269 2516 482 2562 similitudo,
513 2524 549 2553 et
567 2522 581 2542 ⁷
612 2529 691 2553 non
720 2516 938 2565 aequalitas.

326 2570 360 2606 3.
389 2570 623 2616 PRAETEREA,
654 2569 691 2605 in
720 2569 1026 2618 quibuscumque
1055 2569 1246 2606 invenitur
1273 2582 1334 2606 ae-

130 2627 145 2653 ὃ
271 2621 452 2671 qualitas,
483 2622 544 2658 illa
564 2619 577 2642 δ
606 2629 692 2658 sunt
720 2622 790 2658 sibi
821 2621 987 2659 invicem
1025 2622 1215 2671 aequalia:
1246 2623 1334 2671 quia

272 2675 431 2724 aequale
461 2674 593 2712 dicitur
612 2674 760 2723 aequali
779 2675 950 2722 aequale.
981 2675 1059 2712 Sed
1079 2675 1231 2713 divinae
1249 2688 1335 2725 per-

272 2740 389 2765 sonae
426 2740 506 2764 non
540 2735 700 2776 possunt
736 2727 806 2764 sibi
833 2728 999 2765 invicem
1037 2728 1111 2765 dici
1143 2730 1333 2777 aequales.

272 2781 384 2828 Quia,
413 2787 454 2817 ut
480 2780 712 2829 Augustinus
742 2780 841 2828 dicit,
860 2782 911 2818 VI
936 2781 982 2818 de
1003 2783 1040 2818 T
1035 2782 1107 2819 rin.
1127 2781 1163 2828 ²¹⁶,
1193 2783 1334 2832 imago,

270 2835 304 2871 si
321 2834 488 2883 perfecte
506 2834 634 2883 implet
651 2834 743 2870 illud
768 2834 873 2871 cuius
891 2840 944 2871 est
962 2835 1103 2884 imago,
1124 2836 1203 2883 ipsa
1228 2847 1335 2871 coae-

271 2893 410 2936 quatur
437 2888 482 2933 ei,
512 2899 586 2924 non
615 2887 708 2924 illud
734 2887 896 2937 imagini
919 2900 1022 2925 suae.
1053 2889 1183 2936 Imago
1204 2895 1332 2924 autem

272 2939 394 2978 Patris
410 2948 466 2977 est
481 2940 613 2977 Filius:
635 2940 738 2977 etsie
753 2941 866 2977 Pater
880 2953 958 2978 non
974 2948 1029 2977 est
1043 2941 1209 2989 aequalis
1225 2941 1333 2978 Filio.

272 2994 365 3031 Non
385 3005 474 3041 ergo
494 2993 533 3030 in
553 2993 688 3030 divinis
707 2993 879 3042 personis
897 2993 1086 3030 invenitur
1111 2993 1331 3041 aequalitas.

324 3058 362 3093 4.
391 3047 624 3091 ΡΚΑΕΤΕΚΕΑ,
654 3046 860 3094 aequalitas
887 3046 1017 3083 relatio
1047 3047 1239 3094 quaedam
1265 3054 1331 3084 est.

274 3099 352 3136 Sed
379 3099 481 3135 nulla
509 3099 638 3136 relatio
669 3107 725 3136 est
754 3099 970 3136 communis
998 3099 1176 3136 omnibus
1203 3111 1334 3148 perso-

272 3151 350 3188 nis:
381 3163 470 3188 cum
490 3152 701 3189 secundum
722 3152 921 3189 relationes
948 3164 1136 3201 personae
1165 3152 1212 3190 ab
1241 3152 1334 3190 invi-

273 3217 357 3241 cem
387 3204 669 3253 distinguantur.
709 3206 801 3242 Non
834 3217 922 3253 ergo
956 3205 1163 3253 aequalitas
1197 3205 1333 3243 divinis

271 3257 444 3306 personis
474 3258 661 3295 convenit.

31 2788 48 2820 ἦ
57 2787 115 2816 Cap.
129 2794 154 2810 x.

326 3371 353 3403 α)
374 3370 417 3395 Et.
435 3383 454 3389 —-
472 3370 533 3395 Om.
553 3371 654 3396 codices
673 3376 698 3396 et
716 3372 758 3397 ed.
776 3379 802 3396 a.
819 3385 838 3391 -—
856 3372 907 3396 Pro
925 3374 1092 3404 quaeruntur
1108 3378 1170 3400 sex,
1189 3378 1241 3396 sex
1254 3379 1334 3404 quae-

273 3410 372 3431 runtur
390 3405 492 3430 codices
512 3410 539 3430 et
554 3413 572 3430 a
582 3406 607 3431 b.

326 3440 352 3474 β)
371 3448 432 3473 qua.
450 3454 468 3458 —-
486 3448 538 3473 quo
556 3441 678 3466 ABCDE.

285 3474 290 3479 ”
325 3478 351 3510 γ)
371 3479 406 3501 et.
423 3490 443 3494 —
460 3475 508 3500 sed
526 3476 627 3501 codices
647 3481 672 3500 et
690 3477 731 3501 ed.
744 3484 770 3502 a.

325 3511 350 3543 ὅ)
370 3511 424 3536 illa.
442 3525 461 3529 -
479 3511 541 3535 Om.
560 3511 662 3535 codices
681 3516 706 3535 et
725 3512 764 3536 ed.
778 3519 805 3537 a.

326 3547 348 3579 ε)
368 3549 524 3571 coaeternae
542 3545 592 3570 sibi
609 3549 672 3571 sunt
690 3549 724 3570 et.
741 3560 761 3565 -
777 3550 841 3572 sunt
864 3547 914 3572 sibi
931 3547 1075 3580 ACDEpB,
1094 3550 1156 3572 sunt
1178 3547 1228 3573 sibi
1246 3551 1273 3572 et
1290 3548 1334 3578 sB,

273 3585 335 3607 sunt
353 3582 424 3610 FGa,
443 3585 599 3606 coaeternae
618 3585 644 3606 et
661 3581 712 3606 sibi
729 3585 792 3606 sunt
810 3582 852 3607 ed.
870 3582 893 3607 b.

325 3617 350 3650 ζ)
370 3617 486 3642 deitatis.
503 3630 522 3635 -
540 3616 602 3641 Om.
621 3616 652 3641 G.
670 3630 689 3635 —
708 3616 759 3640 Pro
777 3616 832 3649 qui,
847 3617 918 3649 quod
932 3617 987 3643 FG.
1004 3630 1023 3636 —-
1040 3618 1091 3642 Pro
1107 3618 1270 3648 meritorum,
1286 3625 1334 3643 nu-

0 3656 10 3694 „
0 3571 22 3647 ,Ψ
8 3539 10 3541 v

14 4105 15 4109 „
0 4000 16 4094 army»
0 3767 23 3988 „vgsm-„au-agan-:ae
6 3755 10 3759 .
0 3702 7 3747 ’νὴ

1495 880 1540 916 lis
1570 880 1603 916 ei
1632 893 1654 917 a
1682 892 1759 929 qua
1782 879 1799 909 β
1827 881 2016 930 procedit,
2050 881 2262 919 secundum
2295 881 2453 919 aeterni-

1496 940 1627 970 tatem.
2200 980 2207 983 „

1429 985 1580 1022 Tertio·
1609 994 1738 1023 utrum
1767 986 1811 1023 sit
1839 986 1972 1035 aliquis
1999 987 2095 1024 ordo
2127 986 2167 1024 in
2201 987 2337 1025 divinis
2368 1000 2453 1037 per-

1497 1039 1612 1076 sonis.

1431 1091 1594 1138 Quarto:
1623 1099 1752 1128 utrum
1780 1104 1967 1141 personae
1997 1092 2147 1130 divinae
2176 1092 2250 1130 sint
2277 1094 2454 1142 aequales

1498 1144 1710 1181 secundum
1739 1144 2053 1192 magnitudinem.
2305 1185 2313 1191 ,

1432 1196 1591 1242 Quinto:
1621 1204 1749 1233 utrum
1777 1209 1855 1234 una
1884 1210 2016 1234 earum
2046 1198 2091 1235 sit
2118 1198 2156 1235 in
2184 1198 2266 1235 alia.

1432 1249 1563 1285 Sexto:
1579 1257 1708 1286 utrum
1724 1249 1797 1286 sint
1811 1251 1989 1299 aequales
2005 1250 2217 1287 secundum
2231 1251 2452 1300 potentiam.

1087 1356 1404 1399 ARTICULUS
1434 1357 1641 1400 PRIMUS

822 1449 978 1480 UTRUM
1001 1449 1279 1487 AEQUAmTAs
1303 1449 1458 1480 Locum
1481 1450 1659 1481 HABEAT
1683 1451 1726 1481 IN
1749 1450 1905 1482 mlels

1132 1528 1142 1552 1
1162 1528 1244 1557 Sent„
1265 1528 1324 1554 dist.
1342 1536 1392 1558 xlx,
1411 1536 1456 1561 qu.
1469 1536 1488 1560 1,
1506 1534 1552 1553 art.
1576 1537 1598 1554 1.
1639 1563 1643 1567 η

1448 1618 1522 1654 SED
1542 1629 1688 1655 CONTRA
1707 1630 1773 1655 EST
1793 1619 1896 1667 quod
1924 1620 2154 1657 Athanasius
2183 1620 2271 1657 dicit
2288 1620 2319 1668 ²¹²,
2350 1621 2455 1670 quod

1393 1676 1466 1707 tres
1485 1682 1673 1719 personae
1691 1677 1913 1708 coaeternae
1930 1673 2002 1709 sibi
2026 1679 2112 1710 sunt
2136 1679 2172 1710 et
2187 1679 2198 1693 ¹
2222 1674 2453 1722 coaequales.

1446 1724 1671 1761 Responzo
1700 1736 1883 1762 DICENDUM
1911 1726 2017 1774 quod
2045 1739 2200 1763 neeesse
2230 1733 2285 1763 est
2310 1739 2455 1775 ponere

1392 1776 1658 1825 aequalitatem
1677 1777 1716 1814 in
1737 1777 1872 1815 divinis
1898 1779 2084 1827 personis.
2115 1779 2215 1826 Quia
2243 1780 2455 1817 secundum

1391 1829 1681 1879 Philosophum,
1710 1830 1747 1867 in
1776 1831 1811 1867 X
1838 1832 2055 1880 Metaphys.
2076 1832 2107 1880 ²¹³,
2138 1833 2296 1881 aequale
2324 1833 2456 1870 dicitur

1393 1882 1500 1931 quasi
1528 1895 1597 1932 per
1628 1883 1870 1931 negationem
1907 1885 2065 1922 minoris
2094 1892 2130 1922 et
2157 1885 2324 1922 maioris.
2363 1887 2454 1923 Non

1392 1943 1520 1972 autem
1546 1948 1752 1984 possumus
1780 1936 1819 1973 in
1852 1936 1988 1974 divinis
2016 1938 2187 1987 personis
2215 1950 2359 1987 ponere
2392 1938 2455 1975 ali-

1392 1988 1485 2036 quid
1513 1989 1636 2025 maius
1666 1996 1702 2026 et
1729 1989 1876 2026 minus:
1906 1990 2005 2039 quia,
2034 1998 2076 2028 ut
2102 1991 2257 2028 Boetius
2285 1991 2388 2039 dicit,
2417 1991 2455 2028 in

1391 2041 1486 2078 libro
1506 2042 1552 2078 de
1574 2043 1610 2078 T
1605 2042 1677 2079 rin.
1697 2041 1729 2088 ³⁸,
1759 2054 1822 2079 eos
1848 2043 2071 2092 differentia,
2101 2043 2238 2081 scilicet
2266 2044 2409 2081 deitatis
2429 2044 2454 2091 ς,

1392 2095 1602 2141 comitatur,
1632 2095 1698 2143 qui
1719 2096 1779 2132 uel
1797 2102 1939 2145 augent
1965 2097 2026 2133 vel
2043 2097 2226 2143 minuunt,
2249 2103 2289 2133 ut
2304 2098 2454 2144 Ariani,

1392 2148 1459 2196 qui
1473 2148 1657 2197 gradibus
1676 2148 1896 2185 meritorum
1920 2149 2138 2187 Trinitatem
2167 2150 2356 2187 variantes
2384 2151 2456 2188 dis-

1391 2202 1558 2247 trahunt,
1588 2207 1699 2249 atque
1727 2202 1763 2238 in
1786 2202 2043 2250 pluralitatem
2072 2203 2268 2240 deducunt.

1446 2253 1562 2290 Cuius
1590 2253 1683 2290 ratio
1713 2261 1785 2300 est,
1814 2254 1904 2303 quia
1940 2255 2197 2304 inaequalium
2226 2268 2305 2293 non
2332 2263 2457 2305 potest

1391 2318 1475 2343 esse
1503 2319 1580 2343 una
1609 2307 1795 2355 quantitas
1824 2320 1999 2344 numero.
2035 2308 2233 2354 Quantitas
2261 2316 2388 2346 autem
2417 2309 2456 2346 in

1392 2359 1528 2396 divinis
1547 2365 1560 2382 '¹
1590 2372 1668 2396 non
1688 2368 1744 2396 est
1771 2360 1871 2398 aliud
1900 2373 2018 2409 quarn
2043 2361 2122 2398 eius
2142 2362 2312 2399 essentia.
2342 2362 2454 2399 Unde

1391 2412 1613 2460 relinquitur
1640 2413 1763 2461 quod,
1798 2413 1828 2450 si
1857 2422 1954 2450 esset
1986 2414 2112 2462 aliqua
2144 2414 2388 2464 inaequalitas
2417 2415 2455 2451 in

1392 2465 1527 2512 divinis
1555 2465 1744 2514 personis,
1775 2466 1880 2513 quod
1912 2479 1991 2503 non
2020 2474 2118 2503 esset
2144 2467 2183 2504 in
2212 2467 2264 2504 eis
2291 2480 2369 2504 una
2397 2480 2454 2504 es-

1392 2517 1525 2554 sentia:
1548 2525 1583 2554 et
1602 2518 1654 2554 sic
1674 2530 1752 2555 non
1772 2526 1897 2555 essent
1916 2526 1991 2555 tres
2010 2531 2197 2567 personae
2216 2533 2316 2557 unus
2335 2521 2453 2568 Deus,

1391 2571 1495 2619 quod
1515 2578 1571 2607 est
1589 2570 1835 2619 impossibile.
1866 2571 2027 2630 Oportet
2053 2572 2163 2620 igitur
2190 2573 2454 2621 aequalitatem

1390 2635 1535 2672 ponere
1563 2623 1602 2660 in
1631 2623 1766 2660 divinis
1793 2624 1978 2673 personis.

1444 2678 1503 2712 AD
1541 2688 1677 2713 Palmum
1715 2688 1812 2713 ERGO
1855 2689 2039 2714 DICENDUM
2081 2678 2185 2727 quod
2223 2679 2362 2727 duplex
2400 2687 2455 2716 est

1391 2729 1577 2777 quantitas
1605 2726 1628 2765 θ.
1664 2730 1750 2766 Una
1786 2730 1926 2766 scilicet
1962 2743 2060 2778 quae
2098 2730 2231 2768 dicitur
2267 2732 2454 2779 quantitas

1391 2782 1510 2828 molis,
1526 2783 1589 2819 vel
1610 2782 1796 2831 quantitas
1817 2782 2039 2830 dimensiva,
2057 2796 2155 2832 quae
2175 2784 2214 2820 in
2233 2785 2319 2821 solis
2340 2786 2453 2822 rebus

1392 2835 1652 2883 corporalibus
1682 2843 1753 2872 est:
1782 2835 1918 2872 unde
1909 2849 1947 2873 1n
1972 2836 2109 2874 divinis
2127 2838 2300 2885 personis
2324 2839 2452 2874 locum

1391 2900 1471 2924 non
1497 2889 1612 2924 habet
1631 2887 1662 2924 *.
1694 2888 1771 2925 Sed
1795 2895 1803 2909 ¹
1832 2888 1903 2925 alia
1932 2897 1987 2926 est
2014 2891 2201 2938 quantitas
2228 2891 2374 2927 virtutis
2400 2890 2452 2938 *ἦ

1391 2953 1489 2989 quae
1518 2941 1720 2978 attenditur
1753 2941 1964 2979 secundum
1991 2943 2264 2991 perfectionem
2300 2943 2454 2980 alicuius

1391 3002 1546 3030 naturae
1571 2994 1634 3030 vel
1662 2994 1826 3031 formae:
1857 3006 1955 3043 quae
1974 2996 2130 3044 quidem
2149 2996 2337 3045 quantitas
2358 2996 2453 3034 desi-

1389 3055 1524 3094 gnatur
1552 3047 1764 3084 secundum
1790 3047 1898 3095 ‘quod
1926 3047 2059 3085 dicitur
2087 3048 2227 3097 aliquid
2251 3049 2370 3096 magis
2389 3051 2452 3086 vel

1388 3099 1514 3136 minus
1544 3099 1725 3147 calidum,
1754 3099 1981 3149 inquantum
2001 3109 2056 3138 est
2074 3101 2274 3150 perfectius
2300 3103 2363 3139 vel
2382 3102 2453 3139 mi-

1389 3165 1461 3189 nus
1496 3153 1708 3201 perfectum
1736 3152 1775 3190 in
1804 3153 1987 3190 caliditate
2007 3162 2034 3191 κ.
2065 3154 2296 3191 Huiusmodi
2325 3162 2452 3192 autem

1389 3205 1576 3255 quantitas
1609 3205 1777 3242 virtualis
1816 3207 2016 3243 attenditur
2056 3207 2180 3255 primo
2219 3207 2374 3255 quidem
2413 3208 2451 3245 in

1390 3258 1532 3305 radice,
1562 3258 1659 3295 idest
1685 3258 1723 3294 in
1750 3258 1832 3307 ipsa
1858 3259 2091 3308 perfectione
2123 3260 2269 3297 formae
2297 3261 2359 3297 vel
2386 3273 2451 3298 na-

1389 3379 1522 3396 merorum
1546 3371 1704 3396 PABCDEb.
1722 3385 1741 3390 -
1760 3372 1810 3396 Pro
1833 3373 1982 3402 deducunt,
2007 3373 2125 3398 reddunt
2146 3373 2183 3403 D,
2203 3372 2320 3398 reddunt
2342 3373 2383 3398 vel
2406 3373 2451 3398 de-

1389 3407 1490 3432 ducunt
1507 3407 1536 3431 B.

1441 3442 1467 3474 η)
1488 3442 1514 3466 in
1534 3442 1641 3466 divinis.
1654 3442 1713 3467 -in
1729 3442 1826 3467 divinis
1840 3442 1964 3474 personis
1982 3443 2041 3473 BD;
2061 3443 2167 3468 diversa
2185 3443 2290 3468 tolleret
2303 3443 2330 3468 in
2344 3443 2450 3474 divinis,

1388 3478 1489 3502 omisso
1509 3484 1559 3501 non
1575 3480 1647 3502 est...
1663 3477 1839 3510 inaequalitas
1859 3478 1884 3502 in
1905 3478 2001 3502 divinis
2015 3478 2047 3503 G.
2065 3492 2084 3497 -
2101 3479 2152 3502 Pro
2166 3485 2245 3510 quam
2260 3478 2316 3503 eius
2328 3479 2449 3507 essentia,

1388 3515 1470 3537 extra
1488 3512 1544 3537 eius
1562 3513 1701 3537 essentiam
1721 3513 1750 3537 F.
1767 3526 1787 3532 -
1804 3513 1875 3545 quod
1893 3518 1953 3545 post
1971 3513 2132 3545 relinquitur
2150 3521 2203 3538 om.
2218 3514 2338 3539 ABCDF.

1442 3546 1466 3579 θ)
1486 3547 1630 3579 quantitas.
1647 3561 1667 3566 -
1684 3548 1711 3572 in
1731 3548 1829 3573 divinis
1843 3548 1966 3580 personis
1985 3549 2054 3573 addit
2071 3549 2102 3574 B.

1443 3583 1460 3615 ι)
1482 3583 1544 3608 Sed.
1562 3597 1582 3601 —
1601 3583 1663 3607 Om.
1682 3583 1783 3607 codices
1803 3588 1827 3607 et
1846 3584 1887 3608 ed.
1905 3590 1931 3607 a.

1441 3618 1466 3651 κ)
1478 3618 1504 3642 ίη
1515 3618 1660 3643 caliditate.
1668 3618 1723 3643 -in
1737 3618 1785 3643 tali
1797 3618 1934 3643 caliditate
1944 3618 1996 3643 P.-
2006 3619 2056 3643 Pro
2065 3619 2234 3650 Huiusmodi,
2245 3619 2320 3645 Haec
2329 3619 2449 3644 ABCDE.

2481 1633 2492 1644 ⁸
2506 1633 2531 1655 In
2546 1633 2670 1662 symbolo.

2580 1689 2590 1705 ε

2483 1836 2492 1845 ·
2507 1835 2578 1858 S.Th.
2590 1836 2691 1858 lect.vn.

2482 1873 2493 1878 -
2514 1862 2568 1884 Did.
2590 1863 2630 1884 lib.
2645 1863 2694 1891 IX,

2483 1894 2534 1916 cap.
2548 1895 2571 1916 v,
2587 1895 2610 1910 n.
2626 1889 2648 1910 6.

2483 2046 2562 2095 l‘egapl.
2571 2052 2588 2068 ι.
2600 2047 2637 2069 -8
2642 2047 2695 2069 .Th.

2482 2895 2491 2904 '¹
2506 2894 2534 2915 D.
2548 2900 2592 2922 555,
2608 2894 2674 2916 1080.
2718 2902 2722 2905 ·

2480 2956 2503 2967 ⁸·
2517 2956 2545 2978 D.
2559 2932 2614 2984 47ιο.
