2768 4178
142 1717 157 1732 ι.
174 1723 183 1726 -
199 1710 254 1731 Did.

41 1712 51 1722 ι

40 1738 82 1759 lib.
93 1718 132 1765 III,
142 1744 194 1764 c.11,
204 1743 253 1765 n.3.

42 2062 49 2070 “
68 2060 103 2081 Cf.
120 2065 183 2081 num.
201 2065 225 2080 n.

42 2151 50 2157 ·
71 2148 130 2170 Ptol.
146 2148 224 2174 Sent.,

41 2181 81 2202 qu.
92 2181 114 2196 ιν
123 2192 128 2199 ,
149 2179 190 2196 art.
200 2180 224 2200 2,

40 2202 114 2223 concl.
126 2208 146 2222 2.

289 306 336 331 20
1004 285 1274 335 QUAESTIO
1305 286 1337 331 I,
1371 282 1667 325 ARTICULUS
1696 281 1766 318 VII

338 370 534 403 Antecedens
558 368 776 399 manifestatur
799 367 831 397 in
856 367 981 397 obiecto
1004 366 1101 396 visus.
1117 365 1255 395 —Prima
1278 374 1354 394 vero

283 416 508 457 consequentia
520 415 680 455 probatur.
694 413 880 443 Subiectum
893 412 933 441 ad
945 410 1108 441 scientiam
1124 419 1156 440 se
1168 409 1263 440 habet
1274 409 1357 440 sicut

283 462 445 493 obiectum
460 460 500 490 ad
516 458 692 499 potentiam
708 442 758 487 vel
773 456 932 487 habitum:
958 464 1043 495 ergo,
1061 454 1087 484 si
1106 453 1277 490 obiectum,
1295 459 1354 484 etc.

263 513 302 530 '—
318 505 464 537 Secunda
487 511 594 534 autem
619 494 845 542 consequentia
872 501 1035 541 probatur.
1066 498 1185 529 OmnIa
1210 498 1355 528 conside-

283 557 390 581 rantur
413 550 446 579 in
470 558 555 579 sacra
583 546 724 577 doctrina
748 546 806 576 sub
830 545 952 575 ratione
980 543 1055 574 Dei:
1081 552 1171 582 erg0,
1201 542 1227 572 si
1252 541 1354 572 subie-

283 603 379 630 ctum,
394 600 451 624 etc.
467 595 681 631 Assumptum
696 591 862 631 probatur:
881 588 956 630 quia
972 587 1081 618 omnia
1097 587 1147 617 vel
1163 593 1238 617 sunt
1256 587 1353 622 Deus,

256 662 259 664 .
282 639 332 669 vel
356 639 395 668 ad
419 638 526 668 Deum
549 635 744 671 ordinantur,
769 641 805 665 ut
828 633 1023 674 principium
1046 638 1101 662 aut
1123 630 1230 667 finem,
1250 637 1307 662 etc.

336 683 389 713 111.
410 681 502 712 Circa
534 679 757 720 probationem
790 678 909 718 primae
943 675 1203 717 consequentiae,
1229 675 1354 706 adverte

282 727 371 768 quod
394 726 448 756 illa
475 724 654 765 propositio
688 730 865 763 assumpta,
890 723 973 753 sicut
1001 721 1154 751 obiectum
1179 720 1222 751 ad
1239 725 1355 760 poten-

283 773 372 808 tiam,
391 772 436 801 ita
451 769 625 800 subiectum
646 768 690 799 ad
704 768 881 805 scientiam,
898 776 964 797 non
981 771 1028 796 est
1046 774 1129 804 opus
1144 764 1235 805 quod
1251 770 1355 795 currat

282 815 390 857 quoad
418 813 543 845 onmia:
569 813 625 844 sed
648 819 695 843 sat
717 818 764 843 est
790 811 974 852 proposito,
999 809 1089 850 quod
1112 808 1354 849 teneatfquoad

282 859 526 900 proportionem
549 857 679 888 rationis
703 856 859 892 formalis;
883 855 927 886 ita
949 855 1048 896 quod,
1074 854 1155 884 sicut
1186 852 1267 884 ratio
1291 852 1354 883 for-

283 904 374 935 malis
398 903 512 934 obiecti
542 901 702 943 potentiae
731 907 777 931 est
805 910 841 931 ea
869 910 932 940 qua
965 899 1075 930 omnia
1104 897 1282 929 referuntur
1314 897 1354 927 ad

282 949 369 979 illam
386 947 570 988 potentiam,
590 946 633 976 ita
646 945 726 976 ratio
746 944 888 975 formalis
912 943 1044 974 subiecti
1063 942 1209 975 scientiae
1229 949 1275 972 est
1290 941 1353 978 illa,

281 993 403 1023 ratione
427 991 516 1023 cuius
540 990 649 1021 omnia
679 989 917 1020 considerantur
939 989 971 1018 in
995 988 1048 1018 illa
1070 987 1210 1019 scientia.
1238 987 1354 1018 Utrum

282 1044 389 1068 autem
413 1042 517 1067 teneat
540 1034 715 1065 similitudo
743 1034 851 1074 quoad
875 1033 949 1069 alia,
974 1040 1052 1073 puta
1075 1032 1184 1073 quoad
1208 1041 1354 1063 commu-

282 1082 413 1112 nitatem
437 1078 493 1123 (ut
515 1080 596 1110 sicut
619 1078 780 1109 obiectum
813 1077 947 1108 formale
970 1077 1130 1117 potentiae
1164 1083 1211 1107 est
1233 1075 1355 1117 aliquid

282 1135 454 1156 commune
464 1124 619 1158 ‚omnibus
636 1133 691 1163 per
707 1133 739 1153 se
756 1122 886 1153 obiectis
902 1121 987 1152 iuius
1003 1121 1174 1162 potentiae,
1191 1121 1235 1152 ita
1249 1121 1355 1152 subie-

282 1177 369 1201 ctum
392 1169 538 1200 scientiae
562 1168 673 1198 debeat
696 1177 763 1197 esse
787 1166 908 1208 aliquid
927 1176 1100 1197 commune
1123 1166 1275 1197 omnibus
1298 1175 1355 1206 per

281 1225 314 1244 se
338 1214 485 1244 subiectis
508 1211 618 1254 illius),
645 1221 711 1242 non
735 1218 781 1242 est
809 1211 980 1252 praesentis
1004 1211 1179 1252 propositi:
1207 1210 1354 1252 quamvis

282 1258 446 1289 manifeste
462 1264 567 1298 pateat
581 1257 655 1287 hinc
679 1257 768 1297 quod
783 1265 849 1286 non
873 1262 1001 1296 oportet
1014 1256 1097 1287 hanc
1113 1255 1354 1286 similitudinem

281 1304 408 1339 salvare,
421 1303 496 1343 quia
511 1301 641 1342 ponitur
658 1300 836 1331 subiectum
851 1300 948 1331 huius
967 1300 1123 1337 scientiae,
1139 1310 1206 1331 non
1222 1299 1355 1341 aliquod

282 1357 464 1383 commune,
489 1346 544 1377 sed
567 1346 654 1377 Deus
678 1352 714 1376 ut
736 1346 842 1381 Deus,
869 1355 977 1386 quern,
1002 1352 1038 1376 ut
1061 1345 1114 1382 sic,
1140 1351 1264 1376 constat
1287 1354 1354 1376 esse

282 1392 439 1432 singulare
463 1391 637 1432 quoddam.

337 1437 403 1467 Nec
434 1436 538 1467 obstat
567 1434 657 1476 quod
687 1434 719 1464 in
744 1434 755 1464 1
780 1433 887 1471 Sem„
912 1434 998 1465 artic.
1021 1444 1043 1474 4
1065 1433 1215 1474 Prologi,
1244 1434 1356 1466 dixerit

282 1493 305 1512 s.
329 1481 474 1512 Thomas
504 1480 593 1520 quod
621 1478 800 1509 subiectum
833 1478 981 1509 scientiae
1009 1479 1104 1510 habet
1136 1479 1217 1509 hanc
1245 1478 1354 1509 condi-

282 1526 419 1561 tionem,
445 1523 561 1555 scilicet
588 1524 677 1564 quod
705 1530 752 1554 est
775 1532 949 1553 commune
977 1533 1034 1564 per
1066 1522 1352 1564 praedicationem:

282 1570 435 1611 quoniam
451 1569 530 1599 illud
553 1575 599 1598 est
614 1578 726 1598 verum
745 1567 923 1598 secundum
940 1567 1153 1598 communiter
1171 1567 1354 1604 accidentia,

282 1622 312 1645 et
335 1624 401 1645 non
425 1613 610 1644 necessario.
635 1612 789 1643 Videmus
810 1612 896 1642 enim
912 1612 1135 1648 communiter,
1153 1612 1186 1643 in
1207 1612 1355 1643 subiectis

282 1658 494 1690 communiter
513 1657 675 1696 assignatis
695 1656 832 1687 scientiis
847 1667 866 1687 a
880 1657 1074 1693 doctoribus,
1094 1657 1183 1687 illam
1198 1657 1355 1688 conditio-

282 1714 356 1734 nem
379 1702 525 1733 inveniri:
551 1711 617 1732 non
640 1707 748 1732 tamen
772 1707 908 1741 oportet,
924 1708 960 1732 ut
975 1708 1061 1742 patet
1076 1702 1119 1733 IV
1134 1702 1320 1743 Metaphys.
1336 1701 1354 1720 ἓ

282 1749 313 1778 in
339 1747 468 1778 scientia
491 1747 529 1777 de
553 1755 641 1776 sano.
666 1763 685 1768 —
708 1746 819 1776 Posset
842 1755 974 1786 quoque
997 1746 1108 1776 salvari
1140 1746 1355 1777 communitas

282 1803 338 1833 per
361 1790 628 1832 praedicationem
657 1790 688 1819 in
713 1790 803 1820 omni
832 1789 992 1827 subiecto,
1022 1800 1089 1820 non
1112 1790 1145 1820 in
1169 1797 1273 1827 recto,
1299 1791 1355 1822 sed

282 1838 314 1867 in
338 1843 423 1867 recto
446 1835 497 1865 vel
521 1834 670 1875 obliquo:
701 1834 744 1864 sic
775 1834 861 1864 enim
890 1834 986 1865 etiarn
1016 1835 1104 1866 Deus
1135 1835 1174 1866 de
1203 1835 1354 1866 omnibus

282 1880 515 1920 theologalibus
545 1879 756 1919 praedicatur,
782 1878 856 1919 quia
885 1886 959 1909 sunt
982 1886 1037 1910 aut
1059 1880 1164 1916 Deus,
1194 1877 1353 1918 autDei,

282 1932 336 1956 aut
359 1925 402 1956 ad
423 1925 541 1961 Deum,
566 1930 621 1954 aut
636 1933 656 1954 a
675 1924 758 1962 Deo,
780 1930 837 1954 etc.
858 1923 963 1954 Prima
987 1930 1094 1954 tamen
1117 1924 1284 1965 responsio
1309 1931 1355 1955 est

282 1970 322 2000 ad
346 1969 492 2001 litteram.

337 2014 390 2045 1V.
411 2013 502 2044 Circa
526 2011 779 2053 propositionem
803 2017 1001 2052 assumptam
1030 2011 1062 2042 in
1094 2012 1282 2052 probatione
1307 2023 1354 2044 se-

281 2059 402 2089 cundae
434 2055 677 2097 consequentiae
696 2055 730 2092 *,
755 2055 885 2092 scilicet,
911 2057 1020 2087 omnia
1046 2057 1296 2088 considerantur
1319 2059 1352 2089 in

280 2104 341 2134 hac
362 2103 496 2134 scientia
519 2101 578 2132 sub
602 2098 728 2131 ratione
750 2100 828 2137 Dei,
855 2100 1018 2131 dubitatur
1037 2101 1230 2141 simpliciter,
1258 2109 1289 2133 et
1311 2102 1356 2133 ad

280 2149 450 2178 hominem.
464 2146 658 2186 Simpliciter
673 2144 805 2186 quidem
819 2144 922 2185 arguit
932 2144 1104 2185 Gregorius
1117 2146 1156 2177 de
1167 2146 1314 2177 Arimino
1324 2145 1352 2178 ’ἦ

281 2193 313 2223 Si
337 2193 423 2222 Deus
447 2191 506 2221 sub
538 2189 658 2220 ratione
687 2188 810 2219 deitatis
840 2195 921 2220 esset
951 2189 1130 2221 subiectum
1163 2190 1352 2231 theologiae,

280 2244 346 2268 tam
369 2237 537 2266 beatorum
552 2243 651 2274 quam
666 2239 801 2269 nostrae,
820 2240 980 2273 oporteret
1003 2234 1093 2275 quod
1109 2234 1219 2265 omnia
1236 2245 1354 2275 cogno-

282 2280 401 2311 scibilia
424 2280 463 2310 de
487 2279 556 2309 Deo
573 2277 695 2308 ratione
710 2277 842 2313 deitatis,
861 2278 1007 2309 caderent
1020 2279 1079 2309 sub
1097 2278 1267 2319 theologia.
1293 2279 1355 2311 Sed

282 2326 343 2356 hoc
368 2330 414 2355 est
437 2322 650 2363 impossibile:
675 2329 746 2352 turn
769 2321 844 2362 quia
868 2322 978 2352 omnia
1002 2322 1186 2364 simpliciter
1209 2324 1356 2356 caderent

282 2370 341 2400 sub
365 2367 541 2408 theologia;
572 2374 642 2398 tum
669 2366 744 2408 quia
772 2365 911 2397 infinitae
943 2367 1088 2398 veritates
1116 2368 1263 2399 caderent
1295 2369 1354 2400 sub

283 2413 403 2445 eadem.
427 2413 486 2443 Per
506 2411 655 2442 deitatem
670 2410 756 2441 enim
771 2410 880 2442 omnia
897 2411 1122 2451 cognoscibilia
1147 2419 1230 2450 sunt,
1253 2419 1283 2444 et
1306 2413 1354 2444 in-

282 2458 380 2494 finita,
401 2464 469 2492 etc„
487 2462 523 2486 ut
539 2462 624 2496 patet
642 2455 677 2486 in
693 2454 822 2486 scientia
845 2465 944 2496 quam
967 2456 1055 2488 Deus
1071 2457 1166 2488 habet
1186 2457 1225 2488 de
1248 2457 1355 2499 seipso

284 2512 339 2543 per
363 2501 529 2532 essentiam
553 2510 654 2531 suam.

339 2546 389 2577 Ad
412 2546 569 2576 hominem
593 2554 678 2580 vero,
697 2543 772 2584 quia
794 2543 929 2584 ipsemet
952 2555 976 2575 s.
995 2545 1140 2576 Thomas
1163 2545 1196 2576 in
1215 2546 1354 2587 Prologo

285 2592 295 2621 1
314 2591 414 2628 Sent„
435 2596 490 2620 art.
507 2599 537 2629 4,
555 2598 697 2629 expresse
717 2588 791 2618 dicit
810 2588 989 2620 subiectum
1005 2589 1102 2620 huius
1125 2590 1272 2622 scientiae
1289 2601 1356 2622 esse

285 2645 341 2666 ens
364 2634 506 2665 divinum
519 2643 581 2674 per
597 2634 838 2673 inspirationem
855 2634 1086 2674 cognoscibile:
1110 2641 1140 2666 et
1156 2645 1222 2666 non
1238 2636 1355 2672 Deum,

285 2679 343 2710 nisi
368 2679 449 2709 sicut
472 2677 650 2708 subiectum
674 2677 855 2717 principale.
879 2678 975 2718 Ergo,
993 2685 1051 2710 etc.

339 2723 378 2754 V.
403 2723 453 2753 Ad
478 2722 617 2762 primum
642 2722 768 2756 horum,
786 2723 928 2762 neganda
952 2729 998 2754 est
1022 2724 1258 2764 consequentia,
1283 2735 1356 2765 pro-

286 2775 355 2808 pter
378 2767 539 2807 duplicem
561 2766 727 2797 rationem.
759 2766 869 2796 Prima
893 2773 957 2802 est,
989 2767 1063 2808 quia
1088 2768 1266 2809 theologia,
1291 2769 1357 2800 sive

286 2819 394 2842 nostra
416 2811 481 2842 sive
504 2812 603 2846 beata,
621 2817 667 2841 est
683 2809 810 2841 scientia
833 2811 1041 2852 inadaequata
1061 2812 1221 2844 subiecto:
1246 2814 1356 2845 condi-

285 2855 412 2887 tionalis
436 2862 543 2886 autem
565 2855 619 2885 illa
643 2861 689 2885 est
703 2864 776 2885 vera
795 2855 834 2885 de
853 2855 980 2886 scientia
1003 2857 1178 2898 adaequata
1202 2858 1354 2890 subiecto.

286 2901 381 2932 Solus
398 2899 483 2931 enim
502 2900 588 2930 Deus
611 2899 706 2930 habet
729 2899 924 2939 theologiam
947 2900 1155 2942 adaequatam
1170 2902 1238 2933 eius
1253 2903 1357 2934 subie-

287 2951 338 2976 cto
362 2944 497 2980 formali.
514 2962 535 2966 -
551 2944 613 2975 Sed
629 2943 705 2974 haec
721 2943 800 2974 ratio
823 2943 902 2974 nihil
915 2944 1040 2976 videtur
1054 2946 1166 2978 valere.
1192 2947 1356 2985 Quoniam

286 2989 365 3020 ratio
390 2988 530 3019 formalis
554 2987 685 3019 subiecti
710 2994 740 3018 et
763 2987 901 3024 scientia,
922 2996 1048 3029 oportet
1070 2992 1159 3031 quod
1182 2992 1356 3034 adaequate

286 3034 343 3064 sibi
359 3033 586 3073 respondeant:
611 3032 758 3073 alioquin
770 3032 915 3063 scientiae
934 3043 1000 3064 non
1021 3034 1287 3076 distinguerentur
1301 3046 1358 3077 per

286 3079 427 3109 subiecta
450 3077 610 3113 formalia;
636 3086 693 3108 nec
717 3083 824 3117 posset
854 3077 1002 3118 assignari
1030 3079 1110 3110 ratio
1133 3090 1231 3122 quare
1255 3081 1357 3122 magis

287 3123 344 3153 ista
368 3132 466 3163 quam
488 3122 542 3152 illa
565 3122 604 3152 de
626 3121 681 3152 tali
705 3121 848 3152 subiecto
871 3122 1058 3155 considerat.

343 3167 434 3197 Unde
458 3166 633 3206 assignatur
661 3166 727 3196 alia
751 3167 835 3197 ratio
863 3167 1048 3207 negationis.
1073 3168 1114 3200 Et
1137 3176 1200 3206 est,
1224 3169 1300 3210 quia
1323 3169 1356 3200 in

288 3211 488 3242 antecedente
511 3210 596 3241 illius
627 3209 847 3241 conditionalis
880 3221 946 3242 non
969 3211 1005 3242 fit
1027 3213 1149 3244 mentio
1173 3213 1212 3244 de
1235 3213 1357 3245 ratione

289 3255 413 3286 formali
428 3256 485 3286 sub
504 3265 567 3296 qua
576 3265 590 3293 ‚·
611 3264 685 3286 cum
701 3261 807 3286 tamen
827 3265 863 3286 ex
882 3255 935 3285 illa
952 3257 1086 3296 pendeat
1101 3257 1290 3299 adaequatio
1306 3258 1357 3289 vel

288 3299 433 3330 limitatio
458 3299 723 3339 cognoscibilium
746 3299 784 3330 de
808 3299 949 3331 subiecto
967 3300 1102 3338 formali,
1122 3312 1179 3343 per
1201 3301 1357 3334 rationem

289 3343 456 3377 formalem
472 3344 555 3374 illius
571 3351 606 3375 ut
621 3353 670 3374 res
686 3350 742 3374 est.
759 3343 847 3374 Deus
864 3344 960 3381 enim,
974 3345 1030 3376 etsi
1046 3356 1082 3377 ex
1098 3346 1220 3378 ratione
1234 3346 1357 3378 deitatis

290 3387 328 3418 sit
351 3387 471 3418 infinite
495 3388 730 3428 cognoscibilis,
755 3395 861 3419 tamen
881 3389 968 3420 Deus
992 3396 1028 3420 ut
1046 3390 1132 3421 Deus
1156 3392 1215 3422 sub
1231 3391 1357 3432 partici-

290 3438 364 3472 pato
385 3432 505 3462 lumine
528 3432 654 3472 gloriae,
672 3440 718 3464 est
735 3433 955 3472 cognoscibilis
979 3433 1059 3464 infra
1075 3442 1196 3466 certum
1211 3435 1356 3473 limitem,

290 3482 432 3516 respectu
448 3476 657 3517 singulorum.
683 3477 724 3508 Et
739 3477 881 3508 similiter
897 3478 956 3508 sub
973 3478 1211 3520 participatione
1226 3479 1357 3511 luminis

290 3519 422 3560 gratiae,
451 3527 497 3551 est
527 3521 746 3561 cognoscibilis
779 3522 957 3553 secundum
986 3530 1086 3554 certos
1109 3522 1204 3561 fines,
1229 3531 1288 3556 etc.
1317 3524 1359 3556 Et

290 3564 373 3600 ideo,
394 3565 433 3595 ad
449 3564 670 3596 verificandam
693 3565 780 3596 illam
804 3566 1061 3604 conditionalem,
1079 3575 1206 3608 oportet
1228 3569 1356 3600 addere:

291 3608 317 3639 si
340 3608 427 3639 Deus
450 3609 640 3650 inquantum
659 3610 755 3646 Deus,
775 3610 834 3641 sub
853 3611 974 3642 lumine
995 3612 1056 3642 sibi
1069 3612 1260 3654 adaequato,
1278 3619 1359 3644 esset

291 3652 469 3684 subiectum
496 3653 641 3684 scientiae
672 3654 822 3690 alicuius,
847 3655 901 3686 illa
924 3662 1031 3687 nosset
1054 3657 1176 3694 omnia,
1209 3664 1265 3689 etc.
1296 3657 1358 3689 Sed

1413 367 1488 391 tunc
1505 366 1590 400 patet
1606 358 1723 389 falsitas
1743 357 1978 388 subsumendae
1997 356 2242 397 propositionis:
2263 356 2339 398 quia
2355 357 2423 388 sola
2437 357 2492 389 lux

1412 404 1519 435 divina
1541 404 1575 435 in
1599 403 1702 444 seipsa
1725 409 1772 433 est
1800 402 1861 433 tale
1885 401 2010 437 lumen;
2035 408 2160 432 nostrae
2192 408 2300 432 autem
2324 409 2355 433 et
2383 403 2492 434 beatae

1411 448 1592 489 theologiae
1615 448 1713 483 Deus,
1731 447 1925 487 inquantum
1944 446 2032 476 Deus
2048 445 2191 487 quidem,
2210 446 2267 476 sed
2290 447 2350 477 sub
2368 446 2492 478 lumine

1412 493 1582 529 diminuto,
1603 492 1783 523 subiectum
1802 498 1857 521 est.
1883 491 1925 521 Et
1947 490 2020 521 ideo
2050 491 2138 521 iuxta
2153 490 2336 521 facultatem
2359 491 2492 523 luminis

1411 545 1458 569 est
1473 537 1613 570 extensio
1633 535 1791 567 scientiae.
1815 535 1890 566 Non
1911 541 1957 565 est
1976 545 2051 575 ergo
2076 535 2255 566 secundum
2274 535 2492 567 extensionem

1410 582 1540 614 rationis
1564 580 1708 612 formalis
1731 587 1768 611 ut
1791 589 1839 610 res
1859 585 1906 610 est
1928 580 2083 616 absolute,
2100 580 2156 610 sed
2175 586 2211 610 ut
2234 579 2344 610 stantis
2367 580 2427 611 sub
2443 590 2491 611 ra-

1410 627 1497 658 tione
1514 626 1641 657 formali
1657 624 1773 656 obiecti
1797 631 1834 655 ut
1852 623 2015 655 obiectum
2039 631 2094 660 est,
2115 625 2330 655 mensuranda
2350 624 2490 656 scientia.

1464 672 1518 703 VI.
1537 671 1590 702 Ad
1613 670 1792 701 secundum
1806 669 1824 688 *
1847 668 1971 706 dicitur,
1995 669 2086 710 quod
2108 679 2134 700 ε.
2151 669 2297 700 Thomas
2316 679 2382 700 non
2406 679 2492 700 asse-

1409 716 1520 752 rendo,
1541 715 1597 746 sed
1620 714 1797 755 opinando,
1815 723 1950 755 sequens
1975 713 2191 744 communiter
2209 714 2308 745 dictas
2332 713 2492 745 conditio-

1410 770 1466 791 nes
1481 759 1613 791 subiecti
1629 760 1669 790 ab
1688 758 1766 795 aliis,
1784 758 1864 789 illud
1881 757 1972 794 dixin
1997 764 2035 789 ut
2045 764 2136 799 patet
2153 767 2191 789 ex
2205 758 2307 789 modo
2323 758 2490 800 loquendi,

1410 815 1494 841 cum,
1511 804 1695 835 inchoando
1718 800 1808 834 illam
1828 802 2033 844 positionem,
2052 802 2140 834 dicit:
2163 803 2194 834 si
2209 803 2358 835 volumus
2365 813 2493 844 ponere

1409 849 1542 890 aliquod
1559 849 1749 886 subiectum,
1766 849 1799 878 in
1814 856 1877 888 quo
1892 848 2063 879 salventur
2077 857 2188 878 omnes
2202 848 2265 878 hae
2280 847 2490 880 conditiones.

1409 893 1471 924 Hic
1494 899 1603 924 autem
1626 891 1774 923 assertive
1797 891 2029 928 determinavit,
2045 892 2137 933 quod
2160 891 2257 923 etiam
2281 902 2319 923 ex
2341 898 2419 924 tunc
2442 893 2491 924 in-

1409 938 1595 968 choaverat:
1621 935 1777 977 quoniam
1792 942 1823 967 et
1838 936 1882 966 ibi
1906 936 1982 967 dicit
2007 936 2097 978 quod
2116 936 2228 967 omnia
2251 937 2493 969 considerantur

1408 982 1441 1012 in
1465 982 1524 1012 hac
1547 980 1677 1012 scientia
1700 981 1759 1011 sub
1783 979 1906 1011 ratione
1928 980 1998 1012 Dei.
2020 980 2128 1018 Quare
2150 981 2213 1012 hoc
2237 987 2284 1012 est
2306 981 2493 1023 simpliciter

1408 1026 1600 1058 tenendum:
1626 1025 1706 1057 illud
1728 1034 1805 1055 vero
1829 1031 1984 1066 tanquam
2008 1024 2170 1066 opinabile
2194 1026 2401 1058 audiendum.

1463 1071 1530 1103 VII.
1548 1069 1697 1102 Secunda
1716 1070 1801 1100 ratio
1817 1069 1858 1100 ad
1874 1069 2146 1100 conclusionem*
2164 1076 2212 1102 est
2226 1070 2314 1102 haec.
2339 1071 2428 1102 Idem
2445 1078 2493 1102 est

1408 1116 1589 1147 subiectum
1611 1114 1845 1156 principiorum
1860 1120 1892 1144 et
1905 1113 2006 1144 totius
2022 1113 2189 1145 scientiae:
2214 1115 2303 1146 Deus
2326 1122 2374 1147 est
2387 1116 2491 1147 subie-

1409 1167 1497 1192 ctum
1511 1159 1744 1202 principiorum
1757 1158 1854 1190 huius
1868 1157 2032 1190 scientiae:
2053 1168 2129 1199 ergo
2144 1159 2232 1190 Deus
2249 1167 2296 1192 est
2311 1161 2492 1192 subiectum

1408 1206 1506 1239 totius
1539 1204 1696 1236 scientiae.
1722 1222 1741 1226 —
1764 1203 1868 1234 Maior
1891 1203 2060 1244 probatur:
2085 1203 2163 1244 quia
2185 1210 2252 1235 tota
2277 1204 2408 1243 scientia
2429 1205 2492 1236 vir·

1408 1251 1534 1284 tualiter
1553 1249 1735 1281 continetur
1757 1248 1791 1278 in
1814 1247 1988 1288 principiis.
2005 1247 2114 1279 Minor
2137 1258 2224 1285 vero,
2240 1249 2317 1290 quia
2339 1249 2428 1281 Deus
2445 1257 2493 1282 est

1409 1296 1591 1328 subiectum
1614 1293 1824 1325 articulorum
1847 1291 1933 1323 fidei.

1462 1340 1545 1372 V111.
1571 1339 1664 1370 Circa
1693 1336 1950 1379 propositionem
1982 1344 2182 1378 assumptam
2215 1338 2256 1368 ad
2285 1339 2492 1379 probandum

1409 1386 1575 1420 maiorem,
1593 1383 1727 1419 scilicet,
1752 1387 1818 1414 tota
1837 1383 1973 1414 scientia
1989 1383 2109 1414 virtute
2124 1383 2308 1414 continetur
2321 1385 2354 1414 in
2363 1385 2493 1426 prinei-

1403 1432 1480 1472 piis,
1498 1429 1635 1461 dubium
1658 1426 1810 1459 occurrit:
1836 1426 1993 1468 quoniam
2012 1427 2169 1458 adversari
2188 1423 2315 1459 videtur
2329 1428 2491 1461 doctrinae

1408 1487 1433 1507 s.
1451 1475 1610 1506 Thomae.
1635 1473 1719 1503 Nam
1743 1471 1903 1513 sequitur:
1928 1471 2014 1502 Tota
2037 1471 2168 1502 scientia
2190 1472 2366 1504 virtualiter
2389 1473 2491 1505 conti-

1409 1527 1502 1551 netur
1525 1518 1557 1550 in
1583 1516 1761 1559 principiis:
1787 1526 1862 1557 ergo
1877 1516 1911 1547 in
1927 1515 2071 1547 subiecto
2089 1516 2338 1557 principiorum:
2364 1528 2440 1560 ergo
2456 1518 2491 1550 in

1409 1564 1552 1596 subiecto
1575 1562 1733 1594 scientiae.
1763 1561 1850 1602 Ergo
1873 1561 2012 1592 duarum
2035 1561 2215 1602 specierum
2247 1562 2490 1608 dispgsratarum,

1408 1610 1476 1640 imo
1488 1607 1611 1650 generis
1626 1614 1657 1638 et
1673 1605 1798 1647 speciei,
1812 1605 1991 1637 secundum
2002 1606 2133 1647 propria
2144 1605 2288 1647 singulis,
2301 1617 2368 1638 non
2384 1614 2493 1649 potest

1408 1664 1476 1686 esse
1499 1652 1628 1684 scientia
1651 1661 1715 1682 una
1739 1650 1919 1682 secundum
1941 1650 2081 1691 speciem
2112 1651 2384 1692 specialissimam.
2416 1653 2490 1684 Hoc

1408 1705 1456 1730 est
1471 1698 1589 1729 falsum
1605 1696 1691 1737 apud
1708 1706 1733 1726 s.
1746 1695 1927 1726 Thomam:
1953 1695 2108 1736 quoniam
2128 1696 2258 1728 scientia
2274 1697 2313 1728 de
2328 1697 2491 1739 triangulo

1408 1751 1439 1775 et
1454 1743 1610 1785 quadrato
1631 1748 1662 1772 et
1677 1739 1778 1781 figura
1793 1747 1862 1776 etc„
1880 1749 1946 1770 non
1969 1740 2077 1771 solum
2095 1741 2275 1772 secundum
2291 1741 2488 1779 communia,

1408 1789 1463 1819 sed
1488 1787 1666 1818 secundum
1689 1784 1818 1826 propria
1841 1785 1984 1825 singulis,
2001 1785 2098 1816 unius
2122 1793 2170 1817 est
2185 1786 2319 1827 speciei;
2343 1793 2380 1818 ut
2403 1792 2492 1828 patet

1407 1833 1440 1863 in
1466 1832 1493 1862 1·
1508 1832 1564 1862 11¹²
1574 1831 1601 1868 ³¹,
1627 1837 1658 1861 et
1679 1829 1714 1860 in
1738 1830 1749 1860 I
1769 1830 1892 1860 Foster.
1907 1829 1943 1848 ¹⁸*
1966 1829 2062 1871 Ergo.

1463 1876 1570 1907 Prima
1593 1873 1821 1916 consequentia
1849 1880 1951 1914 patet:
1986 1874 2062 1915 quia
2086 1874 2242 1916 principia
2275 1875 2492 1908 conficiuntur

1408 1931 1445 1952 ex
1468 1919 1601 1951 subiecti
1631 1919 1764 1950 ratione.
1798 1918 1944 1949 Secunda
1977 1919 2073 1949 etiam
2100 1926 2203 1960 patet:
2228 1921 2304 1962 quia
2333 1920 2421 1952 idern
2443 1928 2493 1953 eet

1407 1965 1587 1996 subiectum
1620 1963 1851 2005 principiorum
1883 1969 1914 1993 et
1937 1962 2096 1995 scientiae.
2127 1963 2236 1995 Tertia
2265 1971 2390 2002 autern,
2414 1965 2492 2008 quia

1407 2009 1537 2042 scientia
1561 2008 1656 2040 unius
1685 2007 1800 2049 speciei
1834 2006 1969 2038 omnino
1998 2007 2190 2049 disparatae,
2215 2009 2326 2050 quoad
2348 2009 2490 2052 propria,

1407 2064 1474 2086 non
1499 2053 1680 2086 continetur
1701 2051 1876 2084 virtualiter
1899 2052 1932 2082 in
1952 2051 2012 2082 alia
2029 2052 2143 2093 specie,
2160 2062 2219 2084 nec
2237 2053 2271 2084 in
2294 2054 2419 2096 generis
2441 2064 2491 2087 ra·

1407 2099 1494 2131 tione
1518 2105 1555 2130 ut
1573 2098 1634 2129 sic:
1659 2097 1741 2128 sicut
1759 2106 1826 2136 nec·
1836 2097 2001 2138 passiones
2025 2097 2122 2128 unius
2146 2098 2262 2139 speciei
2286 2099 2493 2132 continentur

1406 2143 1581 2175 virtualiter
1603 2143 1637 2173 in
1661 2142 1731 2178 alia,
1755 2151 1814 2172 nec
1837 2142 1870 2172 in
1895 2141 2016 2173 ratione
2040 2142 2178 2182 generis,
2204 2150 2239 2174 ut
2262 2150 2359 2184 patet.

1462 2188 1515 2219 lx.
1532 2187 1584 2218 Ad
1600 2187 1681 2218 hanc
1697 2185 1912 2217 obiectionem
1929 2193 2057 2227 oportet
2070 2187 2273 2228 respondere,
2293 2198 2361 2219 non
2380 2189 2491 2220 solum

1407 2233 1451 2264 ad
1473 2233 1652 2269 hominem,
1678 2231 1733 2262 sed
1757 2230 1956 2271 simpliciter:
1983 2231 2153 2272 quonian?
2164 2232 2223 2264 ista
2246 2232 2389 2264 virtualis
2413 2243 2490 2266 con·

1407 2276 1540 2308 tinentia
1563 2276 1676 2317 ingerit
1699 2275 1845 2312 dubium,
1861 2285 1927 2306 non
1952 2276 2060 2306 solum
2083 2276 2161 2317 quia
2183 2276 2289 2318 posita
2312 2284 2359 2309 est
2381 2277 2435 2310 hie
2457 2277 2491 2309 in

1406 2322 1524 2358 littera,
1551 2321 1605 2351 sed
1630 2319 1823 2361 simpliciter.
1858 2320 1951 2351 Unde
1975 2320 2100 2357 Scotus‚
2129 2321 2163 2352 in
2187 2321 2342 2363 Prologo,
2368 2332 2424 2364 qu.
2443 2333 2489 2360 m,

1408 2374 1518 2398 tenens
1541 2365 1632 2407 quod
1656 2364 1797 2396 virtualis
1828 2364 2024 2396 continentia
2052 2365 2202 2397 omnium
2225 2366 2397 2398 veritatum
2419 2377 2490 2409 per·

1408 2410 1579 2442 tinentium
1603 2410 1643 2440 ad
1677 2409 1818 2451 aliquam
1842 2409 2025 2446 scientiam,
2053 2417 2100 2442 est
2123 2410 2267 2442 conditio
2292 2411 2491 2445 constituens

1408 2455 1566 2486 rationem
1589 2454 1722 2485 subiecti
1746 2453 1888 2485 formalis
1911 2454 1944 2485 in
1969 2454 2109 2492 scientia,
2134 2455 2307 2487 obiectioni
2331 2456 2492 2498 praefatae

1409 2499 1576 2535 consentit,
1594 2499 1772 2530 concedens
1790 2509 1902 2530 verum
1926 2509 1994 2530 esse
2013 2499 2045 2530 id
2069 2500 2109 2531 ad
2132 2501 2222 2542 quod
2246 2501 2326 2533 ratio
2351 2501 2490 2540 deducit,

1409 2545 1563 2586 quodque
1587 2551 1773 2584 reputamus
1798 2543 1924 2574 falsum.

1463 2589 1636 2620 Sciendum
1652 2595 1698 2619 est
1717 2588 1812 2628 igitur
1835 2588 1924 2629 quod
1941 2589 2059 2630 duplex
2079 2595 2125 2620 est
2144 2589 2182 2620 de
2199 2589 2387 2622 huiusmodi
2412 2601 2490 2623 con·

1408 2633 1540 2666 tinentia
1562 2633 1686 2674 opinio.
1716 2633 1830 2664 Scotus
1855 2643 1994 2674 namque
2023 2640 2114 2674 putat
2137 2634 2318 2666 subiectum
2341 2635 2490 2668 scientiae

1409 2685 1557 2720 oportere
1574 2677 1735 2709 continere
1751 2677 1856 2718 primo
1872 2677 2055 2715 virtualiter,
2069 2685 2105 2710 ut
2122 2689 2250 2710 causam
2267 2679 2489 2719 sufficientem,

1410 2733 1524 2754 omnes
1542 2722 1687 2753 veritates
1711 2722 1903 2763 pertinentes
1928 2723 1967 2754 ad
1991 2723 2087 2754 talem
2110 2723 2286 2756 scientiam.
2311 2724 2352 2762 Et
2374 2726 2491 2767 probat

1410 2769 1472 2800 hoc
1492 2767 1669 2808 dupliciter.
1694 2767 1815 2805 Primo,
1836 2767 1911 2808 quia
1939 2767 2081 2799 continet
2110 2769 2349 2810 propositiones
2374 2770 2490 2803 imme-

1410 2812 1526 2848 diatas,
1554 2821 1637 2853 quae
1661 2818 1736 2843 sunt
1768 2811 1922 2853 principia
1953 2812 2127 2845 virtualiter
2160 2813 2354 2845 continentia
2386 2821 2489 2847 totam

1410 2857 1584 2889 scientiam.
1609 2856 1699 2887 Patet
1712 2856 1784 2892 hoc,
1802 2856 1878 2898 quia
1901 2857 2132 2898 propositionis
2146 2857 2350 2890 immediatae
2365 2859 2488 2900 praedi-

1411 2909 1518 2934 catum
1541 2900 1722 2932 continetur
1743 2900 1776 2931 in
1801 2900 1962 2932 subiecto:
1987 2902 2167 2934 subiectum
2185 2909 2294 2934 autem
2317 2909 2364 2935 est
2382 2904 2488 2936 subie-

1410 2954 1499 2978 ctum
1532 2945 1694 2977 scientiae:
1720 2955 1806 2986 erge.
1835 2945 2002 2985 Secundo,
2023 2947 2098 2988 quia
2121 2947 2302 2979 subiectum
2325 2955 2373 2980 est
2395 2949 2487 2981 adae-

1410 2998 1507 3033 quata
1525 3001 1620 3022 causa
1638 2989 1779 3021 habitus:
1805 3000 1880 3031 ergo
1905 2990 2047 3023 continet
2062 2991 2169 3033 primo
2192 2992 2366 3024 virtualiter
2381 2999 2488 3026 totum

1409 3036 1533 3077 ipsum:
1559 3045 1634 3076 ergo
1659 3044 1772 3066 omnes
1800 3034 1886 3066 illius
1916 3035 2071 3068 veritates.
2095 3053 2117 3060 —
2139 3036 2181 3068 Et
2203 3037 2383 3069 secundum
2406 3038 2488 3071 hanc

1410 3080 1608 3122 opinionem,
1626 3086 1675 3111 tot
1691 3086 1766 3111 sunt
1784 3079 1932 3111 scientiae
1948 3081 2127 3112 secundum
2149 3081 2299 3122 speciem,
2317 3089 2399 3124 quot
2413 3090 2490 3116 sunt

1410 3134 1478 3156 non
1501 3124 1609 3155 solum
1636 3123 1757 3165 species
1779 3133 1887 3155 rerum
1917 3125 2053 3156 omnino
2081 3125 2256 3167 disparatae
2279 3125 2390 3169 (quod
2414 3128 2488 3160 dico

1410 3176 1541 3211 propter
1556 3169 1676 3209 species
1692 3169 1923 3206 subordinatas,
1939 3177 2017 3211 puta
2032 3169 2212 3202 subiectum
2227 3177 2258 3202 et
2273 3171 2486 3216 passionem:

1411 3214 1466 3245 sed
1489 3213 1586 3245 etiam
1604 3220 1685 3255 quot
1708 3221 1783 3245 sunt
1805 3214 1942 3246 rationes
1961 3213 2111 3246 formales
2130 3224 2245 3252 rerum,
2266 3225 2404 3258 quarum
2423 3227 2488 3249 une

1411 3268 1477 3289 non
1501 3257 1682 3289 continetur
1703 3258 1877 3290 virtualiter
1907 3259 1940 3290 in
1964 3258 2034 3290 alia.
2066 3259 2107 3290 Et
2130 3259 2174 3291 sic
2197 3260 2258 3291 alia
2287 3268 2334 3292 est
2357 3261 2488 3294 scienti·

1411 3303 1450 3333 de
1474 3302 1602 3334 animali
1626 3309 1662 3334 ut
1685 3302 1748 3339 sic,
1774 3303 1813 3334 ad
1837 3313 1936 3345 quam
1973 3309 2093 3344 spectat
2116 3303 2314 3337 considerare
2341 3305 2487 3348 proprias

1411 3346 1556 3378 animalis
1580 3347 1744 3388 passiones
1767 3355 1893 3379 tanturn
1913 3346 2091 3390 (quoniam
2106 3348 2192 3380 solae
2208 3349 2294 3390 ipsae
2313 3350 2488 3383 virtualiter

1411 3391 1444 3422 in
1463 3391 1593 3422 animali
1617 3390 1838 3434 clauduntur):
1864 3399 1895 3424 et
1917 3391 1978 3423 alia
2002 3392 2041 3423 de
2057 3393 2139 3424 bove
2162 3393 2355 3435 inquantum
2369 3396 2438 3432 bos,
2455 3401 2487 3427 et
2503 3417 2508 3424 .

1412 3435 1473 3466 alia
1495 3436 1534 3467 de
1557 3436 1652 3467 leone
1674 3436 1867 3478 inquantum
1890 3436 1952 3473 leo,
1973 3443 2031 3468 etc.

1466 3480 1505 3511 X.
1530 3480 1562 3512 S.
1579 3481 1725 3512 Thomas
1748 3490 1839 3517 vero,
1864 3487 1974 3512 tenens
1994 3481 2138 3513 scientias
2162 3483 2259 3515 secari
2282 3493 2349 3515 non
2372 3493 2486 3516 secun-

1413 3524 1491 3555 dum
1515 3525 1605 3566 quod
1628 3531 1775 3556 secantur
1797 3534 1846 3556 res
1869 3525 2030 3562 absolute,
2056 3527 2110 3557 sed
2134 3535 2230 3569 prout
2253 3533 2329 3560 sunt
2351 3527 2484 3566 scibiles,

1411 3575 1498 3600 tenet
1521 3569 1610 3610 quod
1640 3569 1820 3600 subiectum
1844 3569 1976 3601 formale
2006 3571 2153 3603 scientiae
2183 3571 2279 3613 exigit
2306 3572 2386 3604 duas
2409 3582 2486 3604 con·

1413 3613 1564 3650 ditiones,
1593 3619 1630 3644 ut
1660 3623 1696 3644 ex
1720 3613 1821 3645 littera
1851 3614 1993 3646 habetur.
2025 3615 2131 3647 Prima
2154 3623 2214 3653 est,
2244 3616 2335 3658 quod
2362 3616 2486 3648 ratione

1413 3657 1512 3698 ipsius
1535 3657 1645 3688 omnia
1668 3658 1861 3699 attingantur
1888 3660 1926 3690 ab
1950 3659 2002 3690 illa
2035 3660 2174 3692 scientia.
2207 3661 2371 3698 Secunda,
2395 3662 2485 3703 quod
