2522 3970
2303 211 2365 240 xm

147 279 373 322 codicibus
396 279 610 330 collectas,
641 279 685 320 in
717 279 833 320 calce
867 278 1097 320 cuiuslibet
1130 279 1295 320 articuli
1328 280 1646 322 annotavimus.
1682 281 1756 323 Sic
1780 282 1894 323 enim
1917 296 1994 338 per
2016 296 2065 324 se
2089 283 2193 338 ipse,
2218 284 2365 326 habita

148 343 315 385 ratione
348 342 515 384 numeri
550 349 593 384 et
625 341 891 383 auctoritatis
926 341 1139 390 codicum,
1176 342 1382 383 iudicabit
1415 342 1469 384 de
1503 343 1641 398 pretio
1671 343 1932 394 editionum;
1968 352 2010 387 et
2042 346 2170 387 simul
2193 360 2274 387 nos
2297 347 2364 387 vi-

146 405 336 447 tabimus
370 406 524 447 iterato
557 416 689 460 agere
724 404 846 459 quod
875 404 918 445 in
952 404 1033 445 illis
1058 404 1172 446 notis
1206 404 1291 446 iam
1325 411 1468 447 actum
1503 412 1568 447 est
1600 406 1871 449 sufficienter.
1896 431 1915 438 -
1940 408 2144 450 Ceterum
2174 409 2363 450 cuiusvis

146 468 402 524 posterioris
437 467 639 510 editionis
674 473 896 508 curatores
931 473 1256 522 conqueruntur
1289 467 1410 522 quod
1443 469 1753 523 praecedentes
1777 470 1990 511 editiones
2018 471 2253 512 innumeris
2276 471 2363 513 fere

149 531 320 573 mendis
354 536 559 572 scateant.
595 530 657 571 At
688 529 918 584 quomodo
942 529 1024 585 ipsi
1047 536 1248 571 curarunt
1281 531 1666 573 celebratissimum
1691 546 1803 587 opus
1826 533 1882 574 ab
1905 533 1972 574 his
1994 534 2173 575 maculis
2196 534 2363 575 abster-

147 594 283 651 gere?
317 594 410 634 Aut
442 606 774 648 praecessorum
819 592 1043 634 laboribus
1088 593 1300 642 contenti,
1340 594 1504 635 nullum
1547 600 1769 649 praeterea
1812 595 2009 637 codicem
2048 596 2362 647 adhibuerunt;

146 663 222 699 aut
253 669 389 697 unum
422 656 492 696 vel
535 655 717 697 alterum
758 656 1068 697 consuluerunt
1100 662 1279 704 tantum,
1314 662 1388 698 aut
1421 657 1550 698 etiam
1583 657 1651 698 hic
1684 657 1768 698 illic
1801 658 1944 699 solum
1978 659 2188 714 legerunt.
2233 659 2362 701 Unde

146 733 237 761 non
270 718 427 760 mirum
458 718 494 760 si
523 724 717 773 optatam
741 718 1092 760 emendationem
1124 733 1213 760 non
1236 725 1324 760 tam
1346 719 1611 774 perfecerint,
1637 733 1769 775 quam
1793 721 2108 762 emendationis
2141 721 2363 764 faciendae

146 781 450 839 necessitatem
484 780 764 823 ostenderint.

273 844 417 885 Nobis
441 849 555 885 certe
579 843 663 884 hoc
687 844 876 885 maxime
900 844 942 885 in
965 844 1081 885 votis
1105 850 1205 893 erat,
1230 858 1333 899 prae
1355 844 1448 886 aliis
1471 844 1718 886 s.Thomae
1742 845 1960 900 operibus,
1978 845 2207 887 Summam
2219 846 2362 888 Theo-

147 907 337 964 logicam
361 906 404 947 in
427 906 589 961 primis,
625 921 715 948 non
749 907 791 948 in
825 907 1049 948 sententiis
1084 907 1232 957 modo,
1267 907 1346 949 sed
1377 913 1420 949 et
1452 907 1494 948 in
1517 908 1664 949 verbis
1691 908 1884 964 singulis,
1919 922 2024 950 suae
2058 909 2290 950 sinceritati
2313 924 2362 951 ac

145 970 318 1026 puritati
351 975 550 1011 accurate
585 970 821 1012 restituere.
855 971 903 1011 In
937 983 988 1011 ea
1013 983 1202 1024 namque
1235 983 1462 1012 versamur
1483 970 1660 1011 minime
1684 970 1818 1012 dubia
1841 971 2059 1026 opinione,
2083 972 2362 1026 praestantis—

145 1033 306 1074 simum
340 1045 452 1088 opus
487 1046 576 1073 non
612 1045 708 1074 esse
742 1033 1025 1074 solummodo
1049 1032 1387 1087 incomparabile
1411 1032 1637 1087 quoddam
1660 1033 1882 1075 doctrinae
1904 1034 2179 1090 theologicae
2203 1039 2246 1076 et
2266 1034 2362 1089 phi-

146 1095 401 1150 losophicae
435 1101 780 1145 monumentum,
806 1109 896 1151 quo
919 1095 1125 1136 veritates
1148 1095 1339 1136 cuiusvis
1362 1095 1535 1151 generis
1558 1096 1748 1145 stabiliri,
1774 1102 1817 1137 et
1839 1096 2012 1138 adversi
2035 1110 2203 1138 errores
2227 1097 2361 1138 everti

145 1158 342 1214 possint;
388 1157 468 1199 sed
503 1171 600 1199 esse
639 1158 768 1199 simul
814 1158 1035 1212 exemplar
1066 1154 1457 1212 praeclarissimum
1487 1158 1598 1199 illius
1638 1159 1923 1208 elocutionis,
1969 1173 2083 1214 quae
2116 1159 2361 1201 scientificis

145 1221 474 1263 tractationibus
508 1221 697 1262 maxime
721 1226 786 1261 est
808 1219 1106 1261 accomodata.
1142 1220 1243 1262 Una
1275 1220 1390 1261 enim
1429 1233 1528 1261 cum
1566 1221 1746 1262 veritate
1780 1235 1830 1262 ac
1863 1221 2154 1276 profunditate
2187 1228 2361 1263 senten-

145 1283 314 1334 tiarum,
350 1283 505 1325 mirum
531 1283 573 1324 in
598 1282 780 1324 modum
815 1282 1093 1338 resplendent
1114 1282 1157 1324 in
1181 1282 1264 1323 hoc
1298 1296 1431 1338 opere
1465 1296 1660 1339 congrua
1693 1284 1930 1324 verborum
1953 1284 2211 1339 proprietas,
2235 1291 2361 1339 aptus

146 1346 318 1389 dicendi
341 1335 513 1395 meiius,
538 1345 830 1387 lucidissimus
854 1345 979 1394 ordo,
998 1345 1188 1386 brevitas
1211 1345 1339 1386 simul
1363 1351 1407 1386 et
1429 1345 1597 1386 claritas
1621 1346 1794 1400 eloquii.
1830 1347 1927 1387 Hae
1950 1353 2095 1388 autem
2118 1347 2361 1401 praeclarae

145 1409 286 1459 dotes,
321 1422 435 1464 quae
468 1421 582 1464 opus
615 1422 748 1463 quam
782 1408 970 1450 maxime
995 1413 1216 1457 exornant,
1243 1407 1425 1463 eiusque
1454 1408 1686 1450 lectionem
1708 1408 2020 1458 iucundiorem,
2057 1415 2099 1450 et
2120 1409 2362 1465 intelligen-

143 1471 250 1515 tiam
282 1471 522 1527 planiorem
556 1471 737 1520 faciunt,
772 1471 808 1512 si
844 1471 1159 1526 exscriptorum
1198 1470 1306 1512 vitio
1340 1483 1429 1512 non
1463 1485 1561 1512 raro
1595 1471 1638 1512 in
1673 1471 1799 1512 editis
1833 1471 2143 1521 desiderantur,
2179 1485 2264 1527 ope
2288 1485 2362 1513 co-

146 1534 294 1577 dicum
315 1534 461 1576 bonae
483 1540 614 1576 notae
649 1534 754 1589 quin
789 1534 960 1589 possint
994 1534 1035 1574 in
1071 1533 1275 1575 omnibus
1309 1533 1417 1575 locis
1451 1540 1551 1589 apte
1584 1534 1762 1583 restitui,
1787 1548 1876 1575 non
1899 1534 2161 1576 dubitamus.
2197 1535 2363 1576 Verum

145 1597 253 1641 haec
286 1596 516 1639 cuiuslibet
538 1597 623 1638 loci
646 1610 909 1652 quacunque
943 1596 1110 1638 ratione
1143 1596 1279 1637 vitiati
1314 1596 1538 1646 restitutio,
1574 1596 1819 1638 cavendum
1842 1597 1971 1639 nobis
2011 1603 2101 1639 erat
2123 1611 2178 1639 ne
2201 1603 2362 1639 temere

145 1673 197 1703 ac
210 1659 432 1717 praecipiti
454 1659 614 1702 iudicio
638 1660 770 1701 fieret.
796 1659 870 1701 Ad
892 1660 977 1701 hoc
1001 1659 1116 1701 enim
1140 1673 1251 1715 opus
1269 1659 1347 1700 rite
1362 1659 1686 1714 perficiendum,
1704 1665 1747 1701 et
1768 1660 1913 1715 plures
1938 1660 2125 1710 codices,
2142 1660 2362 1715 iidemque

145 1722 291 1766 bonae
313 1729 456 1772 notae,
489 1723 886 1778 praerequiruntur;
922 1729 965 1764 et
994 1722 1227 1778 plurimum
1266 1722 1476 1777 temporis
1509 1722 1760 1778 impendere
1797 1729 1972 1778 oportet
1997 1722 2040 1764 in
2064 1723 2361 1778 expendendis

144 1786 276 1828 variis
311 1793 354 1828 et
387 1786 696 1841 multiplicibus
730 1786 1001 1835 lectionibus,
1032 1791 1080 1827 ut
1101 1791 1195 1826 tuto
1219 1784 1396 1826 iudicari
1429 1785 1570 1840 possit
1594 1798 1811 1840 quaenam
1835 1785 1944 1826 inter
1977 1799 2132 1827 omnes
2154 1791 2362 1841 tanquam

143 1861 355 1906 germana
387 1849 515 1890 lectio
539 1849 746 1890 Auctoris
770 1849 826 1890 sit
848 1848 1061 1890 habenda.
1098 1848 1199 1900 Qua
1232 1847 1287 1889 de
1322 1861 1468 1897 causa,
1504 1862 1603 1889 cum
1627 1861 1705 1890 nec
1739 1848 1835 1903 plus
1869 1848 2078 1904 temporis
2112 1849 2240 1890 nobis
2264 1863 2360 1904 sup-

144 1917 335 1967 peteret,
371 1924 452 1953 nec
486 1911 636 1952 datum
677 1917 813 1960 esset,
848 1917 1019 1966 praeter
1051 1910 1290 1952 Vaticanos
1325 1910 1523 1960 codices,
1562 1911 1672 1952 alios
1706 1911 1896 1953 melioris
1930 1918 2060 1952 notae
2107 1911 2358 1960 consulere,

143 1974 250 2017 satis
283 1974 327 2016 in
360 1974 441 2016 hac
475 1987 520 2015 re
553 1974 707 2015 fecisse
737 1973 996 2023 videbimur,
1029 1973 1066 2015 si
1104 1973 1369 2028 perfectioris
1403 1972 1618 2023 editionis,
1643 1987 1756 2029 quae
1780 1973 2016 2029 aliquando
2051 1974 2188 2015 curari
2210 1974 2359 2029 possit,

121 2034 367 2094 'specimen
400 2037 554 2078 saltem
589 2036 849 2078 dederimus.

271 2099 420 2141 Primo
444 2112 552 2155 ergo
577 2099 767 2140 cuiusvis
790 2098 964 2156 generis
989 2111 1157 2140 errores
1180 2099 1429 2153 compertos
1458 2098 1745 2148 correximus;
1779 2098 2011 2140 lectionem
2035 2098 2134 2140 dein
2161 2098 2361 2140 codicum

145 2162 190 2204 in
222 2167 390 2204 textum
423 2161 754 2217 assumpsimus,
785 2161 963 2217 quando
988 2167 1103 2202 certa
1136 2162 1244 2203 ratio
1280 2161 1324 2202 id
1357 2160 1582 2210 suadebat,
1620 2174 1700 2202 nec
1727 2161 1957 2203 videbatur
1976 2161 2216 2203 timendum
2239 2161 2360 2216 quod

145 2224 216 2268 alii
250 2224 426 2266 codices
461 2224 658 2266 nondum
693 2225 904 2280 explorati
938 2224 1066 2265 aliam
1100 2224 1331 2266 lectionem
1366 2223 1638 2274 exhiberent,
1675 2237 1788 2279 quae
1821 2237 1926 2265 vera
1959 2229 2002 2265 et
2033 2224 2224 2280 genuina
2248 2230 2363 2265 esset

144 2287 366 2338 habenda;
391 2288 433 2328 in
457 2287 621 2337 ceteris,
642 2287 874 2329 lectionem
898 2287 940 2328 in
965 2287 1216 2328 melioribus
1242 2286 1517 2335 editionibus,
1538 2300 1647 2341 quas
1671 2300 1843 2342 semper
1866 2286 1921 2328 ad
1939 2300 2094 2328 manus
2116 2286 2360 2336 habuimus,

145 2350 435 2392 communiter
466 2356 697 2406 receptam,
733 2350 898 2405 ubique
930 2350 1018 2391 fere
1051 2350 1326 2399 retinuimus,
1361 2349 1460 2391 licet
1487 2349 1660 2391 codices
1694 2349 1858 2405 aliquid
1882 2349 2035 2391 melius
2057 2363 2160 2405 prae
2183 2363 2231 2391 se
2254 2349 2362 2390 ferre

144 2412 444 2456 viderentur.-
463 2413 590 2466 Quae
625 2412 754 2454 divus
787 2413 984 2454 Thomas
1030 2426 1084 2454 ex
1121 2426 1243 2454 sacra
1280 2412 1522 2467 Scriptura,
1563 2412 1790 2462 Patribus,
1836 2412 2018 2467 aliisque
2063 2412 2362 2453 ecclesiasticis

145 2481 191 2518 et
221 2476 412 2532 profanis
446 2475 697 2517 auctoribus
731 2476 775 2517 in
809 2489 935 2517 suam
969 2475 1198 2517 Summam
1232 2475 1406 2524 accivit,
1441 2475 1589 2516 omnia
1631 2489 1729 2516 cum
1763 2475 1956 2516 fontibus
1991 2475 2361 2530 comparavimus;

146 2545 191 2581 et
221 2539 297 2580 ubi
331 2539 458 2580 lectio
494 2538 696 2580 codicum
730 2538 1002 2594 deprehensa
1035 2545 1101 2580 est
1139 2537 1405 2579 concordare
1438 2544 1512 2579 aut
1546 2551 1644 2579 cum
1677 2538 1870 2594 Vulgata
1913 2551 2132 2579 sacrarum
2169 2537 2362 2593 Scriptu-

146 2615 291 2643 rarum
325 2601 529 2650 editione,
553 2608 628 2642 aut
650 2615 749 2642 cum
773 2602 925 2643 ceteris
947 2601 1198 2643 auctoribus
1222 2614 1410 2655 quorum
1433 2601 1682 2642 testimonia
1713 2601 1964 2657 allegantur,
1994 2600 2108 2643 illam
2132 2600 2175 2641 in
2197 2606 2362 2641 textum

147 2664 477 2719 cooptavimus;
512 2677 657 2713 secus,
691 2671 866 2706 servata
911 2664 1151 2706 editionum
1194 2663 1404 2713 lectione,
1440 2663 1567 2704 aliam
1601 2663 1642 2704 in
1677 2663 1792 2704 notis
1826 2663 2167 2718 apposuimus·
2191 2663 2362 2704 Horum

146 2726 346 2769 omnium
379 2726 577 2768 locorum
611 2725 788 2776 indices,
823 2727 899 2768 ubi
920 2727 1029 2768 falso
1054 2733 1229 2768 notatos
1253 2726 1557 2782 cognovimuS,
1582 2726 1864 2776 restituimu53
1895 2726 1970 2767 ubi
1994 2725 2361 2774 desiderabantur,

148 2789 405 2838 adiecimus;
441 2795 484 2830 et
515 2789 552 2830 si
587 2789 765 2844 quando
800 2796 966 2831 textum
1005 2790 1195 2850 aliquem
1230 2802 1446 2843 nusquam
1481 2788 1666 2843 reperire
1701 2789 1818 2829 licuit
1851 2788 1995 2843 (quod
2028 2795 2093 2829 ter
2113 2789 2184 2830 vel
2212 2793 2364 2843 quater

147 2851 206 2893 ad
238 2865 459 2894 summurn
498 2852 723 2908 contigit),
758 2866 814 2894 ne
846 2852 1115 2901 videremur,
1151 2851 1377 2893 retinendo
1412 2851 1598 2892 indicem
1632 2851 1919 2892 communiter
1952 2857 2184 2906 receptum,
2218 2851 2362 2891 fucum

147 2914 288 2956 facere
321 2915 568 2963 lectoribus,
604 2915 770 2956 nullum
803 2915 1076 2964 notavimus;
1111 2920 1158 2955 ut
1185 2914 1255 2955 vel
1288 2914 1351 2954 sic
1384 2914 1623 2955 excitentur
1654 2914 1724 2955 alii
1758 2913 1814 2955 ad
1847 2914 2085 2969 periculum
2118 2913 2362 2954 faciendum

147 2977 187 3018 si
218 2977 330 3019 forte
362 2977 535 3032 possint
567 2978 712 3019 locum
747 2978 866 3019 illum
902 2978 1145 3019 invenire·
1168 2976 1338 3018 Indices
1373 2977 1501 3017 etiarn
1537 2976 1696 3031 quibus
1730 2976 1786 3018 ad
1820 2977 1952 3018 alium
1974 2976 2199 3017 articulum
2228 2976 2362 3030 ipsius

149 3038 360 3081 Summae
393 3041 600 3082 lectorem
634 3041 810 3081 remittit
843 3040 1084 3096 Angelicus
1118 3041 1309 3088 Doctor,
1345 3052 1499 3080 omnes
1532 3040 1889 3096 recognovimus;
1926 3045 1968 3080 et
2000 3039 2074 3079 ubi
2109 3051 2221 3093 opus
2255 3043 2361 3087 erat,

149 3102 493 3145 emendavimus.
529 3104 691 3144 Earum
714 3117 821 3144 vero
856 3103 1168 3144 indicationum
1196 3115 1309 3157 quae
1343 3102 1385 3142 in
1420 3101 1559 3156 capite
1592 3102 1767 3151 articuli,
1803 3102 1897 3143 sive
1930 3107 2032 3156 post
2063 3101 2244 3148 titulum,
2269 3100 2363 3141 sive

150 3163 194 3204 in
227 3165 423 3221 margine
455 3166 618 3207 laterali
652 3166 813 3221 apponi
847 3166 1001 3215 solent,
1035 3166 1146 3207 sicut
1179 3165 1336 3206 multas
1370 3164 1680 3219 expunximus,
1716 3178 1829 3219 quae
1862 3164 1918 3205 ad
1952 3177 2043 3205 rem
2077 3162 2192 3204 haud
2225 3163 2364 3204 facere

149 3226 432 3278 videbantur,
467 3228 526 3270 ita
560 3229 696 3270 multo
730 3229 876 3283 plures
898 3229 1153 3278 adiecimus,
1189 3234 1236 3269 ut
1257 3227 1480 3269 studiosus
1508 3227 1644 3269 lector
1665 3227 1782 3269 nullo
1807 3226 1986 3283 negotio
2010 3225 2203 3271 invenire
2225 3225 2366 3280 possit

151 3289 300 3330 omnia
332 3290 508 3332 maioris
542 3291 752 3332 momenti
787 3291 902 3340 loca,
938 3291 981 3332 in
1015 3291 1175 3346 quibus
1209 3305 1242 3332 s.
1266 3290 1462 3331 Thomas
1497 3290 1681 3332 eandem
1716 3290 1937 3331 materiam
1970 3294 2126 3329 versat.
2152 3288 2364 3329 -Indices

150 3365 333 3407 quoque
371 3352 788 3396 Concordantzkzrum
821 3353 936 3395 Petri
959 3368 985 3395 a
1007 3354 1232 3410 Bergomo
1260 3353 1600 3409 recognovimus
1635 3359 1678 3394 et
1710 3352 1986 3394 restituimus.
2021 3351 2082 3393 Ut
2104 3356 2249 3392 autem
2273 3351 2375 3391 illas*

151 3415 344 3455 novitius
377 3414 511 3456 lector
544 3416 746 3466 inveniat,
772 3430 1000 3458 numerum
1029 3417 1251 3458 arabicum
1280 3416 1352 3471 qui
1378 3416 1540 3456 litterae
1566 3416 1614 3455 D
1636 3416 1870 3468 (Dubium)
1894 3414 1936 3454 in
1960 3413 2155 3469 margine
2184 3413 2362 3462 adiacet,

151 3482 196 3518 et
229 3477 295 3518 cui
330 3477 568 3531 respondet
599 3480 830 3520 asteriscus
865 3480 907 3520 in
944 3485 1065 3521 textu
1098 3493 1131 3520 s.
1150 3479 1371 3527 Thomae,
1407 3483 1586 3532 quaerat
1619 3478 1661 3519 in
1695 3477 1896 3533 praefatis
1942 3475 2285 3524 Cmcordantffs,
2323 3481 2366 3516 et

151 3539 234 3580 sub
269 3539 342 3581 illo
378 3553 560 3581 numero
596 3541 892 3596 deprehendet
924 3541 1124 3583 traditam
1147 3556 1174 3582 a
1196 3541 1450 3582 doctissimo
1480 3540 1769 3597 Bergomensi
1795 3538 2148 3580 concordantiam
2183 3538 2365 3579 aliorum

151 3601 367 3643 dictorum
391 3616 423 3644 s.
438 3602 650 3653 Thomae‚
667 3617 782 3658 quae
804 3604 945 3659 primo
969 3611 1147 3660 aspectu
1171 3618 1261 3645 non
1277 3604 1381 3645 satis
1405 3616 1645 3659 congruere
1662 3616 1760 3644 cum
1778 3602 1993 3657 praesenti
2015 3607 2134 3642 textu
2151 3601 2362 3642 videntur.
