<?xml version="1.0" encoding="UTF-8"?>
<!DOCTYPE html PUBLIC "-//W3C//DTD XHTML 1.0 Transitional//EN"
    "http://www.w3.org/TR/xhtml1/DTD/xhtml1-transitional.dtd">
<html xmlns="http://www.w3.org/1999/xhtml" xml:lang="en" lang="en">
 <head>
  <title>
</title>
<meta http-equiv="Content-Type" content="text/html;charset=utf-8" />
  <meta name='ocr-system' content='tesseract 3.04.00' />
  <meta name='ocr-capabilities' content='ocr_page ocr_carea ocr_par ocr_line ocrx_word'/>
</head>
<body>
  <div class='ocr_page' id='page_1' title='image "./operaomniaiussui04thom/operaomniaiussui04thom_0209.png"; bbox 0 0 2768 4178; ppageno 0'>
   <div class='ocr_carea' id='block_1_1' title="bbox 13 504 223 527">
    <p class='ocr_par' dir='ltr' id='par_1_1' title="bbox 13 504 223 527">
     <span class='ocr_line' id='line_1_1' title="bbox 13 504 223 527; baseline -0.01 0"><span class='ocrx_word' id='word_1_1' title='bbox 13 506 22 516; x_wconf 91' lang='grc'>·</span> <span class='ocrx_word' id='word_1_2' title='bbox 38 504 75 527; x_wconf 81' lang='lat' dir='ltr'>Cf.</span> <span class='ocrx_word' id='word_1_3' title='bbox 86 509 150 526; x_wconf 84' lang='lat' dir='ltr'>num.</span> <span class='ocrx_word' id='word_1_4' title='bbox 160 509 223 526; x_wconf 76' lang='lat' dir='ltr'>xxxv.</span> 
     </span>
    </p>
   </div>
   <div class='ocr_carea' id='block_1_2' title="bbox 932 286 1774 333">
    <p class='ocr_par' dir='ltr' id='par_1_2' title="bbox 932 286 1774 333">
     <span class='ocr_line' id='line_1_2' title="bbox 932 286 1774 333; baseline 0.006 -11"><span class='ocrx_word' id='word_1_5' title='bbox 932 286 1200 333; x_wconf 89' lang='lat' dir='ltr'>QUAESTIO</span> <span class='ocrx_word' id='word_1_6' title='bbox 1231 286 1331 333; x_wconf 88' lang='lat' dir='ltr'>XIV,</span> <span class='ocrx_word' id='word_1_7' title='bbox 1361 287 1658 326; x_wconf 88' lang='lat' dir='ltr'>ARTICULUS</span> <span class='ocrx_word' id='word_1_8' title='bbox 1688 292 1774 327; x_wconf 90' lang='lat' dir='ltr'>XIII</span> 
     </span>
    </p>
   </div>
   <div class='ocr_carea' id='block_1_3' title="bbox 246 365 1321 1515">
    <p class='ocr_par' dir='ltr' id='par_1_3' title="bbox 251 365 1321 619">
     <span class='ocr_line' id='line_1_3' title="bbox 251 365 1321 406; baseline -0.001 -10"><span class='ocrx_word' id='word_1_9' title='bbox 251 366 383 402; x_wconf 91' lang='lat' dir='ltr'>sariam,</span> <span class='ocrx_word' id='word_1_10' title='bbox 415 366 471 396; x_wconf 91' lang='lat' dir='ltr'>sed</span> <span class='ocrx_word' id='word_1_11' title='bbox 499 366 588 406; x_wconf 92' lang='lat' dir='ltr'>quod</span> <span class='ocrx_word' id='word_1_12' title='bbox 611 373 671 397; x_wconf 91' lang='lat' dir='ltr'>stat</span> <span class='ocrx_word' id='word_1_13' title='bbox 694 366 790 396; x_wconf 89' lang='lat' dir='ltr'>etiam</span> <span class='ocrx_word' id='word_1_14' title='bbox 818 375 947 396; x_wconf 90' lang='lat' dir='ltr'>causam</span> <span class='ocrx_word' id='word_1_15' title='bbox 975 365 1158 405; x_wconf 87' lang='lat' dir='ltr'>simpliciter</span> <span class='ocrx_word' id='word_1_16' title='bbox 1184 365 1321 406; x_wconf 82' lang='lat' dir='ltr'>primam</span> 
     </span>
     <span class='ocr_line' id='line_1_4' title="bbox 252 409 1320 450; baseline -0.001 -10"><span class='ocrx_word' id='word_1_17' title='bbox 252 420 319 441; x_wconf 91' lang='lat' dir='ltr'>esse</span> <span class='ocrx_word' id='word_1_18' title='bbox 343 410 569 447; x_wconf 88' lang='lat' dir='ltr'>necessariam,</span> <span class='ocrx_word' id='word_1_19' title='bbox 603 418 633 441; x_wconf 91' lang='lat' dir='ltr'>et</span> <span class='ocrx_word' id='word_1_20' title='bbox 660 410 722 441; x_wconf 91' lang='lat' dir='ltr'>hoc</span> <span class='ocrx_word' id='word_1_21' title='bbox 749 409 800 440; x_wconf 82' lang='lat' dir='ltr'>isti</span> <span class='ocrx_word' id='word_1_22' title='bbox 827 415 975 450; x_wconf 91' lang='lat' dir='ltr'>reputant</span> <span class='ocrx_word' id='word_1_23' title='bbox 1003 409 1216 450; x_wconf 86' lang='lat' dir='ltr'>impossibile;</span> <span class='ocrx_word' id='word_1_24' title='bbox 1247 409 1320 440; x_wconf 89' lang='lat' dir='ltr'>ideo</span> 
     </span>
     <span class='ocr_line' id='line_1_5' title="bbox 252 453 1320 495; baseline -0.001 -10"><span class='ocrx_word' id='word_1_25' title='bbox 252 454 318 485; x_wconf 92' lang='lat' dir='ltr'>duo</span> <span class='ocrx_word' id='word_1_26' title='bbox 342 455 463 495; x_wconf 91' lang='lat' dir='ltr'>agenda</span> <span class='ocrx_word' id='word_1_27' title='bbox 486 462 570 486; x_wconf 91' lang='lat' dir='ltr'>sunt.</span> <span class='ocrx_word' id='word_1_28' title='bbox 594 454 712 491; x_wconf 85' lang='lat' dir='ltr'>Primo,</span> <span class='ocrx_word' id='word_1_29' title='bbox 737 461 846 494; x_wconf 90' lang='lat' dir='ltr'>agetur</span> <span class='ocrx_word' id='word_1_30' title='bbox 868 454 908 483; x_wconf 93' lang='lat' dir='ltr'>de</span> <span class='ocrx_word' id='word_1_31' title='bbox 931 453 992 484; x_wconf 89' lang='lat' dir='ltr'>hoc</span> <span class='ocrx_word' id='word_1_32' title='bbox 1015 453 1048 483; x_wconf 92' lang='lat' dir='ltr'>in</span> <span class='ocrx_word' id='word_1_33' title='bbox 1073 454 1255 490; x_wconf 91' lang='lat' dir='ltr'>communi,</span> <span class='ocrx_word' id='word_1_34' title='bbox 1280 464 1320 484; x_wconf 91' lang='lat' dir='ltr'>an</span> 
     </span>
     <span class='ocr_line' id='line_1_6' title="bbox 251 497 1318 540; baseline -0.002 -10"><span class='ocrx_word' id='word_1_35' title='bbox 251 506 428 540; x_wconf 87' lang='lat' dir='ltr'>repugnent</span> <span class='ocrx_word' id='word_1_36' title='bbox 450 499 519 530; x_wconf 88' lang='lat' dir='ltr'>ista.</span> <span class='ocrx_word' id='word_1_37' title='bbox 553 499 700 530; x_wconf 92' lang='lat' dir='ltr'>Secundo</span> <span class='ocrx_word' id='word_1_38' title='bbox 715 498 750 534; x_wconf 89' lang='lat'>*,</span> <span class='ocrx_word' id='word_1_39' title='bbox 774 497 958 528; x_wconf 87' lang='lat' dir='ltr'>ostendetur</span> <span class='ocrx_word' id='word_1_40' title='bbox 986 498 1064 538; x_wconf 93' lang='lat' dir='ltr'>quid</span> <span class='ocrx_word' id='word_1_41' title='bbox 1087 498 1126 528; x_wconf 92' lang='lat' dir='ltr'>de</span> <span class='ocrx_word' id='word_1_42' title='bbox 1156 498 1239 529; x_wconf 88' lang='lat' dir='ltr'>facto</span> <span class='ocrx_word' id='word_1_43' title='bbox 1263 498 1318 529; x_wconf 89' lang='lat' dir='ltr'>sit:</span> 
     </span>
     <span class='ocr_line' id='line_1_7' title="bbox 251 542 1319 585; baseline -0.002 -11"><span class='ocrx_word' id='word_1_44' title='bbox 251 544 420 585; x_wconf 93' lang='lat' dir='ltr'>quomodo</span> <span class='ocrx_word' id='word_1_45' title='bbox 437 543 553 574; x_wconf 88' lang='lat' dir='ltr'>scilicet</span> <span class='ocrx_word' id='word_1_46' title='bbox 572 543 658 574; x_wconf 93' lang='lat' dir='ltr'>Deus</span> <span class='ocrx_word' id='word_1_47' title='bbox 678 549 725 573; x_wconf 90' lang='lat' dir='ltr'>est</span> <span class='ocrx_word' id='word_1_48' title='bbox 748 552 842 573; x_wconf 89' lang='lat' dir='ltr'>causa</span> <span class='ocrx_word' id='word_1_49' title='bbox 864 542 1046 578; x_wconf 89' lang='lat' dir='ltr'>necessaria,</span> <span class='ocrx_word' id='word_1_50' title='bbox 1063 549 1093 573; x_wconf 92' lang='lat' dir='ltr'>et</span> <span class='ocrx_word' id='word_1_51' title='bbox 1108 542 1180 583; x_wconf 91' lang='lat' dir='ltr'>quis</span> <span class='ocrx_word' id='word_1_52' title='bbox 1196 542 1236 573; x_wconf 89' lang='lat' dir='ltr'>sit</span> <span class='ocrx_word' id='word_1_53' title='bbox 1251 553 1319 573; x_wconf 90' lang='lat' dir='ltr'>sen-</span> 
     </span>
     <span class='ocr_line' id='line_1_8' title="bbox 251 588 575 619; baseline -0.003 0"><span class='ocrx_word' id='word_1_54' title='bbox 251 598 305 619; x_wconf 89' lang='lat' dir='ltr'>sus</span> <span class='ocrx_word' id='word_1_55' title='bbox 328 588 424 619; x_wconf 91' lang='lat' dir='ltr'>huius</span> <span class='ocrx_word' id='word_1_56' title='bbox 446 588 575 619; x_wconf 81' lang='lat' dir='ltr'><strong>litterae.</strong></span> 
     </span>
    </p>

    <p class='ocr_par' dir='ltr' id='par_1_4' title="bbox 247 630 1320 1383">
     <span class='ocr_line' id='line_1_9' title="bbox 309 630 1319 672; baseline -0.002 -8"><span class='ocrx_word' id='word_1_57' title='bbox 309 633 393 664; x_wconf 88' lang='lat' dir='ltr'>XXI.</span> <span class='ocrx_word' id='word_1_58' title='bbox 418 631 536 669; x_wconf 83' lang='lat' dir='ltr'><strong>Quoad</strong></span> <span class='ocrx_word' id='word_1_59' title='bbox 553 632 718 672; x_wconf 78' lang='lat' dir='ltr'>primum,</span> <span class='ocrx_word' id='word_1_60' title='bbox 743 640 784 661; x_wconf 92' lang='lat' dir='ltr'>ne</span> <span class='ocrx_word' id='word_1_61' title='bbox 807 630 906 661; x_wconf 89' lang='lat' dir='ltr'>simus</span> <span class='ocrx_word' id='word_1_62' title='bbox 934 630 966 661; x_wconf 91' lang='lat' dir='ltr'>in</span> <span class='ocrx_word' id='word_1_63' title='bbox 995 631 1188 672; x_wconf 86' lang='lat' dir='ltr'>aequivoco,</span> <span class='ocrx_word' id='word_1_64' title='bbox 1214 640 1319 662; x_wconf 87' lang='lat' dir='ltr'>neces-</span> 
     </span>
     <span class='ocr_line' id='line_1_10' title="bbox 251 674 1318 717; baseline -0.002 -9"><span class='ocrx_word' id='word_1_65' title='bbox 251 678 375 709; x_wconf 88' lang='lat' dir='ltr'>sarium</span> <span class='ocrx_word' id='word_1_66' title='bbox 400 676 567 717; x_wconf 88' lang='lat' dir='ltr'>dupliciter</span> <span class='ocrx_word' id='word_1_67' title='bbox 589 675 735 711; x_wconf 88' lang='lat' dir='ltr'>sumitur,</span> <span class='ocrx_word' id='word_1_68' title='bbox 761 675 800 705; x_wconf 90' lang='lat' dir='ltr'>ad</span> <span class='ocrx_word' id='word_1_69' title='bbox 824 674 1044 716; x_wconf 89' lang='lat' dir='ltr'>propositum:</span> <span class='ocrx_word' id='word_1_70' title='bbox 1078 675 1183 715; x_wconf 89' lang='lat' dir='ltr'>primo</span> <span class='ocrx_word' id='word_1_71' title='bbox 1207 676 1318 712; x_wconf 84' lang='lat' dir='ltr'>modo,</span> 
     </span>
     <span class='ocr_line' id='line_1_11' title="bbox 250 718 1319 762; baseline -0.002 -10"><span class='ocrx_word' id='word_1_72' title='bbox 250 722 453 762; x_wconf 84' lang='lat' dir='ltr'>simpliciter,</span> <span class='ocrx_word' id='word_1_73' title='bbox 478 719 595 751; x_wconf 86' lang='lat' dir='ltr'>scilicet</span> <span class='ocrx_word' id='word_1_74' title='bbox 618 719 708 760; x_wconf 92' lang='lat' dir='ltr'>quod</span> <span class='ocrx_word' id='word_1_75' title='bbox 728 718 862 749; x_wconf 92' lang='lat' dir='ltr'>omnino</span> <span class='ocrx_word' id='word_1_76' title='bbox 886 719 1083 760; x_wconf 89' lang='lat' dir='ltr'>impossibile</span> <span class='ocrx_word' id='word_1_77' title='bbox 1107 726 1153 751; x_wconf 93' lang='lat' dir='ltr'>est</span> <span class='ocrx_word' id='word_1_78' title='bbox 1176 719 1264 750; x_wconf 90' lang='lat' dir='ltr'>aliter</span> <span class='ocrx_word' id='word_1_79' title='bbox 1287 730 1319 750; x_wconf 94' lang='lat' dir='ltr'>se</span> 
     </span>
     <span class='ocr_line' id='line_1_12' title="bbox 250 763 1320 805; baseline -0.002 -8"><span class='ocrx_word' id='word_1_80' title='bbox 250 766 380 802; x_wconf 88' lang='lat' dir='ltr'>habere;</span> <span class='ocrx_word' id='word_1_81' title='bbox 405 765 468 796; x_wconf 86' lang='lat' dir='ltr'>alio</span> <span class='ocrx_word' id='word_1_82' title='bbox 487 763 597 799; x_wconf 87' lang='lat' dir='ltr'>modo,</span> <span class='ocrx_word' id='word_1_83' title='bbox 621 764 871 801; x_wconf 83' lang='lat' dir='ltr'><em>immutabiliter,</em></span> <span class='ocrx_word' id='word_1_84' title='bbox 892 764 982 805; x_wconf 94' lang='lat' dir='ltr'>quod</span> <span class='ocrx_word' id='word_1_85' title='bbox 1001 764 1118 795; x_wconf 91' lang='lat' dir='ltr'>scilicet</span> <span class='ocrx_word' id='word_1_86' title='bbox 1133 774 1199 794; x_wconf 92' lang='lat' dir='ltr'>non</span> <span class='ocrx_word' id='word_1_87' title='bbox 1215 771 1320 805; x_wconf 91' lang='lat' dir='ltr'>potest</span> 
     </span>
     <span class='ocr_line' id='line_1_13' title="bbox 250 807 1320 849; baseline -0.002 -8"><span class='ocrx_word' id='word_1_88' title='bbox 250 809 367 841; x_wconf 85' lang='lat' dir='ltr'>mutari</span> <span class='ocrx_word' id='word_1_89' title='bbox 389 809 428 839; x_wconf 95' lang='lat' dir='ltr'>de</span> <span class='ocrx_word' id='word_1_90' title='bbox 451 808 515 839; x_wconf 89' lang='lat' dir='ltr'>hoc</span> <span class='ocrx_word' id='word_1_91' title='bbox 538 807 570 838; x_wconf 88' lang='lat' dir='ltr'>in</span> <span class='ocrx_word' id='word_1_92' title='bbox 594 807 799 849; x_wconf 88' lang='lat' dir='ltr'>oppositum,</span> <span class='ocrx_word' id='word_1_93' title='bbox 828 808 974 849; x_wconf 91' lang='lat' dir='ltr'>quamvis</span> <span class='ocrx_word' id='word_1_94' title='bbox 998 809 1141 839; x_wconf 87' lang='lat' dir='ltr'>absolute</span> <span class='ocrx_word' id='word_1_95' title='bbox 1165 809 1320 849; x_wconf 87' lang='lat' dir='ltr'>potuisset</span> 
     </span>
     <span class='ocr_line' id='line_1_14' title="bbox 251 852 1318 894; baseline -0.002 -9"><span class='ocrx_word' id='word_1_96' title='bbox 251 863 317 885; x_wconf 89' lang='lat' dir='ltr'>esse</span> <span class='ocrx_word' id='word_1_97' title='bbox 341 852 545 894; x_wconf 85' lang='lat' dir='ltr'>oppositum,</span> <span class='ocrx_word' id='word_1_98' title='bbox 571 859 602 883; x_wconf 92' lang='lat' dir='ltr'>et</span> <span class='ocrx_word' id='word_1_99' title='bbox 624 862 691 882; x_wconf 91' lang='lat' dir='ltr'>non</span> <span class='ocrx_word' id='word_1_100' title='bbox 714 852 786 883; x_wconf 89' lang='lat' dir='ltr'>hoc.</span> <span class='ocrx_word' id='word_1_101' title='bbox 812 852 847 882; x_wconf 90' lang='lat' dir='ltr'>In</span> <span class='ocrx_word' id='word_1_102' title='bbox 869 852 970 884; x_wconf 88' lang='lat' dir='ltr'>littera</span> <span class='ocrx_word' id='word_1_103' title='bbox 994 853 1032 883; x_wconf 89' lang='lat' dir='ltr'>de</span> <span class='ocrx_word' id='word_1_104' title='bbox 1056 860 1190 894; x_wconf 91' lang='lat' dir='ltr'>utraque</span> <span class='ocrx_word' id='word_1_105' title='bbox 1213 863 1318 884; x_wconf 91' lang='lat' dir='ltr'>neces-</span> 
     </span>
     <span class='ocr_line' id='line_1_15' title="bbox 250 896 1318 938; baseline 0 -10"><span class='ocrx_word' id='word_1_106' title='bbox 250 898 340 929; x_wconf 85' lang='lat' dir='ltr'>sitate</span> <span class='ocrx_word' id='word_1_107' title='bbox 363 896 399 928; x_wconf 92' lang='lat' dir='ltr'>fit</span> <span class='ocrx_word' id='word_1_108' title='bbox 421 897 554 933; x_wconf 88' lang='lat' dir='ltr'>mentio,</span> <span class='ocrx_word' id='word_1_109' title='bbox 578 897 802 938; x_wconf 89' lang='lat' dir='ltr'>respondendo</span> <span class='ocrx_word' id='word_1_110' title='bbox 826 897 866 927; x_wconf 92' lang='lat' dir='ltr'>ad</span> <span class='ocrx_word' id='word_1_111' title='bbox 889 897 1039 938; x_wconf 87' lang='lat' dir='ltr'>primum.</span> <span class='ocrx_word' id='word_1_112' title='bbox 1064 898 1112 928; x_wconf 93' lang='lat' dir='ltr'>De</span> <span class='ocrx_word' id='word_1_113' title='bbox 1135 897 1318 928; x_wconf 88' lang='lat' dir='ltr'>necessitate</span> 
     </span>
     <span class='ocr_line' id='line_1_16' title="bbox 250 941 1318 984; baseline 0 -12"><span class='ocrx_word' id='word_1_114' title='bbox 250 942 382 984; x_wconf 88' lang='lat' dir='ltr'>quidem</span> <span class='ocrx_word' id='word_1_115' title='bbox 405 941 604 982; x_wconf 88' lang='lat' dir='ltr'>simpliciter,</span> <span class='ocrx_word' id='word_1_116' title='bbox 630 951 704 972; x_wconf 88' lang='lat' dir='ltr'>cum</span> <span class='ocrx_word' id='word_1_117' title='bbox 728 941 843 972; x_wconf 88' lang='lat' dir='ltr'>dicitur</span> <span class='ocrx_word' id='word_1_118' title='bbox 864 941 897 972; x_wconf 90' lang='lat' dir='ltr'>in</span> <span class='ocrx_word' id='word_1_119' title='bbox 921 942 1086 972; x_wconf 90' lang='lat' dir='ltr'>communi</span> <span class='ocrx_word' id='word_1_120' title='bbox 1111 942 1201 982; x_wconf 89' lang='lat' dir='ltr'>quod</span> <span class='ocrx_word' id='word_1_121' title='bbox 1225 952 1318 972; x_wconf 87' lang='lat' dir='ltr'>causa</span> 
     </span>
     <span class='ocr_line' id='line_1_17' title="bbox 249 985 1319 1027; baseline -0.002 -9"><span class='ocrx_word' id='word_1_122' title='bbox 249 992 373 1018; x_wconf 87' lang='lat' dir='ltr'>remota</span> <span class='ocrx_word' id='word_1_123' title='bbox 394 992 500 1027; x_wconf 89' lang='lat' dir='ltr'>potest</span> <span class='ocrx_word' id='word_1_124' title='bbox 523 995 590 1016; x_wconf 89' lang='lat' dir='ltr'>esse</span> <span class='ocrx_word' id='word_1_125' title='bbox 618 986 810 1022; x_wconf 86' lang='lat' dir='ltr'>necessaria,</span> <span class='ocrx_word' id='word_1_126' title='bbox 842 993 873 1016; x_wconf 92' lang='lat' dir='ltr'>et</span> <span class='ocrx_word' id='word_1_127' title='bbox 895 985 1022 1017; x_wconf 85' lang='lat' dir='ltr'>effectus</span> <span class='ocrx_word' id='word_1_128' title='bbox 1051 986 1255 1026; x_wconf 88' lang='lat' dir='ltr'>contingens,</span> <span class='ocrx_word' id='word_1_129' title='bbox 1288 993 1319 1017; x_wconf 86' lang='lat' dir='ltr'>et</span> 
     </span>
     <span class='ocr_line' id='line_1_18' title="bbox 250 1030 1317 1072; baseline 0 -11"><span class='ocrx_word' id='word_1_130' title='bbox 250 1030 499 1072; x_wconf 84' lang='lat' dir='ltr'>exemplificatur</span> <span class='ocrx_word' id='word_1_131' title='bbox 526 1030 564 1061; x_wconf 91' lang='lat' dir='ltr'>de</span> <span class='ocrx_word' id='word_1_132' title='bbox 588 1038 681 1062; x_wconf 89' lang='lat' dir='ltr'>motu</span> <span class='ocrx_word' id='word_1_133' title='bbox 710 1030 804 1066; x_wconf 91' lang='lat' dir='ltr'>solis,</span> <span class='ocrx_word' id='word_1_134' title='bbox 836 1040 934 1071; x_wconf 91' lang='lat' dir='ltr'>quem</span> <span class='ocrx_word' id='word_1_135' title='bbox 964 1038 1087 1062; x_wconf 87' lang='lat' dir='ltr'>constat</span> <span class='ocrx_word' id='word_1_136' title='bbox 1117 1031 1275 1061; x_wconf 90' lang='lat' dir='ltr'>numerari</span> <span class='ocrx_word' id='word_1_137' title='bbox 1299 1041 1317 1061; x_wconf 92' lang='lat' dir='ltr'>a</span> 
     </span>
     <span class='ocr_line' id='line_1_19' title="bbox 249 1074 1317 1116; baseline -0.001 -10"><span class='ocrx_word' id='word_1_138' title='bbox 249 1075 450 1116; x_wconf 86' lang='lat' dir='ltr'>philosophis</span> <span class='ocrx_word' id='word_1_139' title='bbox 473 1074 554 1106; x_wconf 92' lang='lat' dir='ltr'>inter</span> <span class='ocrx_word' id='word_1_140' title='bbox 577 1084 686 1105; x_wconf 85' lang='lat' dir='ltr'>causas</span> <span class='ocrx_word' id='word_1_141' title='bbox 709 1075 897 1105; x_wconf 88' lang='lat' dir='ltr'>necessarias</span> <span class='ocrx_word' id='word_1_142' title='bbox 921 1075 1112 1115; x_wconf 90' lang='lat' dir='ltr'>simpliciter.</span> <span class='ocrx_word' id='word_1_143' title='bbox 1141 1075 1189 1105; x_wconf 92' lang='lat' dir='ltr'>De</span> <span class='ocrx_word' id='word_1_144' title='bbox 1212 1085 1317 1105; x_wconf 90' lang='lat' dir='ltr'>neces-</span> 
     </span>
     <span class='ocr_line' id='line_1_20' title="bbox 249 1119 1318 1159; baseline -0.002 -8"><span class='ocrx_word' id='word_1_145' title='bbox 249 1120 340 1152; x_wconf 84' lang='lat' dir='ltr'>sitate</span> <span class='ocrx_word' id='word_1_146' title='bbox 363 1126 471 1151; x_wconf 91' lang='lat' dir='ltr'>autem</span> <span class='ocrx_word' id='word_1_147' title='bbox 493 1119 776 1156; x_wconf 84' lang='lat' dir='ltr'>immutabilitatis,</span> <span class='ocrx_word' id='word_1_148' title='bbox 808 1129 883 1150; x_wconf 91' lang='lat' dir='ltr'>cum</span> <span class='ocrx_word' id='word_1_149' title='bbox 906 1119 938 1149; x_wconf 89' lang='lat' dir='ltr'>in</span> <span class='ocrx_word' id='word_1_150' title='bbox 962 1119 1089 1159; x_wconf 90' lang='lat' dir='ltr'>speciali</span> <span class='ocrx_word' id='word_1_151' title='bbox 1121 1119 1159 1149; x_wconf 93' lang='lat' dir='ltr'>de</span> <span class='ocrx_word' id='word_1_152' title='bbox 1189 1119 1318 1150; x_wconf 88' lang='lat' dir='ltr'>scientia</span> 
     </span>
     <span class='ocr_line' id='line_1_21' title="bbox 249 1163 1316 1205; baseline -0.003 -9"><span class='ocrx_word' id='word_1_153' title='bbox 249 1164 308 1196; x_wconf 85' lang='lat' dir='ltr'>Dei</span> <span class='ocrx_word' id='word_1_154' title='bbox 332 1164 460 1200; x_wconf 88' lang='lat' dir='ltr'>dicitur,</span> <span class='ocrx_word' id='word_1_155' title='bbox 484 1163 574 1205; x_wconf 91' lang='lat' dir='ltr'>quod</span> <span class='ocrx_word' id='word_1_156' title='bbox 597 1170 644 1195; x_wconf 90' lang='lat' dir='ltr'>est</span> <span class='ocrx_word' id='word_1_157' title='bbox 666 1173 760 1194; x_wconf 91' lang='lat' dir='ltr'>causa</span> <span class='ocrx_word' id='word_1_158' title='bbox 783 1163 965 1194; x_wconf 89' lang='lat' dir='ltr'>necessaria.</span> <span class='ocrx_word' id='word_1_159' title='bbox 989 1164 1064 1194; x_wconf 92' lang='lat' dir='ltr'>Non</span> <span class='ocrx_word' id='word_1_160' title='bbox 1088 1163 1174 1194; x_wconf 90' lang='lat' dir='ltr'>enim</span> <span class='ocrx_word' id='word_1_161' title='bbox 1198 1170 1244 1194; x_wconf 91' lang='lat' dir='ltr'>est</span> <span class='ocrx_word' id='word_1_162' title='bbox 1264 1173 1316 1193; x_wconf 93' lang='lat' dir='ltr'>ne-</span> 
     </span>
     <span class='ocr_line' id='line_1_22' title="bbox 249 1208 1315 1248; baseline -0.003 -8"><span class='ocrx_word' id='word_1_163' title='bbox 249 1209 382 1240; x_wconf 87' lang='lat' dir='ltr'>cessaria</span> <span class='ocrx_word' id='word_1_164' title='bbox 405 1218 499 1240; x_wconf 89' lang='lat' dir='ltr'>causa</span> <span class='ocrx_word' id='word_1_165' title='bbox 522 1208 721 1248; x_wconf 89' lang='lat' dir='ltr'>simpliciter,</span> <span class='ocrx_word' id='word_1_166' title='bbox 747 1218 821 1239; x_wconf 90' lang='lat' dir='ltr'>cum</span> <span class='ocrx_word' id='word_1_167' title='bbox 844 1208 1000 1248; x_wconf 89' lang='lat' dir='ltr'>potuisset</span> <span class='ocrx_word' id='word_1_168' title='bbox 1023 1217 1089 1238; x_wconf 91' lang='lat' dir='ltr'>non</span> <span class='ocrx_word' id='word_1_169' title='bbox 1114 1217 1180 1238; x_wconf 92' lang='lat' dir='ltr'>esse</span> <span class='ocrx_word' id='word_1_170' title='bbox 1204 1215 1315 1238; x_wconf 91' lang='lat' dir='ltr'>causa:</span> 
     </span>
     <span class='ocr_line' id='line_1_23' title="bbox 249 1251 1316 1292; baseline -0.003 -7"><span class='ocrx_word' id='word_1_171' title='bbox 249 1253 304 1285; x_wconf 83' lang='lat' dir='ltr'>sed</span> <span class='ocrx_word' id='word_1_172' title='bbox 328 1261 374 1285; x_wconf 92' lang='lat' dir='ltr'>est</span> <span class='ocrx_word' id='word_1_173' title='bbox 397 1252 571 1287; x_wconf 76' lang='lat' dir='ltr'>necessaria</span> <span class='ocrx_word' id='word_1_174' title='bbox 593 1252 858 1283; x_wconf 82' lang='lat' dir='ltr'>immutabilitatis</span> <span class='ocrx_word' id='word_1_175' title='bbox 881 1252 1075 1288; x_wconf 84' lang='lat' dir='ltr'>necessitate,</span> <span class='ocrx_word' id='word_1_176' title='bbox 1099 1251 1175 1292; x_wconf 92' lang='lat' dir='ltr'>quia</span> <span class='ocrx_word' id='word_1_177' title='bbox 1197 1261 1234 1282; x_wconf 87' lang='lat' dir='ltr'>ex</span> <span class='ocrx_word' id='word_1_178' title='bbox 1250 1261 1316 1292; x_wconf 91' lang='lat' dir='ltr'>quo</span> 
     </span>
     <span class='ocr_line' id='line_1_24' title="bbox 249 1295 1317 1333; baseline -0.003 -4"><span class='ocrx_word' id='word_1_179' title='bbox 249 1297 455 1329; x_wconf 67' lang='lat' dir='ltr'>determinata</span> <span class='ocrx_word' id='word_1_180' title='bbox 477 1305 524 1329; x_wconf 89' lang='lat' dir='ltr'>est</span> <span class='ocrx_word' id='word_1_181' title='bbox 546 1305 583 1329; x_wconf 92' lang='lat' dir='ltr'>ut</span> <span class='ocrx_word' id='word_1_182' title='bbox 607 1307 701 1329; x_wconf 88' lang='lat' dir='ltr'>causa</span> <span class='ocrx_word' id='word_1_183' title='bbox 724 1296 764 1328; x_wconf 91' lang='lat' dir='ltr'>sit</span> <span class='ocrx_word' id='word_1_184' title='bbox 774 1304 784 1333; x_wconf 83' lang='lat'>,&#39;</span> <span class='ocrx_word' id='word_1_185' title='bbox 813 1303 844 1327; x_wconf 89' lang='lat' dir='ltr'>et</span> <span class='ocrx_word' id='word_1_186' title='bbox 867 1297 907 1326; x_wconf 89' lang='lat' dir='ltr'>ad</span> <span class='ocrx_word' id='word_1_187' title='bbox 929 1296 1007 1327; x_wconf 90' lang='lat' dir='ltr'>tales</span> <span class='ocrx_word' id='word_1_188' title='bbox 1035 1295 1162 1326; x_wconf 82' lang='lat' dir='ltr'>effectus</span> <span class='ocrx_word' id='word_1_189' title='bbox 1191 1302 1317 1326; x_wconf 90' lang='lat' dir='ltr'>tantum</span> 
     </span>
     <span class='ocr_line' id='line_1_25' title="bbox 247 1340 838 1383; baseline -0.003 -10"><span class='ocrx_word' id='word_1_190' title='bbox 247 1342 482 1383; x_wconf 90' lang='lat' dir='ltr'>producendos,</span> <span class='ocrx_word' id='word_1_191' title='bbox 503 1351 570 1372; x_wconf 91' lang='lat' dir='ltr'>non</span> <span class='ocrx_word' id='word_1_192' title='bbox 589 1348 694 1382; x_wconf 89' lang='lat' dir='ltr'>potest</span> <span class='ocrx_word' id='word_1_193' title='bbox 712 1340 838 1372; x_wconf 91' lang='lat' dir='ltr'>mutari.</span> 
     </span>
    </p>

    <p class='ocr_par' dir='ltr' id='par_1_5' title="bbox 246 1384 1317 1515">
     <span class='ocr_line' id='line_1_26' title="bbox 301 1384 1316 1427; baseline -0.003 -9"><span class='ocrx_word' id='word_1_194' title='bbox 301 1387 400 1418; x_wconf 90' lang='lat' dir='ltr'>XXII.</span> <span class='ocrx_word' id='word_1_195' title='bbox 417 1386 452 1417; x_wconf 88' lang='lat' dir='ltr'>ln</span> <span class='ocrx_word' id='word_1_196' title='bbox 471 1385 638 1427; x_wconf 89' lang='lat' dir='ltr'>proposito</span> <span class='ocrx_word' id='word_1_197' title='bbox 653 1385 757 1425; x_wconf 88' lang='lat' dir='ltr'>igitur,</span> <span class='ocrx_word' id='word_1_198' title='bbox 778 1384 850 1415; x_wconf 89' lang='lat' dir='ltr'>dico</span> <span class='ocrx_word' id='word_1_199' title='bbox 866 1384 956 1425; x_wconf 91' lang='lat' dir='ltr'>quod</span> <span class='ocrx_word' id='word_1_200' title='bbox 979 1395 1045 1415; x_wconf 91' lang='lat' dir='ltr'>non</span> <span class='ocrx_word' id='word_1_201' title='bbox 1069 1391 1224 1425; x_wconf 87' lang='lat' dir='ltr'>repugnat</span> <span class='ocrx_word' id='word_1_202' title='bbox 1243 1384 1316 1416; x_wconf 86' lang='lat' dir='ltr'>effe-</span> 
     </span>
     <span class='ocr_line' id='line_1_27' title="bbox 247 1429 1316 1470; baseline -0.003 -7"><span class='ocrx_word' id='word_1_203' title='bbox 247 1437 336 1463; x_wconf 88' lang='lat' dir='ltr'>ctum</span> <span class='ocrx_word' id='word_1_204' title='bbox 351 1441 419 1462; x_wconf 88' lang='lat' dir='ltr'>esse</span> <span class='ocrx_word' id='word_1_205' title='bbox 442 1429 693 1470; x_wconf 83' lang='lat' dir='ltr'>contingentem,</span> <span class='ocrx_word' id='word_1_206' title='bbox 714 1436 744 1460; x_wconf 93' lang='lat' dir='ltr'>et</span> <span class='ocrx_word' id='word_1_207' title='bbox 767 1438 895 1459; x_wconf 88' lang='lat' dir='ltr'>causam</span> <span class='ocrx_word' id='word_1_208' title='bbox 912 1429 1160 1466; x_wconf 79' lang='lat' dir='ltr'>remotam,·sive</span> <span class='ocrx_word' id='word_1_209' title='bbox 1183 1429 1236 1460; x_wconf 90' lang='lat' dir='ltr'>illa</span> <span class='ocrx_word' id='word_1_210' title='bbox 1259 1439 1316 1469; x_wconf 93' lang='lat' dir='ltr'>po-</span> 
     </span>
     <span class='ocr_line' id='line_1_28' title="bbox 246 1473 1317 1515; baseline -0.003 -8"><span class='ocrx_word' id='word_1_211' title='bbox 246 1482 341 1507; x_wconf 85' lang='lat' dir='ltr'>natur</span> <span class='ocrx_word' id='word_1_212' title='bbox 362 1474 465 1515; x_wconf 88' lang='lat' dir='ltr'>prima</span> <span class='ocrx_word' id='word_1_213' title='bbox 487 1473 671 1514; x_wconf 87' lang='lat' dir='ltr'>simpliciter</span> <span class='ocrx_word' id='word_1_214' title='bbox 693 1473 758 1503; x_wconf 88' lang='lat' dir='ltr'>sive</span> <span class='ocrx_word' id='word_1_215' title='bbox 781 1483 861 1509; x_wconf 90' lang='lat' dir='ltr'>non,</span> <span class='ocrx_word' id='word_1_216' title='bbox 883 1476 950 1504; x_wconf 69' lang='lat' dir='ltr'>esse</span> <span class='ocrx_word' id='word_1_217' title='bbox 969 1473 1152 1514; x_wconf 89' lang='lat' dir='ltr'>simpliciter</span> <span class='ocrx_word' id='word_1_218' title='bbox 1175 1483 1317 1504; x_wconf 83' lang='lat' dir='ltr'>neccssa-</span> 
     </span>
    </p>
   </div>
   <div class='ocr_carea' id='block_1_4' title="bbox 211 1517 1318 1559">
    <p class='ocr_par' dir='ltr' id='par_1_6' title="bbox 211 1517 1318 1559">
     <span class='ocr_line' id='line_1_29' title="bbox 211 1517 1318 1559; baseline -0.003 -8"><span class='ocrx_word' id='word_1_219' title='bbox 211 1536 218 1540; x_wconf 87' lang='lat'><em>-</em></span> <span class='ocrx_word' id='word_1_220' title='bbox 246 1519 336 1551; x_wconf 86' lang='lat' dir='ltr'>riam.</span> <span class='ocrx_word' id='word_1_221' title='bbox 347 1519 389 1551; x_wconf 88' lang='lat' dir='ltr'>Et</span> <span class='ocrx_word' id='word_1_222' title='bbox 402 1518 465 1549; x_wconf 91' lang='lat' dir='ltr'>hoc</span> <span class='ocrx_word' id='word_1_223' title='bbox 477 1517 675 1549; x_wconf 90' lang='lat' dir='ltr'>convincitur</span> <span class='ocrx_word' id='word_1_224' title='bbox 684 1517 717 1548; x_wconf 88' lang='lat' dir='ltr'>in</span> <span class='ocrx_word' id='word_1_225' title='bbox 733 1517 936 1559; x_wconf 85' lang='lat' dir='ltr'>syllogismis,</span> <span class='ocrx_word' id='word_1_226' title='bbox 949 1517 1004 1548; x_wconf 94' lang='lat' dir='ltr'>ubi</span> <span class='ocrx_word' id='word_1_227' title='bbox 1020 1518 1184 1549; x_wconf 90' lang='lat' dir='ltr'>conclusio</span> <span class='ocrx_word' id='word_1_228' title='bbox 1197 1518 1318 1549; x_wconf 89' lang='lat' dir='ltr'>contin-</span> 
     </span>
    </p>
   </div>
   <div class='ocr_carea' id='block_1_5' title="bbox 245 1562 1316 1648">
    <p class='ocr_par' dir='ltr' id='par_1_7' title="bbox 245 1562 1316 1648">
     <span class='ocr_line' id='line_1_30' title="bbox 245 1562 1315 1604; baseline 0 -10"><span class='ocrx_word' id='word_1_229' title='bbox 245 1573 323 1604; x_wconf 87' lang='lat' dir='ltr'>gens</span> <span class='ocrx_word' id='word_1_230' title='bbox 346 1562 489 1604; x_wconf 83' lang='lat' dir='ltr'>sequitur</span> <span class='ocrx_word' id='word_1_231' title='bbox 512 1572 549 1593; x_wconf 87' lang='lat' dir='ltr'>ex</span> <span class='ocrx_word' id='word_1_232' title='bbox 572 1562 692 1592; x_wconf 88' lang='lat' dir='ltr'>maiore</span> <span class='ocrx_word' id='word_1_233' title='bbox 714 1562 888 1592; x_wconf 88' lang='lat' dir='ltr'>necessaria</span> <span class='ocrx_word' id='word_1_234' title='bbox 904 1569 935 1593; x_wconf 90' lang='lat' dir='ltr'>et</span> <span class='ocrx_word' id='word_1_235' title='bbox 954 1562 1078 1593; x_wconf 91' lang='lat' dir='ltr'>minore</span> <span class='ocrx_word' id='word_1_236' title='bbox 1102 1562 1315 1603; x_wconf 87' lang='lat' dir='ltr'>contingente.</span> 
     </span>
     <span class='ocr_line' id='line_1_31' title="bbox 245 1605 1316 1648; baseline -0.002 -9"><span class='ocrx_word' id='word_1_237' title='bbox 245 1607 288 1639; x_wconf 88' lang='lat' dir='ltr'>Et</span> <span class='ocrx_word' id='word_1_238' title='bbox 319 1617 356 1638; x_wconf 84' lang='lat' dir='ltr'>ex</span> <span class='ocrx_word' id='word_1_239' title='bbox 387 1606 498 1647; x_wconf 89' lang='lat' dir='ltr'>primis</span> <span class='ocrx_word' id='word_1_240' title='bbox 529 1605 690 1647; x_wconf 86' lang='lat' dir='ltr'>principiis</span> <span class='ocrx_word' id='word_1_241' title='bbox 723 1606 903 1637; x_wconf 88' lang='lat' dir='ltr'>necessariis</span> <span class='ocrx_word' id='word_1_242' title='bbox 936 1615 1048 1637; x_wconf 90' lang='lat' dir='ltr'>omnes</span> <span class='ocrx_word' id='word_1_243' title='bbox 1080 1607 1316 1648; x_wconf 90' lang='lat' dir='ltr'>propositiones</span> 
     </span>
    </p>
   </div>
   <div class='ocr_carea' id='block_1_6' title="bbox 205 1649 1315 1694">
    <p class='ocr_par' dir='ltr' id='par_1_8' title="bbox 205 1649 1315 1694">
     <span class='ocr_line' id='line_1_32' title="bbox 205 1649 1315 1694; baseline -0.002 -11"><span class='ocrx_word' id='word_1_244' title='bbox 205 1649 210 1654; x_wconf 85' lang='lat'>&#39;</span> <span class='ocrx_word' id='word_1_245' title='bbox 245 1651 395 1694; x_wconf 89' lang='lat' dir='ltr'>pendent.</span> <span class='ocrx_word' id='word_1_246' title='bbox 418 1669 441 1686; x_wconf 81' lang='grc'>,-</span> <span class='ocrx_word' id='word_1_247' title='bbox 463 1650 674 1682; x_wconf 89' lang='lat' dir='ltr'>Convincitur</span> <span class='ocrx_word' id='word_1_248' title='bbox 696 1650 792 1681; x_wconf 88' lang='lat' dir='ltr'>etiam</span> <span class='ocrx_word' id='word_1_249' title='bbox 816 1650 947 1682; x_wconf 89' lang='lat' dir='ltr'>ratione.</span> <span class='ocrx_word' id='word_1_250' title='bbox 979 1651 1063 1688; x_wconf 91' lang='lat' dir='ltr'>Quia</span> <span class='ocrx_word' id='word_1_251' title='bbox 1087 1651 1249 1692; x_wconf 82' lang='lat' dir='ltr'>pluralitas</span> <span class='ocrx_word' id='word_1_252' title='bbox 1277 1652 1315 1682; x_wconf 88' lang='lat' dir='ltr'>ab</span> 
     </span>
    </p>
   </div>
   <div class='ocr_carea' id='block_1_7' title="bbox 0 2407 203 2433">
    <p class='ocr_par' dir='ltr' id='par_1_9' title="bbox 0 2407 203 2433">
     <span class='ocr_line' id='line_1_33' title="bbox 0 2407 203 2433; baseline -0.015 0"><span class='ocrx_word' id='word_1_253' title='bbox 0 2407 11 2420; x_wconf 81' lang='grc'><em>·</em></span> <span class='ocrx_word' id='word_1_254' title='bbox 25 2407 63 2433; x_wconf 73' lang='lat' dir='ltr'>Cf.</span> <span class='ocrx_word' id='word_1_255' title='bbox 77 2413 144 2431; x_wconf 77' lang='lat' dir='ltr'>nam.</span> <span class='ocrx_word' id='word_1_256' title='bbox 152 2413 203 2431; x_wconf 77' lang='lat' dir='ltr'>xix.</span> 
     </span>
    </p>
   </div>
   <div class='ocr_carea' id='block_1_8' title="bbox 243 1695 1316 3109">
    <p class='ocr_par' dir='ltr' id='par_1_10' title="bbox 244 1695 1316 2225">
     <span class='ocr_line' id='line_1_34' title="bbox 245 1695 1316 1737; baseline -0.001 -10"><span class='ocrx_word' id='word_1_257' title='bbox 245 1695 376 1733; x_wconf 86' lang='lat' dir='ltr'>unitate,</span> <span class='ocrx_word' id='word_1_258' title='bbox 401 1702 510 1727; x_wconf 88' lang='lat' dir='ltr'>motus</span> <span class='ocrx_word' id='word_1_259' title='bbox 534 1695 572 1726; x_wconf 89' lang='lat' dir='ltr'>ab</span> <span class='ocrx_word' id='word_1_260' title='bbox 596 1695 764 1732; x_wconf 89' lang='lat' dir='ltr'>immobili,</span> <span class='ocrx_word' id='word_1_261' title='bbox 789 1695 934 1726; x_wconf 85' lang='lat' dir='ltr'>difforme</span> <span class='ocrx_word' id='word_1_262' title='bbox 958 1696 997 1726; x_wconf 93' lang='lat' dir='ltr'>ab</span> <span class='ocrx_word' id='word_1_263' title='bbox 1022 1695 1174 1726; x_wconf 89' lang='lat' dir='ltr'>uniformi</span> <span class='ocrx_word' id='word_1_264' title='bbox 1190 1702 1316 1737; x_wconf 88' lang='lat' dir='ltr'>oportet</span> 
     </span>
     <span class='ocr_line' id='line_1_35' title="bbox 245 1739 1314 1782; baseline -0.002 -10"><span class='ocrx_word' id='word_1_265' title='bbox 245 1741 335 1782; x_wconf 90' lang='lat' dir='ltr'>quod</span> <span class='ocrx_word' id='word_1_266' title='bbox 357 1740 518 1782; x_wconf 89' lang='lat' dir='ltr'>procedat.</span> <span class='ocrx_word' id='word_1_267' title='bbox 543 1740 605 1771; x_wconf 87' lang='lat' dir='ltr'>Sed</span> <span class='ocrx_word' id='word_1_268' title='bbox 621 1739 808 1780; x_wconf 89' lang='lat' dir='ltr'>contingens</span> <span class='ocrx_word' id='word_1_269' title='bbox 830 1739 925 1770; x_wconf 87' lang='lat' dir='ltr'>habet</span> <span class='ocrx_word' id='word_1_270' title='bbox 947 1740 1103 1770; x_wconf 87' lang='lat' dir='ltr'>rationem</span> <span class='ocrx_word' id='word_1_271' title='bbox 1118 1740 1314 1780; x_wconf 87' lang='lat' dir='ltr'>pluralitatis,</span> 
     </span>
     <span class='ocr_line' id='line_1_36' title="bbox 244 1784 1315 1825; baseline -0.001 -9"><span class='ocrx_word' id='word_1_272' title='bbox 244 1791 363 1816; x_wconf 52' lang='lat' dir='ltr'>motus»</span> <span class='ocrx_word' id='word_1_273' title='bbox 378 1791 410 1816; x_wconf 92' lang='lat' dir='ltr'>et</span> <span class='ocrx_word' id='word_1_274' title='bbox 432 1784 652 1820; x_wconf 87' lang='lat' dir='ltr'>difformitatis,</span> <span class='ocrx_word' id='word_1_275' title='bbox 678 1784 753 1825; x_wconf 91' lang='lat' dir='ltr'>quia</span> <span class='ocrx_word' id='word_1_276' title='bbox 776 1790 882 1824; x_wconf 92' lang='lat' dir='ltr'>potest</span> <span class='ocrx_word' id='word_1_277' title='bbox 900 1784 990 1814; x_wconf 90' lang='lat' dir='ltr'>aliter</span> <span class='ocrx_word' id='word_1_278' title='bbox 1005 1794 1038 1814; x_wconf 89' lang='lat' dir='ltr'>se</span> <span class='ocrx_word' id='word_1_279' title='bbox 1057 1784 1184 1815; x_wconf 89' lang='lat' dir='ltr'>habere:</span> <span class='ocrx_word' id='word_1_280' title='bbox 1210 1794 1315 1815; x_wconf 90' lang='lat' dir='ltr'>neces-</span> 
     </span>
     <span class='ocr_line' id='line_1_37' title="bbox 245 1827 1315 1869; baseline -0.001 -9"><span class='ocrx_word' id='word_1_281' title='bbox 245 1829 365 1860; x_wconf 69' lang='lat' dir='ltr'>sarium</span> <span class='ocrx_word' id='word_1_282' title='bbox 388 1836 506 1865; x_wconf 84' lang='lat' dir='ltr'>autem,</span> <span class='ocrx_word' id='word_1_283' title='bbox 522 1828 628 1865; x_wconf 90' lang='lat' dir='ltr'>unius,</span> <span class='ocrx_word' id='word_1_284' title='bbox 645 1828 820 1859; x_wconf 91' lang='lat' dir='ltr'>immobilis</span> <span class='ocrx_word' id='word_1_285' title='bbox 843 1835 874 1859; x_wconf 91' lang='lat' dir='ltr'>et</span> <span class='ocrx_word' id='word_1_286' title='bbox 896 1827 1075 1864; x_wconf 86' lang='lat' dir='ltr'>uniformis,</span> <span class='ocrx_word' id='word_1_287' title='bbox 1096 1829 1171 1869; x_wconf 89' lang='lat' dir='ltr'>quia</span> <span class='ocrx_word' id='word_1_288' title='bbox 1195 1829 1315 1869; x_wconf 91' lang='lat' dir='ltr'>impos-</span> 
     </span>
     <span class='ocr_line' id='line_1_38' title="bbox 245 1873 1316 1913; baseline -0.002 -8"><span class='ocrx_word' id='word_1_289' title='bbox 245 1873 334 1905; x_wconf 76' lang='lat' dir='ltr'>sibile</span> <span class='ocrx_word' id='word_1_290' title='bbox 358 1881 404 1905; x_wconf 91' lang='lat' dir='ltr'>est</span> <span class='ocrx_word' id='word_1_291' title='bbox 428 1873 516 1904; x_wconf 91' lang='lat' dir='ltr'>aliter</span> <span class='ocrx_word' id='word_1_292' title='bbox 531 1882 564 1903; x_wconf 92' lang='lat' dir='ltr'>se</span> <span class='ocrx_word' id='word_1_293' title='bbox 583 1873 706 1903; x_wconf 87' lang='lat' dir='ltr'>habere.</span> <span class='ocrx_word' id='word_1_294' title='bbox 732 1873 818 1913; x_wconf 88' lang='lat' dir='ltr'>Ergo</span> <span class='ocrx_word' id='word_1_295' title='bbox 839 1873 1025 1913; x_wconf 90' lang='lat' dir='ltr'>contingens</span> <span class='ocrx_word' id='word_1_296' title='bbox 1041 1883 1059 1903; x_wconf 90' lang='lat' dir='ltr'>a</span> <span class='ocrx_word' id='word_1_297' title='bbox 1074 1873 1260 1909; x_wconf 86' lang='lat' dir='ltr'>necessario,</span> <span class='ocrx_word' id='word_1_298' title='bbox 1285 1880 1316 1904; x_wconf 90' lang='lat' dir='ltr'>et</span> 
     </span>
     <span class='ocr_line' id='line_1_39' title="bbox 245 1917 1315 1958; baseline -0.002 -9"><span class='ocrx_word' id='word_1_299' title='bbox 245 1928 312 1950; x_wconf 88' lang='lat' dir='ltr'>non</span> <span class='ocrx_word' id='word_1_300' title='bbox 326 1928 344 1949; x_wconf 93' lang='lat' dir='ltr'>e</span> <span class='ocrx_word' id='word_1_301' title='bbox 361 1927 525 1954; x_wconf 86' lang='lat' dir='ltr'>converso,</span> <span class='ocrx_word' id='word_1_302' title='bbox 542 1917 684 1958; x_wconf 87' lang='lat' dir='ltr'>procedit</span> <span class='ocrx_word' id='word_1_303' title='bbox 702 1917 894 1948; x_wconf 87' lang='lat' dir='ltr'>naturaliter.</span> <span class='ocrx_word' id='word_1_304' title='bbox 919 1919 967 1947; x_wconf 91' lang='lat' dir='ltr'>Ac</span> <span class='ocrx_word' id='word_1_305' title='bbox 981 1927 1037 1957; x_wconf 91' lang='lat' dir='ltr'>per</span> <span class='ocrx_word' id='word_1_306' title='bbox 1051 1917 1122 1953; x_wconf 88' lang='lat' dir='ltr'>hoc,</span> <span class='ocrx_word' id='word_1_307' title='bbox 1139 1927 1206 1947; x_wconf 93' lang='lat' dir='ltr'>non</span> <span class='ocrx_word' id='word_1_308' title='bbox 1222 1927 1315 1958; x_wconf 91' lang='lat' dir='ltr'>repu-</span> 
     </span>
     <span class='ocr_line' id='line_1_40' title="bbox 244 1961 1314 2004; baseline -0.003 -10"><span class='ocrx_word' id='word_1_309' title='bbox 244 1969 329 2004; x_wconf 86' lang='lat' dir='ltr'>gnat,</span> <span class='ocrx_word' id='word_1_310' title='bbox 347 1962 401 1993; x_wconf 89' lang='lat' dir='ltr'>sed</span> <span class='ocrx_word' id='word_1_311' title='bbox 416 1968 572 1993; x_wconf 90' lang='lat' dir='ltr'>consonat</span> <span class='ocrx_word' id='word_1_312' title='bbox 583 1961 787 2001; x_wconf 84' lang='lat' dir='ltr'>contingenti,</span> <span class='ocrx_word' id='word_1_313' title='bbox 803 1962 892 2002; x_wconf 93' lang='lat' dir='ltr'>quod</span> <span class='ocrx_word' id='word_1_314' title='bbox 908 1971 926 1991; x_wconf 89' lang='lat' dir='ltr'>a</span> <span class='ocrx_word' id='word_1_315' title='bbox 942 1961 1126 2001; x_wconf 90' lang='lat' dir='ltr'>simpliciter</span> <span class='ocrx_word' id='word_1_316' title='bbox 1141 1962 1314 1992; x_wconf 88' lang='lat' dir='ltr'>necessario</span> 
     </span>
     <span class='ocr_line' id='line_1_41' title="bbox 245 2005 1313 2042; baseline -0.002 -4"><span class='ocrx_word' id='word_1_317' title='bbox 245 2013 354 2038; x_wconf 90' lang='lat' dir='ltr'>ortum</span> <span class='ocrx_word' id='word_1_318' title='bbox 376 2006 499 2037; x_wconf 86' lang='lat' dir='ltr'>habeat.</span> <span class='ocrx_word' id='word_1_319' title='bbox 524 2024 544 2029; x_wconf 94' lang='lat'>—</span> <span class='ocrx_word' id='word_1_320' title='bbox 568 2005 778 2037; x_wconf 90' lang='lat' dir='ltr'>Convincitur</span> <span class='ocrx_word' id='word_1_321' title='bbox 808 2005 902 2036; x_wconf 87' lang='lat' dir='ltr'>etiam</span> <span class='ocrx_word' id='word_1_322' title='bbox 933 2005 1088 2036; x_wconf 91' lang='lat' dir='ltr'>evidentia</span> <span class='ocrx_word' id='word_1_323' title='bbox 1121 2005 1313 2042; x_wconf 86' lang='lat' dir='ltr'>casualium,</span> 
     </span>
     <span class='ocr_line' id='line_1_42' title="bbox 244 2050 1315 2093; baseline -0.002 -11"><span class='ocrx_word' id='word_1_324' title='bbox 244 2060 329 2093; x_wconf 86' lang='lat' dir='ltr'>quae</span> <span class='ocrx_word' id='word_1_325' title='bbox 359 2051 446 2091; x_wconf 91' lang='lat' dir='ltr'>apud</span> <span class='ocrx_word' id='word_1_326' title='bbox 475 2060 534 2080; x_wconf 93' lang='lat' dir='ltr'>nos</span> <span class='ocrx_word' id='word_1_327' title='bbox 562 2050 726 2086; x_wconf 89' lang='lat' dir='ltr'>accidunt,</span> <span class='ocrx_word' id='word_1_328' title='bbox 751 2057 787 2081; x_wconf 91' lang='lat' dir='ltr'>ut</span> <span class='ocrx_word' id='word_1_329' title='bbox 810 2050 843 2080; x_wconf 90' lang='lat' dir='ltr'>in</span> <span class='ocrx_word' id='word_1_330' title='bbox 866 2050 967 2081; x_wconf 89' lang='lat' dir='ltr'>littera</span> <span class='ocrx_word' id='word_1_331' title='bbox 997 2050 1127 2086; x_wconf 89' lang='lat' dir='ltr'>dicitur;</span> <span class='ocrx_word' id='word_1_332' title='bbox 1159 2050 1218 2080; x_wconf 92' lang='lat' dir='ltr'>nisi</span> <span class='ocrx_word' id='word_1_333' title='bbox 1243 2050 1315 2091; x_wconf 92' lang='lat' dir='ltr'>quis</span> 
     </span>
     <span class='ocr_line' id='line_1_43' title="bbox 244 2093 1316 2136; baseline -0.003 -9"><span class='ocrx_word' id='word_1_334' title='bbox 244 2103 338 2136; x_wconf 86' lang='lat' dir='ltr'>neget</span> <span class='ocrx_word' id='word_1_335' title='bbox 356 2104 464 2126; x_wconf 85' lang='lat' dir='ltr'>veram</span> <span class='ocrx_word' id='word_1_336' title='bbox 483 2094 732 2135; x_wconf 86' lang='lat' dir='ltr'>contingentiam</span> <span class='ocrx_word' id='word_1_337' title='bbox 755 2094 788 2124; x_wconf 91' lang='lat' dir='ltr'>in</span> <span class='ocrx_word' id='word_1_338' title='bbox 811 2094 878 2125; x_wconf 89' lang='lat' dir='ltr'>istis</span> <span class='ocrx_word' id='word_1_339' title='bbox 894 2093 1104 2125; x_wconf 87' lang='lat' dir='ltr'>inferioribus.</span> <span class='ocrx_word' id='word_1_340' title='bbox 1122 2112 1143 2117; x_wconf 93' lang='lat'>-</span> <span class='ocrx_word' id='word_1_341' title='bbox 1159 2094 1316 2125; x_wconf 89' lang='lat' dir='ltr'>Suadetur</span> 
     </span>
     <span class='ocr_line' id='line_1_44' title="bbox 245 2138 1315 2182; baseline -0.003 -11"><span class='ocrx_word' id='word_1_342' title='bbox 245 2149 377 2182; x_wconf 90' lang='lat' dir='ltr'>quoque</span> <span class='ocrx_word' id='word_1_343' title='bbox 396 2138 581 2170; x_wconf 87' lang='lat' dir='ltr'>auctoritate</span> <span class='ocrx_word' id='word_1_344' title='bbox 604 2138 781 2170; x_wconf 87' lang='lat' dir='ltr'>Aristotelis</span> <span class='ocrx_word' id='word_1_345' title='bbox 801 2145 832 2169; x_wconf 95' lang='lat' dir='ltr'>et</span> <span class='ocrx_word' id='word_1_346' title='bbox 846 2138 1004 2174; x_wconf 90' lang='lat' dir='ltr'>Averrois,</span> <span class='ocrx_word' id='word_1_347' title='bbox 1027 2145 1058 2169; x_wconf 93' lang='lat' dir='ltr'>et</span> <span class='ocrx_word' id='word_1_348' title='bbox 1080 2138 1222 2179; x_wconf 91' lang='lat' dir='ltr'>plurium</span> <span class='ocrx_word' id='word_1_349' title='bbox 1243 2138 1315 2181; x_wconf 92' lang='lat' dir='ltr'>phi-</span> 
     </span>
     <span class='ocr_line' id='line_1_45' title="bbox 244 2184 469 2225; baseline -0.004 -10"><span class='ocrx_word' id='word_1_350' title='bbox 244 2184 469 2225; x_wconf 86' lang='lat' dir='ltr'>losophorum.</span> 
     </span>
    </p>

    <p class='ocr_par' dir='ltr' id='par_1_11' title="bbox 244 2225 1315 2392">
     <span class='ocr_line' id='line_1_46' title="bbox 298 2225 1314 2267; baseline -0.004 -7"><span class='ocrx_word' id='word_1_351' title='bbox 298 2228 411 2260; x_wconf 90' lang='lat' dir='ltr'>XXIII.</span> <span class='ocrx_word' id='word_1_352' title='bbox 428 2228 494 2258; x_wconf 89' lang='lat' dir='ltr'>Nec</span> <span class='ocrx_word' id='word_1_353' title='bbox 517 2227 721 2258; x_wconf 89' lang='lat' dir='ltr'>sustinendus</span> <span class='ocrx_word' id='word_1_354' title='bbox 740 2233 787 2257; x_wconf 91' lang='lat' dir='ltr'>est</span> <span class='ocrx_word' id='word_1_355' title='bbox 809 2226 934 2263; x_wconf 93' lang='lat' dir='ltr'>Scotus,</span> <span class='ocrx_word' id='word_1_356' title='bbox 954 2225 987 2256; x_wconf 90' lang='lat' dir='ltr'>in</span> <span class='ocrx_word' id='word_1_357' title='bbox 1011 2226 1048 2262; x_wconf 84' lang='lat'>11,</span> <span class='ocrx_word' id='word_1_358' title='bbox 1069 2226 1139 2257; x_wconf 90' lang='lat' dir='ltr'>dist.</span> <span class='ocrx_word' id='word_1_359' title='bbox 1159 2237 1180 2263; x_wconf 87' lang='lat'>1,</span> <span class='ocrx_word' id='word_1_360' title='bbox 1196 2237 1250 2267; x_wconf 84' lang='lat' dir='ltr'>qu.</span> <span class='ocrx_word' id='word_1_361' title='bbox 1271 2237 1314 2263; x_wconf 90' lang='lat' dir='ltr'>m,</span> 
     </span>
     <span class='ocr_line' id='line_1_47' title="bbox 245 2270 1315 2313; baseline -0.003 -9"><span class='ocrx_word' id='word_1_362' title='bbox 245 2273 352 2305; x_wconf 85' lang='lat' dir='ltr'>dicens</span> <span class='ocrx_word' id='word_1_363' title='bbox 375 2272 464 2313; x_wconf 91' lang='lat' dir='ltr'>quod</span> <span class='ocrx_word' id='word_1_364' title='bbox 487 2270 673 2312; x_wconf 90' lang='lat' dir='ltr'>philosophi</span> <span class='ocrx_word' id='word_1_365' title='bbox 697 2278 920 2301; x_wconf 89' lang='lat' dir='ltr'>concesserunt</span> <span class='ocrx_word' id='word_1_366' title='bbox 947 2271 1080 2301; x_wconf 86' lang='lat' dir='ltr'>latenter</span> <span class='ocrx_word' id='word_1_367' title='bbox 1102 2271 1168 2301; x_wconf 94' lang='lat' dir='ltr'>duo</span> <span class='ocrx_word' id='word_1_368' title='bbox 1193 2278 1315 2302; x_wconf 90' lang='lat' dir='ltr'>contra-</span> 
     </span>
     <span class='ocr_line' id='line_1_48' title="bbox 245 2314 1314 2356; baseline -0.003 -8"><span class='ocrx_word' id='word_1_369' title='bbox 245 2316 386 2353; x_wconf 87' lang='lat' dir='ltr'>dictoria,</span> <span class='ocrx_word' id='word_1_370' title='bbox 403 2316 538 2347; x_wconf 90' lang='lat' dir='ltr'>dicendo</span> <span class='ocrx_word' id='word_1_371' title='bbox 562 2315 683 2356; x_wconf 85' lang='lat' dir='ltr'>aliquid</span> <span class='ocrx_word' id='word_1_372' title='bbox 707 2315 925 2355; x_wconf 89' lang='lat' dir='ltr'>contingenter</span> <span class='ocrx_word' id='word_1_373' title='bbox 943 2314 1019 2351; x_wconf 83' lang='lat' dir='ltr'>fieri,</span> <span class='ocrx_word' id='word_1_374' title='bbox 1041 2322 1071 2345; x_wconf 91' lang='lat' dir='ltr'>et</span> <span class='ocrx_word' id='word_1_375' title='bbox 1090 2315 1225 2355; x_wconf 89' lang='lat' dir='ltr'>primam</span> <span class='ocrx_word' id='word_1_376' title='bbox 1243 2325 1314 2345; x_wconf 90' lang='lat' dir='ltr'>cau-</span> 
     </span>
     <span class='ocr_line' id='line_1_49' title="bbox 244 2359 1313 2392; baseline -0.003 0"><span class='ocrx_word' id='word_1_377' title='bbox 244 2371 314 2392; x_wconf 76' lang='lat' dir='ltr'>sam</span> <span class='ocrx_word' id='word_1_378' title='bbox 336 2360 513 2392; x_wconf 88' lang='lat' dir='ltr'>necessario</span> <span class='ocrx_word' id='word_1_379' title='bbox 537 2369 675 2391; x_wconf 88' lang='lat' dir='ltr'>causare.</span> <span class='ocrx_word' id='word_1_380' title='bbox 707 2359 774 2390; x_wconf 93' lang='lat' dir='ltr'>Nec</span> <span class='ocrx_word' id='word_1_381' title='bbox 797 2359 935 2390; x_wconf 88' lang='lat' dir='ltr'>rationes</span> <span class='ocrx_word' id='word_1_382' title='bbox 959 2359 1027 2389; x_wconf 91' lang='lat' dir='ltr'>eius</span> <span class='ocrx_word' id='word_1_383' title='bbox 1056 2359 1118 2389; x_wconf 92' lang='lat' dir='ltr'>hoc</span> <span class='ocrx_word' id='word_1_384' title='bbox 1142 2360 1313 2390; x_wconf 85' lang='lat' dir='ltr'>deducunt.</span> 
     </span>
    </p>

    <p class='ocr_par' dir='ltr' id='par_1_12' title="bbox 243 2403 1314 3109">
     <span class='ocr_line' id='line_1_50' title="bbox 295 2403 1314 2445; baseline -0.003 -8"><span class='ocrx_word' id='word_1_385' title='bbox 295 2405 390 2437; x_wconf 89' lang='lat' dir='ltr'>Unde</span> <span class='ocrx_word' id='word_1_386' title='bbox 412 2405 456 2436; x_wconf 87' lang='lat' dir='ltr'>ad</span> <span class='ocrx_word' id='word_1_387' title='bbox 472 2405 616 2445; x_wconf 83' lang='lat' dir='ltr'>primam</span> <span class='ocrx_word' id='word_1_388' title='bbox 635 2404 662 2441; x_wconf 88' lang='lat'>*,</span> <span class='ocrx_word' id='word_1_389' title='bbox 683 2414 765 2445; x_wconf 92' lang='lat' dir='ltr'>quae</span> <span class='ocrx_word' id='word_1_390' title='bbox 785 2411 831 2435; x_wconf 91' lang='lat' dir='ltr'>est</span> <span class='ocrx_word' id='word_1_391' title='bbox 855 2403 922 2434; x_wconf 88' lang='lat' dir='ltr'>eius</span> <span class='ocrx_word' id='word_1_392' title='bbox 938 2403 1087 2440; x_wconf 89' lang='lat' dir='ltr'>Achilles,</span> <span class='ocrx_word' id='word_1_393' title='bbox 1104 2414 1203 2444; x_wconf 87' lang='lat' dir='ltr'>quam</span> <span class='ocrx_word' id='word_1_394' title='bbox 1222 2404 1314 2435; x_wconf 91' lang='lat' dir='ltr'>toties</span> 
     </span>
     <span class='ocr_line' id='line_1_51' title="bbox 243 2447 1314 2492; baseline -0.004 -10"><span class='ocrx_word' id='word_1_395' title='bbox 243 2449 415 2492; x_wconf 83' lang='lat' dir='ltr'>replicavit,</span> <span class='ocrx_word' id='word_1_396' title='bbox 435 2449 646 2489; x_wconf 90' lang='lat' dir='ltr'>respondetur</span> <span class='ocrx_word' id='word_1_397' title='bbox 669 2458 706 2479; x_wconf 88' lang='lat' dir='ltr'>ex</span> <span class='ocrx_word' id='word_1_398' title='bbox 722 2447 841 2489; x_wconf 87' lang='lat' dir='ltr'>duplici</span> <span class='ocrx_word' id='word_1_399' title='bbox 865 2448 976 2489; x_wconf 87' lang='lat' dir='ltr'>capite.</span> <span class='ocrx_word' id='word_1_400' title='bbox 993 2447 1206 2488; x_wconf 88' lang='lat' dir='ltr'>Distinguitur</span> <span class='ocrx_word' id='word_1_401' title='bbox 1229 2448 1314 2479; x_wconf 89' lang='lat' dir='ltr'>enim</span> 
     </span>
     <span class='ocr_line' id='line_1_52' title="bbox 243 2492 1314 2536; baseline -0.003 -11"><span class='ocrx_word' id='word_1_402' title='bbox 243 2494 348 2536; x_wconf 87' lang='lat' dir='ltr'>primo</span> <span class='ocrx_word' id='word_1_403' title='bbox 372 2494 405 2535; x_wconf 91' lang='lat' dir='ltr'>ly</span> <span class='ocrx_word' id='word_1_404' title='bbox 427 2495 618 2534; x_wconf 84' lang='lat' dir='ltr'>inquantum</span> <span class='ocrx_word' id='word_1_405' title='bbox 644 2498 730 2524; x_wconf 89' lang='lat' dir='ltr'>mota</span> <span class='ocrx_word' id='word_1_406' title='bbox 753 2493 793 2523; x_wconf 88' lang='lat' dir='ltr'>ab</span> <span class='ocrx_word' id='word_1_407' title='bbox 823 2492 900 2523; x_wconf 87' lang='lat' dir='ltr'>alia.</span> <span class='ocrx_word' id='word_1_408' title='bbox 929 2495 997 2523; x_wconf 89' lang='lat' dir='ltr'>Aut</span> <span class='ocrx_word' id='word_1_409' title='bbox 1025 2493 1164 2533; x_wconf 85' lang='lat' dir='ltr'>ostendit</span> <span class='ocrx_word' id='word_1_410' title='bbox 1186 2503 1314 2523; x_wconf 89' lang='lat' dir='ltr'>causam</span> 
     </span>
     <span class='ocr_line' id='line_1_53' title="bbox 244 2536 1312 2580; baseline -0.003 -10"><span class='ocrx_word' id='word_1_411' title='bbox 244 2539 427 2580; x_wconf 84' lang='lat' dir='ltr'>praecisam,</span> <span class='ocrx_word' id='word_1_412' title='bbox 448 2544 503 2568; x_wconf 89' lang='lat' dir='ltr'>aut</span> <span class='ocrx_word' id='word_1_413' title='bbox 522 2547 723 2569; x_wconf 86' lang='lat' dir='ltr'>concausam.</span> <span class='ocrx_word' id='word_1_414' title='bbox 744 2537 777 2568; x_wconf 92' lang='lat' dir='ltr'>Si</span> <span class='ocrx_word' id='word_1_415' title='bbox 796 2537 979 2577; x_wconf 87' lang='lat' dir='ltr'>praecisam,</span> <span class='ocrx_word' id='word_1_416' title='bbox 1000 2537 1044 2567; x_wconf 92' lang='lat' dir='ltr'>sic</span> <span class='ocrx_word' id='word_1_417' title='bbox 1062 2536 1115 2567; x_wconf 92' lang='lat' dir='ltr'>illa</span> <span class='ocrx_word' id='word_1_418' title='bbox 1134 2537 1312 2578; x_wconf 90' lang='lat' dir='ltr'>propositio</span> 
     </span>
     <span class='ocr_line' id='line_1_54' title="bbox 243 2581 1312 2624; baseline -0.002 -10"><span class='ocrx_word' id='word_1_419' title='bbox 243 2583 387 2624; x_wconf 89' lang='lat' dir='ltr'>implicat</span> <span class='ocrx_word' id='word_1_420' title='bbox 401 2582 434 2612; x_wconf 91' lang='lat' dir='ltr'>in</span> <span class='ocrx_word' id='word_1_421' title='bbox 450 2582 590 2613; x_wconf 86' lang='lat' dir='ltr'>adiecto:</span> <span class='ocrx_word' id='word_1_422' title='bbox 615 2581 640 2612; x_wconf 91' lang='lat' dir='ltr'>si</span> <span class='ocrx_word' id='word_1_423' title='bbox 661 2581 746 2611; x_wconf 88' lang='lat' dir='ltr'>enim</span> <span class='ocrx_word' id='word_1_424' title='bbox 765 2591 860 2611; x_wconf 90' lang='lat' dir='ltr'>causa</span> <span class='ocrx_word' id='word_1_425' title='bbox 882 2582 1020 2611; x_wconf 89' lang='lat' dir='ltr'>secunda</span> <span class='ocrx_word' id='word_1_426' title='bbox 1039 2588 1085 2612; x_wconf 91' lang='lat' dir='ltr'>est</span> <span class='ocrx_word' id='word_1_427' title='bbox 1109 2591 1216 2617; x_wconf 89' lang='lat' dir='ltr'>causa,</span> <span class='ocrx_word' id='word_1_428' title='bbox 1238 2591 1312 2620; x_wconf 89' lang='lat' dir='ltr'>ergo</span> 
     </span>
     <span class='ocr_line' id='line_1_55' title="bbox 244 2625 1313 2668; baseline -0.003 -10"><span class='ocrx_word' id='word_1_429' title='bbox 244 2638 311 2658; x_wconf 90' lang='lat' dir='ltr'>non</span> <span class='ocrx_word' id='word_1_430' title='bbox 334 2626 472 2668; x_wconf 86' lang='lat' dir='ltr'>praecise</span> <span class='ocrx_word' id='word_1_431' title='bbox 495 2632 605 2656; x_wconf 88' lang='lat' dir='ltr'>movet</span> <span class='ocrx_word' id='word_1_432' title='bbox 631 2625 707 2666; x_wconf 87' lang='lat' dir='ltr'>quia</span> <span class='ocrx_word' id='word_1_433' title='bbox 734 2632 843 2662; x_wconf 90' lang='lat' dir='ltr'>mota,</span> <span class='ocrx_word' id='word_1_434' title='bbox 876 2625 931 2655; x_wconf 91' lang='lat' dir='ltr'>sed</span> <span class='ocrx_word' id='word_1_435' title='bbox 954 2625 1049 2656; x_wconf 85' lang='lat' dir='ltr'>etiam</span> <span class='ocrx_word' id='word_1_436' title='bbox 1078 2635 1114 2655; x_wconf 89' lang='lat' dir='ltr'>ex</span> <span class='ocrx_word' id='word_1_437' title='bbox 1138 2636 1170 2656; x_wconf 90' lang='lat' dir='ltr'>se</span> <span class='ocrx_word' id='word_1_438' title='bbox 1194 2626 1313 2666; x_wconf 87' lang='lat' dir='ltr'>aliquid</span> 
     </span>
     <span class='ocr_line' id='line_1_56' title="bbox 245 2669 1311 2710; baseline -0.002 -8"><span class='ocrx_word' id='word_1_439' title='bbox 245 2671 382 2707; x_wconf 87' lang='lat' dir='ltr'>confert;</span> <span class='ocrx_word' id='word_1_440' title='bbox 408 2677 438 2701; x_wconf 89' lang='lat' dir='ltr'>et</span> <span class='ocrx_word' id='word_1_441' title='bbox 453 2669 479 2700; x_wconf 91' lang='lat' dir='ltr'>si</span> <span class='ocrx_word' id='word_1_442' title='bbox 495 2670 633 2710; x_wconf 90' lang='lat' dir='ltr'>praecise</span> <span class='ocrx_word' id='word_1_443' title='bbox 649 2676 759 2700; x_wconf 92' lang='lat' dir='ltr'>movet</span> <span class='ocrx_word' id='word_1_444' title='bbox 774 2669 850 2710; x_wconf 90' lang='lat' dir='ltr'>quia</span> <span class='ocrx_word' id='word_1_445' title='bbox 871 2676 969 2706; x_wconf 83' lang='lat' dir='ltr'>mota,</span> <span class='ocrx_word' id='word_1_446' title='bbox 985 2670 1064 2701; x_wconf 91' lang='lat' dir='ltr'>nihil</span> <span class='ocrx_word' id='word_1_447' title='bbox 1079 2680 1115 2701; x_wconf 84' lang='lat' dir='ltr'>ex</span> <span class='ocrx_word' id='word_1_448' title='bbox 1132 2680 1164 2700; x_wconf 85' lang='lat' dir='ltr'>se</span> <span class='ocrx_word' id='word_1_449' title='bbox 1182 2670 1311 2706; x_wconf 87' lang='lat' dir='ltr'>confert,</span> 
     </span>
     <span class='ocr_line' id='line_1_57' title="bbox 245 2713 1312 2755; baseline -0.002 -9"><span class='ocrx_word' id='word_1_450' title='bbox 245 2722 276 2746; x_wconf 84' lang='lat' dir='ltr'>et</span> <span class='ocrx_word' id='word_1_451' title='bbox 299 2715 342 2746; x_wconf 90' lang='lat' dir='ltr'>sic</span> <span class='ocrx_word' id='word_1_452' title='bbox 365 2724 432 2745; x_wconf 91' lang='lat' dir='ltr'>non</span> <span class='ocrx_word' id='word_1_453' title='bbox 456 2721 503 2745; x_wconf 91' lang='lat' dir='ltr'>est</span> <span class='ocrx_word' id='word_1_454' title='bbox 526 2724 629 2744; x_wconf 86' lang='lat' dir='ltr'>causa.</span> <span class='ocrx_word' id='word_1_455' title='bbox 654 2713 686 2744; x_wconf 89' lang='lat' dir='ltr'>Si</span> <span class='ocrx_word' id='word_1_456' title='bbox 709 2723 784 2744; x_wconf 89' lang='lat' dir='ltr'>vero</span> <span class='ocrx_word' id='word_1_457' title='bbox 808 2723 1013 2750; x_wconf 88' lang='lat' dir='ltr'>concausam,</span> <span class='ocrx_word' id='word_1_458' title='bbox 1038 2714 1245 2755; x_wconf 87' lang='lat' dir='ltr'>principalem</span> <span class='ocrx_word' id='word_1_459' title='bbox 1268 2722 1312 2744; x_wconf 81' lang='lat' dir='ltr'>ta-</span> 
     </span>
     <span class='ocr_line' id='line_1_58' title="bbox 244 2758 1311 2799; baseline -0.001 -9"><span class='ocrx_word' id='word_1_460' title='bbox 244 2769 334 2796; x_wconf 88' lang='lat' dir='ltr'>men,</span> <span class='ocrx_word' id='word_1_461' title='bbox 359 2764 492 2799; x_wconf 88' lang='lat' dir='ltr'>negatur</span> <span class='ocrx_word' id='word_1_462' title='bbox 514 2764 730 2798; x_wconf 86' lang='lat' dir='ltr'>assumptum:</span> <span class='ocrx_word' id='word_1_463' title='bbox 754 2758 910 2798; x_wconf 91' lang='lat' dir='ltr'>quoniam</span> <span class='ocrx_word' id='word_1_464' title='bbox 933 2765 993 2790; x_wconf 87' lang='lat' dir='ltr'>stat</span> <span class='ocrx_word' id='word_1_465' title='bbox 1023 2759 1112 2799; x_wconf 92' lang='lat' dir='ltr'>quod</span> <span class='ocrx_word' id='word_1_466' title='bbox 1136 2759 1311 2790; x_wconf 88' lang='lat' dir='ltr'>necessario</span> 
     </span>
     <span class='ocr_line' id='line_1_59' title="bbox 244 2802 1311 2840; baseline -0.001 -6"><span class='ocrx_word' id='word_1_467' title='bbox 244 2810 429 2839; x_wconf 88' lang='lat' dir='ltr'>moveatur,</span> <span class='ocrx_word' id='word_1_468' title='bbox 463 2809 493 2833; x_wconf 92' lang='lat' dir='ltr'>et</span> <span class='ocrx_word' id='word_1_469' title='bbox 522 2812 588 2833; x_wconf 92' lang='lat' dir='ltr'>non</span> <span class='ocrx_word' id='word_1_470' title='bbox 612 2802 786 2832; x_wconf 91' lang='lat' dir='ltr'>necessario</span> <span class='ocrx_word' id='word_1_471' title='bbox 817 2809 946 2833; x_wconf 90' lang='lat' dir='ltr'>moveat</span> <span class='ocrx_word' id='word_1_472' title='bbox 975 2803 1071 2834; x_wconf 90' lang='lat' dir='ltr'>aliud.</span> <span class='ocrx_word' id='word_1_473' title='bbox 1102 2803 1186 2840; x_wconf 87' lang='lat' dir='ltr'>Quia</span> <span class='ocrx_word' id='word_1_474' title='bbox 1210 2803 1311 2833; x_wconf 91' lang='lat' dir='ltr'>motio</span> 
     </span>
     <span class='ocr_line' id='line_1_60' title="bbox 244 2845 1312 2888; baseline -0.002 -9"><span class='ocrx_word' id='word_1_475' title='bbox 244 2857 357 2879; x_wconf 86' lang='lat' dir='ltr'>causae</span> <span class='ocrx_word' id='word_1_476' title='bbox 388 2847 502 2888; x_wconf 91' lang='lat' dir='ltr'>prioris</span> <span class='ocrx_word' id='word_1_477' title='bbox 535 2845 736 2877; x_wconf 87' lang='lat' dir='ltr'>modificatur</span> <span class='ocrx_word' id='word_1_478' title='bbox 767 2846 800 2876; x_wconf 91' lang='lat' dir='ltr'>in</span> <span class='ocrx_word' id='word_1_479' title='bbox 829 2856 922 2877; x_wconf 89' lang='lat' dir='ltr'>causa</span> <span class='ocrx_word' id='word_1_480' title='bbox 945 2848 1101 2883; x_wconf 89' lang='lat' dir='ltr'>secunda,</span> <span class='ocrx_word' id='word_1_481' title='bbox 1135 2848 1312 2878; x_wconf 90' lang='lat' dir='ltr'>secundum</span> 
     </span>
     <span class='ocr_line' id='line_1_61' title="bbox 244 2890 1312 2933; baseline -0.001 -10"><span class='ocrx_word' id='word_1_482' title='bbox 244 2892 382 2923; x_wconf 90' lang='lat' dir='ltr'>modum</span> <span class='ocrx_word' id='word_1_483' title='bbox 400 2891 499 2933; x_wconf 88' lang='lat' dir='ltr'>ipsius</span> <span class='ocrx_word' id='word_1_484' title='bbox 523 2901 635 2922; x_wconf 90' lang='lat' dir='ltr'>causae</span> <span class='ocrx_word' id='word_1_485' title='bbox 659 2890 832 2921; x_wconf 89' lang='lat' dir='ltr'>secundae:</span> <span class='ocrx_word' id='word_1_486' title='bbox 858 2898 888 2922; x_wconf 92' lang='lat' dir='ltr'>et</span> <span class='ocrx_word' id='word_1_487' title='bbox 903 2891 957 2927; x_wconf 90' lang='lat' dir='ltr'>sic,</span> <span class='ocrx_word' id='word_1_488' title='bbox 973 2891 1046 2922; x_wconf 89' lang='lat' dir='ltr'>licet</span> <span class='ocrx_word' id='word_1_489' title='bbox 1061 2902 1079 2922; x_wconf 90' lang='lat' dir='ltr'>a</span> <span class='ocrx_word' id='word_1_490' title='bbox 1095 2892 1198 2932; x_wconf 91' lang='lat' dir='ltr'>prima</span> <span class='ocrx_word' id='word_1_491' title='bbox 1219 2902 1312 2922; x_wconf 89' lang='lat' dir='ltr'>causa</span> 
     </span>
     <span class='ocr_line' id='line_1_62' title="bbox 243 2935 1311 2976; baseline -0.001 -9"><span class='ocrx_word' id='word_1_492' title='bbox 243 2943 412 2967; x_wconf 88' lang='lat' dir='ltr'>moveatur</span> <span class='ocrx_word' id='word_1_493' title='bbox 434 2935 610 2966; x_wconf 89' lang='lat' dir='ltr'>necessario</span> <span class='ocrx_word' id='word_1_494' title='bbox 630 2935 781 2970; x_wconf 90' lang='lat' dir='ltr'>secunda,</span> <span class='ocrx_word' id='word_1_495' title='bbox 806 2942 930 2976; x_wconf 89' lang='lat' dir='ltr'>recepta</span> <span class='ocrx_word' id='word_1_496' title='bbox 952 2943 1058 2967; x_wconf 86' lang='lat' dir='ltr'>tamen</span> <span class='ocrx_word' id='word_1_497' title='bbox 1083 2936 1184 2966; x_wconf 90' lang='lat' dir='ltr'>motio</span> <span class='ocrx_word' id='word_1_498' title='bbox 1209 2936 1240 2966; x_wconf 89' lang='lat' dir='ltr'>in</span> <span class='ocrx_word' id='word_1_499' title='bbox 1265 2946 1311 2966; x_wconf 91' lang='lat' dir='ltr'>se-</span> 
     </span>
     <span class='ocr_line' id='line_1_63' title="bbox 244 2979 1312 3020; baseline -0.002 -8"><span class='ocrx_word' id='word_1_500' title='bbox 244 2981 358 3017; x_wconf 86' lang='lat' dir='ltr'>cunda,</span> <span class='ocrx_word' id='word_1_501' title='bbox 375 2980 401 3010; x_wconf 91' lang='lat' dir='ltr'>si</span> <span class='ocrx_word' id='word_1_502' title='bbox 417 2980 556 3011; x_wconf 87' lang='lat' dir='ltr'>secunda</span> <span class='ocrx_word' id='word_1_503' title='bbox 575 2989 669 3010; x_wconf 88' lang='lat' dir='ltr'>causa</span> <span class='ocrx_word' id='word_1_504' title='bbox 685 2979 876 3019; x_wconf 88' lang='lat' dir='ltr'>imaginetur</span> <span class='ocrx_word' id='word_1_505' title='bbox 890 2979 1086 3020; x_wconf 92' lang='lat' dir='ltr'>contingens,</span> <span class='ocrx_word' id='word_1_506' title='bbox 1111 2979 1312 3011; x_wconf 87' lang='lat' dir='ltr'>modificatur</span> 
     </span>
     <span class='ocr_line' id='line_1_64' title="bbox 245 3023 1311 3065; baseline -0.001 -10"><span class='ocrx_word' id='word_1_507' title='bbox 245 3024 460 3064; x_wconf 85' lang='lat' dir='ltr'>contingentia</span> <span class='ocrx_word' id='word_1_508' title='bbox 486 3024 674 3064; x_wconf 89' lang='lat' dir='ltr'>recipientis.</span> <span class='ocrx_word' id='word_1_509' title='bbox 700 3023 741 3054; x_wconf 90' lang='lat' dir='ltr'>Et</span> <span class='ocrx_word' id='word_1_510' title='bbox 763 3023 918 3064; x_wconf 91' lang='lat' dir='ltr'>quoniam</span> <span class='ocrx_word' id='word_1_511' title='bbox 940 3024 1028 3065; x_wconf 91' lang='lat' dir='ltr'>prius</span> <span class='ocrx_word' id='word_1_512' title='bbox 1052 3031 1163 3055; x_wconf 88' lang='lat' dir='ltr'>natura</span> <span class='ocrx_word' id='word_1_513' title='bbox 1187 3023 1311 3054; x_wconf 91' lang='lat' dir='ltr'>modifi-</span> 
     </span>
     <span class='ocr_line' id='line_1_65' title="bbox 245 3068 1309 3109; baseline -0.001 -10"><span class='ocrx_word' id='word_1_514' title='bbox 245 3075 334 3099; x_wconf 86' lang='lat' dir='ltr'>catur</span> <span class='ocrx_word' id='word_1_515' title='bbox 357 3078 455 3109; x_wconf 88' lang='lat' dir='ltr'>quam</span> <span class='ocrx_word' id='word_1_516' title='bbox 477 3068 621 3108; x_wconf 89' lang='lat' dir='ltr'>impellat</span> <span class='ocrx_word' id='word_1_517' title='bbox 644 3068 683 3098; x_wconf 89' lang='lat' dir='ltr'>ad</span> <span class='ocrx_word' id='word_1_518' title='bbox 703 3068 917 3104; x_wconf 90' lang='lat' dir='ltr'>movendum,</span> <span class='ocrx_word' id='word_1_519' title='bbox 942 3068 1044 3099; x_wconf 89' lang='lat' dir='ltr'>motio</span> <span class='ocrx_word' id='word_1_520' title='bbox 1068 3069 1130 3104; x_wconf 91' lang='lat' dir='ltr'>illa,</span> <span class='ocrx_word' id='word_1_521' title='bbox 1155 3069 1218 3098; x_wconf 90' lang='lat' dir='ltr'>iarn</span> <span class='ocrx_word' id='word_1_522' title='bbox 1239 3078 1309 3099; x_wconf 92' lang='lat' dir='ltr'>mo-</span> 
     </span>
    </p>
   </div>
   <div class='ocr_carea' id='block_1_9' title="bbox 232 3111 1311 3152">
    <p class='ocr_par' dir='ltr' id='par_1_13' title="bbox 232 3111 1311 3152">
     <span class='ocr_line' id='line_1_66' title="bbox 232 3111 1311 3152; baseline 0.001 -10"><span class='ocrx_word' id='word_1_523' title='bbox 232 3112 369 3143; x_wconf 53' lang='lat' dir='ltr'>&#39;dificata</span> <span class='ocrx_word' id='word_1_524' title='bbox 401 3112 440 3142; x_wconf 92' lang='lat' dir='ltr'>ad</span> <span class='ocrx_word' id='word_1_525' title='bbox 470 3122 598 3143; x_wconf 90' lang='lat' dir='ltr'>causam</span> <span class='ocrx_word' id='word_1_526' title='bbox 628 3111 880 3152; x_wconf 85' lang='lat' dir='ltr'>contingentem,</span> <span class='ocrx_word' id='word_1_527' title='bbox 905 3113 1047 3143; x_wconf 87' lang='lat' dir='ltr'>movebit</span> <span class='ocrx_word' id='word_1_528' title='bbox 1077 3113 1249 3143; x_wconf 90' lang='lat' dir='ltr'>secundam</span> <span class='ocrx_word' id='word_1_529' title='bbox 1272 3113 1311 3143; x_wconf 91' lang='lat' dir='ltr'>ad</span> 
     </span>
    </p>
   </div>
   <div class='ocr_carea' id='block_1_10' title="bbox 241 3156 1312 3638">
    <p class='ocr_par' dir='ltr' id='par_1_14' title="bbox 241 3156 1312 3638">
     <span class='ocr_line' id='line_1_67' title="bbox 243 3156 1312 3197; baseline 0.002 -11"><span class='ocrx_word' id='word_1_530' title='bbox 243 3156 443 3187; x_wconf 89' lang='lat' dir='ltr'>movendum</span> <span class='ocrx_word' id='word_1_531' title='bbox 465 3166 532 3187; x_wconf 91' lang='lat' dir='ltr'>non</span> <span class='ocrx_word' id='word_1_532' title='bbox 555 3156 750 3192; x_wconf 87' lang='lat' dir='ltr'>necessario,</span> <span class='ocrx_word' id='word_1_533' title='bbox 775 3157 830 3186; x_wconf 92' lang='lat' dir='ltr'>sed</span> <span class='ocrx_word' id='word_1_534' title='bbox 853 3157 1081 3197; x_wconf 86' lang='lat' dir='ltr'>contingenter.</span> <span class='ocrx_word' id='word_1_535' title='bbox 1105 3158 1146 3187; x_wconf 90' lang='lat' dir='ltr'>Et</span> <span class='ocrx_word' id='word_1_536' title='bbox 1169 3157 1194 3187; x_wconf 92' lang='lat' dir='ltr'>si</span> <span class='ocrx_word' id='word_1_537' title='bbox 1219 3167 1312 3188; x_wconf 90' lang='lat' dir='ltr'>causa</span> 
     </span>
     <span class='ocr_line' id='line_1_68' title="bbox 245 3200 1310 3241; baseline 0.001 -10"><span class='ocrx_word' id='word_1_538' title='bbox 245 3201 383 3232; x_wconf 90' lang='lat' dir='ltr'>secunda</span> <span class='ocrx_word' id='word_1_539' title='bbox 401 3207 540 3240; x_wconf 90' lang='lat' dir='ltr'>ponatur</span> <span class='ocrx_word' id='word_1_540' title='bbox 562 3211 656 3231; x_wconf 89' lang='lat' dir='ltr'>causa</span> <span class='ocrx_word' id='word_1_541' title='bbox 679 3200 838 3236; x_wconf 85' lang='lat' dir='ltr'>naturalis,</span> <span class='ocrx_word' id='word_1_542' title='bbox 863 3201 1020 3241; x_wconf 90' lang='lat' dir='ltr'>possibilis</span> <span class='ocrx_word' id='word_1_543' title='bbox 1043 3209 1150 3232; x_wconf 88' lang='lat' dir='ltr'>tamen</span> <span class='ocrx_word' id='word_1_544' title='bbox 1169 3201 1310 3238; x_wconf 87' lang='lat' dir='ltr'>deficere,</span> 
     </span>
     <span class='ocr_line' id='line_1_69' title="bbox 243 3244 1309 3282; baseline 0.001 -7"><span class='ocrx_word' id='word_1_545' title='bbox 243 3245 347 3276; x_wconf 90' lang='lat' dir='ltr'>motio</span> <span class='ocrx_word' id='word_1_546' title='bbox 371 3244 440 3281; x_wconf 88' lang='lat' dir='ltr'>illa,</span> <span class='ocrx_word' id='word_1_547' title='bbox 465 3244 529 3274; x_wconf 84' lang='lat' dir='ltr'>iam</span> <span class='ocrx_word' id='word_1_548' title='bbox 551 3244 732 3276; x_wconf 88' lang='lat' dir='ltr'>modificata</span> <span class='ocrx_word' id='word_1_549' title='bbox 755 3245 795 3274; x_wconf 93' lang='lat' dir='ltr'>ad</span> <span class='ocrx_word' id='word_1_550' title='bbox 822 3251 968 3275; x_wconf 86' lang='lat' dir='ltr'>naturam</span> <span class='ocrx_word' id='word_1_551' title='bbox 992 3255 1104 3276; x_wconf 89' lang='lat' dir='ltr'>causae</span> <span class='ocrx_word' id='word_1_552' title='bbox 1135 3246 1309 3282; x_wconf 89' lang='lat' dir='ltr'>secundae,</span> 
     </span>
     <span class='ocr_line' id='line_1_70' title="bbox 243 3288 1309 3326; baseline 0.001 -7"><span class='ocrx_word' id='word_1_553' title='bbox 243 3289 387 3319; x_wconf 90' lang='lat' dir='ltr'>movebit</span> <span class='ocrx_word' id='word_1_554' title='bbox 414 3288 501 3318; x_wconf 89' lang='lat' dir='ltr'>illam</span> <span class='ocrx_word' id='word_1_555' title='bbox 531 3289 704 3320; x_wconf 88' lang='lat' dir='ltr'>secundam</span> <span class='ocrx_word' id='word_1_556' title='bbox 734 3290 773 3319; x_wconf 87' lang='lat' dir='ltr'>ad</span> <span class='ocrx_word' id='word_1_557' title='bbox 797 3290 994 3319; x_wconf 91' lang='lat' dir='ltr'>movendum</span> <span class='ocrx_word' id='word_1_558' title='bbox 1025 3299 1091 3320; x_wconf 91' lang='lat' dir='ltr'>non</span> <span class='ocrx_word' id='word_1_559' title='bbox 1115 3290 1309 3326; x_wconf 85' lang='lat' dir='ltr'>necessario,</span> 
     </span>
     <span class='ocr_line' id='line_1_71' title="bbox 241 3332 1311 3374; baseline 0.002 -12"><span class='ocrx_word' id='word_1_560' title='bbox 241 3333 299 3363; x_wconf 83' lang='lat' dir='ltr'>sed</span> <span class='ocrx_word' id='word_1_561' title='bbox 319 3340 354 3363; x_wconf 91' lang='lat' dir='ltr'>ut</span> <span class='ocrx_word' id='word_1_562' title='bbox 373 3333 405 3362; x_wconf 90' lang='lat' dir='ltr'>in</span> <span class='ocrx_word' id='word_1_563' title='bbox 429 3332 592 3373; x_wconf 85' lang='lat' dir='ltr'>pluribus,</span> <span class='ocrx_word' id='word_1_564' title='bbox 616 3333 702 3364; x_wconf 87' lang='lat' dir='ltr'>iuxta</span> <span class='ocrx_word' id='word_1_565' title='bbox 726 3334 861 3364; x_wconf 92' lang='lat' dir='ltr'>modum</span> <span class='ocrx_word' id='word_1_566' title='bbox 885 3333 1052 3374; x_wconf 88' lang='lat' dir='ltr'>proprium</span> <span class='ocrx_word' id='word_1_567' title='bbox 1075 3333 1174 3374; x_wconf 89' lang='lat' dir='ltr'>ipsius</span> <span class='ocrx_word' id='word_1_568' title='bbox 1199 3344 1311 3364; x_wconf 86' lang='lat' dir='ltr'>causae</span> 
     </span>
     <span class='ocr_line' id='line_1_72' title="bbox 244 3377 1311 3418; baseline 0.001 -10"><span class='ocrx_word' id='word_1_569' title='bbox 244 3377 411 3413; x_wconf 89' lang='lat' dir='ltr'>secundae,</span> <span class='ocrx_word' id='word_1_570' title='bbox 432 3383 462 3408; x_wconf 90' lang='lat' dir='ltr'>et</span> <span class='ocrx_word' id='word_1_571' title='bbox 485 3386 551 3406; x_wconf 92' lang='lat' dir='ltr'>non</span> <span class='ocrx_word' id='word_1_572' title='bbox 574 3377 704 3417; x_wconf 89' lang='lat' dir='ltr'>primae.</span> <span class='ocrx_word' id='word_1_573' title='bbox 725 3378 766 3408; x_wconf 89' lang='lat' dir='ltr'>Et</span> <span class='ocrx_word' id='word_1_574' title='bbox 789 3378 832 3408; x_wconf 89' lang='lat' dir='ltr'>sic</span> <span class='ocrx_word' id='word_1_575' title='bbox 855 3384 940 3418; x_wconf 88' lang='lat' dir='ltr'>patet</span> <span class='ocrx_word' id='word_1_576' title='bbox 964 3378 1055 3408; x_wconf 89' lang='lat' dir='ltr'>ruina</span> <span class='ocrx_word' id='word_1_577' title='bbox 1071 3377 1170 3409; x_wconf 86' lang='lat' dir='ltr'>totius</span> <span class='ocrx_word' id='word_1_578' title='bbox 1194 3378 1311 3409; x_wconf 90' lang='lat' dir='ltr'>Scotici</span> 
     </span>
     <span class='ocr_line' id='line_1_73' title="bbox 243 3421 1310 3462; baseline 0.001 -10"><span class='ocrx_word' id='word_1_579' title='bbox 243 3421 393 3457; x_wconf 85' lang='lat' dir='ltr'>aedificii,</span> <span class='ocrx_word' id='word_1_580' title='bbox 418 3431 454 3451; x_wconf 89' lang='lat' dir='ltr'>ex</span> <span class='ocrx_word' id='word_1_581' title='bbox 478 3430 545 3451; x_wconf 93' lang='lat' dir='ltr'>uno</span> <span class='ocrx_word' id='word_1_582' title='bbox 570 3421 680 3462; x_wconf 86' lang='lat' dir='ltr'>capite.</span> <span class='ocrx_word' id='word_1_583' title='bbox 702 3439 723 3444; x_wconf 97' lang='lat'><em>-</em></span> <span class='ocrx_word' id='word_1_584' title='bbox 738 3423 870 3458; x_wconf 85' lang='lat' dir='ltr'>Rursus,</span> <span class='ocrx_word' id='word_1_585' title='bbox 888 3422 1089 3462; x_wconf 88' lang='lat' dir='ltr'>distinguitur</span> <span class='ocrx_word' id='word_1_586' title='bbox 1112 3422 1144 3462; x_wconf 87' lang='lat' dir='ltr'>ly</span> <span class='ocrx_word' id='word_1_587' title='bbox 1168 3428 1254 3453; x_wconf 87' lang='lat' dir='ltr'>mota</span> <span class='ocrx_word' id='word_1_588' title='bbox 1270 3423 1310 3453; x_wconf 84' lang='lat' dir='ltr'>ab</span> 
     </span>
     <span class='ocr_line' id='line_1_74' title="bbox 243 3464 1309 3507; baseline 0 -11"><span class='ocrx_word' id='word_1_589' title='bbox 243 3466 322 3503; x_wconf 88' lang='lat' dir='ltr'>alia,</span> <span class='ocrx_word' id='word_1_590' title='bbox 347 3465 443 3496; x_wconf 90' lang='lat' dir='ltr'>altera</span> <span class='ocrx_word' id='word_1_591' title='bbox 466 3464 680 3496; x_wconf 87' lang='lat' dir='ltr'>distinctione:</span> <span class='ocrx_word' id='word_1_592' title='bbox 705 3466 831 3502; x_wconf 89' lang='lat' dir='ltr'>scilicet,</span> <span class='ocrx_word' id='word_1_593' title='bbox 849 3473 904 3497; x_wconf 90' lang='lat' dir='ltr'>aut</span> <span class='ocrx_word' id='word_1_594' title='bbox 927 3466 1070 3496; x_wconf 91' lang='lat' dir='ltr'>motione</span> <span class='ocrx_word' id='word_1_595' title='bbox 1093 3466 1218 3506; x_wconf 90' lang='lat' dir='ltr'>praevia</span> <span class='ocrx_word' id='word_1_596' title='bbox 1237 3477 1309 3507; x_wconf 93' lang='lat' dir='ltr'>pro-</span> 
     </span>
     <span class='ocr_line' id='line_1_75' title="bbox 243 3508 1311 3550; baseline 0.002 -11"><span class='ocrx_word' id='word_1_597' title='bbox 243 3510 330 3550; x_wconf 85' lang='lat' dir='ltr'>priae</span> <span class='ocrx_word' id='word_1_598' title='bbox 353 3509 488 3544; x_wconf 86' lang='lat' dir='ltr'>actioni,</span> <span class='ocrx_word' id='word_1_599' title='bbox 521 3508 601 3540; x_wconf 89' lang='lat' dir='ltr'>sicut</span> <span class='ocrx_word' id='word_1_600' title='bbox 631 3519 713 3549; x_wconf 87' lang='lat' dir='ltr'>aqua</span> <span class='ocrx_word' id='word_1_601' title='bbox 736 3510 876 3541; x_wconf 87' lang='lat' dir='ltr'>calefacit</span> <span class='ocrx_word' id='word_1_602' title='bbox 899 3510 1047 3541; x_wconf 89' lang='lat' dir='ltr'>calefacta</span> <span class='ocrx_word' id='word_1_603' title='bbox 1071 3511 1108 3541; x_wconf 85' lang='lat' dir='ltr'>ab</span> <span class='ocrx_word' id='word_1_604' title='bbox 1132 3511 1222 3550; x_wconf 89' lang='lat' dir='ltr'>igne;</span> <span class='ocrx_word' id='word_1_605' title='bbox 1255 3518 1311 3542; x_wconf 91' lang='lat' dir='ltr'>aut</span> 
     </span>
     <span class='ocr_line' id='line_1_76' title="bbox 243 3553 1308 3595; baseline 0.001 -11"><span class='ocrx_word' id='word_1_606' title='bbox 243 3554 388 3585; x_wconf 91' lang='lat' dir='ltr'>motione</span> <span class='ocrx_word' id='word_1_607' title='bbox 403 3559 594 3594; x_wconf 88' lang='lat' dir='ltr'>cooperante</span> <span class='ocrx_word' id='word_1_608' title='bbox 609 3553 774 3584; x_wconf 89' lang='lat' dir='ltr'>intrinsece</span> <span class='ocrx_word' id='word_1_609' title='bbox 787 3555 826 3584; x_wconf 89' lang='lat' dir='ltr'>ad</span> <span class='ocrx_word' id='word_1_610' title='bbox 838 3555 1001 3595; x_wconf 91' lang='lat' dir='ltr'>propriam</span> <span class='ocrx_word' id='word_1_611' title='bbox 1016 3555 1183 3586; x_wconf 88' lang='lat' dir='ltr'>actionem.</span> <span class='ocrx_word' id='word_1_612' title='bbox 1201 3555 1308 3585; x_wconf 91' lang='lat' dir='ltr'>Primo</span> 
     </span>
     <span class='ocr_line' id='line_1_77' title="bbox 244 3598 1308 3638; baseline 0.002 -10"><span class='ocrx_word' id='word_1_613' title='bbox 244 3598 343 3628; x_wconf 92' lang='lat' dir='ltr'>modo</span> <span class='ocrx_word' id='word_1_614' title='bbox 360 3599 434 3628; x_wconf 87' lang='lat' dir='ltr'>dato</span> <span class='ocrx_word' id='word_1_615' title='bbox 452 3598 541 3638; x_wconf 91' lang='lat' dir='ltr'>quod</span> <span class='ocrx_word' id='word_1_616' title='bbox 557 3603 637 3627; x_wconf 91' lang='lat' dir='ltr'>esset</span> <span class='ocrx_word' id='word_1_617' title='bbox 651 3607 723 3627; x_wconf 85' lang='lat' dir='ltr'>vera</span> <span class='ocrx_word' id='word_1_618' title='bbox 739 3604 793 3628; x_wconf 92' lang='lat' dir='ltr'>aut</span> <span class='ocrx_word' id='word_1_619' title='bbox 809 3599 1029 3635; x_wconf 88' lang='lat' dir='ltr'>sustentabilis,</span> <span class='ocrx_word' id='word_1_620' title='bbox 1046 3600 1186 3630; x_wconf 91' lang='lat' dir='ltr'>secundo</span> <span class='ocrx_word' id='word_1_621' title='bbox 1203 3606 1308 3630; x_wconf 89' lang='lat' dir='ltr'>tamen</span> 
     </span>
    </p>
   </div>
   <div class='ocr_carea' id='block_1_11' title="bbox 1338 385 1350 3347">
    <p class='ocr_par' dir='ltr' id='par_1_15' title="bbox 1338 385 1350 3347">
     <span class='ocr_line' id='line_1_78' title="bbox 1338 385 1350 3347; baseline 0 0"><span class='ocrx_word' id='word_1_622' title='bbox 1338 385 1350 3347; x_wconf 95' lang='lat' dir='ltr'> </span> 
     </span>
    </p>
   </div>
   <div class='ocr_carea' id='block_1_12' title="bbox 2372 304 2436 340">
    <p class='ocr_par' dir='ltr' id='par_1_16' title="bbox 2372 304 2436 340">
     <span class='ocr_line' id='line_1_79' title="bbox 2372 304 2436 340; baseline 0.016 -11"><span class='ocrx_word' id='word_1_623' title='bbox 2372 304 2436 340; x_wconf 88' lang='lat'>191</span> 
     </span>
    </p>
   </div>
   <div class='ocr_carea' id='block_1_13' title="bbox 1371 367 2441 1736">
    <p class='ocr_par' dir='ltr' id='par_1_17' title="bbox 1375 367 2441 589">
     <span class='ocr_line' id='line_1_80' title="bbox 1377 367 2441 414; baseline 0.008 -18"><span class='ocrx_word' id='word_1_624' title='bbox 1377 376 1551 406; x_wconf 90' lang='lat' dir='ltr'>cooperans</span> <span class='ocrx_word' id='word_1_625' title='bbox 1575 367 1750 405; x_wconf 85' lang='lat' dir='ltr'>intrinsece,</span> <span class='ocrx_word' id='word_1_626' title='bbox 1776 379 1963 410; x_wconf 87' lang='lat' dir='ltr'>cooperatur</span> <span class='ocrx_word' id='word_1_627' title='bbox 1987 372 2156 414; x_wconf 90' lang='lat' dir='ltr'>unicuique</span> <span class='ocrx_word' id='word_1_628' title='bbox 2176 373 2352 404; x_wconf 89' lang='lat' dir='ltr'>secundum</span> <span class='ocrx_word' id='word_1_629' title='bbox 2372 383 2441 404; x_wconf 90' lang='lat' dir='ltr'>mo-</span> 
     </span>
     <span class='ocr_line' id='line_1_81' title="bbox 1377 410 2440 458; baseline 0.008 -18"><span class='ocrx_word' id='word_1_630' title='bbox 1377 410 1454 440; x_wconf 91' lang='lat' dir='ltr'>durn</span> <span class='ocrx_word' id='word_1_631' title='bbox 1471 411 1538 442; x_wconf 91' lang='lat' dir='ltr'>eius</span> <span class='ocrx_word' id='word_1_632' title='bbox 1555 412 1605 443; x_wconf 93' lang='lat' dir='ltr'>cui</span> <span class='ocrx_word' id='word_1_633' title='bbox 1619 420 1816 454; x_wconf 88' lang='lat' dir='ltr'>cooperatur.</span> <span class='ocrx_word' id='word_1_634' title='bbox 1834 415 1921 445; x_wconf 87' lang='lat' dir='ltr'>Talis</span> <span class='ocrx_word' id='word_1_635' title='bbox 1938 423 1983 446; x_wconf 89' lang='lat' dir='ltr'>est</span> <span class='ocrx_word' id='word_1_636' title='bbox 1998 423 2105 447; x_wconf 86' lang='lat' dir='ltr'>autem</span> <span class='ocrx_word' id='word_1_637' title='bbox 2121 417 2303 458; x_wconf 88' lang='lat' dir='ltr'>cooperatio</span> <span class='ocrx_word' id='word_1_638' title='bbox 2320 418 2440 457; x_wconf 85' lang='lat' dir='ltr'>primae</span> 
     </span>
     <span class='ocr_line' id='line_1_82' title="bbox 1377 456 2441 502; baseline 0.008 -17"><span class='ocrx_word' id='word_1_639' title='bbox 1377 465 1497 492; x_wconf 88' lang='lat' dir='ltr'>causae,</span> <span class='ocrx_word' id='word_1_640' title='bbox 1523 456 1562 487; x_wconf 91' lang='lat' dir='ltr'>de</span> <span class='ocrx_word' id='word_1_641' title='bbox 1585 467 1649 498; x_wconf 90' lang='lat' dir='ltr'>qua</span> <span class='ocrx_word' id='word_1_642' title='bbox 1668 457 1821 498; x_wconf 90' lang='lat' dir='ltr'>scriptum</span> <span class='ocrx_word' id='word_1_643' title='bbox 1841 466 1886 489; x_wconf 90' lang='lat' dir='ltr'>est</span> <span class='ocrx_word' id='word_1_644' title='bbox 1901 459 1927 495; x_wconf 90' lang='lat'>*,</span> <span class='ocrx_word' id='word_1_645' title='bbox 1952 461 2040 500; x_wconf 90' lang='lat' dir='ltr'>quod</span> <span class='ocrx_word' id='word_1_646' title='bbox 2062 463 2192 502; x_wconf 82' lang='lat' dir='ltr'>attingit</span> <span class='ocrx_word' id='word_1_647' title='bbox 2215 472 2235 492; x_wconf 91' lang='lat' dir='ltr'>a</span> <span class='ocrx_word' id='word_1_648' title='bbox 2248 462 2322 502; x_wconf 85' lang='lat' dir='ltr'>fine</span> <span class='ocrx_word' id='word_1_649' title='bbox 2341 471 2441 502; x_wconf 88' lang='lat' dir='ltr'>usque</span> 
     </span>
     <span class='ocr_line' id='line_1_83' title="bbox 1375 499 2440 543; baseline 0.008 -14"><span class='ocrx_word' id='word_1_650' title='bbox 1375 499 1419 529; x_wconf 89' lang='lat' dir='ltr'>ad</span> <span class='ocrx_word' id='word_1_651' title='bbox 1428 500 1532 540; x_wconf 90' lang='lat' dir='ltr'>finem</span> <span class='ocrx_word' id='word_1_652' title='bbox 1548 500 1697 541; x_wconf 88' lang='lat' dir='ltr'>fortiter,</span> <span class='ocrx_word' id='word_1_653' title='bbox 1715 507 1746 533; x_wconf 90' lang='lat' dir='ltr'>et</span> <span class='ocrx_word' id='word_1_654' title='bbox 1767 502 1904 543; x_wconf 82' lang='lat' dir='ltr'>disponit</span> <span class='ocrx_word' id='word_1_655' title='bbox 1923 506 2030 534; x_wconf 87' lang='lat' dir='ltr'>omnia</span> <span class='ocrx_word' id='word_1_656' title='bbox 2044 507 2198 543; x_wconf 81' lang='lat' dir='ltr'>suaviter,</span> <span class='ocrx_word' id='word_1_657' title='bbox 2214 505 2300 536; x_wconf 86' lang='lat' dir='ltr'>iuxta</span> <span class='ocrx_word' id='word_1_658' title='bbox 2323 506 2440 536; x_wconf 89' lang='lat' dir='ltr'>scilicet</span> 
     </span>
     <span class='ocr_line' id='line_1_84' title="bbox 1375 543 2094 589; baseline 0.008 -16"><span class='ocrx_word' id='word_1_659' title='bbox 1375 543 1511 574; x_wconf 93' lang='lat' dir='ltr'>modum</span> <span class='ocrx_word' id='word_1_660' title='bbox 1535 545 1689 587; x_wconf 93' lang='lat' dir='ltr'>cuiusque</span> <span class='ocrx_word' id='word_1_661' title='bbox 1713 556 1888 587; x_wconf 91' lang='lat' dir='ltr'>cooperans</span> <span class='ocrx_word' id='word_1_662' title='bbox 1913 548 2094 589; x_wconf 89' lang='lat' dir='ltr'>unicuique.</span> 
     </span>
    </p>

    <p class='ocr_par' dir='ltr' id='par_1_18' title="bbox 1371 588 2440 1163">
     <span class='ocr_line' id='line_1_85' title="bbox 1432 588 2439 634; baseline 0.007 -16"><span class='ocrx_word' id='word_1_663' title='bbox 1432 588 1484 619; x_wconf 78' lang='lat' dir='ltr'>Ad</span> <span class='ocrx_word' id='word_1_664' title='bbox 1505 590 1679 620; x_wconf 84' lang='lat' dir='ltr'>secundam</span> <span class='ocrx_word' id='word_1_665' title='bbox 1698 601 1774 621; x_wconf 91' lang='lat' dir='ltr'>vero</span> <span class='ocrx_word' id='word_1_666' title='bbox 1799 591 2011 622; x_wconf 90' lang='lat' dir='ltr'>obiectionem</span> <span class='ocrx_word' id='word_1_667' title='bbox 2035 593 2156 629; x_wconf 91' lang='lat' dir='ltr'>dicitur,</span> <span class='ocrx_word' id='word_1_668' title='bbox 2182 594 2270 634; x_wconf 92' lang='lat' dir='ltr'>quod</span> <span class='ocrx_word' id='word_1_669' title='bbox 2285 593 2338 624; x_wconf 89' lang='lat' dir='ltr'>illa</span> <span class='ocrx_word' id='word_1_670' title='bbox 2354 593 2439 634; x_wconf 89' lang='lat' dir='ltr'>prio-</span> 
     </span>
     <span class='ocr_line' id='line_1_86' title="bbox 1374 631 2438 678; baseline 0.006 -16"><span class='ocrx_word' id='word_1_671' title='bbox 1374 631 1457 668; x_wconf 85' lang='lat' dir='ltr'>ritas,</span> <span class='ocrx_word' id='word_1_672' title='bbox 1476 633 1698 671; x_wconf 82' lang='lat' dir='ltr'>universaliter,</span> <span class='ocrx_word' id='word_1_673' title='bbox 1715 645 1781 665; x_wconf 94' lang='lat' dir='ltr'>non</span> <span class='ocrx_word' id='word_1_674' title='bbox 1806 642 1852 666; x_wconf 90' lang='lat' dir='ltr'>est</span> <span class='ocrx_word' id='word_1_675' title='bbox 1875 637 2052 666; x_wconf 90' lang='lat' dir='ltr'>secundum</span> <span class='ocrx_word' id='word_1_676' title='bbox 2075 637 2215 677; x_wconf 88' lang='lat' dir='ltr'>aliquam</span> <span class='ocrx_word' id='word_1_677' title='bbox 2237 638 2327 678; x_wconf 89' lang='lat' dir='ltr'>quasi</span> <span class='ocrx_word' id='word_1_678' title='bbox 2347 639 2438 668; x_wconf 91' lang='lat' dir='ltr'>dura-</span> 
     </span>
     <span class='ocr_line' id='line_1_87' title="bbox 1374 676 2440 715; baseline 0.007 -9"><span class='ocrx_word' id='word_1_679' title='bbox 1374 676 1495 707; x_wconf 88' lang='lat' dir='ltr'>tionem</span> <span class='ocrx_word' id='word_1_680' title='bbox 1519 684 1662 715; x_wconf 83' lang='lat' dir='ltr'>naturae,</span> <span class='ocrx_word' id='word_1_681' title='bbox 1687 685 1723 710; x_wconf 95' lang='lat' dir='ltr'>ut</span> <span class='ocrx_word' id='word_1_682' title='bbox 1746 679 1778 709; x_wconf 90' lang='lat' dir='ltr'>in</span> <span class='ocrx_word' id='word_1_683' title='bbox 1802 689 1868 710; x_wconf 91' lang='lat' dir='ltr'>uno</span> <span class='ocrx_word' id='word_1_684' title='bbox 1892 680 2020 711; x_wconf 88' lang='lat' dir='ltr'>instanti</span> <span class='ocrx_word' id='word_1_685' title='bbox 2043 687 2172 712; x_wconf 89' lang='lat' dir='ltr'>naturae</span> <span class='ocrx_word' id='word_1_686' title='bbox 2196 681 2322 712; x_wconf 87' lang='lat' dir='ltr'>effectus</span> <span class='ocrx_word' id='word_1_687' title='bbox 2346 682 2440 712; x_wconf 86' lang='lat' dir='ltr'>attin-</span> 
     </span>
     <span class='ocr_line' id='line_1_88' title="bbox 1373 722 2438 765; baseline 0.006 -15"><span class='ocrx_word' id='word_1_688' title='bbox 1373 727 1465 760; x_wconf 90' lang='lat' dir='ltr'>gatur</span> <span class='ocrx_word' id='word_1_689' title='bbox 1487 732 1505 751; x_wconf 90' lang='lat' dir='ltr'>a</span> <span class='ocrx_word' id='word_1_690' title='bbox 1528 722 1629 763; x_wconf 90' lang='lat' dir='ltr'>prima</span> <span class='ocrx_word' id='word_1_691' title='bbox 1658 733 1771 760; x_wconf 87' lang='lat' dir='ltr'>causa,</span> <span class='ocrx_word' id='word_1_692' title='bbox 1806 731 1836 754; x_wconf 91' lang='lat' dir='ltr'>et</span> <span class='ocrx_word' id='word_1_693' title='bbox 1859 723 1891 754; x_wconf 93' lang='lat' dir='ltr'>in</span> <span class='ocrx_word' id='word_1_694' title='bbox 1920 724 1982 754; x_wconf 91' lang='lat' dir='ltr'>alio</span> <span class='ocrx_word' id='word_1_695' title='bbox 2010 735 2027 755; x_wconf 88' lang='lat' dir='ltr'>a</span> <span class='ocrx_word' id='word_1_696' title='bbox 2051 726 2208 761; x_wconf 87' lang='lat' dir='ltr'>secunda,</span> <span class='ocrx_word' id='word_1_697' title='bbox 2242 733 2278 756; x_wconf 93' lang='lat' dir='ltr'>ut</span> <span class='ocrx_word' id='word_1_698' title='bbox 2305 735 2438 765; x_wconf 90' lang='lat' dir='ltr'>arguens</span> 
     </span>
     <span class='ocr_line' id='line_1_89' title="bbox 1373 764 2439 809; baseline 0.006 -15"><span class='ocrx_word' id='word_1_699' title='bbox 1373 764 1572 805; x_wconf 88' lang='lat' dir='ltr'>imaginatur.</span> <span class='ocrx_word' id='word_1_700' title='bbox 1598 767 1659 798; x_wconf 91' lang='lat' dir='ltr'>Sed</span> <span class='ocrx_word' id='word_1_701' title='bbox 1683 774 1728 798; x_wconf 91' lang='lat' dir='ltr'>est</span> <span class='ocrx_word' id='word_1_702' title='bbox 1744 768 1921 798; x_wconf 90' lang='lat' dir='ltr'>secundum</span> <span class='ocrx_word' id='word_1_703' title='bbox 1937 768 2214 809; x_wconf 89' lang='lat' dir='ltr'>independentiam</span> <span class='ocrx_word' id='word_1_704' title='bbox 2230 776 2260 800; x_wconf 89' lang='lat' dir='ltr'>et</span> <span class='ocrx_word' id='word_1_705' title='bbox 2274 770 2439 800; x_wconf 90' lang='lat' dir='ltr'>immedia-</span> 
     </span>
     <span class='ocr_line' id='line_1_90' title="bbox 1373 809 2437 853; baseline 0.004 -13"><span class='ocrx_word' id='word_1_706' title='bbox 1373 809 1495 840; x_wconf 90' lang='lat' dir='ltr'>tionem</span> <span class='ocrx_word' id='word_1_707' title='bbox 1509 810 1645 842; x_wconf 89' lang='lat' dir='ltr'>virtutis:</span> <span class='ocrx_word' id='word_1_708' title='bbox 1671 812 1746 853; x_wconf 89' lang='lat' dir='ltr'>quia</span> <span class='ocrx_word' id='word_1_709' title='bbox 1765 812 1852 853; x_wconf 90' lang='lat' dir='ltr'>prior</span> <span class='ocrx_word' id='word_1_710' title='bbox 1874 812 2138 853; x_wconf 88' lang='lat' dir='ltr'>independentius</span> <span class='ocrx_word' id='word_1_711' title='bbox 2162 821 2191 844; x_wconf 90' lang='lat' dir='ltr'>et</span> <span class='ocrx_word' id='word_1_712' title='bbox 2214 813 2437 850; x_wconf 87' lang='lat' dir='ltr'>immediatius,</span> 
     </span>
     <span class='ocr_line' id='line_1_91' title="bbox 1372 853 2439 898; baseline 0.005 -15"><span class='ocrx_word' id='word_1_713' title='bbox 1372 853 1610 886; x_wconf 87' lang='lat' dir='ltr'>immediatione</span> <span class='ocrx_word' id='word_1_714' title='bbox 1633 856 1766 893; x_wconf 85' lang='lat' dir='ltr'>virtutis,</span> <span class='ocrx_word' id='word_1_715' title='bbox 1791 856 1914 897; x_wconf 90' lang='lat' dir='ltr'>attingit</span> <span class='ocrx_word' id='word_1_716' title='bbox 1937 856 2092 893; x_wconf 85' lang='lat' dir='ltr'>effectum,</span> <span class='ocrx_word' id='word_1_717' title='bbox 2118 867 2215 898; x_wconf 89' lang='lat' dir='ltr'>quam</span> <span class='ocrx_word' id='word_1_718' title='bbox 2232 858 2379 888; x_wconf 90' lang='lat' dir='ltr'>secunda.</span> <span class='ocrx_word' id='word_1_719' title='bbox 2404 858 2439 888; x_wconf 93' lang='lat' dir='ltr'>In</span> 
     </span>
     <span class='ocr_line' id='line_1_92' title="bbox 1373 899 2438 942; baseline 0.004 -14"><span class='ocrx_word' id='word_1_720' title='bbox 1373 899 1488 928; x_wconf 90' lang='lat' dir='ltr'>eodem</span> <span class='ocrx_word' id='word_1_721' title='bbox 1503 906 1608 930; x_wconf 88' lang='lat' dir='ltr'>tamen</span> <span class='ocrx_word' id='word_1_722' title='bbox 1625 900 1752 931; x_wconf 89' lang='lat' dir='ltr'>instanti</span> <span class='ocrx_word' id='word_1_723' title='bbox 1767 907 1906 937; x_wconf 86' lang='lat' dir='ltr'>naturae,</span> <span class='ocrx_word' id='word_1_724' title='bbox 1920 900 2047 931; x_wconf 87' lang='lat' dir='ltr'>effectus</span> <span class='ocrx_word' id='word_1_725' title='bbox 2064 902 2102 932; x_wconf 91' lang='lat' dir='ltr'>ab</span> <span class='ocrx_word' id='word_1_726' title='bbox 2119 909 2253 942; x_wconf 90' lang='lat' dir='ltr'>utraque</span> <span class='ocrx_word' id='word_1_727' title='bbox 2267 902 2438 941; x_wconf 80' lang='lat' dir='ltr'>attingitur.</span> 
     </span>
     <span class='ocr_line' id='line_1_93' title="bbox 1372 943 2437 986; baseline 0.004 -14"><span class='ocrx_word' id='word_1_728' title='bbox 1372 943 1438 973; x_wconf 92' lang='lat' dir='ltr'>Nec</span> <span class='ocrx_word' id='word_1_729' title='bbox 1461 950 1628 984; x_wconf 90' lang='lat' dir='ltr'>propterea</span> <span class='ocrx_word' id='word_1_730' title='bbox 1652 945 1813 985; x_wconf 88' lang='lat' dir='ltr'>sequitur,</span> <span class='ocrx_word' id='word_1_731' title='bbox 1839 955 1918 986; x_wconf 85' lang='lat' dir='ltr'>ergo</span> <span class='ocrx_word' id='word_1_732' title='bbox 1941 946 2039 976; x_wconf 89' lang='lat' dir='ltr'>simul</span> <span class='ocrx_word' id='word_1_733' title='bbox 2064 947 2197 986; x_wconf 80' lang='lat' dir='ltr'>suscipit</span> <span class='ocrx_word' id='word_1_734' title='bbox 2220 947 2437 976; x_wconf 84' lang='lat' dir='ltr'>necessitatem</span> 
     </span>
     <span class='ocr_line' id='line_1_94' title="bbox 1373 989 2438 1030; baseline 0.003 -13"><span class='ocrx_word' id='word_1_735' title='bbox 1373 993 1403 1018; x_wconf 91' lang='lat' dir='ltr'>et</span> <span class='ocrx_word' id='word_1_736' title='bbox 1425 989 1698 1029; x_wconf 83' lang='lat' dir='ltr'>contingentiam:</span> <span class='ocrx_word' id='word_1_737' title='bbox 1720 989 1795 1030; x_wconf 88' lang='lat' dir='ltr'>quia</span> <span class='ocrx_word' id='word_1_738' title='bbox 1819 999 1884 1019; x_wconf 92' lang='lat' dir='ltr'>non</span> <span class='ocrx_word' id='word_1_739' title='bbox 1909 989 2071 1030; x_wconf 85' lang='lat' dir='ltr'>attingitur</span> <span class='ocrx_word' id='word_1_740' title='bbox 2094 1000 2112 1020; x_wconf 91' lang='lat' dir='ltr'>a</span> <span class='ocrx_word' id='word_1_741' title='bbox 2135 990 2238 1030; x_wconf 91' lang='lat' dir='ltr'>prima</span> <span class='ocrx_word' id='word_1_742' title='bbox 2261 990 2438 1021; x_wconf 90' lang='lat' dir='ltr'>secundum</span> 
     </span>
     <span class='ocr_line' id='line_1_95' title="bbox 1372 1033 2437 1075; baseline 0.002 -13"><span class='ocrx_word' id='word_1_743' title='bbox 1372 1042 1404 1062; x_wconf 89' lang='lat' dir='ltr'>se</span> <span class='ocrx_word' id='word_1_744' title='bbox 1429 1038 1459 1062; x_wconf 92' lang='lat' dir='ltr'>et</span> <span class='ocrx_word' id='word_1_745' title='bbox 1482 1042 1645 1069; x_wconf 88' lang='lat' dir='ltr'>seorsum,</span> <span class='ocrx_word' id='word_1_746' title='bbox 1670 1034 1724 1063; x_wconf 93' lang='lat' dir='ltr'>sed</span> <span class='ocrx_word' id='word_1_747' title='bbox 1753 1033 1933 1064; x_wconf 87' lang='lat' dir='ltr'>modificata</span> <span class='ocrx_word' id='word_1_748' title='bbox 1956 1034 1988 1064; x_wconf 92' lang='lat' dir='ltr'>in</span> <span class='ocrx_word' id='word_1_749' title='bbox 2013 1034 2162 1066; x_wconf 82' lang='lat' dir='ltr'>secunda.</span> <span class='ocrx_word' id='word_1_750' title='bbox 2193 1034 2255 1065; x_wconf 91' lang='lat' dir='ltr'>Sed</span> <span class='ocrx_word' id='word_1_751' title='bbox 2278 1034 2437 1075; x_wconf 89' lang='lat' dir='ltr'>sequitur,</span> 
     </span>
     <span class='ocr_line' id='line_1_96' title="bbox 1372 1078 2438 1118; baseline 0.003 -12"><span class='ocrx_word' id='word_1_752' title='bbox 1372 1086 1452 1117; x_wconf 86' lang='lat' dir='ltr'>ergo</span> <span class='ocrx_word' id='word_1_753' title='bbox 1474 1078 1606 1117; x_wconf 82' lang='lat' dir='ltr'>suscipit</span> <span class='ocrx_word' id='word_1_754' title='bbox 1628 1078 1879 1118; x_wconf 83' lang='lat' dir='ltr'>contingentiam</span> <span class='ocrx_word' id='word_1_755' title='bbox 1896 1088 1916 1108; x_wconf 87' lang='lat' dir='ltr'>a</span> <span class='ocrx_word' id='word_1_756' title='bbox 1932 1078 2058 1109; x_wconf 85' lang='lat' dir='ltr'>duabus</span> <span class='ocrx_word' id='word_1_757' title='bbox 2081 1079 2187 1109; x_wconf 87' lang='lat' dir='ltr'>causis</span> <span class='ocrx_word' id='word_1_758' title='bbox 2201 1079 2308 1116; x_wconf 90' lang='lat' dir='ltr'>simul,</span> <span class='ocrx_word' id='word_1_759' title='bbox 2331 1088 2438 1109; x_wconf 88' lang='lat' dir='ltr'>neces-</span> 
     </span>
     <span class='ocr_line' id='line_1_97' title="bbox 1371 1122 1749 1163; baseline 0.005 -13"><span class='ocrx_word' id='word_1_760' title='bbox 1371 1122 1461 1150; x_wconf 85' lang='lat' dir='ltr'>saria</span> <span class='ocrx_word' id='word_1_761' title='bbox 1485 1126 1516 1151; x_wconf 89' lang='lat' dir='ltr'>et</span> <span class='ocrx_word' id='word_1_762' title='bbox 1538 1123 1749 1163; x_wconf 82' lang='lat' dir='ltr'>contingente.</span> 
     </span>
    </p>

    <p class='ocr_par' dir='ltr' id='par_1_19' title="bbox 1372 1165 2437 1339">
     <span class='ocr_line' id='line_1_98' title="bbox 1429 1165 2437 1207; baseline 0.001 -12"><span class='ocrx_word' id='word_1_763' title='bbox 1429 1165 1480 1195; x_wconf 89' lang='lat' dir='ltr'>Ad</span> <span class='ocrx_word' id='word_1_764' title='bbox 1494 1167 1622 1196; x_wconf 88' lang='lat' dir='ltr'>tertiam</span> <span class='ocrx_word' id='word_1_765' title='bbox 1639 1173 1746 1196; x_wconf 90' lang='lat' dir='ltr'>autem</span> <span class='ocrx_word' id='word_1_766' title='bbox 1763 1173 1792 1197; x_wconf 89' lang='lat' dir='ltr'>et</span> <span class='ocrx_word' id='word_1_767' title='bbox 1808 1171 1957 1207; x_wconf 81' lang='lat' dir='ltr'>quartam</span> <span class='ocrx_word' id='word_1_768' title='bbox 1983 1166 2177 1197; x_wconf 90' lang='lat' dir='ltr'>obiectiones</span> <span class='ocrx_word' id='word_1_769' title='bbox 2201 1166 2322 1203; x_wconf 90' lang='lat' dir='ltr'>dicitur,</span> <span class='ocrx_word' id='word_1_770' title='bbox 2348 1167 2437 1207; x_wconf 94' lang='lat' dir='ltr'>quod</span> 
     </span>
     <span class='ocr_line' id='line_1_99' title="bbox 1372 1210 2435 1251; baseline 0.003 -13"><span class='ocrx_word' id='word_1_771' title='bbox 1372 1219 1438 1238; x_wconf 91' lang='lat' dir='ltr'>non</span> <span class='ocrx_word' id='word_1_772' title='bbox 1462 1216 1508 1239; x_wconf 91' lang='lat' dir='ltr'>est</span> <span class='ocrx_word' id='word_1_773' title='bbox 1531 1216 1639 1240; x_wconf 90' lang='lat' dir='ltr'>contra</span> <span class='ocrx_word' id='word_1_774' title='bbox 1662 1210 1724 1241; x_wconf 93' lang='lat' dir='ltr'>hoc</span> <span class='ocrx_word' id='word_1_775' title='bbox 1747 1211 1837 1251; x_wconf 92' lang='lat' dir='ltr'>quod</span> <span class='ocrx_word' id='word_1_776' title='bbox 1867 1211 1966 1241; x_wconf 91' lang='lat' dir='ltr'>modo</span> <span class='ocrx_word' id='word_1_777' title='bbox 1991 1210 2177 1241; x_wconf 89' lang='lat' dir='ltr'>discutimus</span> <span class='ocrx_word' id='word_1_778' title='bbox 2201 1211 2233 1241; x_wconf 89' lang='lat' dir='ltr'>in</span> <span class='ocrx_word' id='word_1_779' title='bbox 2261 1211 2435 1247; x_wconf 83' lang='lat' dir='ltr'>communi,</span> 
     </span>
     <span class='ocr_line' id='line_1_100' title="bbox 1372 1253 2433 1296; baseline 0.003 -13"><span class='ocrx_word' id='word_1_780' title='bbox 1372 1253 1427 1283; x_wconf 91' lang='lat' dir='ltr'>sed</span> <span class='ocrx_word' id='word_1_781' title='bbox 1450 1253 1645 1284; x_wconf 90' lang='lat' dir='ltr'>descendunt</span> <span class='ocrx_word' id='word_1_782' title='bbox 1675 1254 1715 1284; x_wconf 91' lang='lat' dir='ltr'>ad</span> <span class='ocrx_word' id='word_1_783' title='bbox 1746 1254 1961 1285; x_wconf 87' lang='lat' dir='ltr'>causalitatem</span> <span class='ocrx_word' id='word_1_784' title='bbox 1992 1265 2104 1285; x_wconf 90' lang='lat' dir='ltr'>causae</span> <span class='ocrx_word' id='word_1_785' title='bbox 2126 1255 2247 1296; x_wconf 86' lang='lat' dir='ltr'>primae</span> <span class='ocrx_word' id='word_1_786' title='bbox 2278 1255 2317 1285; x_wconf 92' lang='lat' dir='ltr'>de</span> <span class='ocrx_word' id='word_1_787' title='bbox 2341 1254 2433 1286; x_wconf 87' lang='lat' dir='ltr'>facto.</span> 
     </span>
     <span class='ocr_line' id='line_1_101' title="bbox 1372 1297 2242 1339; baseline 0.003 -12"><span class='ocrx_word' id='word_1_788' title='bbox 1372 1297 1413 1327; x_wconf 90' lang='lat' dir='ltr'>Et</span> <span class='ocrx_word' id='word_1_789' title='bbox 1435 1305 1601 1337; x_wconf 86' lang='lat' dir='ltr'>propterea</span> <span class='ocrx_word' id='word_1_790' title='bbox 1620 1298 1737 1338; x_wconf 89' lang='lat' dir='ltr'>patebit</span> <span class='ocrx_word' id='word_1_791' title='bbox 1756 1308 1841 1328; x_wconf 91' lang='lat' dir='ltr'>nunc</span> <span class='ocrx_word' id='word_1_792' title='bbox 1861 1308 1946 1329; x_wconf 91' lang='lat' dir='ltr'>nunc</span> <span class='ocrx_word' id='word_1_793' title='bbox 1965 1299 2043 1339; x_wconf 91' lang='lat' dir='ltr'>quid</span> <span class='ocrx_word' id='word_1_794' title='bbox 2062 1299 2242 1330; x_wconf 89' lang='lat' dir='ltr'>dicendum.</span> 
     </span>
    </p>

    <p class='ocr_par' dir='ltr' id='par_1_20' title="bbox 1371 1342 2437 1736">
     <span class='ocr_line' id='line_1_102' title="bbox 1425 1342 2437 1384; baseline 0.001 -12"><span class='ocrx_word' id='word_1_795' title='bbox 1425 1342 1538 1372; x_wconf 92' lang='lat' dir='ltr'>XXIV.</span> <span class='ocrx_word' id='word_1_796' title='bbox 1550 1342 1667 1379; x_wconf 90' lang='lat' dir='ltr'>Quoad</span> <span class='ocrx_word' id='word_1_797' title='bbox 1682 1343 1856 1373; x_wconf 85' lang='lat' dir='ltr'>secundum</span> <span class='ocrx_word' id='word_1_798' title='bbox 1870 1342 1887 1361; x_wconf 88' lang='grc'><em>*</em></span> <span class='ocrx_word' id='word_1_799' title='bbox 1903 1342 2007 1382; x_wconf 89' lang='lat' dir='ltr'>igitur,</span> <span class='ocrx_word' id='word_1_800' title='bbox 2021 1343 2137 1374; x_wconf 90' lang='lat' dir='ltr'>scilicet</span> <span class='ocrx_word' id='word_1_801' title='bbox 2150 1343 2318 1384; x_wconf 89' lang='lat' dir='ltr'>quomodo</span> <span class='ocrx_word' id='word_1_802' title='bbox 2334 1343 2437 1383; x_wconf 91' lang='lat' dir='ltr'>prima</span> 
     </span>
     <span class='ocr_line' id='line_1_103' title="bbox 1372 1385 2435 1428; baseline 0.001 -12"><span class='ocrx_word' id='word_1_803' title='bbox 1372 1395 1466 1416; x_wconf 89' lang='lat' dir='ltr'>causa</span> <span class='ocrx_word' id='word_1_804' title='bbox 1489 1386 1528 1416; x_wconf 91' lang='lat' dir='ltr'>de</span> <span class='ocrx_word' id='word_1_805' title='bbox 1553 1385 1635 1417; x_wconf 89' lang='lat' dir='ltr'>facto</span> <span class='ocrx_word' id='word_1_806' title='bbox 1659 1393 1780 1422; x_wconf 87' lang='lat' dir='ltr'>causet,</span> <span class='ocrx_word' id='word_1_807' title='bbox 1804 1386 1938 1417; x_wconf 89' lang='lat' dir='ltr'>breviter</span> <span class='ocrx_word' id='word_1_808' title='bbox 1960 1387 2074 1418; x_wconf 92' lang='lat' dir='ltr'>dicitur</span> <span class='ocrx_word' id='word_1_809' title='bbox 2096 1388 2185 1428; x_wconf 91' lang='lat' dir='ltr'>quod</span> <span class='ocrx_word' id='word_1_810' title='bbox 2208 1387 2310 1427; x_wconf 90' lang='lat' dir='ltr'>prima</span> <span class='ocrx_word' id='word_1_811' title='bbox 2333 1397 2435 1424; x_wconf 91' lang='lat' dir='ltr'>causa,</span> 
     </span>
     <span class='ocr_line' id='line_1_104' title="bbox 1372 1429 2437 1472; baseline 0.002 -12"><span class='ocrx_word' id='word_1_812' title='bbox 1372 1429 1499 1470; x_wconf 88' lang='lat' dir='ltr'>proprie</span> <span class='ocrx_word' id='word_1_813' title='bbox 1522 1430 1696 1471; x_wconf 90' lang='lat' dir='ltr'>loquendo,</span> <span class='ocrx_word' id='word_1_814' title='bbox 1722 1440 1779 1461; x_wconf 92' lang='lat' dir='ltr'>nec</span> <span class='ocrx_word' id='word_1_815' title='bbox 1798 1437 1844 1461; x_wconf 92' lang='lat' dir='ltr'>est</span> <span class='ocrx_word' id='word_1_816' title='bbox 1868 1441 1961 1466; x_wconf 83' lang='lat' dir='ltr'>causa</span> <span class='ocrx_word' id='word_1_817' title='bbox 1980 1431 2151 1462; x_wconf 87' lang='lat' dir='ltr'>necessaria</span> <span class='ocrx_word' id='word_1_818' title='bbox 2167 1431 2358 1472; x_wconf 87' lang='lat' dir='ltr'>simpliciter,</span> <span class='ocrx_word' id='word_1_819' title='bbox 2383 1441 2437 1462; x_wconf 90' lang='lat' dir='ltr'>ne-</span> 
     </span>
     <span class='ocr_line' id='line_1_105' title="bbox 1372 1474 2436 1516; baseline 0.002 -12"><span class='ocrx_word' id='word_1_820' title='bbox 1372 1484 1434 1515; x_wconf 92' lang='lat' dir='ltr'>que</span> <span class='ocrx_word' id='word_1_821' title='bbox 1459 1474 1653 1514; x_wconf 89' lang='lat' dir='ltr'>contingens,</span> <span class='ocrx_word' id='word_1_822' title='bbox 1670 1475 1723 1504; x_wconf 90' lang='lat' dir='ltr'>sed</span> <span class='ocrx_word' id='word_1_823' title='bbox 1748 1475 1891 1516; x_wconf 91' lang='lat' dir='ltr'>superior</span> <span class='ocrx_word' id='word_1_824' title='bbox 1914 1482 2056 1516; x_wconf 92' lang='lat' dir='ltr'>utraque.</span> <span class='ocrx_word' id='word_1_825' title='bbox 2082 1476 2147 1506; x_wconf 89' lang='lat' dir='ltr'>Nec</span> <span class='ocrx_word' id='word_1_826' title='bbox 2166 1476 2320 1506; x_wconf 89' lang='lat' dir='ltr'>habemus</span> <span class='ocrx_word' id='word_1_827' title='bbox 2336 1476 2436 1516; x_wconf 86' lang='lat' dir='ltr'>magis</span> 
     </span>
     <span class='ocr_line' id='line_1_106' title="bbox 1372 1518 2436 1561; baseline 0.002 -13"><span class='ocrx_word' id='word_1_828' title='bbox 1372 1518 1538 1559; x_wconf 89' lang='lat' dir='ltr'>proprium</span> <span class='ocrx_word' id='word_1_829' title='bbox 1568 1519 1780 1554; x_wconf 90' lang='lat' dir='ltr'>vocabulum,</span> <span class='ocrx_word' id='word_1_830' title='bbox 1810 1529 1909 1559; x_wconf 89' lang='lat' dir='ltr'>quam</span> <span class='ocrx_word' id='word_1_831' title='bbox 1938 1526 1975 1550; x_wconf 92' lang='lat' dir='ltr'>ut</span> <span class='ocrx_word' id='word_1_832' title='bbox 1997 1519 2119 1550; x_wconf 91' lang='lat' dir='ltr'>dicatur</span> <span class='ocrx_word' id='word_1_833' title='bbox 2149 1520 2237 1561; x_wconf 93' lang='lat' dir='ltr'>quod</span> <span class='ocrx_word' id='word_1_834' title='bbox 2269 1527 2315 1551; x_wconf 89' lang='lat' dir='ltr'>est</span> <span class='ocrx_word' id='word_1_835' title='bbox 2338 1529 2436 1551; x_wconf 88' lang='lat' dir='ltr'>causa</span> 
     </span>
     <span class='ocr_line' id='line_1_107' title="bbox 1372 1563 2436 1604; baseline 0.002 -11"><span class='ocrx_word' id='word_1_836' title='bbox 1372 1563 1482 1594; x_wconf 84' lang='lat' dir='ltr'>libera.</span> <span class='ocrx_word' id='word_1_837' title='bbox 1507 1563 1681 1594; x_wconf 89' lang='lat' dir='ltr'>Necessitas</span> <span class='ocrx_word' id='word_1_838' title='bbox 1701 1563 1786 1593; x_wconf 89' lang='lat' dir='ltr'>enim</span> <span class='ocrx_word' id='word_1_839' title='bbox 1805 1563 1988 1604; x_wconf 90' lang='lat' dir='ltr'>simpliciter</span> <span class='ocrx_word' id='word_1_840' title='bbox 2012 1571 2166 1604; x_wconf 89' lang='lat' dir='ltr'>repugnat</span> <span class='ocrx_word' id='word_1_841' title='bbox 2187 1564 2336 1595; x_wconf 88' lang='lat' dir='ltr'>libertati:</span> <span class='ocrx_word' id='word_1_842' title='bbox 2362 1574 2436 1595; x_wconf 91' lang='lat' dir='ltr'>con-</span> 
     </span>
     <span class='ocr_line' id='line_1_108' title="bbox 1371 1607 2436 1650; baseline 0.001 -12"><span class='ocrx_word' id='word_1_843' title='bbox 1371 1607 1522 1647; x_wconf 88' lang='lat' dir='ltr'>tingentia</span> <span class='ocrx_word' id='word_1_844' title='bbox 1545 1617 1620 1638; x_wconf 91' lang='lat' dir='ltr'>vero</span> <span class='ocrx_word' id='word_1_845' title='bbox 1644 1607 1917 1647; x_wconf 88' lang='lat' dir='ltr'>imperfectionem</span> <span class='ocrx_word' id='word_1_846' title='bbox 1946 1608 1978 1638; x_wconf 93' lang='lat' dir='ltr'>in</span> <span class='ocrx_word' id='word_1_847' title='bbox 2002 1608 2141 1639; x_wconf 88' lang='lat' dir='ltr'>libertate</span> <span class='ocrx_word' id='word_1_848' title='bbox 2165 1609 2332 1649; x_wconf 83' lang='lat' dir='ltr'>importat,</span> <span class='ocrx_word' id='word_1_849' title='bbox 2362 1609 2436 1650; x_wconf 91' lang='lat' dir='ltr'>quia</span> 
     </span>
     <span class='ocr_line' id='line_1_109' title="bbox 1371 1651 2434 1692; baseline 0.002 -11"><span class='ocrx_word' id='word_1_850' title='bbox 1371 1651 1463 1692; x_wconf 89' lang='lat' dir='ltr'>ponit</span> <span class='ocrx_word' id='word_1_851' title='bbox 1486 1651 1740 1682; x_wconf 88' lang='lat' dir='ltr'>mutabilitatem.</span> <span class='ocrx_word' id='word_1_852' title='bbox 1766 1652 1807 1682; x_wconf 90' lang='lat' dir='ltr'>Et</span> <span class='ocrx_word' id='word_1_853' title='bbox 1829 1652 1945 1682; x_wconf 90' lang='lat' dir='ltr'>idcirco</span> <span class='ocrx_word' id='word_1_854' title='bbox 1969 1652 2059 1682; x_wconf 89' lang='lat' dir='ltr'>divus</span> <span class='ocrx_word' id='word_1_855' title='bbox 2074 1652 2218 1683; x_wconf 90' lang='lat' dir='ltr'>Thomas</span> <span class='ocrx_word' id='word_1_856' title='bbox 2242 1653 2274 1683; x_wconf 92' lang='lat' dir='ltr'>in</span> <span class='ocrx_word' id='word_1_857' title='bbox 2297 1653 2310 1682; x_wconf 92' lang='lat' dir='ltr'>I</span> <span class='ocrx_word' id='word_1_858' title='bbox 2335 1653 2434 1690; x_wconf 90' lang='lat' dir='ltr'>Sent.‚</span> 
     </span>
     <span class='ocr_line' id='line_1_110' title="bbox 1372 1695 2435 1736; baseline 0.002 -11"><span class='ocrx_word' id='word_1_859' title='bbox 1372 1695 1443 1726; x_wconf 90' lang='lat' dir='ltr'>dist.</span> <span class='ocrx_word' id='word_1_860' title='bbox 1463 1706 1576 1726; x_wconf 86' lang='lat' dir='ltr'>xxxvm</span> <span class='ocrx_word' id='word_1_861' title='bbox 1592 1695 1628 1732; x_wconf 87' lang='grc'>*,</span> <span class='ocrx_word' id='word_1_862' title='bbox 1653 1696 1857 1736; x_wconf 90' lang='lat' dir='ltr'>praeveniens</span> <span class='ocrx_word' id='word_1_863' title='bbox 1888 1696 1995 1736; x_wconf 90' lang='lat' dir='ltr'>inepta</span> <span class='ocrx_word' id='word_1_864' title='bbox 2018 1697 2247 1727; x_wconf 90' lang='lat' dir='ltr'>modernorum</span> <span class='ocrx_word' id='word_1_865' title='bbox 2271 1697 2435 1733; x_wconf 90' lang='lat' dir='ltr'>vocabula,</span> 
     </span>
    </p>
   </div>
   <div class='ocr_carea' id='block_1_14' title="bbox 1350 1740 2434 1781">
    <p class='ocr_par' dir='ltr' id='par_1_21' title="bbox 1350 1740 2434 1781">
     <span class='ocr_line' id='line_1_111' title="bbox 1350 1740 2434 1781; baseline 0.001 -11"><span class='ocrx_word' id='word_1_866' title='bbox 1350 1753 1353 1757; x_wconf 91' lang='lat'>·</span> <span class='ocrx_word' id='word_1_867' title='bbox 1371 1747 1464 1780; x_wconf 88' lang='lat' dir='ltr'>negat</span> <span class='ocrx_word' id='word_1_868' title='bbox 1486 1740 1593 1771; x_wconf 91' lang='lat' dir='ltr'>Deum</span> <span class='ocrx_word' id='word_1_869' title='bbox 1612 1750 1739 1771; x_wconf 87' lang='lat' dir='ltr'>causare</span> <span class='ocrx_word' id='word_1_870' title='bbox 1764 1740 1990 1781; x_wconf 89' lang='lat' dir='ltr'>contingenter.</span> <span class='ocrx_word' id='word_1_871' title='bbox 2017 1740 2102 1772; x_wconf 92' lang='lat' dir='ltr'>Cum</span> <span class='ocrx_word' id='word_1_872' title='bbox 2122 1741 2207 1772; x_wconf 91' lang='lat' dir='ltr'>enim</span> <span class='ocrx_word' id='word_1_873' title='bbox 2226 1741 2367 1781; x_wconf 88' lang='lat' dir='ltr'>regulare</span> <span class='ocrx_word' id='word_1_874' title='bbox 2386 1741 2434 1778; x_wconf 90' lang='lat' dir='ltr'>sit,</span> 
     </span>
    </p>
   </div>
   <div class='ocr_carea' id='block_1_15' title="bbox 1366 1784 2437 2976">
    <p class='ocr_par' dir='ltr' id='par_1_22' title="bbox 1366 1784 2437 2976">
     <span class='ocr_line' id='line_1_112' title="bbox 1371 1784 2437 1826; baseline 0.002 -12"><span class='ocrx_word' id='word_1_875' title='bbox 1371 1785 1460 1825; x_wconf 94' lang='lat' dir='ltr'>quod</span> <span class='ocrx_word' id='word_1_876' title='bbox 1472 1784 1617 1825; x_wconf 91' lang='lat' dir='ltr'>superius</span> <span class='ocrx_word' id='word_1_877' title='bbox 1630 1785 1798 1824; x_wconf 88' lang='lat' dir='ltr'>praehabet</span> <span class='ocrx_word' id='word_1_878' title='bbox 1813 1784 1844 1815; x_wconf 91' lang='lat' dir='ltr'>in</span> <span class='ocrx_word' id='word_1_879' title='bbox 1858 1794 1890 1815; x_wconf 90' lang='lat' dir='ltr'>se</span> <span class='ocrx_word' id='word_1_880' title='bbox 1904 1785 1990 1815; x_wconf 90' lang='lat' dir='ltr'>unite</span> <span class='ocrx_word' id='word_1_881' title='bbox 2003 1795 2084 1826; x_wconf 92' lang='lat' dir='ltr'>quae</span> <span class='ocrx_word' id='word_1_882' title='bbox 2097 1785 2129 1815; x_wconf 89' lang='lat' dir='ltr'>in</span> <span class='ocrx_word' id='word_1_883' title='bbox 2146 1785 2347 1816; x_wconf 87' lang='lat' dir='ltr'>inferioribus</span> <span class='ocrx_word' id='word_1_884' title='bbox 2363 1792 2437 1816; x_wconf 92' lang='lat' dir='ltr'>sunt</span> 
     </span>
     <span class='ocr_line' id='line_1_113' title="bbox 1370 1829 2436 1870; baseline 0.001 -11"><span class='ocrx_word' id='word_1_885' title='bbox 1370 1839 1486 1869; x_wconf 90' lang='lat' dir='ltr'>sparsa,</span> <span class='ocrx_word' id='word_1_886' title='bbox 1512 1838 1710 1869; x_wconf 88' lang='lat' dir='ltr'>consequens</span> <span class='ocrx_word' id='word_1_887' title='bbox 1734 1835 1780 1859; x_wconf 92' lang='lat' dir='ltr'>est</span> <span class='ocrx_word' id='word_1_888' title='bbox 1800 1836 1835 1860; x_wconf 94' lang='lat' dir='ltr'>ut</span> <span class='ocrx_word' id='word_1_889' title='bbox 1857 1839 1950 1860; x_wconf 89' lang='lat' dir='ltr'>causa</span> <span class='ocrx_word' id='word_1_890' title='bbox 1966 1829 2077 1870; x_wconf 84' lang='lat' dir='ltr'>prima,</span> <span class='ocrx_word' id='word_1_891' title='bbox 2093 1829 2236 1870; x_wconf 90' lang='lat' dir='ltr'>superior</span> <span class='ocrx_word' id='word_1_892' title='bbox 2257 1830 2436 1860; x_wconf 90' lang='lat' dir='ltr'>necessariis</span> 
     </span>
     <span class='ocr_line' id='line_1_114' title="bbox 1370 1873 2436 1914; baseline 0.001 -11"><span class='ocrx_word' id='word_1_893' title='bbox 1370 1880 1400 1904; x_wconf 92' lang='lat' dir='ltr'>et</span> <span class='ocrx_word' id='word_1_894' title='bbox 1433 1873 1709 1914; x_wconf 87' lang='lat' dir='ltr'>contingentibus,</span> <span class='ocrx_word' id='word_1_895' title='bbox 1738 1873 1925 1913; x_wconf 87' lang='lat' dir='ltr'>praehabeat</span> <span class='ocrx_word' id='word_1_896' title='bbox 1951 1874 1983 1904; x_wconf 92' lang='lat' dir='ltr'>in</span> <span class='ocrx_word' id='word_1_897' title='bbox 2008 1884 2060 1910; x_wconf 92' lang='lat' dir='ltr'>se,</span> <span class='ocrx_word' id='word_1_898' title='bbox 2093 1884 2160 1905; x_wconf 92' lang='lat' dir='ltr'>non</span> <span class='ocrx_word' id='word_1_899' title='bbox 2183 1874 2356 1905; x_wconf 88' lang='lat' dir='ltr'>formaliter</span> <span class='ocrx_word' id='word_1_900' title='bbox 2381 1875 2436 1904; x_wconf 93' lang='lat' dir='ltr'>sed</span> 
     </span>
     <span class='ocr_line' id='line_1_115' title="bbox 1370 1917 2434 1954; baseline 0.002 -7"><span class='ocrx_word' id='word_1_901' title='bbox 1370 1917 1562 1954; x_wconf 78' lang='lat' dir='ltr'>eminenter,</span> <span class='ocrx_word' id='word_1_902' title='bbox 1595 1924 1741 1948; x_wconf 87' lang='lat' dir='ltr'>naturam</span> <span class='ocrx_word' id='word_1_903' title='bbox 1771 1924 1802 1948; x_wconf 91' lang='lat' dir='ltr'>et</span> <span class='ocrx_word' id='word_1_904' title='bbox 1834 1918 1970 1948; x_wconf 90' lang='lat' dir='ltr'>modum</span> <span class='ocrx_word' id='word_1_905' title='bbox 1999 1928 2166 1949; x_wconf 89' lang='lat' dir='ltr'>causarum</span> <span class='ocrx_word' id='word_1_906' title='bbox 2189 1918 2434 1949; x_wconf 89' lang='lat' dir='ltr'>necessariarum</span> 
     </span>
     <span class='ocr_line' id='line_1_116' title="bbox 1370 1961 2436 2003; baseline 0.001 -11"><span class='ocrx_word' id='word_1_907' title='bbox 1370 1968 1400 1992; x_wconf 90' lang='lat' dir='ltr'>et</span> <span class='ocrx_word' id='word_1_908' title='bbox 1422 1961 1688 2002; x_wconf 89' lang='lat' dir='ltr'>contingentium,</span> <span class='ocrx_word' id='word_1_909' title='bbox 1714 1968 1744 1992; x_wconf 90' lang='lat' dir='ltr'>et</span> <span class='ocrx_word' id='word_1_910' title='bbox 1767 1962 1807 1992; x_wconf 93' lang='lat' dir='ltr'>sit</span> <span class='ocrx_word' id='word_1_911' title='bbox 1829 1971 1922 1992; x_wconf 86' lang='lat' dir='ltr'>causa</span> <span class='ocrx_word' id='word_1_912' title='bbox 1945 1969 2164 2003; x_wconf 86' lang='lat' dir='ltr'>utrorumque,</span> <span class='ocrx_word' id='word_1_913' title='bbox 2190 1969 2220 1993; x_wconf 91' lang='lat' dir='ltr'>et</span> <span class='ocrx_word' id='word_1_914' title='bbox 2249 1970 2436 2003; x_wconf 89' lang='lat' dir='ltr'>cooperetur</span> 
     </span>
     <span class='ocr_line' id='line_1_117' title="bbox 1370 2005 2433 2046; baseline 0.001 -10"><span class='ocrx_word' id='word_1_915' title='bbox 1370 2005 1511 2046; x_wconf 89' lang='lat' dir='ltr'>utrisque</span> <span class='ocrx_word' id='word_1_916' title='bbox 1535 2006 1575 2036; x_wconf 89' lang='lat' dir='ltr'>ad</span> <span class='ocrx_word' id='word_1_917' title='bbox 1595 2015 1704 2036; x_wconf 89' lang='lat' dir='ltr'>earum</span> <span class='ocrx_word' id='word_1_918' title='bbox 1728 2005 1874 2046; x_wconf 87' lang='lat' dir='ltr'>proprios</span> <span class='ocrx_word' id='word_1_919' title='bbox 1899 2006 2025 2037; x_wconf 89' lang='lat' dir='ltr'>effectus</span> <span class='ocrx_word' id='word_1_920' title='bbox 2050 2007 2225 2037; x_wconf 89' lang='lat' dir='ltr'>secundum</span> <span class='ocrx_word' id='word_1_921' title='bbox 2250 2007 2365 2037; x_wconf 91' lang='lat' dir='ltr'>modos</span> <span class='ocrx_word' id='word_1_922' title='bbox 2385 2017 2433 2037; x_wconf 90' lang='lat' dir='ltr'>ea-</span> 
     </span>
     <span class='ocr_line' id='line_1_118' title="bbox 1369 2050 2433 2091; baseline 0.001 -11"><span class='ocrx_word' id='word_1_923' title='bbox 1369 2060 1451 2080; x_wconf 92' lang='lat' dir='ltr'>rum.</span> <span class='ocrx_word' id='word_1_924' title='bbox 1476 2050 1516 2081; x_wconf 94' lang='lat' dir='ltr'>Et</span> <span class='ocrx_word' id='word_1_925' title='bbox 1532 2057 1698 2091; x_wconf 87' lang='lat' dir='ltr'>propterea</span> <span class='ocrx_word' id='word_1_926' title='bbox 1714 2060 1783 2086; x_wconf 87' lang='lat' dir='ltr'>nos,</span> <span class='ocrx_word' id='word_1_927' title='bbox 1801 2050 1916 2091; x_wconf 89' lang='lat' dir='ltr'>quibus</span> <span class='ocrx_word' id='word_1_928' title='bbox 1940 2050 2045 2081; x_wconf 93' lang='lat' dir='ltr'>omnis</span> <span class='ocrx_word' id='word_1_929' title='bbox 2070 2061 2163 2081; x_wconf 90' lang='lat' dir='ltr'>causa</span> <span class='ocrx_word' id='word_1_930' title='bbox 2185 2051 2310 2081; x_wconf 89' lang='lat' dir='ltr'>videtur</span> <span class='ocrx_word' id='word_1_931' title='bbox 2328 2061 2433 2081; x_wconf 92' lang='lat' dir='ltr'>neces-</span> 
     </span>
     <span class='ocr_line' id='line_1_119' title="bbox 1370 2094 2433 2136; baseline 0.002 -12"><span class='ocrx_word' id='word_1_932' title='bbox 1370 2094 1448 2124; x_wconf 87' lang='lat' dir='ltr'>saria</span> <span class='ocrx_word' id='word_1_933' title='bbox 1471 2102 1526 2125; x_wconf 88' lang='lat' dir='ltr'>aut</span> <span class='ocrx_word' id='word_1_934' title='bbox 1549 2094 1751 2134; x_wconf 87' lang='lat' dir='ltr'>contingens,</span> <span class='ocrx_word' id='word_1_935' title='bbox 1783 2101 1965 2135; x_wconf 90' lang='lat' dir='ltr'>stupemus,</span> <span class='ocrx_word' id='word_1_936' title='bbox 1998 2105 2064 2125; x_wconf 93' lang='lat' dir='ltr'>non</span> <span class='ocrx_word' id='word_1_937' title='bbox 2092 2095 2305 2136; x_wconf 87' lang='lat' dir='ltr'>praevalentes</span> <span class='ocrx_word' id='word_1_938' title='bbox 2328 2095 2433 2126; x_wconf 86' lang='lat' dir='ltr'>videre</span> 
     </span>
     <span class='ocr_line' id='line_1_120' title="bbox 1369 2139 2434 2179; baseline 0.001 -10"><span class='ocrx_word' id='word_1_939' title='bbox 1369 2139 1537 2179; x_wconf 89' lang='lat' dir='ltr'>quomodo</span> <span class='ocrx_word' id='word_1_940' title='bbox 1562 2149 1626 2169; x_wconf 89' lang='lat' dir='ltr'>una</span> <span class='ocrx_word' id='word_1_941' title='bbox 1650 2148 1742 2169; x_wconf 90' lang='lat' dir='ltr'>causa</span> <span class='ocrx_word' id='word_1_942' title='bbox 1766 2139 1805 2170; x_wconf 91' lang='lat' dir='ltr'>sit</span> <span class='ocrx_word' id='word_1_943' title='bbox 1834 2139 2014 2169; x_wconf 90' lang='lat' dir='ltr'>communis</span> <span class='ocrx_word' id='word_1_944' title='bbox 2045 2139 2225 2170; x_wconf 89' lang='lat' dir='ltr'>necessariis</span> <span class='ocrx_word' id='word_1_945' title='bbox 2256 2147 2286 2170; x_wconf 90' lang='lat' dir='ltr'>et</span> <span class='ocrx_word' id='word_1_946' title='bbox 2309 2140 2434 2170; x_wconf 89' lang='lat' dir='ltr'>contin-</span> 
     </span>
     <span class='ocr_line' id='line_1_121' title="bbox 1369 2183 2433 2223; baseline 0.001 -10"><span class='ocrx_word' id='word_1_947' title='bbox 1369 2183 1516 2223; x_wconf 89' lang='lat' dir='ltr'>gentibus</span> <span class='ocrx_word' id='word_1_948' title='bbox 1548 2183 1740 2213; x_wconf 87' lang='lat' dir='ltr'>immediate.</span> <span class='ocrx_word' id='word_1_949' title='bbox 1774 2183 1836 2213; x_wconf 89' lang='lat' dir='ltr'>Sed</span> <span class='ocrx_word' id='word_1_950' title='bbox 1866 2183 1891 2213; x_wconf 91' lang='lat' dir='ltr'>si</span> <span class='ocrx_word' id='word_1_951' title='bbox 1922 2183 2081 2213; x_wconf 89' lang='lat' dir='ltr'>elevemus</span> <span class='ocrx_word' id='word_1_952' title='bbox 2114 2183 2227 2214; x_wconf 91' lang='lat' dir='ltr'>mentis</span> <span class='ocrx_word' id='word_1_953' title='bbox 2259 2184 2371 2214; x_wconf 92' lang='lat' dir='ltr'>oculos</span> <span class='ocrx_word' id='word_1_954' title='bbox 2401 2184 2433 2214; x_wconf 91' lang='lat' dir='ltr'>in</span> 
     </span>
     <span class='ocr_line' id='line_1_122' title="bbox 1370 2227 2434 2268; baseline 0.001 -11"><span class='ocrx_word' id='word_1_955' title='bbox 1370 2227 1570 2258; x_wconf 86' lang='lat' dir='ltr'>excellentius</span> <span class='ocrx_word' id='word_1_956' title='bbox 1594 2237 1693 2267; x_wconf 91' lang='lat' dir='ltr'>genus</span> <span class='ocrx_word' id='word_1_957' title='bbox 1718 2237 1838 2263; x_wconf 84' lang='lat' dir='ltr'>causae,</span> <span class='ocrx_word' id='word_1_958' title='bbox 1864 2227 2169 2268; x_wconf 89' lang='lat' dir='ltr'>eminentioremque</span> <span class='ocrx_word' id='word_1_959' title='bbox 2193 2228 2341 2258; x_wconf 91' lang='lat' dir='ltr'>causandi</span> <span class='ocrx_word' id='word_1_960' title='bbox 2365 2238 2434 2258; x_wconf 93' lang='lat' dir='ltr'>mo-</span> 
     </span>
     <span class='ocr_line' id='line_1_123' title="bbox 1370 2270 2434 2313; baseline 0 -11"><span class='ocrx_word' id='word_1_961' title='bbox 1370 2272 1458 2307; x_wconf 89' lang='lat' dir='ltr'>dum,</span> <span class='ocrx_word' id='word_1_962' title='bbox 1475 2278 1574 2302; x_wconf 91' lang='lat' dir='ltr'>cessat</span> <span class='ocrx_word' id='word_1_963' title='bbox 1590 2277 1710 2311; x_wconf 88' lang='lat' dir='ltr'>stupor,</span> <span class='ocrx_word' id='word_1_964' title='bbox 1728 2277 1758 2301; x_wconf 93' lang='lat' dir='ltr'>et</span> <span class='ocrx_word' id='word_1_965' title='bbox 1774 2270 1881 2301; x_wconf 87' lang='lat' dir='ltr'>omnia</span> <span class='ocrx_word' id='word_1_966' title='bbox 1897 2278 2089 2302; x_wconf 90' lang='lat' dir='ltr'>consonant:</span> <span class='ocrx_word' id='word_1_967' title='bbox 2115 2272 2260 2313; x_wconf 90' lang='lat' dir='ltr'>quamvis</span> <span class='ocrx_word' id='word_1_968' title='bbox 2275 2282 2434 2302; x_wconf 86' lang='lat' dir='ltr'>remanea-</span> 
     </span>
     <span class='ocr_line' id='line_1_124' title="bbox 1370 2315 2434 2357; baseline 0.001 -12"><span class='ocrx_word' id='word_1_969' title='bbox 1370 2326 1442 2346; x_wconf 94' lang='lat' dir='ltr'>mus</span> <span class='ocrx_word' id='word_1_970' title='bbox 1463 2315 1495 2346; x_wconf 93' lang='lat' dir='ltr'>in</span> <span class='ocrx_word' id='word_1_971' title='bbox 1513 2315 1654 2355; x_wconf 87' lang='lat' dir='ltr'>caligine,</span> <span class='ocrx_word' id='word_1_972' title='bbox 1679 2325 1745 2345; x_wconf 91' lang='lat' dir='ltr'>non</span> <span class='ocrx_word' id='word_1_973' title='bbox 1767 2315 1923 2346; x_wconf 90' lang='lat' dir='ltr'>intuentes</span> <span class='ocrx_word' id='word_1_974' title='bbox 1940 2316 2032 2346; x_wconf 90' lang='lat' dir='ltr'>illum</span> <span class='ocrx_word' id='word_1_975' title='bbox 2048 2316 2183 2346; x_wconf 92' lang='lat' dir='ltr'>modum</span> <span class='ocrx_word' id='word_1_976' title='bbox 2200 2326 2266 2357; x_wconf 90' lang='lat' dir='ltr'>quo</span> <span class='ocrx_word' id='word_1_977' title='bbox 2283 2317 2434 2347; x_wconf 90' lang='lat' dir='ltr'>omnibus</span> 
     </span>
     <span class='ocr_line' id='line_1_125' title="bbox 1369 2359 2431 2401; baseline 0.002 -11"><span class='ocrx_word' id='word_1_978' title='bbox 1369 2360 1535 2391; x_wconf 89' lang='lat' dir='ltr'>intrinsece</span> <span class='ocrx_word' id='word_1_979' title='bbox 1558 2359 1698 2395; x_wconf 84' lang='lat' dir='ltr'>illabens,</span> <span class='ocrx_word' id='word_1_980' title='bbox 1717 2360 1836 2390; x_wconf 89' lang='lat' dir='ltr'>cunctis</span> <span class='ocrx_word' id='word_1_981' title='bbox 1861 2359 1946 2390; x_wconf 87' lang='lat' dir='ltr'>iuxta</span> <span class='ocrx_word' id='word_1_982' title='bbox 1970 2370 2045 2390; x_wconf 91' lang='lat' dir='ltr'>suos</span> <span class='ocrx_word' id='word_1_983' title='bbox 2061 2360 2176 2390; x_wconf 90' lang='lat' dir='ltr'>modos</span> <span class='ocrx_word' id='word_1_984' title='bbox 2201 2367 2390 2401; x_wconf 83' lang='lat' dir='ltr'>cooperatur</span> <span class='ocrx_word' id='word_1_985' title='bbox 2404 2359 2431 2392; x_wconf 51' lang='grc' dir='ltr'>’ἦ</span> 
     </span>
     <span class='ocr_line' id='line_1_126' title="bbox 1369 2404 2434 2436; baseline 0.001 -2"><span class='ocrx_word' id='word_1_986' title='bbox 1369 2405 1410 2435; x_wconf 93' lang='lat' dir='ltr'>Et</span> <span class='ocrx_word' id='word_1_987' title='bbox 1436 2404 1498 2434; x_wconf 90' lang='lat' dir='ltr'>hoc</span> <span class='ocrx_word' id='word_1_988' title='bbox 1527 2410 1573 2434; x_wconf 92' lang='lat' dir='ltr'>est</span> <span class='ocrx_word' id='word_1_989' title='bbox 1601 2404 1691 2434; x_wconf 88' lang='lat' dir='ltr'>valde</span> <span class='ocrx_word' id='word_1_990' title='bbox 1722 2404 1948 2434; x_wconf 89' lang='lat' dir='ltr'>attendendum</span> <span class='ocrx_word' id='word_1_991' title='bbox 1971 2404 2004 2434; x_wconf 92' lang='lat' dir='ltr'>in</span> <span class='ocrx_word' id='word_1_992' title='bbox 2033 2404 2218 2435; x_wconf 90' lang='lat' dir='ltr'>huiusmodi</span> <span class='ocrx_word' id='word_1_993' title='bbox 2246 2405 2393 2436; x_wconf 90' lang='lat' dir='ltr'>materiis.</span> <span class='ocrx_word' id='word_1_994' title='bbox 2415 2425 2434 2429; x_wconf 85' lang='lat'>—</span> 
     </span>
     <span class='ocr_line' id='line_1_127' title="bbox 1368 2448 2431 2489; baseline 0.001 -10"><span class='ocrx_word' id='word_1_995' title='bbox 1368 2448 1556 2489; x_wconf 87' lang='lat' dir='ltr'>Appellatur</span> <span class='ocrx_word' id='word_1_996' title='bbox 1578 2455 1684 2479; x_wconf 87' lang='lat' dir='ltr'>tamen</span> <span class='ocrx_word' id='word_1_997' title='bbox 1699 2449 1795 2484; x_wconf 89' lang='lat' dir='ltr'>Deus,</span> <span class='ocrx_word' id='word_1_998' title='bbox 1812 2449 1862 2478; x_wconf 90' lang='lat' dir='ltr'>vel</span> <span class='ocrx_word' id='word_1_999' title='bbox 1881 2448 1947 2478; x_wconf 89' lang='lat' dir='ltr'>eius</span> <span class='ocrx_word' id='word_1_1000' title='bbox 1964 2448 2101 2485; x_wconf 87' lang='lat' dir='ltr'>scientia,</span> <span class='ocrx_word' id='word_1_1001' title='bbox 2119 2459 2217 2480; x_wconf 87' lang='lat' dir='ltr'>causa</span> <span class='ocrx_word' id='word_1_1002' title='bbox 2234 2451 2431 2487; x_wconf 85' lang='lat' dir='ltr'>necessaria,</span> 
     </span>
     <span class='ocr_line' id='line_1_128' title="bbox 1369 2492 2432 2533; baseline 0.001 -10"><span class='ocrx_word' id='word_1_1003' title='bbox 1369 2500 1498 2533; x_wconf 91' lang='lat' dir='ltr'>propter</span> <span class='ocrx_word' id='word_1_1004' title='bbox 1513 2492 1729 2523; x_wconf 90' lang='lat' dir='ltr'>necessitatem</span> <span class='ocrx_word' id='word_1_1005' title='bbox 1754 2502 1818 2522; x_wconf 93' lang='lat' dir='ltr'>non</span> <span class='ocrx_word' id='word_1_1006' title='bbox 1844 2492 2035 2532; x_wconf 88' lang='lat' dir='ltr'>simpliciter,</span> <span class='ocrx_word' id='word_1_1007' title='bbox 2053 2494 2107 2523; x_wconf 90' lang='lat' dir='ltr'>sed</span> <span class='ocrx_word' id='word_1_1008' title='bbox 2126 2494 2391 2524; x_wconf 86' lang='lat' dir='ltr'>immutabilitatis</span> <span class='ocrx_word' id='word_1_1009' title='bbox 2404 2493 2432 2531; x_wconf 67' lang='lat'>⁴⁹,</span> 
     </span>
     <span class='ocr_line' id='line_1_129' title="bbox 1368 2536 2375 2577; baseline 0.001 -10"><span class='ocrx_word' id='word_1_1010' title='bbox 1368 2547 1450 2577; x_wconf 89' lang='lat' dir='ltr'>quae</span> <span class='ocrx_word' id='word_1_1011' title='bbox 1469 2537 1501 2567; x_wconf 93' lang='lat' dir='ltr'>in</span> <span class='ocrx_word' id='word_1_1012' title='bbox 1521 2547 1569 2572; x_wconf 87' lang='lat' dir='ltr'>eo,</span> <span class='ocrx_word' id='word_1_1013' title='bbox 1590 2537 1685 2568; x_wconf 90' lang='lat' dir='ltr'>etiam</span> <span class='ocrx_word' id='word_1_1014' title='bbox 1704 2536 1895 2577; x_wconf 89' lang='lat' dir='ltr'>inquantum</span> <span class='ocrx_word' id='word_1_1015' title='bbox 1915 2547 2017 2572; x_wconf 87' lang='lat' dir='ltr'>causa,</span> <span class='ocrx_word' id='word_1_1016' title='bbox 2038 2536 2211 2568; x_wconf 89' lang='lat' dir='ltr'>formaliter</span> <span class='ocrx_word' id='word_1_1017' title='bbox 2230 2538 2375 2569; x_wconf 86' lang='lat' dir='ltr'>salvatur.</span> 
     </span>
     <span class='ocr_line' id='line_1_130' title="bbox 1421 2580 2432 2621; baseline -0.001 -8"><span class='ocrx_word' id='word_1_1018' title='bbox 1421 2582 1519 2612; x_wconf 90' lang='lat' dir='ltr'>XXV.</span> <span class='ocrx_word' id='word_1_1019' title='bbox 1538 2581 1639 2616; x_wconf 91' lang='lat' dir='ltr'>Unde,</span> <span class='ocrx_word' id='word_1_1020' title='bbox 1665 2591 1738 2610; x_wconf 91' lang='lat' dir='ltr'>cum</span> <span class='ocrx_word' id='word_1_1021' title='bbox 1758 2580 1919 2621; x_wconf 86' lang='lat' dir='ltr'>quaeritur</span> <span class='ocrx_word' id='word_1_1022' title='bbox 1941 2588 2049 2611; x_wconf 93' lang='lat' dir='ltr'>utrum</span> <span class='ocrx_word' id='word_1_1023' title='bbox 2073 2582 2174 2621; x_wconf 91' lang='lat' dir='ltr'>prima</span> <span class='ocrx_word' id='word_1_1024' title='bbox 2201 2582 2287 2612; x_wconf 87' lang='lat' dir='ltr'>radix</span> <span class='ocrx_word' id='word_1_1025' title='bbox 2311 2582 2432 2613; x_wconf 88' lang='lat' dir='ltr'>contin-</span> 
     </span>
     <span class='ocr_line' id='line_1_131' title="bbox 1366 2625 2431 2667; baseline 0.001 -11"><span class='ocrx_word' id='word_1_1026' title='bbox 1366 2625 1489 2666; x_wconf 89' lang='lat' dir='ltr'>gentiae</span> <span class='ocrx_word' id='word_1_1027' title='bbox 1513 2625 1551 2655; x_wconf 95' lang='lat' dir='ltr'>sit</span> <span class='ocrx_word' id='word_1_1028' title='bbox 1575 2625 1680 2654; x_wconf 89' lang='lat' dir='ltr'>divina</span> <span class='ocrx_word' id='word_1_1029' title='bbox 1702 2625 1864 2660; x_wconf 85' lang='lat' dir='ltr'>voluntas,</span> <span class='ocrx_word' id='word_1_1030' title='bbox 1896 2635 1936 2654; x_wconf 92' lang='lat' dir='ltr'>an</span> <span class='ocrx_word' id='word_1_1031' title='bbox 1961 2635 2071 2655; x_wconf 86' lang='lat' dir='ltr'>causae</span> <span class='ocrx_word' id='word_1_1032' title='bbox 2099 2626 2275 2666; x_wconf 87' lang='lat' dir='ltr'>proximae:</span> <span class='ocrx_word' id='word_1_1033' title='bbox 2300 2637 2431 2667; x_wconf 90' lang='lat' dir='ltr'>respon-</span> 
     </span>
     <span class='ocr_line' id='line_1_132' title="bbox 1367 2668 2430 2712; baseline 0.002 -12"><span class='ocrx_word' id='word_1_1034' title='bbox 1367 2670 1508 2700; x_wconf 91' lang='lat' dir='ltr'>dendum</span> <span class='ocrx_word' id='word_1_1035' title='bbox 1525 2676 1571 2700; x_wconf 93' lang='lat' dir='ltr'>est</span> <span class='ocrx_word' id='word_1_1036' title='bbox 1590 2678 1663 2699; x_wconf 91' lang='lat' dir='ltr'>cum</span> <span class='ocrx_word' id='word_1_1037' title='bbox 1681 2668 1798 2708; x_wconf 91' lang='lat' dir='ltr'>duplici</span> <span class='ocrx_word' id='word_1_1038' title='bbox 1822 2668 2022 2699; x_wconf 88' lang='lat' dir='ltr'>distinctione</span> <span class='ocrx_word' id='word_1_1039' title='bbox 2041 2670 2120 2700; x_wconf 89' lang='lat' dir='ltr'>circa</span> <span class='ocrx_word' id='word_1_1040' title='bbox 2144 2680 2272 2701; x_wconf 90' lang='lat' dir='ltr'>sensum</span> <span class='ocrx_word' id='word_1_1041' title='bbox 2287 2671 2430 2712; x_wconf 90' lang='lat' dir='ltr'>quaesiti.</span> 
     </span>
     <span class='ocr_line' id='line_1_133' title="bbox 1366 2713 2431 2755; baseline 0.002 -11"><span class='ocrx_word' id='word_1_1042' title='bbox 1366 2715 1477 2744; x_wconf 83' lang='lat' dir='ltr'>Prima</span> <span class='ocrx_word' id='word_1_1043' title='bbox 1493 2720 1539 2744; x_wconf 91' lang='lat' dir='ltr'>est</span> <span class='ocrx_word' id='word_1_1044' title='bbox 1555 2713 1593 2743; x_wconf 94' lang='lat' dir='ltr'>de</span> <span class='ocrx_word' id='word_1_1045' title='bbox 1609 2713 1642 2754; x_wconf 90' lang='lat' dir='ltr'>ly</span> <span class='ocrx_word' id='word_1_1046' title='bbox 1657 2713 1766 2743; x_wconf 80' lang='lat' dir='ltr'>divina</span> <span class='ocrx_word' id='word_1_1047' title='bbox 1780 2714 1938 2744; x_wconf 84' lang='lat' dir='ltr'>voluntas.</span> <span class='ocrx_word' id='word_1_1048' title='bbox 1958 2714 2066 2744; x_wconf 91' lang='lat' dir='ltr'>Potest</span> <span class='ocrx_word' id='word_1_1049' title='bbox 2080 2714 2164 2744; x_wconf 90' lang='lat' dir='ltr'>enirn</span> <span class='ocrx_word' id='word_1_1050' title='bbox 2179 2714 2310 2755; x_wconf 88' lang='lat' dir='ltr'>intelligi</span> <span class='ocrx_word' id='word_1_1051' title='bbox 2326 2716 2431 2746; x_wconf 82' lang='lat' dir='ltr'>divina</span> 
     </span>
     <span class='ocr_line' id='line_1_134' title="bbox 1366 2755 2430 2797; baseline 0.001 -8"><span class='ocrx_word' id='word_1_1052' title='bbox 1366 2755 1522 2794; x_wconf 83' lang='lat' dir='ltr'>voluntas,</span> <span class='ocrx_word' id='word_1_1053' title='bbox 1538 2758 1619 2788; x_wconf 93' lang='lat' dir='ltr'>idest</span> <span class='ocrx_word' id='word_1_1054' title='bbox 1634 2758 1852 2797; x_wconf 87' lang='lat' dir='ltr'>contingentia</span> <span class='ocrx_word' id='word_1_1055' title='bbox 1869 2758 1900 2787; x_wconf 87' lang='lat' dir='ltr'>in</span> <span class='ocrx_word' id='word_1_1056' title='bbox 1916 2758 2026 2788; x_wconf 81' lang='lat' dir='ltr'>divina</span> <span class='ocrx_word' id='word_1_1057' title='bbox 2043 2759 2216 2796; x_wconf 79' lang='lat' dir='ltr'>voluntate,</span> <span class='ocrx_word' id='word_1_1058' title='bbox 2235 2766 2270 2789; x_wconf 91' lang='lat' dir='ltr'>ut</span> <span class='ocrx_word' id='word_1_1059' title='bbox 2286 2760 2430 2790; x_wconf 87' lang='lat' dir='ltr'>moderni</span> 
     </span>
     <span class='ocr_line' id='line_1_135' title="bbox 1366 2801 2431 2845; baseline 0.001 -12"><span class='ocrx_word' id='word_1_1060' title='bbox 1366 2802 1553 2842; x_wconf 89' lang='lat' dir='ltr'>intelligunt.</span> <span class='ocrx_word' id='word_1_1061' title='bbox 1578 2802 1619 2832; x_wconf 89' lang='lat' dir='ltr'>Et</span> <span class='ocrx_word' id='word_1_1062' title='bbox 1642 2801 1684 2831; x_wconf 92' lang='lat' dir='ltr'>sic</span> <span class='ocrx_word' id='word_1_1063' title='bbox 1708 2802 1966 2841; x_wconf 90' lang='lat' dir='ltr'>respondendum</span> <span class='ocrx_word' id='word_1_1064' title='bbox 1995 2810 2041 2833; x_wconf 89' lang='lat' dir='ltr'>est</span> <span class='ocrx_word' id='word_1_1065' title='bbox 2064 2803 2214 2843; x_wconf 87' lang='lat' dir='ltr'>negative.</span> <span class='ocrx_word' id='word_1_1066' title='bbox 2245 2804 2331 2834; x_wconf 91' lang='lat' dir='ltr'>Tum</span> <span class='ocrx_word' id='word_1_1067' title='bbox 2356 2804 2431 2845; x_wconf 89' lang='lat' dir='ltr'>quia</span> 
     </span>
     <span class='ocr_line' id='line_1_136' title="bbox 1367 2845 2428 2888; baseline 0.001 -11"><span class='ocrx_word' id='word_1_1068' title='bbox 1367 2846 1520 2887; x_wconf 85' lang='lat' dir='ltr'>supponit</span> <span class='ocrx_word' id='word_1_1069' title='bbox 1543 2845 1677 2881; x_wconf 84' lang='lat' dir='ltr'>falsum,</span> <span class='ocrx_word' id='word_1_1070' title='bbox 1709 2845 1826 2876; x_wconf 90' lang='lat' dir='ltr'>scilicet</span> <span class='ocrx_word' id='word_1_1071' title='bbox 1848 2846 1928 2876; x_wconf 91' lang='lat' dir='ltr'>velle</span> <span class='ocrx_word' id='word_1_1072' title='bbox 1952 2846 2096 2877; x_wconf 87' lang='lat' dir='ltr'>divinum</span> <span class='ocrx_word' id='word_1_1073' title='bbox 2127 2857 2193 2877; x_wconf 92' lang='lat' dir='ltr'>esse</span> <span class='ocrx_word' id='word_1_1074' title='bbox 2225 2848 2428 2888; x_wconf 87' lang='lat' dir='ltr'>contingens:</span> 
     </span>
     <span class='ocr_line' id='line_1_137' title="bbox 1367 2890 2429 2929; baseline 0.001 -8"><span class='ocrx_word' id='word_1_1075' title='bbox 1367 2901 1439 2922; x_wconf 90' lang='lat' dir='ltr'>cum</span> <span class='ocrx_word' id='word_1_1076' title='bbox 1460 2900 1526 2921; x_wconf 92' lang='lat' dir='ltr'>non</span> <span class='ocrx_word' id='word_1_1077' title='bbox 1546 2890 1740 2929; x_wconf 89' lang='lat' dir='ltr'>contingens,</span> <span class='ocrx_word' id='word_1_1078' title='bbox 1766 2899 1823 2920; x_wconf 90' lang='lat' dir='ltr'>nec</span> <span class='ocrx_word' id='word_1_1079' title='bbox 1847 2891 2067 2927; x_wconf 88' lang='lat' dir='ltr'>necessarium,</span> <span class='ocrx_word' id='word_1_1080' title='bbox 2092 2892 2146 2922; x_wconf 89' lang='lat' dir='ltr'>sed</span> <span class='ocrx_word' id='word_1_1081' title='bbox 2170 2891 2304 2922; x_wconf 91' lang='lat' dir='ltr'>liberum</span> <span class='ocrx_word' id='word_1_1082' title='bbox 2328 2900 2358 2923; x_wconf 91' lang='lat' dir='ltr'>et</span> <span class='ocrx_word' id='word_1_1083' title='bbox 2377 2903 2429 2922; x_wconf 83' lang='lat' dir='ltr'>ne-</span> 
     </span>
     <span class='ocr_line' id='line_1_138' title="bbox 1366 2933 2428 2976; baseline 0.001 -10"><span class='ocrx_word' id='word_1_1084' title='bbox 1366 2935 1535 2966; x_wconf 88' lang='lat' dir='ltr'>cessarium</span> <span class='ocrx_word' id='word_1_1085' title='bbox 1559 2933 1821 2965; x_wconf 80' lang='lat' dir='ltr'>immutabilitatis</span> <span class='ocrx_word' id='word_1_1086' title='bbox 1844 2935 2026 2966; x_wconf 87' lang='lat' dir='ltr'>necessitate</span> <span class='ocrx_word' id='word_1_1087' title='bbox 2050 2936 2098 2966; x_wconf 89' lang='lat' dir='ltr'>sit.</span> <span class='ocrx_word' id='word_1_1088' title='bbox 2123 2936 2211 2966; x_wconf 92' lang='lat' dir='ltr'>Tum</span> <span class='ocrx_word' id='word_1_1089' title='bbox 2230 2936 2314 2976; x_wconf 85' lang='lat' dir='ltr'>quia,</span> <span class='ocrx_word' id='word_1_1090' title='bbox 2335 2936 2428 2967; x_wconf 88' lang='lat' dir='ltr'>etiam</span> 
     </span>
    </p>
   </div>
   <div class='ocr_carea' id='block_1_16' title="bbox 1351 2978 2428 3019">
    <p class='ocr_par' dir='ltr' id='par_1_23' title="bbox 1351 2978 2428 3019">
     <span class='ocr_line' id='line_1_139' title="bbox 1351 2978 2428 3019; baseline 0.001 -9"><span class='ocrx_word' id='word_1_1091' title='bbox 1351 2981 1390 3010; x_wconf 75' lang='lat' dir='ltr'>’si</span> <span class='ocrx_word' id='word_1_1092' title='bbox 1414 2980 1561 3010; x_wconf 91' lang='lat' dir='ltr'>voluntas</span> <span class='ocrx_word' id='word_1_1093' title='bbox 1590 2978 1695 3008; x_wconf 90' lang='lat' dir='ltr'>divina</span> <span class='ocrx_word' id='word_1_1094' title='bbox 1725 2979 1899 3009; x_wconf 90' lang='lat' dir='ltr'>necessario</span> <span class='ocrx_word' id='word_1_1095' title='bbox 1924 2979 2106 3019; x_wconf 89' lang='lat' dir='ltr'>simpliciter</span> <span class='ocrx_word' id='word_1_1096' title='bbox 2135 2987 2292 3016; x_wconf 88' lang='lat' dir='ltr'>causaret,</span> <span class='ocrx_word' id='word_1_1097' title='bbox 2325 2981 2428 3011; x_wconf 85' lang='lat' dir='ltr'>adhuc</span> 
     </span>
    </p>
   </div>
   <div class='ocr_carea' id='block_1_17' title="bbox 1359 3022 2430 3629">
    <p class='ocr_par' dir='ltr' id='par_1_24' title="bbox 1365 3022 2430 3327">
     <span class='ocr_line' id='line_1_140' title="bbox 1367 3022 2430 3065; baseline 0.002 -11"><span class='ocrx_word' id='word_1_1098' title='bbox 1367 3023 1476 3054; x_wconf 88' lang='lat' dir='ltr'>salvari</span> <span class='ocrx_word' id='word_1_1099' title='bbox 1501 3029 1605 3063; x_wconf 89' lang='lat' dir='ltr'>potest</span> <span class='ocrx_word' id='word_1_1100' title='bbox 1634 3022 1865 3062; x_wconf 84' lang='lat' dir='ltr'>contingentia,</span> <span class='ocrx_word' id='word_1_1101' title='bbox 1897 3029 1933 3054; x_wconf 92' lang='lat' dir='ltr'>ut</span> <span class='ocrx_word' id='word_1_1102' title='bbox 1955 3030 2042 3064; x_wconf 90' lang='lat' dir='ltr'>patet</span> <span class='ocrx_word' id='word_1_1103' title='bbox 2065 3034 2101 3054; x_wconf 86' lang='lat' dir='ltr'>ex</span> <span class='ocrx_word' id='word_1_1104' title='bbox 2125 3024 2214 3055; x_wconf 90' lang='lat' dir='ltr'>dictis</span> <span class='ocrx_word' id='word_1_1105' title='bbox 2238 3025 2273 3060; x_wconf 89' lang='lat'>*,</span> <span class='ocrx_word' id='word_1_1106' title='bbox 2300 3032 2430 3065; x_wconf 89' lang='lat' dir='ltr'>propter</span> 
     </span>
     <span class='ocr_line' id='line_1_141' title="bbox 1366 3067 2429 3107; baseline 0.001 -9"><span class='ocrx_word' id='word_1_1107' title='bbox 1366 3067 1580 3098; x_wconf 89' lang='lat' dir='ltr'>modificatam</span> <span class='ocrx_word' id='word_1_1108' title='bbox 1604 3067 1845 3107; x_wconf 88' lang='lat' dir='ltr'>pertingentiam</span> <span class='ocrx_word' id='word_1_1109' title='bbox 1862 3067 1901 3096; x_wconf 92' lang='lat' dir='ltr'>ad</span> <span class='ocrx_word' id='word_1_1110' title='bbox 1916 3067 2043 3098; x_wconf 83' lang='lat' dir='ltr'>effectus</span> <span class='ocrx_word' id='word_1_1111' title='bbox 2062 3068 2247 3099; x_wconf 86' lang='lat' dir='ltr'>ultimarum</span> <span class='ocrx_word' id='word_1_1112' title='bbox 2262 3079 2429 3100; x_wconf 87' lang='lat' dir='ltr'>causarum</span> 
     </span>
     <span class='ocr_line' id='line_1_142' title="bbox 1367 3111 2428 3153; baseline 0 -10"><span class='ocrx_word' id='word_1_1113' title='bbox 1367 3112 1601 3147; x_wconf 89' lang='lat' dir='ltr'>defectibilium,</span> <span class='ocrx_word' id='word_1_1114' title='bbox 1617 3117 1673 3141; x_wconf 88' lang='lat' dir='ltr'>aut</span> <span class='ocrx_word' id='word_1_1115' title='bbox 1695 3111 1734 3141; x_wconf 91' lang='lat' dir='ltr'>ad</span> <span class='ocrx_word' id='word_1_1116' title='bbox 1751 3111 1945 3142; x_wconf 91' lang='lat' dir='ltr'>utrumlibet.</span> <span class='ocrx_word' id='word_1_1117' title='bbox 1962 3130 1982 3134; x_wconf 92' lang='lat'><em>-</em></span> <span class='ocrx_word' id='word_1_1118' title='bbox 1996 3112 2103 3143; x_wconf 84' lang='lat' dir='ltr'>Potest</span> <span class='ocrx_word' id='word_1_1119' title='bbox 2120 3113 2214 3143; x_wconf 87' lang='lat' dir='ltr'>etiam</span> <span class='ocrx_word' id='word_1_1120' title='bbox 2233 3113 2363 3153; x_wconf 88' lang='lat' dir='ltr'>intelligi</span> <span class='ocrx_word' id='word_1_1121' title='bbox 2384 3113 2428 3144; x_wconf 92' lang='lat' dir='ltr'>di-</span> 
     </span>
     <span class='ocr_line' id='line_1_143' title="bbox 1365 3155 2428 3197; baseline 0.002 -11"><span class='ocrx_word' id='word_1_1122' title='bbox 1365 3157 1438 3187; x_wconf 90' lang='lat' dir='ltr'>vina</span> <span class='ocrx_word' id='word_1_1123' title='bbox 1460 3156 1607 3186; x_wconf 83' lang='lat' dir='ltr'>voluntas</span> <span class='ocrx_word' id='word_1_1124' title='bbox 1631 3155 1782 3191; x_wconf 89' lang='lat' dir='ltr'>absolute,</span> <span class='ocrx_word' id='word_1_1125' title='bbox 1807 3155 1887 3186; x_wconf 87' lang='lat' dir='ltr'>idest</span> <span class='ocrx_word' id='word_1_1126' title='bbox 1910 3155 2055 3197; x_wconf 86' lang='lat' dir='ltr'>efficacia</span> <span class='ocrx_word' id='word_1_1127' title='bbox 2078 3158 2130 3187; x_wconf 90' lang='lat' dir='ltr'>sui</span> <span class='ocrx_word' id='word_1_1128' title='bbox 2153 3158 2241 3188; x_wconf 81' lang='lat' dir='ltr'>velle.</span> <span class='ocrx_word' id='word_1_1129' title='bbox 2267 3157 2308 3187; x_wconf 90' lang='lat' dir='ltr'>Et</span> <span class='ocrx_word' id='word_1_1130' title='bbox 2323 3158 2366 3188; x_wconf 90' lang='lat' dir='ltr'>sic</span> <span class='ocrx_word' id='word_1_1131' title='bbox 2382 3168 2428 3188; x_wconf 88' lang='lat' dir='ltr'>re-</span> 
     </span>
     <span class='ocr_line' id='line_1_144' title="bbox 1366 3199 2428 3241; baseline 0.001 -10"><span class='ocrx_word' id='word_1_1132' title='bbox 1366 3201 1548 3241; x_wconf 89' lang='lat' dir='ltr'>spondetur,</span> <span class='ocrx_word' id='word_1_1133' title='bbox 1571 3209 1644 3230; x_wconf 90' lang='lat' dir='ltr'>cum</span> <span class='ocrx_word' id='word_1_1134' title='bbox 1668 3199 1741 3229; x_wconf 89' lang='lat' dir='ltr'>divo</span> <span class='ocrx_word' id='word_1_1135' title='bbox 1765 3199 1904 3237; x_wconf 90' lang='lat' dir='ltr'>Thoma,</span> <span class='ocrx_word' id='word_1_1136' title='bbox 1919 3199 2120 3231; x_wconf 82' lang='lat' dir='ltr'>affirmative:</span> <span class='ocrx_word' id='word_1_1137' title='bbox 2145 3201 2299 3241; x_wconf 88' lang='lat' dir='ltr'>quoniam</span> <span class='ocrx_word' id='word_1_1138' title='bbox 2324 3201 2428 3232; x_wconf 86' lang='lat' dir='ltr'>divina</span> 
     </span>
     <span class='ocr_line' id='line_1_145' title="bbox 1366 3243 2429 3285; baseline 0.001 -10"><span class='ocrx_word' id='word_1_1139' title='bbox 1366 3246 1512 3275; x_wconf 84' lang='lat' dir='ltr'>voluntas</span> <span class='ocrx_word' id='word_1_1140' title='bbox 1532 3251 1578 3274; x_wconf 92' lang='lat' dir='ltr'>est</span> <span class='ocrx_word' id='word_1_1141' title='bbox 1601 3253 1695 3273; x_wconf 88' lang='lat' dir='ltr'>causa</span> <span class='ocrx_word' id='word_1_1142' title='bbox 1718 3244 1798 3274; x_wconf 87' lang='lat' dir='ltr'>adeo</span> <span class='ocrx_word' id='word_1_1143' title='bbox 1823 3243 1939 3279; x_wconf 85' lang='lat' dir='ltr'>efficax,</span> <span class='ocrx_word' id='word_1_1144' title='bbox 1964 3251 1999 3274; x_wconf 94' lang='lat' dir='ltr'>ut</span> <span class='ocrx_word' id='word_1_1145' title='bbox 2022 3255 2082 3275; x_wconf 90' lang='lat' dir='ltr'>suo</span> <span class='ocrx_word' id='word_1_1146' title='bbox 2106 3245 2239 3285; x_wconf 89' lang='lat' dir='ltr'>imperio</span> <span class='ocrx_word' id='word_1_1147' title='bbox 2264 3245 2375 3277; x_wconf 90' lang='lat' dir='ltr'>efficiat</span> <span class='ocrx_word' id='word_1_1148' title='bbox 2398 3254 2429 3276; x_wconf 88' lang='lat' dir='ltr'>et</span> 
     </span>
     <span class='ocr_line' id='line_1_146' title="bbox 1366 3287 1836 3327; baseline -0.004 -7"><span class='ocrx_word' id='word_1_1149' title='bbox 1366 3288 1537 3320; x_wconf 89' lang='lat' dir='ltr'>necessaria</span> <span class='ocrx_word' id='word_1_1150' title='bbox 1561 3295 1592 3318; x_wconf 89' lang='lat' dir='ltr'>et</span> <span class='ocrx_word' id='word_1_1151' title='bbox 1614 3287 1836 3327; x_wconf 88' lang='lat' dir='ltr'>contingentia.</span> 
     </span>
    </p>

    <p class='ocr_par' dir='ltr' id='par_1_25' title="bbox 1359 3331 2428 3541">
     <span class='ocr_line' id='line_1_147' title="bbox 1421 3331 2428 3373; baseline 0.001 -10"><span class='ocrx_word' id='word_1_1152' title='bbox 1421 3333 1568 3363; x_wconf 86' lang='lat' dir='ltr'>Secunda</span> <span class='ocrx_word' id='word_1_1153' title='bbox 1593 3338 1699 3362; x_wconf 90' lang='lat' dir='ltr'>autem</span> <span class='ocrx_word' id='word_1_1154' title='bbox 1727 3331 1885 3362; x_wconf 88' lang='lat' dir='ltr'>distinctio</span> <span class='ocrx_word' id='word_1_1155' title='bbox 1905 3339 1951 3363; x_wconf 90' lang='lat' dir='ltr'>est</span> <span class='ocrx_word' id='word_1_1156' title='bbox 1965 3333 2003 3363; x_wconf 91' lang='lat' dir='ltr'>de</span> <span class='ocrx_word' id='word_1_1157' title='bbox 2020 3333 2052 3373; x_wconf 88' lang='lat' dir='ltr'>ly</span> <span class='ocrx_word' id='word_1_1158' title='bbox 2060 3334 2170 3372; x_wconf 83' lang='lat' dir='ltr'>prima</span> <span class='ocrx_word' id='word_1_1159' title='bbox 2190 3333 2295 3364; x_wconf 88' lang='lat' dir='ltr'>radix.</span> <span class='ocrx_word' id='word_1_1160' title='bbox 2320 3335 2428 3365; x_wconf 89' lang='lat' dir='ltr'>Potest</span> 
     </span>
     <span class='ocr_line' id='line_1_148' title="bbox 1366 3376 2426 3418; baseline 0.001 -11"><span class='ocrx_word' id='word_1_1161' title='bbox 1366 3378 1451 3408; x_wconf 90' lang='lat' dir='ltr'>enirn</span> <span class='ocrx_word' id='word_1_1162' title='bbox 1474 3376 1604 3416; x_wconf 91' lang='lat' dir='ltr'>intelligi</span> <span class='ocrx_word' id='word_1_1163' title='bbox 1624 3376 1735 3416; x_wconf 88' lang='lat' dir='ltr'>prima,</span> <span class='ocrx_word' id='word_1_1164' title='bbox 1755 3376 1836 3406; x_wconf 91' lang='lat' dir='ltr'>idest</span> <span class='ocrx_word' id='word_1_1165' title='bbox 1845 3378 2001 3417; x_wconf 85' lang='lat' dir='ltr'>propria:</span> <span class='ocrx_word' id='word_1_1166' title='bbox 2025 3384 2055 3407; x_wconf 90' lang='lat' dir='ltr'>et</span> <span class='ocrx_word' id='word_1_1167' title='bbox 2071 3376 2240 3407; x_wconf 89' lang='lat' dir='ltr'>dicendum</span> <span class='ocrx_word' id='word_1_1168' title='bbox 2265 3385 2311 3408; x_wconf 91' lang='lat' dir='ltr'>est</span> <span class='ocrx_word' id='word_1_1169' title='bbox 2333 3388 2426 3418; x_wconf 85' lang='lat' dir='ltr'>nega-</span> 
     </span>
     <span class='ocr_line' id='line_1_149' title="bbox 1365 3418 2427 3462; baseline 0.001 -10"><span class='ocrx_word' id='word_1_1170' title='bbox 1365 3422 1436 3458; x_wconf 88' lang='lat' dir='ltr'>tive,</span> <span class='ocrx_word' id='word_1_1171' title='bbox 1455 3428 1490 3452; x_wconf 94' lang='lat' dir='ltr'>ut</span> <span class='ocrx_word' id='word_1_1172' title='bbox 1504 3427 1588 3461; x_wconf 89' lang='lat' dir='ltr'>patet</span> <span class='ocrx_word' id='word_1_1173' title='bbox 1604 3430 1640 3450; x_wconf 91' lang='lat' dir='ltr'>ex</span> <span class='ocrx_word' id='word_1_1174' title='bbox 1656 3420 1746 3450; x_wconf 92' lang='lat' dir='ltr'>dictis</span> <span class='ocrx_word' id='word_1_1175' title='bbox 1761 3418 1786 3450; x_wconf 88' lang='lat'>*.</span> <span class='ocrx_word' id='word_1_1176' title='bbox 1807 3421 1914 3451; x_wconf 91' lang='lat' dir='ltr'>Potest</span> <span class='ocrx_word' id='word_1_1177' title='bbox 1928 3431 2058 3461; x_wconf 90' lang='lat' dir='ltr'>quoque</span> <span class='ocrx_word' id='word_1_1178' title='bbox 2074 3420 2203 3461; x_wconf 90' lang='lat' dir='ltr'>intelligi</span> <span class='ocrx_word' id='word_1_1179' title='bbox 2220 3422 2331 3462; x_wconf 90' lang='lat' dir='ltr'>prima,</span> <span class='ocrx_word' id='word_1_1180' title='bbox 2347 3423 2427 3453; x_wconf 90' lang='lat' dir='ltr'>idest</span> 
     </span>
     <span class='ocr_line' id='line_1_150' title="bbox 1359 3465 2426 3507; baseline 0.001 -11"><span class='ocrx_word' id='word_1_1181' title='bbox 1359 3466 1552 3507; x_wconf 82' lang='lat' dir='ltr'>principalis</span> <span class='ocrx_word' id='word_1_1182' title='bbox 1575 3470 1605 3495; x_wconf 85' lang='lat' dir='ltr'>et</span> <span class='ocrx_word' id='word_1_1183' title='bbox 1620 3465 1804 3504; x_wconf 80' lang='lat' dir='ltr'>primaria:</span> <span class='ocrx_word' id='word_1_1184' title='bbox 1827 3472 1857 3495; x_wconf 91' lang='lat' dir='ltr'>et</span> <span class='ocrx_word' id='word_1_1185' title='bbox 1880 3465 1923 3495; x_wconf 93' lang='lat' dir='ltr'>sic</span> <span class='ocrx_word' id='word_1_1186' title='bbox 1947 3472 2032 3505; x_wconf 89' lang='lat' dir='ltr'>patet</span> <span class='ocrx_word' id='word_1_1187' title='bbox 2055 3465 2144 3505; x_wconf 92' lang='lat' dir='ltr'>quod</span> <span class='ocrx_word' id='word_1_1188' title='bbox 2167 3467 2426 3506; x_wconf 87' lang='lat' dir='ltr'>respondendum</span> 
     </span>
     <span class='ocr_line' id='line_1_151' title="bbox 1365 3509 1622 3541; baseline -0.004 -1"><span class='ocrx_word' id='word_1_1189' title='bbox 1365 3518 1411 3541; x_wconf 91' lang='lat' dir='ltr'>est</span> <span class='ocrx_word' id='word_1_1190' title='bbox 1430 3509 1622 3540; x_wconf 89' lang='lat' dir='ltr'>affirmative.</span> 
     </span>
    </p>

    <p class='ocr_par' dir='ltr' id='par_1_26' title="bbox 1364 3552 2426 3629">
     <span class='ocr_line' id='line_1_152' title="bbox 1422 3552 2426 3596; baseline 0.001 -12"><span class='ocrx_word' id='word_1_1191' title='bbox 1422 3554 1533 3584; x_wconf 89' lang='lat' dir='ltr'>XXVI.</span> <span class='ocrx_word' id='word_1_1192' title='bbox 1550 3554 1596 3583; x_wconf 86' lang='lat' dir='ltr'>Ex</span> <span class='ocrx_word' id='word_1_1193' title='bbox 1615 3552 1663 3582; x_wconf 91' lang='lat' dir='ltr'>his</span> <span class='ocrx_word' id='word_1_1194' title='bbox 1679 3560 1786 3584; x_wconf 89' lang='lat' dir='ltr'>autem</span> <span class='ocrx_word' id='word_1_1195' title='bbox 1810 3560 1895 3593; x_wconf 87' lang='lat' dir='ltr'>patet</span> <span class='ocrx_word' id='word_1_1196' title='bbox 1922 3553 1997 3594; x_wconf 90' lang='lat' dir='ltr'>quid</span> <span class='ocrx_word' id='word_1_1197' title='bbox 2022 3553 2061 3583; x_wconf 90' lang='lat' dir='ltr'>ad</span> <span class='ocrx_word' id='word_1_1198' title='bbox 2084 3554 2206 3584; x_wconf 88' lang='lat' dir='ltr'>tertiam</span> <span class='ocrx_word' id='word_1_1199' title='bbox 2232 3561 2263 3585; x_wconf 93' lang='lat' dir='ltr'>et</span> <span class='ocrx_word' id='word_1_1200' title='bbox 2281 3562 2426 3596; x_wconf 86' lang='lat' dir='ltr'>quartam</span> 
     </span>
     <span class='ocr_line' id='line_1_153' title="bbox 1364 3597 2426 3629; baseline 0.001 -1"><span class='ocrx_word' id='word_1_1201' title='bbox 1364 3598 1575 3628; x_wconf 89' lang='lat' dir='ltr'>obiectionem</span> <span class='ocrx_word' id='word_1_1202' title='bbox 1599 3597 1683 3627; x_wconf 90' lang='lat' dir='ltr'>Scoti</span> <span class='ocrx_word' id='word_1_1203' title='bbox 1702 3597 1719 3616; x_wconf 85' lang='lat'><strong>*</strong></span> <span class='ocrx_word' id='word_1_1204' title='bbox 1742 3597 1911 3627; x_wconf 91' lang='lat' dir='ltr'>dicendum</span> <span class='ocrx_word' id='word_1_1205' title='bbox 1935 3605 1989 3628; x_wconf 91' lang='lat' dir='ltr'>est.</span> <span class='ocrx_word' id='word_1_1206' title='bbox 2022 3597 2236 3629; x_wconf 91' lang='lat' dir='ltr'>Concedendo</span> <span class='ocrx_word' id='word_1_1207' title='bbox 2266 3600 2350 3629; x_wconf 91' lang='lat' dir='ltr'>enim</span> <span class='ocrx_word' id='word_1_1208' title='bbox 2380 3610 2426 3629; x_wconf 90' lang='lat' dir='ltr'>as-</span> 
     </span>
    </p>
   </div>
   <div class='ocr_carea' id='block_1_18' title="bbox 2468 469 2640 498">
    <p class='ocr_par' dir='ltr' id='par_1_27' title="bbox 2468 469 2640 498">
     <span class='ocr_line' id='line_1_154' title="bbox 2468 469 2640 498; baseline 0.017 -8"><span class='ocrx_word' id='word_1_1209' title='bbox 2468 471 2476 479; x_wconf 87' lang='lat'><strong>·</strong></span> <span class='ocrx_word' id='word_1_1210' title='bbox 2492 469 2547 498; x_wconf 86' lang='lat' dir='ltr'>Sap.</span> <span class='ocrx_word' id='word_1_1211' title='bbox 2557 476 2607 497; x_wconf 84' lang='lat' dir='ltr'>vm,</span> <span class='ocrx_word' id='word_1_1212' title='bbox 2623 477 2640 493; x_wconf 83' lang='grc' dir='ltr'>ι.</span> 
     </span>
    </p>
   </div>
   <div class='ocr_carea' id='block_1_19' title="bbox 2463 1349 2661 1398">
    <p class='ocr_par' dir='ltr' id='par_1_28' title="bbox 2463 1349 2661 1398">
     <span class='ocr_line' id='line_1_155' title="bbox 2463 1349 2661 1375; baseline 0.01 -5"><span class='ocrx_word' id='word_1_1213' title='bbox 2463 1350 2472 1359; x_wconf 79' lang='grc'><em>·</em></span> <span class='ocrx_word' id='word_1_1214' title='bbox 2488 1349 2523 1371; x_wconf 80' lang='lat' dir='ltr'>Cf.</span> <span class='ocrx_word' id='word_1_1215' title='bbox 2538 1355 2603 1372; x_wconf 87' lang='lat' dir='ltr'>num.</span> <span class='ocrx_word' id='word_1_1216' title='bbox 2618 1356 2661 1375; x_wconf 86' lang='lat' dir='ltr'>xx,</span> 
     </span>
     <span class='ocr_line' id='line_1_156' title="bbox 2464 1376 2516 1398; baseline -0.019 -1"><span class='ocrx_word' id='word_1_1217' title='bbox 2464 1376 2516 1398; x_wconf 83' lang='lat' dir='ltr'>fine.</span> 
     </span>
    </p>
   </div>
   <div class='ocr_carea' id='block_1_20' title="bbox 2465 1701 2573 1730">
    <p class='ocr_par' dir='ltr' id='par_1_29' title="bbox 2465 1701 2573 1730">
     <span class='ocr_line' id='line_1_157' title="bbox 2465 1701 2573 1730; baseline 0 -8"><span class='ocrx_word' id='word_1_1218' title='bbox 2465 1701 2474 1710; x_wconf 89' lang='lat'>&#39;¹</span> <span class='ocrx_word' id='word_1_1219' title='bbox 2488 1701 2573 1730; x_wconf 82' lang='lat' dir='ltr'>Art.5.</span> 
     </span>
    </p>
   </div>
   <div class='ocr_carea' id='block_1_21' title="bbox 2460 2362 2671 2417">
    <p class='ocr_par' dir='ltr' id='par_1_30' title="bbox 2460 2362 2671 2417">
     <span class='ocr_line' id='line_1_158' title="bbox 2460 2362 2671 2411; baseline 0 -28"><span class='ocrx_word' id='word_1_1220' title='bbox 2460 2363 2471 2373; x_wconf 70' lang='lat'><strong>⁶</strong></span> <span class='ocrx_word' id='word_1_1221' title='bbox 2486 2364 2599 2411; x_wconf 61' lang='lat' dir='ltr'>egeratur</span> <span class='ocrx_word' id='word_1_1222' title='bbox 2618 2362 2671 2383; x_wconf 82' lang='lat' dir='ltr'>edd.</span> 
     </span>
     <span class='ocr_line' id='line_1_159' title="bbox 2460 2395 2592 2417; baseline 0 -7"><span class='ocrx_word' id='word_1_1223' title='bbox 2460 2395 2497 2416; x_wconf 83' lang='lat'>150</span> <span class='ocrx_word' id='word_1_1224' title='bbox 2515 2405 2521 2416; x_wconf 87' lang='lat'>,</span> <span class='ocrx_word' id='word_1_1225' title='bbox 2537 2395 2592 2417; x_wconf 83' lang='lat'>¹5¹4-</span> 
     </span>
    </p>
   </div>
   <div class='ocr_carea' id='block_1_22' title="bbox 2459 2497 2654 2525">
    <p class='ocr_par' dir='ltr' id='par_1_31' title="bbox 2459 2497 2654 2525">
     <span class='ocr_line' id='line_1_160' title="bbox 2459 2497 2654 2525; baseline 0.005 -6"><span class='ocrx_word' id='word_1_1226' title='bbox 2459 2499 2467 2507; x_wconf 84' lang='lat'>·</span> <span class='ocrx_word' id='word_1_1227' title='bbox 2484 2497 2520 2520; x_wconf 80' lang='lat' dir='ltr'>Cf.</span> <span class='ocrx_word' id='word_1_1228' title='bbox 2530 2504 2594 2520; x_wconf 89' lang='lat' dir='ltr'>num.</span> <span class='ocrx_word' id='word_1_1229' title='bbox 2605 2504 2654 2525; x_wconf 78' lang='lat' dir='ltr'>xxi,</span> 
     </span>
    </p>
   </div>
   <div class='ocr_carea' id='block_1_23' title="bbox 2454 3034 2665 3061">
    <p class='ocr_par' dir='ltr' id='par_1_32' title="bbox 2454 3034 2665 3061">
     <span class='ocr_line' id='line_1_161' title="bbox 2454 3034 2665 3061; baseline 0 -5"><span class='ocrx_word' id='word_1_1230' title='bbox 2454 3034 2665 3061; x_wconf 77' lang='lat' dir='ltr'>⁸Num.xxu,xx1n.</span> 
     </span>
    </p>
   </div>
   <div class='ocr_carea' id='block_1_24' title="bbox 2454 3431 2536 3453">
    <p class='ocr_par' dir='ltr' id='par_1_33' title="bbox 2454 3431 2536 3453">
     <span class='ocr_line' id='line_1_162' title="bbox 2454 3431 2536 3453; baseline 0.012 -1"><span class='ocrx_word' id='word_1_1231' title='bbox 2454 3433 2462 3440; x_wconf 86' lang='grc'>·</span> <span class='ocrx_word' id='word_1_1232' title='bbox 2478 3431 2536 3453; x_wconf 82' lang='lat' dir='ltr'>Ibid.</span> 
     </span>
    </p>
   </div>
   <div class='ocr_carea' id='block_1_25' title="bbox 2453 3608 2659 3632">
    <p class='ocr_par' dir='ltr' id='par_1_34' title="bbox 2453 3608 2659 3632">
     <span class='ocr_line' id='line_1_163' title="bbox 2453 3608 2659 3632; baseline 0.01 -2"><span class='ocrx_word' id='word_1_1233' title='bbox 2453 3609 2463 3617; x_wconf 70' lang='lat'><strong>⁴</strong></span> <span class='ocrx_word' id='word_1_1234' title='bbox 2479 3608 2512 3630; x_wconf 89' lang='lat' dir='ltr'>Cf.</span> <span class='ocrx_word' id='word_1_1235' title='bbox 2529 3614 2591 3630; x_wconf 90' lang='lat' dir='ltr'>num.</span> <span class='ocrx_word' id='word_1_1236' title='bbox 2608 3615 2659 3632; x_wconf 87' lang='lat' dir='ltr'>x1x.</span> 
     </span>
    </p>
   </div>
   <div class='ocr_carea' id='block_1_26' title="bbox 243 3635 2574 3684">
    <p class='ocr_par' dir='ltr' id='par_1_35' title="bbox 243 3635 2574 3684">
     <span class='ocr_line' id='line_1_164' title="bbox 243 3635 2574 3684; baseline 0.001 -12"><span class='ocrx_word' id='word_1_1237' title='bbox 243 3642 343 3672; x_wconf 91' lang='lat' dir='ltr'>modo</span> <span class='ocrx_word' id='word_1_1238' title='bbox 358 3642 504 3673; x_wconf 89' lang='lat' dir='ltr'>sustineri</span> <span class='ocrx_word' id='word_1_1239' title='bbox 523 3651 589 3672; x_wconf 92' lang='lat' dir='ltr'>non</span> <span class='ocrx_word' id='word_1_1240' title='bbox 606 3648 711 3681; x_wconf 89' lang='lat' dir='ltr'>potest</span> <span class='ocrx_word' id='word_1_1241' title='bbox 725 3641 806 3672; x_wconf 86' lang='lat' dir='ltr'>dicta</span> <span class='ocrx_word' id='word_1_1242' title='bbox 821 3643 1009 3682; x_wconf 89' lang='lat' dir='ltr'>propositio.</span> <span class='ocrx_word' id='word_1_1243' title='bbox 1032 3643 1195 3680; x_wconf 88' lang='lat' dir='ltr'>Quoniam</span> <span class='ocrx_word' id='word_1_1244' title='bbox 1216 3654 1308 3674; x_wconf 88' lang='lat' dir='ltr'>causa</span> <span class='ocrx_word' id='word_1_1245' title='bbox 1363 3649 1499 3682; x_wconf 87' lang='lat' dir='ltr'>sumpta,</span> <span class='ocrx_word' id='word_1_1246' title='bbox 1525 3641 1637 3672; x_wconf 88' lang='lat' dir='ltr'>dicitur</span> <span class='ocrx_word' id='word_1_1247' title='bbox 1660 3642 1749 3682; x_wconf 91' lang='lat' dir='ltr'>quod</span> <span class='ocrx_word' id='word_1_1248' title='bbox 1772 3641 1825 3671; x_wconf 91' lang='lat' dir='ltr'>illa</span> <span class='ocrx_word' id='word_1_1249' title='bbox 1844 3648 1947 3672; x_wconf 90' lang='lat' dir='ltr'>essent</span> <span class='ocrx_word' id='word_1_1250' title='bbox 1971 3642 2183 3682; x_wconf 87' lang='lat' dir='ltr'>contingentia</span> <span class='ocrx_word' id='word_1_1251' title='bbox 2208 3651 2338 3684; x_wconf 91' lang='lat' dir='ltr'>propter</span> <span class='ocrx_word' id='word_1_1252' title='bbox 2362 3643 2425 3674; x_wconf 90' lang='lat' dir='ltr'>effi·</span> <span class='ocrx_word' id='word_1_1253' title='bbox 2453 3641 2508 3656; x_wconf 62' lang='lat'><strong>“¹¹¹</strong></span> <span class='ocrx_word' id='word_1_1254' title='bbox 2523 3635 2574 3656; x_wconf 62' lang='lat'>⁶¹¹⁰·</span> 
     </span>
    </p>
   </div>
  </div>
 </body>
</html>
