2768 4178
0 2751 2 2754 ’
39 2755 50 2765 ·
64 2753 117 2776 Lib.
137 2746 196 2780 vu,
214 2758 255 2774 flu-

0 3151 7 3186 ἕ

0 3190 9 3333 ἓ

0 3334 9 3355 ‚5

0 3364 5 3382 l

0 3414 10 3470 'l

957 233 1225 280 QUAESTIO
1255 233 1356 280 XIV,
1384 233 1682 270 ARTICULUS
1711 234 1796 270 VIII

334 314 562 351 RespoNosso
590 325 775 351 mei-:noum
813 312 919 361 quod
951 311 990 348 in
1028 311 1184 348 scientia
1221 310 1351 348 divina

281 367 406 404 nullus
436 374 492 404 est
520 366 723 404 discursus.
754 366 872 413 Quod
905 365 959 401 sic
986 372 1101 413 patet.
1130 365 1173 401 In
1197 363 1351 401 scientia

139 432 150 449 ε
283 419 385 457 6111111
413 428 542 458 nostra
571 420 712 469 duplex
738 425 749 439 ¹
779 426 834 455 est
853 418 1058 455 discursus.
1080 418 1189 455 Unus
1218 430 1351 454 secun-

283 473 378 511 dum
407 473 690 511 successionem
715 479 880 509 tantum:
901 470 997 508 sicut
1024 483 1126 518 cum,
1146 478 1352 520 postquam

282 527 524 575 intelligimus
553 525 695 575 aliquid
722 525 761 562 in
789 532 887 571 actu,
913 524 1174 561 convertimus
1201 535 1274 560 nos
1303 524 1352 561 ad

282 580 569 629 intelligendum
588 578 703 616 aliud.
724 577 832 614 Alius
852 577 1043 615 discursus
1064 585 1120 614 est
1138 577 1352 614 secundum

284 633 561 671 causalitatem:
581 632 677 669 sicut
696 643 784 668 cum
804 643 873 679 per
895 630 1080 679 principia
1099 630 1348 679 pervenimus

283 686 322 724 in
350 686 608 735 cognitionem
637 684 940 721 conclusionum.
962 684 1115 720 Primus
1139 691 1269 720 autem
1299 684 1352 721 di-

283 752 436 776 scursus
464 740 549 776 Deo
579 737 787 775 convenire
815 750 894 774 non
922 745 1057 786 potest.
1085 738 1207 774 Multa
1235 737 1350 784 enirn,

284 804 382 841 quae
411 791 626 829 successive
645 790 887 839 intelligimus
906 791 937 828 si
957 791 1264 839 unumquodque
1285 804 1349 828 eo-

283 857 369 882 rum
398 845 438 882 in
465 846 592 894 seipso
622 844 893 892 consideretur,
919 844 1052 881 omnia
1079 845 1191 881 simul
1218 844 1351 881 intelli-

283 898 408 947 gimus
436 899 467 936 si
495 899 534 936 in
563 898 690 947 aliquo
720 910 798 935 uno
829 910 874 935 ea
901 897 1173 946 intelligamus:
1202 906 1294 946 puta
1322 898 1352 934 si

281 959 409 1001 partes
437 952 689 1000 intelligamus
711 951 750 988 in
769 959 861 999 toto,
882 952 944 988 vel
973 951 1004 988 si
1025 951 1194 988 diversas
1218 963 1278 988 res
1296 951 1352 988 vi-

283 1005 443 1043 deamus
472 1006 510 1043 in
538 1006 707 1054 speculo.
732 1006 838 1042 Deus
867 1013 995 1042 autem
1025 1004 1156 1041 omnia
1182 1004 1287 1041 videt
1314 1004 1353 1041 in

282 1071 376 1107 uno,
396 1060 504 1108 quod
523 1067 580 1096 est
598 1058 691 1108 ipse,
711 1066 754 1095 ut
771 1058 945 1095 habiturn
966 1066 1021 1095 est
1039 1058 1070 1094 *.
1096 1058 1207 1095 Unde
1228 1057 1352 1105 simul,

284 1119 320 1149 et
348 1125 428 1150 non
456 1112 672 1150 successive
701 1111 833 1149 omnia
857 1111 972 1149 videt.
994 1131 1018 1139 -
1040 1110 1220 1148 Similiter
1240 1110 1353 1147 etiam

284 1173 321 1202 et
348 1166 540 1203 secundus
569 1165 761 1203 discursus
794 1166 880 1202 Deo
919 1171 1138 1213 competere
1177 1176 1255 1200 non
1283 1176 1353 1212 po-

282 1226 365 1257 test.
380 1219 515 1265 Primo
531 1219 702 1268 quidem,
723 1218 814 1267 quia
828 1218 1021 1255 secundus
1037 1217 1229 1254 discursus
1244 1229 1353 1265 prae-

283 1272 465 1322 supponit
481 1273 672 1322 primum:
700 1271 955 1321 procedentes
979 1269 1082 1307 enim
1112 1282 1134 1306 a
1161 1269 1354 1318 principiis

283 1325 333 1363 ad
352 1326 628 1373 conclusiones,
645 1337 724 1362 non
744 1324 857 1362 simul
875 1331 1083 1371 utrumque
1099 1322 1352 1360 considerant.

282 1379 450 1424 Deinde,
480 1379 570 1428 quia
608 1379 798 1416 discursus
826 1377 908 1414 talis
946 1385 1003 1413 est
1035 1376 1277 1425 procedentis
1306 1376 1354 1413 de

336 1493 359 1526 ε)
378 1493 491 1526 duplex.
507 1507 527 1512 -
545 1492 690 1524 multiplex
707 1492 751 1517 sF.

333 1527 361 1562 ζ)
383 1529 532 1554 Terminus.
550 1542 570 1547 -
590 1528 697 1553 Tertius
720 1527 846 1553 BEFGab
871 1532 896 1552 et
919 1535 1010 1560 margo
1033 1528 1064 1552 D.
1082 1541 1102 1547 -
1120 1527 1171 1552 Pro
1194 1528 1353 1558 secundum,

281 1564 391 1590 tensum
410 1565 440 1589 B.
457 1577 477 1583 -
495 1564 546 1588 Pro
565 1564 591 1588 in
611 1570 715 1593 causas,
735 1564 762 1589 in
781 1563 869 1589 causis
888 1563 982 1588 CFGa.

2400 249 2471 284 179

1406 320 1499 348 noto
1529 312 1578 349 ad
1615 313 1800 360 ignotum.
1831 314 1942 351 Unde
1980 315 2224 352 manifestum
2259 323 2314 352 est
2346 315 2471 364 quod,

1407 365 1562 414 quando
1593 366 1834 414 cognoscitur
1851 367 2032 416 primum,
2054 369 2180 406 adhuc
2203 368 2397 417 ignoratur
2415 381 2472 405 se-

1408 419 1590 456 cundum.
1618 420 1667 456 Et
1704 419 1757 456 sic
1795 420 2007 457 secundum
2046 434 2125 458 non
2159 422 2399 470 cognoscitur
2435 421 2474 458 in

1406 472 1551 520 primo,
1581 472 1650 517 sed
1679 485 1725 509 ex
1748 473 1887 521 primo.
1909 474 2115 512 Terminus
2135 474 2149 501 t
2167 487 2261 512 vero
2283 475 2473 512 discursus

1407 533 1474 572 est,
1496 525 1651 574 quando
1672 525 1885 563 secundum
1903 526 2054 564 videtur
2082 528 2120 565 in
2140 528 2278 576 primo,
2299 528 2472 572 resolutis

1408 578 1604 615 effectibus
1619 579 1658 616 in
1674 592 1823 616 causas:
1842 587 1878 616 et
1893 587 1982 617 tunc
1998 589 2119 618 cessat
2134 581 2335 618 discursus.
2348 581 2472 629 Unde,

1409 644 1497 668 cum
1526 633 1633 669 Deus
1653 632 1811 669 effectus
1839 645 1930 669 suos
1958 633 1997 670 in
2016 634 2141 682 seipso
2170 634 2298 671 videat
2322 635 2417 672 sicut
2435 634 2474 671 in

1408 698 1535 733 causa,
1557 685 1637 722 eius
1667 686 1830 734 cognitio
1859 699 1937 723 non
1968 695 2023 723 est
2051 687 2271 724 discursiva.

1460 741 1519 775 AD
1548 751 1685 776 PR1MUM
1714 751 1812 776 ERGO
1841 751 2026 776 mCENDUM
2046 741 2163 788 quod,
2184 740 2270 777 licet
2288 741 2334 778 sit
2351 753 2474 778 unum

1406 799 1555 829 tantum
1574 792 1780 840 intelligere
1794 792 1834 829 in
1849 792 1987 841 seipso,
2009 801 2138 830 tamen
2159 794 2338 842 contingit
2357 796 2475 831 multa

1407 845 1611 893 intelligere
1639 846 1678 883 in
1705 845 1835 893 aliquo
1865 851 1881 868 ἢ
1908 858 2000 893 uno,
2029 854 2070 883 ut
2099 847 2241 884 dictum
2271 855 2326 884 est
2348 847 2379 884 ²¹².
2406 853 2409 857 '

1461 901 1520 935 An
1549 911 1740 936 SECUNDUM
1767 911 1952 936 D1CENDUM
1981 900 2086 947 quod
2106 901 2212 936 Deus
2236 913 2315 937 non
2335 913 2475 948 cogno-

1407 951 1475 989 scit
1502 964 1572 1001 per
1601 964 1761 989 causam?
1785 952 1893 1000 quasi
1911 950 1924 973 ⁰
1952 953 2056 1001 prius
2086 953 2290 1001 cognitam,
2318 953 2474 991 effectus

1407 1005 1642 1053 incognitos:
1664 1005 1732 1042 sed
1753 1018 1819 1042 eos
1840 1006 2034 1053 cognoscit
2054 1006 2092 1043 in
2113 1019 2237 1043 causa.
2263 1007 2374 1044 Unde
2396 1007 2475 1044 eius

1408 1058 1574 1106 cognitio
1604 1066 1660 1095 est
1688 1059 1770 1095 sine
1799 1059 1989 1106 discursu,
2019 1067 2060 1096 ut
2088 1060 2231 1097 dictum
2262 1067 2317 1097 est
2334 1059 2366 1097 ²⁸.

1462 1113 1521 1148 AD
1550 1123 1710 1149 τερα-11111
1738 1124 1923 1149 DlCENDUM
1952 1113 2059 1160 quod
2088 1113 2245 1150 effectus
2274 1125 2475 1150 causarum

1410 1172 1622 1201 creatarum
1650 1165 1757 1202 videt
1794 1166 1952 1213 quidem
1988 1167 2093 1203 Deus
2126 1166 2164 1203 in
2202 1166 2291 1215 ipsis
2331 1167 2473 1213 causis,

1410 1218 1529 1254 multo
1567 1218 1702 1255 melius
1740 1230 1857 1266 quam
1886 1231 1977 1255 nos:
2008 1232 2087 1256 non
2124 1227 2251 1256 tamen
2288 1220 2338 1256 ita
2371 1220 2475 1269 quod

1410 1270 1574 1318 cognitio
1605 1271 1811 1307 effectuum
1831 1279 2007 1308 causetur
2033 1272 2070 1309 in
2090 1273 2174 1321 ipso
2196 1285 2241 1309 ex
2262 1273 2475 1320 cognitione

1410 1335 1611 1360 causarum
1643 1331 1875 1371 creatarum,
1906 1324 2000 1361 sicut
2028 1325 2066 1362 in
2095 1325 2218 1362 nobis.
2248 1326 2359 1363 Unde
2397 1327 2475 1363 eius

1409 1377 1564 1414 scientia
1592 1389 1671 1413 non
1701 1385 1756 1414 est
1785 1377 2004 1415 discursiva.

1462 1492 1488 1524 η)
1508 1493 1606 1525 aliquo.
1624 1506 1643 1511 —
1662 1492 1724 1517 Om.
1744 1492 1845 1517 codices
1865 1498 1890 1517 et
1908 1493 1956 1517 ab.

1452 1525 1487 1569 .⁰)
1506 1528 1592 1588 qgasi.
1609 1541 1628 1547 ·-
1647 1527 1778 1553 Omittunt
1801 1527 1854 1552 BD.
1873 1541 1891 1547 -
1910 1528 1961 1552 Pro
1985 1527 2091 1561 effectus
2117 1528 2278 1561 incognitos,
2304 1528 2410 1562 effectus
2434 1535 2477 1554 co-

1408 1567 1499 1596 gnitos
1540 1582 1546 1589 .

967 1651 1300 1684 Commentaria
1322 1651 1572 1684 cardinalis
1595 1651 1795 1684 Caietani

341 1751 450 1772 nunus
481 1741 582 1772 clarus
613 1748 660 1772 est
688 1741 722 1771 in
752 1741 909 1782 principio
940 1741 1091 1782 corporis.
1117 1758 1136 1764 -
1161 1741 1196 1771 In
1220 1750 1353 1782 corpore

282 1753 407 1818 Tuna
438 1786 616 1822 conclusio,
644 1785 829 1827 responsiva
859 1785 1004 1826 quaesito
1031 1785 1192 1826 negative:
1219 1785 1354 1816 Scientia

280 1830 341 1862 Dei
364 1831 455 1861 nullo
479 1830 579 1861 modo
603 1836 650 1861 est
673 1829 854 1860 discursiva.
871 1847 891 1852 -
907 1830 1074 1861 Probatur.
1099 1830 1134 1860 In
1150 1830 1278 1860 scientia
1293 1830 1352 1872 Dei

280 1885 349 1906 non
372 1882 419 1906 est
441 1874 602 1905 discursus
625 1874 803 1905 secundum
827 1874 1080 1910 successionem,
1110 1884 1214 1915 neque
1241 1884 1351 1904 secun-

281 1919 362 1950 dum
385 1919 617 1957 causalitatem:
643 1928 718 1958 ergo
741 1918 833 1948 nullo
852 1918 952 1949 modo
977 1925 1023 1949 est
1041 1918 1209 1949 discursus.

339 1963 576 2004 Consequentia
595 1963 748 2004 probatur
770 1973 807 1993 ex
823 1961 988 1993 sufficienti
1013 1962 1214 1994 distinctione
1233 1962 1352 1993 discur-

282 2018 346 2044 sus,
363 2017 446 2048 quae
468 2007 501 2037 in
525 2007 617 2037 nobis
640 2007 860 2038 manifestatur
878 2007 968 2038 clare.
985 2024 1004 2030 -
1020 2007 1219 2038 Antecedens
1235 2013 1352 2043 autern,

281 2052 391 2093 quoad
409 2052 547 2093 primam
561 2058 693 2092 partem,
711 2051 873 2092 probatur.
891 2051 1059 2082 Discursus
1082 2051 1259 2082 secundum
1283 2061 1352 2082 suc-

282 2096 469 2132 cessionem,
494 2095 637 2127 consistit
659 2095 692 2126 in
716 2096 922 2136 intelligendo
947 2105 1050 2126 unum
1073 2103 1147 2136 post
1171 2095 1273 2126 aliud:
1298 2095 1353 2126 sed

281 2141 368 2172 Deus
383 2140 493 2170 omnia
508 2140 593 2171 videt
615 2139 648 2170 in
672 2149 749 2176 uno,
769 2141 859 2180 quod
879 2146 925 2170 est
947 2139 1030 2180 ipse:
1056 2149 1131 2180 ergo
1152 2149 1218 2170 non
1234 2139 1352 2170 discur-

281 2185 330 2222 rit,
354 2184 561 2226 intelligendo
586 2194 689 2214 unum
706 2191 780 2223 post
794 2183 891 2214 aliud.
908 2201 927 2206 —
942 2184 1060 2221 Quoad
1077 2184 1250 2214 secundam
1264 2193 1350 2219 vero,

1407 1741 1561 1782 probatur
1576 1741 1751 1782 dupliciter.
1769 1741 1887 1778 Primo,
1903 1741 1978 1782 quia
1995 1741 2154 1772 discursus
2171 1742 2328 1772 secundus
2343 1742 2477 1773 includit

1407 1785 1558 1827 primurn.
1584 1785 1742 1821 Secundo,
1767 1786 1843 1826 quia
1865 1786 2022 1817 secundus
2039 1792 2085 1816 est
2097 1784 2139 1816 ¹de
2160 1793 2238 1816 noto
2258 1786 2297 1816 ad
2316 1786 2473 1826 ignotum,

1408 1837 1439 1861 et
1462 1837 1692 1871 consequenter
1722 1836 1769 1860 est
1791 1830 1902 1861 notitia
1933 1831 2062 1861 secundi
2092 1840 2128 1860 ex
2151 1830 2271 1871 primo,
2302 1837 2332 1861 et
2354 1841 2419 1861 non
2443 1831 2475 1861 in

1407 1874 1522 1915 primo.
1555 1874 1617 1905 Sed
1647 1875 1735 1905 Deus
1765 1875 1926 1914 cognoscit
1958 1874 2067 1905 omnia
2095 1874 2128 1904 in
2151 1874 2266 1915 primo.
2295 1875 2380 1915 Ergo
2408 1885 2473 1906 non

1408 1918 1569 1955 discurrit,
1601 1919 1656 1948 sed
1684 1918 1812 1949 scientia
1843 1929 1900 1949 sua
1931 1926 1977 1949 est
2009 1919 2089 1949 sicut
2118 1918 2245 1949 scientia
2274 1919 2307 1949 in
2338 1919 2474 1950 termino

1407 1962 1577 1994 discursus.
1594 1963 1640 1993 Ea
1656 1962 1751 1998 enim,
1772 1963 1918 1994 resolutis
1941 1963 2005 1993 iarn
2029 1962 2188 1993 effectibus
2203 1962 2236 1993 in
2253 1973 2371 1999 causas,
2389 1964 2475 1994 videt

1407 2006 1534 2038 effectus
1557 2007 1590 2037 in
1615 2007 1732 2038 causis:
1758 2006 1801 2037 sic
1824 2007 2112 2048 proportionaliter,
2137 2007 2256 2048 absque
2279 2007 2405 2048 praevia
2427 2014 2473 2038 ta-

1406 2061 1481 2082 men
1509 2051 1719 2087 resolutione,
1746 2051 1833 2082 Deus
1857 2052 1966 2082 omnia
1989 2052 2021 2082 in
2046 2051 2168 2091 seipse,
2193 2052 2341 2082 omniurn
2365 2062 2472 2088 causa,

1406 2095 1500 2126 videt.
1516 2113 1536 2118 -
1552 2096 1592 2127 Et
1608 2103 1770 2126 memento
1787 2096 1837 2126 hic
1854 2096 2006 2136 corrigere
2026 2095 2177 2131 codicem,
2195 2096 2220 2126 si
2235 2096 2298 2126 hoc
2321 2097 2420 2126 modo
2440 2107 2473 2127 se

1406 2140 1509 2176 habet,
1539 2141 1666 2171 Tertius
1690 2150 1765 2171 vero
1788 2141 1975 2171 discursus:
1997 2140 2089 2171 debet
2106 2140 2191 2170 enim
2213 2139 2284 2180 legi,
2306 2141 2474 2171 Terminus

1408 2193 1483 2214 vero
1507 2184 1673 2215 discursus
1696 2189 1752 2215 est.

1066 2327 1387 2371 ARTICULUS
1418 2328 1693 2370 OCTAVUS

850 2423 1027 2454 UTRUM
1057 2414 1291 2454 SC1ENT1‘A
1321 2423 1402 2453 DEI
1434 2423 1511 2454 811·
1545 2422 1708 2454 CAUSA
1733 2423 1904 2454 RERUM

974 2503 1080 2533 ISent.,
1101 2504 1160 2528 dist.
1173 2510 1276 2532 minu,
1295 2508 1342 2528 art.
1362 2510 1382 2533 1;
1403 2503 1445 2528 De
1461 2502 1550 2532 Ver-it„
1571 2511 1616 2535 qu.
1628 2511 1655 2534 11,
1676 2509 1723 2528 art.
1741 2511 1780 2535 ¹4·

327 2603 379 2623 υ
406 2606 483 2649 μγ(-
498 2597 521 2622 1)
541 2596 715 2622 OCTAVUM
735 2596 788 2621 816
807 2596 1047 2621 PROCEDlTUR.
1068 2584 1228 2621 Videtur
1248 2584 1352 2633 quod

315 2629 361 2656 '¹'
416 2627 468 2686 ’ζέε
499 2637 654 2675 scientia
681 2637 754 2674 Dei
783 2649 862 2674 non
891 2637 937 2674 sit
964 2650 1080 2674 causa
1112 2649 1252 2674 rerum.
1288 2636 1353 2673 Di-

304 2690 338 2738 ἠ’
364 2676 548 2737 *niffen
572 2690 673 2728 enirn
693 2690 890 2738 Origenes,
920 2703 1035 2740 super
1062 2691 1275 2740 Epistolam
1304 2691 1355 2727 ad

307 2738 318 2746 ’”
344 2720 440 2776 (⁷⁶²3)
456 2736 611 2782 Rom.
628 2744 664 2781 *z
686 2756 761 2781 non
775 2750 979 2792 propterea
1000 2744 1145 2793 aliquid
1161 2744 1241 2789 erit,
1263 2743 1352 2792 quia

282 2798 324 2834 id
340 2797 409 2834 scit
438 2797 539 2834 Deus
555 2799 758 2847 futurum;
785 2798 851 2834 sed
877 2798 966 2846 quia
981 2799 1165 2846 futurum
1185 2803 1248 2842 est,
1270 2797 1351 2833 ideo

282 2851 399 2888 scitur
426 2862 450 2886 a
478 2852 561 2888 Deo
590 2856 793 2899 antequam
810 2852 898 2898 fiat.

338 2915 374 2941 2.
403 2904 647 2951 PRAETEREA,
676 2903 802 2953 posita
839 2916 954 2940 causa
989 2903 1143 2952 ponitur
1182 2903 1349 2939 effectus.

285 2957 363 2994 Sed
382 2957 538 2995 scientia
556 2957 629 2995 Dei
658 2965 714 2994 est
742 2963 905 2994 aeterna.
929 2956 969 2994 Si
990 2969 1079 3005 ergo
1104 2956 1260 2994 scientia
1278 2956 1351 2994 Dei

285 3018 340 3047 est
369 3022 484 3048 causa
502 3023 631 3048 rerum
661 3018 885 3058 creatarum,
906 3010 1058 3047 videtur
1077 3010 1183 3059 quod
1208 3017 1351 3047 creatu-

285 3075 349 3100 rae
378 3062 450 3100 sint
477 3064 526 3101 ab
555 3072 722 3101 aeterno,

341 3117 375 3154 3.
396 3117 629 3165 PRAETEREA,
650 3117 778 3154 scibile
800 3124 855 3153 est
872 3116 974 3165 prius
993 3116 1160 3164 scientia,
1191 3123 1227 3153 et
1246 3129 1351 3153 men-

286 3182 374 3207 sura
411 3169 510 3218 eius,
547 3178 589 3207 ut
621 3170 756 3208 dicitur
787 3169 826 3206 in
854 3171 889 3206 X
916 3170 1134 3218 Metaphys.
1159 3169 1180 3191 '¹‘
1209 3171 1284 3207 Sed
1313 3169 1352 3207 id

286 3222 393 3272 quod
408 3230 464 3260 est
477 3223 666 3272 posterius
687 3231 724 3261 et
742 3230 1019 3270 mensuratum,
1035 3235 1114 3260 non
1129 3230 1254 3271 potest
1269 3235 1351 3260 esse

287 3288 412 3313 causa.
442 3277 546 3324 Ergo
580 3273 736 3314 scientia
764 3276 837 3313 Dei
865 3288 945 3313 non
974 3283 1030 3312 est
1059 3288 1172 3313 causa
1210 3288 1350 3313 rerum.

341 3330 415 3366 SED
445 3341 591 3366 CONTRA
618 3342 684 3366 EST
713 3329 818 3380 quod
844 3329 931 3367 dicit
950 3329 1195 3376 Augustinus,
1216 3329 1288 3366 XV
1306 3329 1352 3366 de

135 3395 207 3411 ¹¹¹¹--
221 3389 258 3411 Cf·
290 3384 327 3420 T
322 3383 393 3419 rin.
413 3382 449 3419 *τ
480 3383 674 3419 universas
701 3391 906 3429 creaturas,
928 3388 964 3419 et
979 3382 1189 3430 spirituales
1213 3388 1249 3418 et
1270 3394 1351 3419 cor-

279 3436 446 3485 porales,
477 3447 551 3472 non
581 3436 669 3483 quia
696 3442 792 3484 sunt,
814 3438 895 3474 ideo
916 3436 1020 3473 novit
1035 3437 1158 3480 Deus‚·
1185 3436 1251 3472 sed
1268 3436 1350 3472 ideo

286 3495 383 3535 sunt,
414 3489 502 3537 quia
531 3489 644 3525 novit.

42 2786 84 2810 per
93 2785 146 2808 enp-
155 2785 209 2807 τω,
218 2785 255 2808 30.

45 3184 55 3194 ·
69 3182 95 3205 S.
104 3181 150 3204 Th.
165 3182 217 3204 lect.
231 3187 257 3203 n.

44 3221 57 3227 -
70 3208 125 3231 Did.
145 3208 189 3230 lib.
210 3207 256 3235 IX,

46 3241 97 3264 etp.
107 3241 124 3263 1,
138 3241 163 3257 n.
174 3241 206 3262 14·

0 3398 6 3414 i
45 3389 138 3444 iili-5⁸51,
153 3422 204 3444 cap.
214 3422 238 3438 x.

1462 2584 1688 2620 RESPONDEO
1709 2592 1892 2621 mci-:NDUM
1908 2584 2013 2633 quod
2033 2585 2188 2622 scientia
2202 2586 2275 2623 Dei
2291 2595 2346 2624 est
2361 2600 2474 2625 causa

1408 2648 1548 2673 rerum.
1571 2636 1633 2672 Sic
1663 2636 1763 2673 enim
1793 2637 1948 2674 scientia
1966 2638 2039 2674 Dei
2068 2651 2108 2675 se
2127 2639 2243 2676 habet
2270 2640 2318 2677 ad
2338 2653 2474 2678 omnes

1408 2701 1467 2725 res
1497 2696 1660 2735 creatas,
1690 2689 1786 2726 sicut
1818 2690 1973 2727 scientia
2011 2691 2162 2729 artificis
2199 2705 2239 2729 86
2271 2694 2387 2730 habet
2424 2694 2473 2731 ad

1407 2742 1613 2779 artificiata.
1635 2742 1798 2779 Scientia
1826 2751 1955 2781 autem
1984 2745 2135 2782 artificis
2161 2753 2216 2782 est
2245 2759 2360 2783 causa
2389 2747 2473 2783 arti-

1407 2795 1642 2832 ficiatorum:
1671 2808 1718 2832 eo
1748 2797 1853 2844 quod
1890 2797 2020 2834 artifex
2049 2806 2228 2846 operatur
2263 2810 2332 2847 per
2361 2812 2472 2837 suum

1407 2848 1655 2895 intellectum,
1682 2849 1786 2886 unde
1816 2857 1964 2899 oportet
1984 2852 2088 2899 quod
2117 2852 2241 2888 forma
2265 2852 2472 2889 intellectus

1407 2901 1453 2938 sit
1480 2901 1709 2950 principium
1729 2903 1980 2951 operationis,
2010 2904 2105 2940 sicut
2132 2905 2234 2941 calor
2253 2913 2309 2942 est
2335 2906 2472 2954 princi-

1406 2954 1513 3004 pium
1544 2955 1809 2993 calefactionis.
1831 2956 2248 2994 Sedvconsiderandum
2279 2966 2334 2994 est
2366 2958 2471 3007 quod

1407 3009 1531 3045 forma
1559 3008 1751 3056 naturalis,
1771 3008 1999 3058 inquantum
2028 3018 2084 3047 est
2103 3011 2226 3047 forma
2254 3023 2414 3048 manens
2433 3011 2472 3048 in

1407 3074 1454 3098 eo
1489 3061 1547 3097 cui
1577 3062 1640 3099 dat
1668 3074 1762 3109 esse,
1792 3074 1872 3099 non
1900 3063 2073 3100 nominat
2104 3063 2328 3112 principium
2357 3064 2470 3100 actio-

1407 3115 1481 3160 nis3
1507 3115 1573 3151 sed
1603 3114 1816 3152 secundum
1845 3116 1949 3164 quod
1977 3116 2093 3153 habet
2120 3116 2401 3154 inclinationem
2423 3117 2471 3154 ad

1408 3168 1600 3204 effectum.
1621 3168 1670 3204 Et
1698 3167 1867 3205 similiter
1894 3169 2019 3206 forma
2039 3169 2276 3217 intelligibilis
2305 3182 2383 3207 non
2403 3182 2472 3206 no-

1407 3221 1526 3258 minat
1561 3220 1792 3269 principium
1825 3221 1983 3259 actionis
2020 3223 2232 3260 secundum
2270 3223 2376 3271 quod
2414 3231 2470 3260 est

1406 3282 1553 3311 tantum
1573 3274 1611 3311 in
1630 3274 1868 3322 intelligente,
1889 3275 1960 3312 nisi
1985 3276 2209 3323 adiungatur
2229 3275 2262 3311 ei
2280 3276 2470 3313 inclinatio

1407 3328 1455 3365 ad
1477 3327 1665 3373 effectum,
1682 3339 1781 3375 quae
1798 3336 1853 3364 est
1866 3341 1935 3377 per
1948 3330 2185 3365 voluntatem
2200 3335 2228 3364 α.
2252 3329 2351 3365 Cum
2368 3329 2470 3366 enim

1407 3382 1530 3418 forma
1559 3380 1795 3428 intelligibilis
1815 3381 1863 3418 ad
1884 3382 2059 3431 opposita
2078 3394 2118 3418 se
2138 3382 2277 3418 habeat
2301 3384 2404 3429 (curn
2425 3382 2471 3419 sit

1408 3435 1543 3471 eadem
1578 3433 1730 3470 scientia
1764 3434 2066 3483 oppositorum),
2101 3447 2180 3471 non
2207 3434 2471 3483 produceretss

1407 3487 1699 3525 determinatum
1735 3487 1934 3534 effectum,
1969 3487 2039 3524 nisi
2073 3487 2388 3525 determinaretur
2420 3489 2468 3525 ad

343 3607 370 3639 α)
391 3613 458 3640 quae
476 3609 516 3631 est
530 3613 583 3638 per
601 3606 772 3630 voluntatem.
790 3620 810 3625 -
828 3607 899 3639 quod
917 3610 956 3632 est
970 3615 1023 3639 per
1041 3609 1204 3633 voluntatem
1223 3608 1252 3633 B.

1464 3606 1488 3639 β)
1509 3614 1560 3631 non
1576 3606 1747 3638 produceret.
1763 3619 1783 3626 ·-
1802 3613 1852 3631 non
1867 3606 2027 3638 procederet
2045 3606 2081 3630 ad
2099 3606 2129 3631 B.

2503 878 2511 885 ·
2527 876 2551 897 In
2567 881 2681 904 corpore.

2504 1064 2511 1071 '¹
2527 1062 2585 1084 lbid.

2599 850 2615 874 ’l

2600 952 2614 978 θ
