2768 4178
71 3623 79 3630 '
95 3621 158 3643 Loco
173 3621 243 3643 citato
258 3621 281 3643 in

320 266 389 301 108

312 352 386 381 tes:
416 343 638 380 huiusmodi
669 343 736 380 erit
771 355 894 380 unum
927 343 1167 392 simpliciter,
1199 352 1235 381 et
1267 345 1386 381 multa

312 397 526 434 secundum
565 396 667 445 quid.
697 396 737 433 Si
765 409 859 434 vero
900 397 1040 445 aliquid
1071 410 1090 434 e
1121 409 1311 434 converso
1341 398 1387 434 sit

311 450 519 487 indivisum
540 450 754 487 secundum
784 450 887 499 quid,
906 458 942 487 et
962 450 1129 488 divisum
1149 450 1384 500 simpliciter;

311 511 444 553 utpote
477 503 567 552 quia
602 511 657 540 est
686 503 853 541 divisum
883 504 1097 541 secundum
1131 503 1338 541 essentiam
1357 510 1384 551 ⁹,

313 565 349 594 et
375 556 581 594 indivisum
611 558 825 595 secundum
854 557 1054 604 rationem,
1078 557 1142 593 vel
1171 557 1385 594 secundum

311 610 539 659 principium
567 610 648 647 sive
673 623 844 648 causam:
875 611 944 647 erit
963 608 976 633 ξ
1004 611 1124 647 multa
1152 610 1384 660 simpliciter,

313 671 349 700 et
380 676 502 700 unum
541 664 756 701 secundum
791 664 904 713 quid;
935 671 976 701 ut
1013 676 1112 712 quae
1141 671 1229 701 sunt
1266 665 1385 702 multa

312 729 476 754 numero
497 725 534 754 et
552 730 674 754 unum
695 717 834 767 specie,
854 718 917 754 vel
945 730 1068 754 unum
1088 716 1288 766 principio.
1325 717 1386 755 Sic

311 770 422 819 igitur
450 783 518 808 ens
538 771 718 808 dividitur
743 783 814 820 per
832 784 954 808 unum
980 779 1017 807 et
1035 771 1166 817 multa,
1189 770 1298 819 quasi
1316 783 1386 820 per

309 836 433 861 unum
454 824 686 873 simpliciter,
704 832 740 861 et
759 826 879 862 multa
895 824 1109 862 secundum
1125 824 1219 872 quid
1232 830 1256 861 ⁰.
1278 824 1384 861 Nam

313 886 348 914 et
366 878 449 926 ipsa
469 878 672 915 multitudo
693 891 772 915 non
793 878 1052 915 contineretur
1066 883 1085 899 ⁷¹
1105 878 1176 914 sub
1197 885 1296 925 ente,
1314 877 1385 915 nisi

364 1020 387 1051 ν)
407 1019 557 1044 essentiam.
575 1033 594 1037 -
608 1018 759 1050 potentiam
780 1019 812 1044 G.

365 1053 388 1087 ξ)
408 1055 469 1079 erit.
487 1069 507 1073 —
525 1058 605 1080 erunt
624 1054 669 1078 FG
689 1059 713 1078 et
733 1055 792 1079 edd.
811 1055 861 1083 ab,
883 1054 991 1079 inerunt
1010 1054 1039 1079 Ρ.
1058 1068 1076 1073 -
1096 1054 1146 1078 Pro
1166 1057 1196 1079 ut
1216 1061 1296 1086 quae,
1315 1055 1387 1080 sicut

311 1098 379 1123 quae
398 1090 510 1115 codices.

363 1126 391 1166 ρ)
410 1126 555 1150 secundum
574 1125 647 1157 quid.
666 1139 685 1144 -
702 1128 729 1150 et
748 1125 832 1150 multa
851 1125 1009 1157 simpliciter
1022 1129 1049 1150 et
1063 1132 1146 1150 unum
1160 1125 1306 1151 secundum
1319 1125 1386 1160 quid

311 1162 547 1229 addiifrxriultitudo
562 1204 614 1221 non
629 1197 854 1221 contineretur.—
868 1196 1012 1222 multitudo
1026 1204 1079 1222 non
1093 1197 1246 1222 continetur
1260 1197 1290 1227 F,
1301 1198 1386 1222 multa

1041 263 1312 310 QUAESTIO
1342 265 1411 312 xl,
1441 265 1740 304 ARTICULUS
1771 268 1785 303 I

1442 345 1700 383 contineretur
1733 346 1860 395 aliquo
1895 347 2014 384 modo
2049 347 2120 384 sub
2149 359 2240 384 uno.
2281 347 2380 385 Dicit
2409 348 2512 386 enim

1440 398 1670 447 Dionysius,
1704 400 1770 437 ult.
1793 412 1875 449 cap.
1896 401 1942 437 de
1973 401 2061 438 Div.
2082 401 2200 438 Nom.
2221 400 2262 448 ²¹²,
2297 402 2403 450 quod
2436 414 2511 439 non

1439 457 1493 488 est
1519 452 1715 490 multitudo
1745 465 1820 491 non
1843 454 2079 503 participans
2104 466 2201 491 uno:
2229 455 2295 491 sed
2312 467 2410 504 quae
2427 461 2514 492 sunt

1439 505 1558 542 multa
1590 506 1784 554 partibus,
1813 513 1901 545 sunt
1937 520 2054 545 unum
2093 513 2191 553 toto‚·
2219 513 2256 544 et
2290 519 2388 556 quae
2427 514 2516 545 sunt

1439 559 1558 596 multa
1585 560 1857 607 accidentibus,
1883 567 1972 598 sunt
1997 573 2114 598 unum
2142 561 2326 605 subiecto;
2354 567 2391 598 et
2415 573 2513 610 quae

1438 618 1526 649 sunt
1561 613 1679 650 multa
1709 625 1888 660 numero,
1917 620 2006 651 sunt
2032 627 2149 652 unum
2177 615 2321 663 specie;
2349 620 2386 651 et
2415 627 2513 664 quae

1438 671 1524 702 sunt
1541 666 1733 714 speciebus
1752 667 1870 704 multa
1889 674 1915 713 Ρ,
1935 674 2023 705 sunt
2041 680 2158 705 unum
2177 680 2341 718 genere;
2360 673 2397 705 et
2414 680 2512 718 quae

1437 724 1526 755 sunt
1551 719 1669 756 multa
1691 721 1941 768 processibus,
1961 727 2049 758 sunt
2075 734 2191 759 unum
2215 722 2416 771 principio.

1492 773 1552 808 AD
1580 784 1741 810 TERTmM
1769 785 1955 812 DicENDuM
1990 775 2096 824 quod
2124 775 2214 812 ideo
2243 787 2323 812 non
2358 783 2415 812 est
2443 787 2513 812 nu—

1439 824 1538 872 gatio
1569 837 1658 862 curn
1689 825 1825 864 dicitur
1861 839 1926 864 ens
1962 840 2101 875 unum,
2132 828 2221 878 quia
2252 841 2376 866 unum
2408 828 2514 866 addit

1438 877 1581 927 aliquid
1611 879 1826 917 secundum
1855 881 2072 919 rationem*
2101 894 2216 932 supra
2245 894 2323 920 enS.

1437 1019 1583 1044 secundum
1602 1021 1674 1052 quod
1692 1021 1782 1052 aliquo
1796 1021 1875 1046 modo
1893 1021 2046 1047 continetur
2060 1022 2093 1053 F;
2109 1023 2161 1048 nisi
2173 1023 2318 1048 secundum
2331 1023 2404 1056 quod
2422 1023 2513 1057 aliquo

1439 1055 1518 1080 modo
1536 1055 1709 1080 continentur
1721 1056 1812 1081 ACDE
1828 1062 1860 1086 et,
1875 1057 1976 1081 omisso
1990 1058 2134 1083 secundum
2150 1058 2229 1090 quod,
2243 1059 2281 1089 G;
2302 1059 2355 1084 nisi
2366 1059 2511 1085 secundum

1439 1091 1511 1123 quod
1529 1091 1583 1115 alio
1601 1091 1692 1124 aliquo
1711 1091 1791 1116 modo
1810 1092 1963 1117 continetur
1981 1093 2011 1117 B.

1491 1125 1517 1159 ρ)
1536 1127 1670 1158 speciebus
1689 1127 1783 1152 multa.
1799 1141 1820 1147 -
1837 1128 1924 1152 multa
1942 1128 2077 1160 speciebus
2096 1129 2157 1160 FG,
2177 1130 2262 1154 multa
2284 1130 2371 1162 specie
2390 1131 2476 1156 ceteri.
2493 1143 2514 1149 —

1438 1133 1504 1186 Prop
1505 1163 1681 1194 processibus,
1697 1163 1913 1195 processionibus
1932 1164 1961 1188 B.

1494 1197 1520 1229 σ)
1539 1198 1642 1231 aliquid
1660 1199 1805 1224 secundum
1824 1199 1966 1224 rationem.
1985 1214 2003 1219 -
2021 1200 2207 1226 indivisionem
2227 1201 2342 1226 rationis
2356 1202 2389 1233 B;
2410 1201 2514 1235 aliquid

310 1240 361 1258 non
377 1232 550 1258 continentur
564 1233 678 1257 ceteri.—
687 1232 737 1257 Pro
747 1231 800 1257 nisi
809 1232 992 1258 contineretur
1006 1232 1098 1266 aliquo
1111 1233 1198 1262 modo,
1212 1233 1253 1258 vel
1265 1233 1329 1265 (nisi
1338 1233 1384 1266 sF)
1440 1241 1495 1258 om.
1515 1234 1591 1258 ceteri
1612 1239 1638 1259 et
1656 1234 1715 1259 edd.
1733 1241 1751 1259 α
1762 1235 1786 1260 b.

996 1320 1329 1354 Commentaria
1352 1320 1602 1354 cardinalis
1625 1321 1827 1356 Caietam

375 1420 446 1440 mcii
470 1409 617 1440 ordinem
636 1409 832 1450 quaestionis
853 1409 951 1440 huius
977 1416 1008 1440 et
1027 1409 1299 1450 praecedentium,
1325 1410 1383 1440 du-

312 1421 466 1485 Cbium
491 1461 546 1485 est.
579 1453 745 1491 Quoniam
773 1463 878 1485 unum
901 1453 989 1494 prius
1017 1453 1169 1485 convenit
1197 1453 1261 1485 enti
1285 1464 1384 1495 quam

308 1499 493 1539 simplicitas
522 1505 554 1529 et
584 1498 844 1534 immutabilitas,
877 1506 909 1529 et
937 1498 1061 1539 reliqua
1082 1504 1213 1530 tractata
1239 1509 1259 1529 a
1287 1508 1383 1540 quae-

308 1544 412 1575 stione
429 1554 464 1574 m
487 1543 673 1584 hucusque:
698 1552 774 1583 ergo
798 1543 1060 1574 inconvenienter
1082 1542 1199 1574 ultimo
1222 1543 1297 1574 loco
1321 1550 1382 1575 tra-

309 1595 410 1620 ctatur
433 1588 471 1618 de
496 1587 625 1618 unitate.
642 1605 663 1610 -
678 1588 879 1618 Antecedens
906 1588 1077 1628 probatur:
1102 1587 1259 1628 quoniam
1284 1598 1382 1619 omne

308 1643 364 1663 ens
389 1639 434 1663 est
458 1642 575 1671 unum,
597 1642 662 1662 non
687 1639 796 1663 autem
819 1631 954 1672 simplex
972 1642 1031 1663 nec
1053 1631 1269 1669 immutabile;
1294 1632 1382 1674 prius

308 1684 416 1708 autem
440 1684 487 1708 est
509 1687 527 1707 a
550 1686 616 1718 quo
640 1687 706 1707 non
732 1676 927 1708 convertitur
951 1676 1189 1718 consequentia.

362 1722 399 1752 ΙΙ.
416 1722 468 1752 Ad
491 1721 553 1752 hoc
577 1721 691 1752 dicitur
706 1722 806 1762 quod,
827 1721 909 1752 sicut
932 1728 1081 1752 tractatus
1104 1722 1144 1752 de
1167 1721 1312 1752 animalis
1327 1732 1382 1752 na-

308 1774 379 1797 tura
409 1766 587 1797 secundum
617 1765 727 1797 omnia
756 1766 935 1807 praedicata
966 1766 1194 1807 quidditativa,
1224 1766 1383 1807 praecedit

307 1818 476 1842 tractatum
492 1811 532 1841 de
556 1810 676 1842 unitate
693 1810 848 1847 animalis,
865 1811 908 1842 ita
927 1817 1077 1842 tractatus
1091 1811 1130 1842 de
1146 1818 1258 1842 natura
1274 1811 1382 1842 divina

308 1856 488 1886 secundum
511 1855 622 1886 omnia
645 1855 823 1896 praedicata
854 1855 946 1897 quasi
969 1855 1196 1897 quidditativa,
1222 1855 1383 1897 praecedit

307 1907 475 1932 tractatum
493 1900 531 1930 de
547 1899 668 1931 unitate
683 1899 785 1930 illius:
811 1900 968 1942 quoniam
984 1899 1088 1931 unitas
1105 1906 1152 1931 est
1167 1900 1258 1942 quasi
1274 1900 1381 1942 passio

308 1945 406 1981 entis,
432 1951 463 1975 et
489 1944 593 1975 unitas
617 1944 687 1975 talis
718 1944 763 1975 rei
786 1951 834 1976 est
856 1944 948 1986 quasi
978 1944 1085 1985 passio
1108 1944 1204 1976 illius.
1232 1945 1382 1983 Quatuor

307 1997 414 2020 autem
433 1990 473 2019 de
496 1989 614 2030 quibus
629 1995 798 2020 tractatum
819 1989 971 2020 hactenus
988 1995 1044 2026 est,
1061 1996 1136 2030 post
1157 1990 1381 2031 quaestionem

305 2044 349 2065 an
373 2039 430 2072 est,
458 2035 497 2064 de
519 2041 632 2065 natura
656 2033 782 2070 divina,
809 2034 927 2066 scilicet
949 2033 1134 2074 simplicitas
1162 2041 1194 2065 et
1216 2034 1379 2075 perfectio,

306 2078 444 2110 infinitas
479 2085 509 2109 et
539 2078 798 2116 immutabilitas,
832 2079 866 2110 in
893 2078 1060 2110 latitudine
1093 2078 1381 2120 quidditativorum

306 2123 563 2165 praedicatorum
579 2123 780 2160 clauduntur,
798 2130 834 2155 ut
849 2130 936 2165 patet
950 2123 1129 2154 inductive:
1154 2130 1185 2155 et
1200 2124 1274 2155 ideo
1291 2124 1381 2165 prius

307 2168 346 2199 de
361 2168 423 2198 illis
447 2174 672 2208 pertractatum
696 2174 755 2204 est;
777 2175 807 2199 et
829 2168 870 2199 ad
886 2178 1000 2199 eorum
1023 2168 1309 2208 complementum,
1333 2168 1380 2200 in-

307 2219 406 2243 sertae
437 2219 512 2243 sunt
534 2211 737 2253 quaestiones
761 2212 800 2243 de
822 2212 983 2249 bonitate,
1008 2212 1047 2243 de
1071 2212 1234 2243 existentia
1266 2213 1326 2244 Dei
1347 2212 1381 2243 in

307 2258 411 2293 rebus,
436 2257 539 2298 deque
562 2256 755 2287 aeternitate.
780 2257 821 2288 Et
839 2257 893 2293 sic,
911 2257 1002 2298 quasi
1025 2257 1171 2297 expedita
1193 2257 1380 2298 quidditate,

307 2302 348 2333 ad
371 2301 554 2342 passionem
577 2301 732 2342 primam,
757 2301 875 2332 scilicet
902 2301 1074 2338 unitatem,
1100 2301 1236 2333 devenit.
1252 2319 1273 2324 —
1289 2302 1381 2333 Hanc

307 2353 416 2377 autem
428 2356 495 2377 esse
511 2353 652 2377 mentem
664 2347 824 2383 Auctoris,
837 2356 874 2377 ex
889 2345 1126 2377 introductione
1141 2345 1338 2388 quaestionis
1347 2357 1382 2377 m

308 2391 455 2442 superius
478 2390 511 2421 in
534 2391 637 2421 littera
665 2390 785 2431 posita,
815 2390 971 2436 coniicere
994 2397 1103 2432 potes:
1128 2391 1171 2421 ibi
1195 2390 1281 2422 enim
1304 2391 1381 2423 haec

309 2435 453 2477 quinque
477 2436 637 2466 tractanda
661 2442 897 2476 proponuntur.

361 2480 428 2511 Nec
445 2480 549 2511 obstat
568 2479 705 2510 obiectio
722 2480 830 2511 allata:
855 2487 988 2520 negatur
1011 2480 1098 2511 enim
1113 2480 1203 2521 quod
1221 2479 1327 2511 unitas
1342 2480 1382 2511 sit

307 2525 396 2565 prior
419 2524 616 2565 supradictis.
649 2524 690 2556 Et
713 2525 753 2555 ad
777 2525 1016 2566 probationem,
1043 2525 1158 2556 dicitur
1180 2525 1269 2566 quod
1293 2524 1381 2566 prius

307 2576 355 2600 est
378 2580 396 2600 a
415 2579 481 2611 quo
506 2579 572 2600 non
597 2569 791 2600 convertitur
818 2569 1046 2610 consequentia
1069 2570 1196 2600 ratione
1217 2570 1289 2607 sui,
1314 2579 1381 2600 non

308 2621 417 2645 autem
437 2614 463 2644 si
487 2613 608 2645 ratione
631 2614 768 2645 alterius.
793 2614 888 2645 Verbi
912 2613 1019 2654 gratia,
1044 2624 1112 2645 esse
1135 2614 1316 2645 coloratum
1334 2623 1382 2645 re-

308 2666 418 2700 spectu
443 2658 584 2689 hominis
608 2666 655 2690 est
677 2669 696 2689 a
718 2669 785 2700 quo
809 2669 876 2690 non
910 2659 1104 2690 convertitur
1135 2656 1379 2700 consequentia,

308 2713 375 2734 non
395 2710 501 2734 tamen
518 2710 564 2734 est
579 2703 667 2744 prius
690 2703 832 2740 homine,
849 2703 995 2745 quamvis
1011 2703 1051 2735 sit
1067 2703 1273 2734 communius
1292 2713 1381 2744 prae-

309 2747 464 2779 dicatum:
489 2755 519 2778 et
535 2747 598 2778 hoc
621 2747 697 2788 quia
720 2748 910 2784 coloratum,
935 2758 1002 2779 non
1025 2748 1147 2779 ratione
1171 2747 1231 2784 sui,
1256 2748 1311 2778 sed
1334 2757 1380 2778 ra-

308 2792 395 2823 tione
419 2792 550 2823 subiecti
568 2792 626 2828 sui,
648 2799 695 2823 est
712 2802 730 2822 a
753 2802 821 2834 quo
841 2802 907 2823 non
924 2793 1119 2824 convertitur
1141 2792 1380 2834 consequentia.

309 2837 445 2868 Ratione
463 2846 604 2878 namque
627 2837 759 2868 subiecti
781 2837 874 2873 valet,
899 2843 945 2868 est
967 2838 1072 2875 homo,
1097 2847 1178 2878 ergo
1194 2842 1242 2869 est
1256 2837 1380 2868 colora·

308 2887 394 2921 tum,
418 2888 449 2912 et
471 2891 539 2912 non
563 2891 580 2912 e
604 2891 770 2912 converso.
796 2882 888 2913 Unde
911 2882 944 2912 id
963 2893 981 2912 a
999 2892 1067 2923 quo
1091 2892 1157 2913 non
1182 2881 1378 2913 convertitur

309 2926 546 2967 consequentia,
572 2933 619 2957 est
642 2925 740 2967 priuS,
764 2926 815 2958 vel
836 2926 969 2958 includit
992 2927 1113 2968 aliquid
1137 2926 1234 2967 prius,
1258 2926 1380 2958 ratione

309 2970 399 3002 cuius
423 2981 490 3001 non
514 2969 708 3002 convertitur
736 2971 972 3012 consequentia.
1004 2971 1045 3002 Et
1068 2971 1112 3002 sic
1135 2971 1169 3002 in
1191 2970 1379 3012 proposito,

309 3025 412 3046 unum
436 3025 502 3046 non
526 3022 573 3046 est
596 3014 770 3046 formaliter
793 3015 896 3056 prius,
930 3015 984 3046 sed
1008 3015 1142 3047 includit
1165 3025 1234 3052 ens,
1258 3015 1380 3046 ratione

309 3060 400 3091 cuius
424 3070 490 3090 non
514 3060 597 3091 valet
620 3060 758 3101 sequela,
780 3065 826 3091 est
841 3070 953 3098 unum,
979 3070 1059 3101 ergo
1084 3060 1299 3098 immutabile,
1323 3060 1387 3091 sed‘

308 3115 325 3136 e
350 3114 513 3136 converso.

361 3150 411 3180 111.
423 3149 552 3180 Titulus
567 3148 678 3180 clarus.
689 3167 709 3172 -
722 3149 757 3179 In
774 3158 908 3190 corpore
922 3149 1004 3180 duae
1021 3149 1252 3180 conclusiones.
1269 3149 1379 3180 Rima

309 3194 423 3225 directe
446 3193 631 3236 responsiva
659 3193 819 3234 quaesito:
850 3193 959 3224 Unum
983 3193 1069 3225 addit
1097 3203 1193 3234 supra
1215 3203 1288 3229 ens,
1313 3203 1379 3224 non

309 3249 376 3269 rem
399 3238 548 3279 aliquam,
567 3237 621 3268 sed
641 3237 744 3268 solam
765 3237 966 3278 negationem
983 3238 1156 3269 divisionis.
1170 3255 1190 3260 —
1206 3237 1378 3268 Probatur:

309 3292 412 3313 unum
436 3282 514 3313 nihil
538 3281 624 3313 aliud
649 3281 802 3323 significat
825 3291 923 3323 quam
948 3292 1002 3312 ens
1026 3282 1214 3318 indivisum;
1240 3291 1324 3323 ergO.

363 3327 510 3357 Secunda
533 3337 609 3357 vero
641 3326 804 3358 conclusio
829 3334 875 3357 est
899 3327 1081 3357 corollaria:
1115 3327 1227 3358 Unum
1250 3335 1379 3357 conver-

310 3371 386 3402 titur
409 3381 484 3402 cum
507 3378 587 3402 ente.
617 3372 658 3402 Et
681 3371 890 3402 nihilominus
918 3371 1088 3412 probatur:
1121 3381 1188 3402 esse
1213 3370 1380 3402 cuiuslibet

310 3415 353 3445 rei
369 3415 510 3446 consistit
525 3415 557 3446 in
573 3415 774 3452 indivisione;
800 3425 884 3456 ergO.
903 3433 922 3438 -
940 3415 1138 3446 Antecedens
1155 3415 1308 3456 probatur
1322 3415 1379 3445 du-

310 3459 439 3500 pliciter.
464 3459 582 3496 Primo,
607 3460 766 3491 inductiva
789 3460 823 3490 in
847 3469 914 3490 esse
943 3459 1138 3500 simplicium
1165 3466 1197 3491 et
1219 3459 1379 3501 composi-

309 3511 427 3534 torum.
448 3503 605 3540 Secundo,
620 3514 637 3534 a
653 3504 754 3544 signo,
771 3514 838 3546 quo
858 3504 1115 3545 unumquodque
1136 3503 1274 3536 custodit
1287 3513 1379 3534 suam

311 3547 464 3579 unitatem
488 3547 567 3578 sicut
591 3548 761 3580 entitatem.
787 3548 906 3580 Omnia
930 3555 1038 3589 patent
1062 3549 1142 3579 clare
1166 3549 1199 3579 in
1221 3548 1332 3580 littera.

364 3592 415 3623 IV.
442 3591 533 3623 Circa
563 3592 699 3633 primam
727 3593 986 3629 conclusionem,
1017 3593 1152 3624 occurrit
1181 3592 1316 3624 dubium
1344 3601 1381 3622 ex

310 3636 429 3677 duplici
448 3636 564 3677 capite:
590 3637 745 3677 quoniam
769 3645 799 3668 et
821 3637 984 3668 Avicenna
999 3644 1085 3668 tenet
1100 3637 1117 3657 *
1141 3647 1244 3668 ιιιιιιιιι
1265 3636 1379 3667 addere

1437 1420 1504 1441 rem
1528 1411 1670 1452 aliquam
1693 1421 1788 1452 supra
1812 1421 1883 1449 ens;
1909 1419 1940 1444 et
1963 1413 2077 1444 Scotus
2097 1419 2183 1444 tenet
2199 1413 2314 1444 addere
2335 1412 2513 1447 realimem

1437 1455 1609 1496 quandam.
1634 1456 1697 1488 Sed
1711 1456 1788 1497 quia
1803 1463 1913 1488 contra
1929 1457 2109 1488 Avicennae
2125 1457 2320 1499 positionem
2333 1457 2368 1489 in
2383 1457 2428 1490 lv
2440 1458 2512 1490 Me·

1436 1500 1566 1541 taphys.
1581 1501 1600 1520 *
1623 1502 1662 1532 ab
1684 1500 1868 1538 Aristotele,
1893 1508 1925 1532 et
1947 1501 1999 1533 hic
2021 1501 2202 1543 disputatur
2224 1501 2259 1533 in
2281 1501 2398 1540 littera,
2422 1501 2549 1537 Scoti·

1437 1544 1559 1586 opini0,
1574 1545 1608 1576 in
1625 1546 1668 1577 lv
1682 1546 1867 1587 Metaphys.
1879 1545 1905 1583 *,
1927 1546 2084 1587 tangenda
2099 1553 2154 1578 est.
2178 1547 2298 1578 Putans
2314 1557 2389 1587 ergo
2406 1557 2510 1580 unum

1437 1589 1559 1630 signare
1581 1590 1765 1632 passionem
1789 1590 1887 1627 entis,
1912 1590 1987 1622 dicit
2009 1590 2118 1632 ipsum
2139 1591 2312 1633 importare
2336 1591 2512 1624 formaliter

1436 1644 1504 1664 rem
1527 1635 1716 1676 positivam,
1747 1634 1881 1666 eandem
1904 1635 2027 1666 realiter
2047 1635 2109 1677 ipsi
2139 1635 2220 1672 enti;
2245 1634 2327 1667 sicut
2349 1636 2509 1668 universa-

1435 1677 1507 1710 liter
1529 1686 1615 1711 tenet
1630 1679 1813 1720 passionem
1832 1678 2016 1711 identificari
2032 1679 2164 1721 proprio
2181 1680 2333 1712 subiecto.
2357 1680 2509 1712 Probare-

1436 1733 1499 1764 que
1523 1723 1668 1755 nituntur
1691 1734 1841 1766 sequaces
1865 1724 1933 1755 eius
1956 1724 2115 1755 intentum
2138 1724 2268 1761 ibidem,
2282 1724 2508 1766 multipliciter.

1435 1769 1563 1806 Primo,
1587 1778 1692 1800 unum
1721 1768 1908 1805 formaliter,
1932 1769 2013 1800 idest
2036 1775 2072 1800 ut
2094 1769 2281 1801 distinctum
2309 1776 2420 1801 contra
2441 1779 2508 1808 ens,

1436 1819 1484 1844 est
1514 1813 1600 1844 idem
1624 1813 1747 1845 realiter
1774 1813 1864 1854 quod
1893 1822 1967 1844 ens:
1999 1823 2075 1854 ergo
2098 1820 2146 1845 est
2173 1813 2294 1855 aliquid
2320 1813 2509 1855 positivum.

1436 1858 1540 1889 Tenet
1562 1858 1710 1899 sequela:
1741 1857 1817 1899 quia
1839 1857 1966 1898 negatio
1994 1867 2063 1889 non
2092 1865 2199 1899 potest
2228 1857 2414 1890 identificari
2445 1858 2510 1891 enti

1435 1901 1519 1933 reali.
1540 1919 1560 1924 —
1581 1902 1746 1940 Secundo,
1773 1912 1876 1933 unum
1900 1901 2075 1934 formaliter
2097 1909 2144 1934 est
2167 1909 2252 1934 extra
2274 1902 2372 1940 nihil,
2397 1909 2510 1945 utpote

1436 1946 1516 1978 entis
1532 1947 1654 1987 passio:
1680 1956 1754 1987 ergo
1771 1953 1818 1978 est
1835 1946 2021 1987 positivum.
2039 1965 2058 1970 -
2078 1947 2196 1985 Tertio,
2216 1957 2320 1978 unum
2337 1946 2511 1979 formaliter

1435 1991 1530 2022 habet
1552 1991 1708 2022 rationem
1728 1991 1850 2032 primae
1866 2000 2043 2028 mensurae,
2059 1998 2091 2022 et
2105 1991 2252 2033 principii
2267 1992 2408 2022 numeri:
2432 2001 2509 2039 ergo

1436 2043 1472 2067 ut
1495 2036 1593 2077 prius.
1610 2053 1631 2059 -
1654 2035 1798 2074 Quarto,
1821 2045 1926 2067 unum
1949 2035 2025 2067 dicit
2045 2035 2276 2077 perfectionem
2305 2035 2508 2077 simpliciter:

1435 2090 1522 2121 ergo.
1552 2081 1708 2112 Probatur
1738 2080 1944 2112 antecedens:
1973 2087 2045 2111 tum
2072 2080 2148 2122 quia
2175 2080 2210 2112 in
2239 2089 2441 2123 unoquoque
2462 2087 2512 2113 est

1435 2125 1550 2156 melius
1572 2125 1682 2166 ipsum
1704 2135 1804 2166 quam
1827 2134 1894 2156 non
1909 2125 2032 2166 ipsum:
2057 2130 2128 2156 tum
2151 2125 2227 2167 quia
2249 2124 2285 2156 fit
2302 2125 2446 2158 reductio
2469 2125 2511 2160 nd

1435 2179 1563 2200 summe
1586 2179 1698 2205 unum,
1716 2169 1797 2200 sicut
1811 2169 1850 2199 ad
1867 2179 1993 2200 summe
2009 2170 2133 2200 bonum
2153 2176 2184 2201 et
2198 2169 2329 2206 iustum,
2346 2175 2420 2207 etc.;
2443 2168 2508 2201 hoc

1436 2213 1523 2245 enim
1546 2220 1592 2244 est
1616 2213 1783 2254 proprium
1807 2213 2040 2254 perfectionum
2064 2213 2257 2254 simpliciter.

1489 2258 1527 2289 V.
1550 2258 1601 2288 Ad
1625 2258 1701 2288 haec
1724 2257 1859 2288 breviter
1874 2258 2093 2298 respondetur.
2117 2258 2159 2289 Et
2173 2259 2277 2299 primi
2290 2258 2425 2299 quidem
2445 2258 2509 2290 dis-

1434 2302 1589 2343 tinguitur
1611 2302 1815 2333 antecedens:
1846 2302 1923 2343 quia
1944 2311 2012 2333 esse
2035 2302 2121 2333 idem
2145 2301 2300 2342 contingit
2323 2302 2508 2343 dupliciter,

1435 2347 1553 2379 scilicet
1573 2347 1711 2388 positive
1739 2353 1770 2378 et
1792 2347 1951 2388 negative.
1984 2347 2096 2378 Unum
2125 2353 2235 2378 autem
2258 2346 2433 2379 formaliter
2461 2353 2511 2378 est

1434 2392 1521 2423 idem
1545 2391 1609 2422 enti
1625 2391 1784 2432 negative:
1810 2391 1886 2432 quia
1901 2401 1968 2422 non
1982 2390 2077 2422 aliam
2096 2399 2243 2423 naturam
2267 2389 2430 2432 significat,
2453 2391 2510 2423 sed

1436 2436 1570 2467 eandem
1591 2435 1654 2466 alio
1677 2435 1788 2472 modo,
1813 2442 1849 2467 ut
1872 2435 1986 2467 dicitur
2009 2435 2052 2467 IV
2070 2435 2286 2478 Metaphys.*
2309 2435 2350 2467 Et
2373 2435 2418 2468 sic
2433 2445 2509 2468 con-

1436 2480 1600 2522 sequentia
1622 2480 1702 2511 nihil
1723 2479 1815 2511 valet.

1490 2525 1543 2556 Ad
1560 2525 1736 2556 secundum
1760 2534 1836 2555 vero
1861 2524 1983 2561 dicitur,
2008 2524 2098 2566 quod
2121 2533 2227 2555 unum
2245 2523 2419 2556 formaliter
2440 2533 2508 2556 non

1435 2577 1483 2602 est
1510 2569 1612 2610 magis
1634 2576 1720 2600 extra
1742 2568 1821 2600 nihil
1843 2579 1943 2610 quam
1972 2569 2033 2600 alia
2054 2569 2208 2610 privativa
2231 2579 2287 2600 seu
2308 2568 2454 2610 negativa
2474 2569 2509 2601 in

1436 2624 1558 2666 genere.
1589 2613 1647 2646 Est
1669 2623 1744 2654 ergo
1768 2620 1853 2644 extra
1881 2613 1960 2644 nihil
1983 2613 2044 2645 sic:
2077 2620 2109 2644 et
2131 2619 2207 2645 tunc
2238 2620 2370 2654 negatur
2398 2622 2509 2646 conse-

1459 2659 1575 2690 nentia.

1437 2670 1456 2701 q
1488 2703 1541 2734 Ad
1556 2703 1685 2735 tertium
1702 2709 1820 2739 autem,
1836 2709 1968 2744 negatur
1984 2702 2224 2744 consequentia:
2245 2702 2401 2744 quoniam
2419 2709 2508 2748 men-

1435 2757 1541 2779 surare
1561 2757 1734 2779 commune
1751 2753 1798 2778 est
1811 2746 1957 2787 positivis
1976 2754 2007 2778 et
2021 2746 2184 2788 negativis.
2207 2747 2283 2778 Non
2298 2746 2407 2778 solum
2422 2742 2509 2786 enim

1434 2793 1467 2823 in
1486 2792 1655 2833 generibus
1669 2791 1803 2828 entium,
1820 2791 2094 2832 simplicissimum
2112 2798 2277 2823 mensurat
2291 2791 2429 2834 reliqua:
2449 2784 2510 2822 aed

1435 2837 1531 2869 etiam
1553 2836 1587 2868 in
1609 2836 1776 2878 generibus
1805 2836 2042 2887 aegritudinum
2064 2842 2095 2868 et
2111 2842 2340 2887 peccatorum,
2364 2842 2401 2867 ut
2422 2839 2510 2876 patet

1435 2882 1469 2912 in
1491 2880 1681 2918 moralibus;
1705 2880 1878 2911 minimum
1902 2881 1988 2912 enim
2012 2881 2045 2912 in
2065 2880 2149 2912 vitiis
2166 2880 2272 2921 gulae,
2289 2889 2439 2911 mensura
2460 2885 2510 2911 est

1435 2925 1513 2968 reliq
1515 2935 1643 2958 uorum.
1667 2925 1708 2957 Et
1731 2924 1904 2956 minimum
1927 2925 2081 2963 absolute,
2105 2924 2186 2956 idest
2207 2934 2322 2962 unum,
2346 2931 2510 2956 mensurat

1436 2970 1675 3002 multitudinem
1705 2969 1859 3001 absolute.
1893 2970 2073 3021 Utrumque
2103 2975 2209 3000 tamen
2239 2974 2286 3000 est
2309 2967 2506 3010 negativum,

1436 3015 1552 3046 scilicet
1574 3014 1748 3046 multitudo
1773 3020 1804 3045 et
1827 3023 1940 3050 unum,
1958 3021 1994 3045 ut
2013 3014 2046 3045 in
2069 3012 2171 3045 littera
2193 3012 2289 3044 huius
2313 3011 2509 3054 quaestionis

1435 3059 1557 3091 dicitur.
1584 3059 1671 3090 idem
1686 3065 1795 3090 autem
1815 3058 1958 3100 intelligo
1981 3067 2154 3090 numerum
2177 3058 2461 3094 transcendentem,
2476 3063 2509 3089 et

1434 3103 1675 3136 multitudinem
1698 3103 1853 3134 absolute.
1877 3103 1918 3134 Et
1940 3110 2108 3144 propterea
2123 3111 2322 3144 consequens
2341 3109 2390 3134 est
2410 3110 2508 3143 nega-

1435 3149 1491 3180 tivi
1514 3148 1639 3180 numeri
1662 3147 1848 3190 negativum
1870 3147 2063 3189 principium
2086 3156 2165 3178 esse.

1491 3193 1542 3224 Ad
1565 3198 1730 3234 quartum,
1747 3199 1880 3233 negatur
1895 3191 2094 3224 antecedens.
2118 3190 2230 3222 Unum
2247 3190 2334 3222 enim
2349 3200 2416 3222 ιιοιι
2431 3189 2509 3222 dicit

1435 3235 1672 3278 perfectionem,
1685 3236 1746 3268 nisi
1761 3236 1875 3268 divisio
1888 3236 2008 3278 privata
2020 3235 2103 3266 dicat
2114 3234 2400 3276 imperfectionem.
2414 3234 2507 3267 Unde

1434 3281 1516 3313 sicut
1539 3281 1650 3313 relatio
1672 3281 1847 3312 formaliter
1870 3291 1938 3312 non
1962 3279 2037 3312 dicit
2059 3279 2289 3320 perfectionem
2312 3278 2506 3321 simpliciter,

1433 3326 1476 3357 ita
1500 3336 1558 3358 nec
1582 3326 1686 3357 unitas
1711 3326 1797 3357 eius:
1822 3325 1966 3367 alioquin
1999 3324 2169 3365 paternitas
2193 3331 2223 3355 et
2245 3323 2357 3355 filiatio
2382 3323 2506 3355 divinae

1435 3378 1539 3401 essent
1562 3371 1658 3402 simul
1672 3370 1884 3411 imperfectae,
1909 3368 1984 3410 quia
2006 3378 2073 3399 non
2090 3379 2163 3400 una.
2189 3369 2230 3400 Et
2253 3368 2335 3400 sicut
2349 3378 2417 3400 esse
2433 3368 2506 3399 sub—

1434 3415 1578 3446 stantiale
1608 3415 1683 3446 dicit
1715 3413 1959 3456 perfectionem,
1983 3412 2027 3444 ita
2057 3419 2088 3444 et
2110 3413 2214 3445 unitas
2237 3413 2316 3445 eius.
2345 3412 2507 3444 Abstrahit

1434 3469 1509 3500 ergo
1534 3469 1638 3490 unum
1662 3470 1680 3490 a
1703 3458 1896 3500 perfectione
1922 3464 1953 3488 et
1975 3457 2225 3498 imperfectione.
2251 3475 2271 3480 -
2293 3457 2345 3489 Ad
2367 3456 2506 3498 primun

1434 3513 1509 3534 vero
1534 3503 1772 3543 probationem,
1797 3511 1835 3533 ex
1857 3501 2042 3533 definitione
2065 3501 2209 3533 Anselmi
2223 3501 2253 3538 ⁹,
2277 3500 2392 3533 dicitur
2415 3501 2506 3542 quod
2532 3503 2737 3534 ’ΜΦθῖοτθψ

1434 3546 1540 3578 deficit
1563 3547 1613 3578 hic
1645 3547 1697 3578 illa
1720 3546 1874 3588 particula
1907 3547 2042 3578 melior:
2069 3547 2226 3588 quoniam
2248 3545 2338 3587 quod
2368 3554 2435 3576 non
2459 3551 2506 3576 est

1434 3592 1568 3628 bonum,
1594 3601 1660 3622 non
1684 3597 1790 3632 potest
1812 3600 1879 3622 esse
1899 3591 2023 3623 melius.
2039 3609 2060 3614 —
2074 3591 2126 3623 Ad
2149 3590 2322 3622 secundam
2336 3599 2412 3621 vero
2430 3589 2504 3620 dici-

1435 3643 1495 3672 tur,
1511 3635 1601 3676 quod
1624 3635 1767 3666 reductio
1792 3635 1843 3666 illa
1867 3645 1932 3666 non
1957 3643 2003 3666 est
2023 3635 2152 3677 propria
2167 3633 2414 3676 perfectionibus
2430 3634 2505 3665 sim-

2542 411 2550 421 ·
2565 410 2591 434 S.
2600 410 2647 433 Th.
2662 412 2715 434 lect.
2726 418 2755 434 ιι.

2616 1511 2661 1528 ..ιι
2675 1506 2754 1530 -Did.

2632 1548 2640 1562 t
2654 1536 2706 1562 “P-
2722 1539 2754 1561 Ην

2535 1564 2653 1614 ''ki-ta..
2660 1585 2697 1609 cs.
2706 1586 2753 1609 c.-

2537 1611 2688 1641 preoufflst.
2689 1619 2752 1642 xxiv,

2537 1644 2604 1668 qui-¹.

2537 2443 2546 2453 ·
2561 2441 2626 2465 Loco
2642 2441 2723 2465 elmo-
