2768 4178
71 478 82 489 ⁴
98 477 134 500 Cf.
150 483 214 499 num.
225 483 266 498 vu.

72 1239 81 1249 ⁶
98 1238 135 1260 cf.
150 1244 215 1260 num.
230 1244 247 1259 ι.

76 2261 84 2270 ·
102 2259 138 2282 cf.
149 2264 214 2281 num.
226 2265 252 2281 ιι.

315 269 365 314 84

314 358 381 378 esse
404 348 437 377 in
460 347 570 383 rebus,
595 346 674 376 nihil
698 346 784 376 aliud
808 352 854 376 est
877 356 976 387 quam
1003 346 1186 377 immediate
1210 347 1385 386 producere

313 399 343 423 et
366 401 550 422 conservare
574 401 631 421 res.
657 390 690 421 Si
713 400 788 420 vero
813 390 951 421 sumitur
974 391 1115 421 secundo
1140 391 1250 427 modo,
1272 391 1316 421 sic
1340 398 1387 422 est

313 436 421 467 relatio
446 435 576 466 rationis
600 435 633 464 in
656 435 726 465 Deo
751 445 950 476 consequens
968 441 1151 466 contactum
1175 435 1384 475 praedictum.

367 481 419 511 IX.
436 480 487 510 Ad
502 479 715 510 obiectionem
731 489 806 519 ergo
823 479 909 511 Scoti
920 479 946 515 *,
965 479 1080 510 dicitur
1095 479 1195 519 quod,
1213 479 1386 510 formaliter

312 525 487 566 loquendo,
503 523 554 554 hic
578 530 624 554 est
647 523 799 564 quaestio-
817 524 855 554 de
880 524 1055 564 praesentia
1078 529 1238 563 spectante
1262 524 1302 553 ad
1325 523 1386 554 im—

313 569 527 600 mensitatem:
553 568 607 598 sed
627 578 693 598 non
709 568 749 599 de
764 568 818 599 illa
834 578 933 609 quam
948 568 1015 608 ipse
1031 567 1121 608 fingit
1135 567 1275 608 priorem
1295 568 1386 598 omni

313 620 470 645 contactu.
503 612 564 643 Sed
588 612 763 653 praesentia
789 612 1037 643 immensitatem
1064 621 1280 652 consequens,
1311 621 1385 642 cum

313 669 379 689 non
403 657 503 698 possit
525 657 658 697 intelligi
682 658 802 698 absque
826 663 1041 688 extremorum
1059 656 1232 692 existentia,
1249 656 1309 686 nisi
1333 666 1385 686 su-

313 710 418 734 matur
440 702 473 732 in
497 701 649 742 potentia,
667 709 722 733 aut
736 708 782 733 est
805 701 872 742 ipse
889 707 1052 732 contactus
1076 707 1300 736 creaturarum,
1318 710 1385 741 quo

314 753 472 778 creaturae
495 745 577 777 fiunt
592 753 622 777 et
636 753 711 777 sunt
726 746 769 777 sic
785 747 874 787 quod
893 745 1089 786 impossibile
1113 751 1160 775 est
1183 744 1303 786 aliquid
1318 743 1386 775 fieri

314 799 368 822 aut
392 801 458 822 esse
482 791 572 831 quod
591 801 657 821 non
680 790 783 821 taliter
801 797 947 831 tangatur
970 801 987 820 a
1007 790 1093 826 Deo;
1114 789 1196 820 sicut
1211 789 1387 829 praesentia

314 835 456 876 corporis
489 834 603 866 infiniti
634 835 674 865 ad
698 835 807 866 omnia
829 835 912 871 loca,
939 841 1019 865 esset
1049 840 1213 865 contactus
1237 833 1387 863 omnium

312 881 475 916 locorum,
500 879 543 910 sic
566 880 657 920 quod
679 879 876 919 impossibile
900 886 981 910 esset
1003 879 1082 919 poni
1104 878 1213 909 locum
1240 877 1296 919 qui
1320 887 1386 907 non

313 931 494 965 tangeretur
516 924 555 954 ab
572 934 610 954 eo
627 922 697 966 (sed
717 924 750 954 in
774 924 836 954 hoc
856 923 973 954 fallitur
991 923 1192 963 imaginatio:
1218 921 1294 963 quia
1310 931 1385 952 con-

314 976 415 1000 tactus
437 968 547 999 localis
566 968 720 1009 supponit
735 975 910 1009 utrumque
929 975 1119 1003 extremum;
1145 973 1310 998 contactus
1331 976 1386 996 au-

314 1021 380 1045 tem
404 1013 529 1044 divinus
553 1023 619 1043 non
652 1013 823 1053 supponit,
853 1013 909 1043 sed
941 1012 1015 1043 facit
1045 1018 1217 1047 creaturas;
1243 1010 1386 1052 alioquin

314 1068 381 1088 non
395 1064 476 1088 esset
498 1057 524 1087 is
541 1067 607 1097 quo
623 1067 672 1087 res
691 1056 774 1087 fiunt
796 1063 827 1087 et
846 1055 948 1099 sunt):
974 1063 1030 1087 aut
1052 1063 1100 1087 est
1114 1055 1224 1086 relatio
1241 1065 1386 1096 praesen-

314 1102 383 1138 tiae,
400 1112 463 1143 qua
482 1101 569 1132 Deus
592 1101 719 1132 relative
739 1101 852 1132 dicitur
871 1101 1033 1132 actualiter
1048 1110 1195 1141 praesens
1212 1106 1385 1136 creaturae;

313 1153 344 1177 et
367 1146 444 1176 haec
467 1144 633 1176 manifeste
648 1145 792 1186 sequitur
806 1145 1003 1176 existentiam
1022 1151 1192 1176 creaturae.
1218 1145 1253 1175 In
1268 1154 1387 1185 propo-

313 1191 374 1222 sito
398 1190 503 1230 igitur,
521 1189 693 1220 dicendum
717 1196 763 1220 est
778 1190 868 1231 quod
889 1190 1051 1231 quaeritur
1070 1190 1108 1220 de
1131 1189 1310 1230 praesentia
1327 1189 1386 1220 im-

313 1234 487 1266 mensitatis
511 1234 693 1265 indistincte
706 1234 734 1264 *.

367 1280 435 1310 Nec
463 1278 624 1319 sequitur,
655 1288 734 1320 ergo
765 1279 864 1310 datur
890 1280 958 1310 alia
985 1280 1175 1320 praesentia
1207 1278 1388 1319 spiritualis

313 1324 512 1356 substantiae
527 1324 626 1364 prior
648 1324 851 1364 operatione:
874 1324 1030 1365 quoniam
1053 1323 1230 1364 praesentia
1252 1323 1388 1354 immen-

314 1368 411 1400 sitatis
435 1367 585 1398 coincidit
599 1377 674 1398 cum
690 1367 866 1409 praesentia
889 1378 945 1409 per
968 1368 1197 1409 operationem.
1216 1385 1234 1391 -
1251 1367 1318 1398 Nec
1341 1376 1388 1398 se-

314 1413 440 1455 quitur,
466 1422 546 1453 ergo
571 1417 618 1443 est
641 1412 684 1443 ibi
700 1413 815 1452 petitio
831 1413 997 1453 principii.
1030 1413 1119 1443 Tum
1142 1412 1218 1454 quia
1241 1411 1387 1453 quaestio

315 1465 346 1489 et
369 1457 533 1489 conclusio
558 1463 604 1487 est
627 1457 666 1487 de
689 1456 865 1498 praesentia
889 1457 1086 1488 indistincte:
1112 1457 1257 1488 medium
1280 1463 1387 1487 autem

315 1509 361 1534 est
391 1500 567 1542 praesentia
595 1505 651 1541 per
679 1501 817 1532 modum
845 1501 965 1542 agentis
993 1501 1186 1532 immediati:
1216 1508 1247 1533 et
1274 1501 1318 1532 sic
1342 1507 1389 1532 est

314 1556 482 1588 processus
505 1546 544 1576 ab
567 1545 709 1576 inferiori
733 1545 773 1576 ad
796 1546 941 1587 superius
965 1545 1159 1577 affirmative.
1190 1546 1280 1576 Tum
1302 1545 1387 1586 quia,

315 1591 390 1623 dato
405 1590 494 1632 quod
508 1589 652 1631 quaestio
669 1597 699 1620 et
716 1590 881 1621 conclusio
897 1597 979 1622 esset
1001 1591 1041 1621 de
1064 1590 1291 1622 coniunctione
1311 1599 1388 1620 con-

314 1643 427 1672 tactus,
443 1635 587 1665 medium
603 1641 649 1665 est
666 1633 808 1665 definitio
824 1634 923 1676 ipsius
943 1634 1192 1666 coniunctionis:
1218 1642 1248 1666 et
1264 1634 1308 1665 sic
1322 1643 1389 1664 non

315 1687 362 1711 est
385 1679 507 1721 petitio,
531 1678 687 1720 quoniam
711 1679 912 1710 concluditur
935 1679 1025 1720 quasi
1049 1679 1156 1721 passio
1180 1679 1219 1710 de
1234 1678 1388 1715 subiecto,

315 1734 372 1766 per
395 1723 615 1755 definitionem
634 1723 807 1764 passionis;
831 1724 911 1754 dum
926 1724 1104 1755 ostenditur
1118 1724 1226 1755 Deum
1250 1732 1317 1754 esse
1333 1733 1389 1764 per

315 1769 457 1810 seipsum
481 1767 690 1799 coniunctum
713 1768 876 1807 omnibus,
890 1778 947 1809 per
965 1767 1185 1800 definitionem
1208 1767 1276 1799 eius
1299 1767 1389 1809 quod

316 1820 363 1844 est
390 1823 457 1844 esse
488 1812 698 1844 coniunctum
727 1822 783 1853 per
810 1812 968 1853 seipsum;
1001 1813 1091 1854 quod
1114 1812 1193 1843 nihil
1223 1812 1311 1843 aliud
1342 1818 1389 1843 est

315 1867 414 1899 quam
437 1857 630 1893 immediate,
655 1856 894 1888 immediatione
909 1857 1078 1898 suppositi,
1101 1867 1192 1898 agere
1208 1867 1244 1888 ac
1263 1863 1389 1888 conser-

315 1912 388 1933 vare
412 1901 532 1933 omnia.
555 1901 645 1932 Tum
667 1901 752 1942 quia,
770 1901 796 1932 si
816 1901 960 1942 quaestio
976 1909 1006 1933 et
1021 1901 1185 1933 conclusio
1205 1908 1251 1932 est
1267 1901 1307 1931 de
1322 1910 1389 1931 esse

315 1947 348 1977 in
378 1946 471 1977 rebus
499 1955 556 1987 per
586 1945 773 1977 relationem
805 1946 1015 1986 praesentiae,
1045 1946 1190 1977 medium
1220 1953 1267 1977 est
1297 1944 1388 1987 quasi

315 2001 426 2027 causa,
456 2000 512 2021 seu
541 1989 804 2026 fundamentum,
838 1990 968 2021 maioris
999 1990 1211 2022 extremitatis.
1237 2007 1257 2012 -
1280 1989 1322 2021 Et
1345 1989 1389 2020 sic

316 2042 401 2077 patet
424 2035 530 2076 quod,
559 2034 585 2065 si
610 2034 756 2075 quaestio
786 2034 844 2066 ista
872 2034 1057 2075 intelligitur
1085 2035 1125 2065 de
1148 2044 1215 2065 esse
1238 2034 1271 2064 in
1295 2034 1388 2065 rebus

315 2079 498 2121 specialiter,
514 2088 682 2121 processus
706 2085 753 2110 est
768 2088 786 2109 a
802 2078 909 2119 priori,
927 2079 1044 2111 scilicet
1066 2089 1085 2110 a
1108 2078 1294 2110 definitione
1316 2088 1388 2120 pas-

315 2124 433 2160 sionis,
457 2124 507 2155 vel
531 2134 549 2154 a
572 2123 783 2156 fundamento
806 2123 977 2155 relationis.
1010 2123 1042 2155 Si
1066 2130 1175 2155 autem
1197 2122 1387 2160 indistincte,

316 2169 362 2200 sic
378 2175 424 2199 est
439 2169 478 2199 ab
501 2167 642 2198 inferiori
659 2167 699 2198 ad
713 2167 858 2208 superius
878 2167 1073 2200 affirmative.
1098 2168 1139 2199 Et
1158 2167 1202 2199 sic
1220 2177 1388 2209 nunquam

317 2213 493 2244 admittitur
515 2212 639 2244 vitium.

370 2258 409 2288 X.
423 2256 516 2288 Circa
529 2256 754 2297 probationem
772 2256 928 2287 secundae
943 2255 1188 2298 consequentiae
1202 2255 1228 2293 *,
1253 2255 1390 2287 occurrit

318 2301 453 2333 dubium
478 2311 514 2331 ex
538 2301 645 2336 Scot0,
662 2301 695 2330 in
711 2300 829 2336 Primo,
846 2300 918 2332 dist.
931 2310 1111 2341 xxxvmqu.
1130 2300 1233 2336 unica,
1250 2300 1305 2330 ubi
1321 2300 1390 2331 vult

319 2354 349 2378 et
372 2346 461 2387 quod
484 2345 543 2376 ista
566 2351 729 2385 assumpta
751 2344 940 2385 propositio,
961 2354 1064 2386 agens
1087 2350 1212 2385 oportet
1235 2345 1390 2386 coniungi

318 2392 348 2421 ei
371 2391 404 2421 in
428 2389 513 2431 quod
535 2389 718 2420 immediate
740 2390 822 2430 agit,
847 2396 894 2420 est
918 2388 1009 2419 falsa:
1035 2396 1066 2420 et
1089 2389 1179 2430 quod
1199 2389 1253 2419 illa
1268 2389 1388 2420 Aristo-

318 2434 402 2471 telis,
428 2443 555 2466 movens
577 2439 608 2464 et
631 2438 750 2464 motum
775 2439 899 2474 oportet
922 2443 991 2464 esse
1012 2433 1126 2471 simul,
1152 2441 1198 2465 est
1219 2433 1311 2475 quasi
1334 2443 1390 2474 per

318 2479 477 2510 accidens:
503 2485 534 2509 et
556 2478 646 2519 quod
662 2487 829 2518 processus
845 2477 912 2514 iste,
933 2487 971 2508 ex
993 2477 1042 2508 his
1060 2477 1197 2509 inferens
1220 2478 1327 2509 Deum
1343 2488 1390 2509 se-

319 2524 462 2554 cundum
485 2523 627 2564 seipsum
643 2532 710 2553 esse
733 2529 931 2563 praesentem
947 2522 1108 2559 omnibus,
1126 2532 1192 2553 non
1214 2523 1306 2554 valet.

370 2569 516 2599 Primum
539 2567 635 2608 igitur
658 2567 773 2608 probat
793 2567 846 2598 sic.
871 2567 927 2598 Sol
951 2567 1015 2618 agit
1038 2567 1221 2599 immediate
1245 2567 1300 2598 ubi
1324 2577 1390 2598 non

319 2619 379 2644 est:
404 2621 490 2652 ergo.
515 2611 714 2643 Antecedens
732 2612 901 2652 probatur:
926 2611 1003 2653 quia
1018 2611 1068 2642 sol
1090 2618 1218 2652 generat
1236 2611 1269 2642 in
1292 2612 1390 2644 visce-

318 2657 405 2688 ribus
428 2663 526 2687 terrae
553 2656 708 2687 mineram
730 2656 781 2687 vel
803 2655 936 2697 aliquod
966 2656 1119 2693 mixtum3
1149 2662 1180 2687 et
1205 2656 1391 2697 proximum

319 2701 513 2742 principium
532 2700 705 2732 elicitivum
727 2700 797 2732 talis
813 2700 1024 2740 generationis
1043 2707 1091 2732 est
1106 2701 1280 2733 substantia
1300 2701 1390 2738 solis;

320 2756 405 2786 ergo.
439 2745 536 2783 Quod
561 2745 647 2776 enim
670 2745 844 2776 substantia
873 2745 948 2776 solis
976 2745 1015 2776 sit
1044 2745 1239 2786 principium
1261 2755 1391 2786 genera·

319 2789 415 2822 tionis
435 2789 647 2821 substantialis
670 2788 755 2820 illius
779 2789 878 2825 mixti,
895 2796 989 2829 patet.
1015 2789 1114 2827 Quod
1137 2797 1245 2821 autem
1261 2790 1300 2822 sit
1316 2800 1391 2831 pro-

319 2834 444 2865 ximum
467 2833 670 2875 principium,
692 2834 860 2873 probatur:
885 2834 960 2875 quia
983 2834 1127 2865 accidens
1149 2835 1390 2876 quodcumque,

320 2879 385 2910 sive
403 2878 514 2909 lumen
533 2878 598 2909 sive
616 2877 782 2919 quodlibet
797 2878 893 2915 aliud,
914 2889 980 2909 non
996 2885 1101 2919 potest
1117 2889 1184 2910 esse
1198 2879 1392 2921 principium

320 2922 522 2954 substantiae.
542 2940 563 2946 -
577 2923 749 2959 Praeterea,
767 2932 862 2963 agens
882 2923 1022 2954 naturale
1046 2933 1111 2954 non
1135 2933 1230 2965 posse
1252 2934 1343 2965 agere
1359 2924 1392 2955 in

321 2967 439 2999 distam
462 2967 522 2998 nisi
545 2973 692 3008 praeagat
714 2966 747 2997 in
771 2977 927 3008 praesens,
951 2967 1051 2999 oritur
1073 2978 1110 2999 ex
1134 2968 1232 3000 altero
1256 2968 1390 3000 horum:

320 3011 453 3048 seilicet,
478 3018 534 3042 aut
556 3021 594 3042 ex
617 3021 773 3043 concursu
797 3012 933 3042 duarum
963 3012 1179 3053 potentiarum
1203 3013 1392 3044 subordina-

320 3063 425 3088 tarum
455 3056 489 3086 in
520 3056 635 3087 eodem
663 3062 792 3097 agente;
822 3063 876 3088 aut
900 3066 937 3086 ex
964 3056 1204 3097 imperfectione
1231 3058 1392 3099 potentiae

321 3100 448 3137 activae,
469 3110 535 3131 non
554 3100 692 3142 potentis
715 3101 891 3141 producere
911 3100 1088 3141 perfectius,
1105 3101 1165 3133 nisi
1188 3102 1392 3143 procedendo

321 3145 360 3175 de
383 3144 608 3185 imperfectiori
631 3145 671 3175 ad
694 3145 873 3185 perfectius.
902 3145 1095 3186 Exemplum
1118 3146 1229 3187 primi:
1253 3146 1302 3177 sol
1325 3156 1392 3177 non

321 3195 449 3229 generat
471 3189 550 3227 hoc,
572 3189 633 3220 nisi
655 3189 814 3220 illuminet
841 3189 994 3221 medium.
1026 3190 1221 3233 Exemplum
1243 3190 1391 3222 secundi:

321 3242 473 3273 generans
497 3243 564 3264 non
587 3240 730 3274 generat,
756 3233 816 3264 nisi
848 3234 958 3266 alteret
979 3241 1010 3266 et
1033 3234 1199 3276 disponat,
1224 3242 1282 3267 etc.
1307 3235 1392 3277 Ergo

322 3287 417 3318 agens
440 3288 506 3308 non
530 3287 627 3318 posse
648 3287 740 3319 agere
755 3278 787 3309 in
808 3277 925 3310 distans
942 3279 1019 3320 quin
1035 3287 1106 3320 agat
1121 3280 1154 3310 in
1173 3289 1330 3321 praesens,
1347 3286 1394 3310 est

322 3329 452 3362 propter
474 3322 548 3354 istas
571 3322 780 3354 conditiones.
807 3322 904 3363 Igitur
927 3333 992 3354 non
1017 3330 1064 3355 est
1086 3324 1298 3356 necessarium
1318 3323 1392 3355 sim-

323 3365 457 3406 pliciter:
483 3367 557 3409 quia
580 3374 686 3408 potest
709 3367 775 3399 dari
799 3377 904 3408 agens,
922 3368 955 3398 in
979 3377 1045 3408 quo
1061 3375 1173 3400 neutra
1188 3369 1304 3400 harum
1317 3377 1392 3400 con-

324 3409 483 3441 ditionum
507 3411 600 3442 habet
623 3411 741 3443 locum.

379 3454 420 3484 Et
435 3454 509 3485 hinc
527 3455 670 3496 sequitur
688 3456 884 3488 secundum:
906 3456 982 3498 quia
1001 3464 1131 3498 propter
1146 3457 1220 3489 istas
1239 3456 1393 3489 conditio-

324 3507 380 3529 nes
402 3497 579 3530 verificatur
601 3500 640 3530 de
664 3500 867 3532 moventibus
890 3507 922 3532 et
944 3500 1051 3532 motis.

378 3542 418 3573 Et
441 3544 589 3575 tertium.-
612 3544 687 3585 quia
715 3545 802 3576 Deus
831 3552 877 3577 est
901 3554 995 3586 agens
1024 3546 1246 3587 omnipotens,
1270 3546 1303 3577 in
1327 3554 1394 3587 quo

325 3586 412 3617 nulla
434 3586 549 3618 harum
575 3588 798 3620 conditionum
821 3589 988 3630 reperitur;
1013 3596 1045 3621 et
1067 3599 1246 3641 propterea,
1272 3599 1309 3622 ex
1331 3589 1394 3621 hoc

324 3629 413 3671 quod
436 3630 618 3663 immediate
639 3633 786 3673 producit
802 3634 932 3675 aliquid,
951 3643 1017 3665 non
1042 3635 1184 3676 sequitur
1207 3633 1392 3670 necessario,

1025 266 1295 313 QUAESTIO
1325 267 1428 314 VIII,
1459 267 1758 306 ARTICULUS
1789 271 1802 305 Ι

1442 356 1522 387 ergo
1546 347 1721 378 secundum
1743 349 1882 388 seipsum
1901 355 1947 380 est
1957 358 2117 389 praesens
2134 349 2190 380 illi.
2208 367 2226 372 -
2241 350 2282 380 Et
2299 348 2515 386 confirmatur,

1441 390 1554 431 inquit,
1579 391 1641 422 hoc
1665 393 1794 423 tertium
1819 393 1995 433 dupliciter.
2020 394 2141 431 Primo,
2164 393 2249 434 quia,
2275 393 2300 423 si
2324 394 2411 424 Deus
2435 401 2516 424 esset

1440 434 1474 465 in
1493 435 1602 476 aliquo
1627 443 1711 467 certo
1736 437 1808 473 situ,
1833 444 1942 477 posset
1957 438 2140 469 immediate
2156 438 2331 478 producere
2347 438 2468 479 aliquid
2483 438 2515 468 in

1441 489 1646 520 quacumque
1670 481 1825 518 distantia,
1842 482 1918 522 quia
1942 489 2022 513 esset
2045 482 2272 522 omnipotens:
2298 492 2372 522 ergo
2397 492 2434 512 ex
2457 482 2515 512 im-

1441 523 1579 555 mediata
1602 525 1813 564 productione
1836 536 1903 556 non
1927 526 2102 557 necessario
2122 526 2255 557 infertur
2274 526 2450 567 praesentia
2469 536 2515 557 se-

1442 568 1586 598 cundum
1609 569 1789 601 essentiam.
1813 570 1972 608 Secundo,
1997 571 2074 612 quia
2097 570 2204 612 posito
2228 570 2341 612 priori,
2371 580 2438 601 non
2462 580 2515 601 ne-

1442 613 1576 643 cessario
1608 613 1751 654 sequitur
1781 614 1899 655 positio
1930 615 2132 655 posterioris:
2165 615 2220 645 sed
2248 615 2424 656 praesentia
2457 615 2516 646 Dei

1441 657 1619 687 secundum
1641 658 1838 698 potentiam,
1863 666 1910 690 est
1932 660 2020 699 prior
2042 659 2218 700 praesentia
2242 659 2310 690 eius
2338 659 2517 690 secundum

1441 701 1665 732 substantiam:
1690 712 1766 743 ergo
1789 703 1894 743 posita
1916 703 1978 740 illa,
1999 713 2066 734 non
2090 710 2137 735 est
2160 713 2286 734 necesse
2310 704 2388 744 poni
2411 704 2514 735 istam.

1441 745 1597 776 Probatur
1611 745 1731 777 minor:
1756 747 1832 788 quia
1847 748 1936 799 prius
1955 754 2067 779 natura
2086 755 2227 779 creatura
2242 748 2390 779 terminat
2408 755 2517 780 actum

1442 789 1564 820 divinae
1592 791 1764 831 potentiae,
1788 801 1887 832 quam
1911 792 1951 823 sit
1974 793 2002 823 ei
2026 793 2114 824 Deus
2133 802 2291 833 praesens,
2318 799 2354 823 ut
2371 799 2458 834 patet
2483 793 2516 823 in

1441 833 1543 873 prima
1566 835 1680 865 mundi
1704 836 1925 876 productione.

1495 877 1548 908 XI.
1568 878 1620 908 Ad
1643 879 1834 910 evidentiam
1857 881 1985 918 horum,
2006 881 2171 912 sciendum
2195 888 2242 912 est
2262 882 2361 923 quod,
2386 882 2462 923 quia
2483 881 2516 911 in

1441 921 1490 951 his
1513 922 1679 973 agentibus
1695 933 1779 964 quae
1802 925 1888 965 apud
1911 935 1971 956 nos
1995 932 2079 962 sunt,
2104 926 2264 957 invenitur
2286 926 2404 967 duplex
2427 935 2516 966 prae-

1441 965 1541 997 sentia
1556 967 1676 1006 agentis
1695 968 1736 997 ad
1758 978 1899 1008 passum,
1923 970 2020 1000 altera
2035 970 2172 1008 stimulis,
2190 980 2255 1011 qua
2273 970 2387 1001 ultima
2403 979 2517 1001 eorum

1441 1017 1516 1041 sunt
1539 1010 1650 1047 simul,
1675 1012 1778 1042 altera
1795 1013 1962 1051 virtualis,
1987 1024 2052 1055 qua
2075 1014 2218 1055 operatio
2242 1015 2363 1055 agentis
2393 1014 2518 1055 attingit

1441 1054 1589 1086 effectum
1612 1065 1668 1086 seu
1691 1066 1832 1096 passum,
1850 1057 1977 1088 nullum
2001 1058 2185 1109 attingendo
2209 1059 2363 1096 medium,
2383 1059 2449 1090 sive
2468 1059 2516 1089 in-

1441 1099 1528 1131 tersit
1551 1099 1672 1141 aliquid
1691 1100 1756 1131 sive
1780 1111 1857 1138 non,
1875 1101 2021 1134 distincta
2036 1109 2082 1134 est
2098 1103 2193 1134 etiam
2216 1103 2249 1134 in
2273 1103 2437 1144 agentibus
2451 1104 2517 1144 spi-

1441 1144 1608 1176 ritualibus
1627 1145 1746 1186 duplex
1761 1146 1953 1186 praesentia:
1979 1146 2075 1178 altera
2093 1147 2271 1178 secundum
2290 1148 2515 1186 substantiam,

1442 1199 1505 1230 qua
1528 1189 1597 1230 ipsa
1620 1190 1794 1222 substantia
1818 1190 1938 1231 agentis
1963 1190 2102 1228 definita,
2127 1198 2182 1222 aut
2205 1191 2296 1233 quasi
2319 1191 2448 1223 definita
2471 1199 2518 1223 est

1441 1233 1516 1264 huic
1532 1243 1641 1274 passo;
1666 1235 1762 1266 altera
1777 1235 1956 1266 secundum
1971 1237 2134 1274 virtutem,
2159 1235 2240 1267 sicut
2262 1236 2295 1266 in
2319 1236 2515 1276 supradictis.

1441 1278 1482 1309 Et
1506 1286 1636 1319 propter
1659 1279 1740 1310 hanc
1769 1279 1931 1320 duplicem
1962 1280 2190 1320 praesentiam,
2215 1280 2370 1312 laboravit
2391 1287 2518 1312 tantum

1442 1322 1556 1354 Scotus
1575 1322 1607 1359 ⁴,
1632 1323 1803 1365 imponens
1836 1334 1860 1356 s.
1877 1324 2025 1355 Thomae
2057 1331 2226 1366 utramque
2260 1324 2518 1356 contradictionis
2543 1331 2556 1343 ⁶

1442 1374 1581 1407 partem:
1607 1374 1638 1399 et
1660 1369 1751 1409 qtiod
1774 1369 1883 1409 posuit
1906 1369 2044 1410 primam
2072 1369 2283 1410 praesentiam
2306 1369 2339 1399 in
2362 1369 2425 1400 hoc
2447 1369 2518 1401 ard—

1443 1412 1526 1448 culo,
1542 1418 1573 1443 et
1595 1413 1686 1453 quod
1708 1413 1833 1454 negavit
1856 1423 1927 1444 eam
1950 1413 1983 1444 in
2007 1414 2138 1445 materia
2162 1414 2201 1444 de
2220 1414 2294 1445 loco
2314 1413 2516 1454 angelorum:

1443 1463 1474 1487 et
1497 1457 1586 1498 quod
1610 1457 1683 1498 plus
1706 1464 1768 1494 est,
1796 1458 1887 1498 quod
1909 1458 1996 1499 apud
2020 1468 2043 1489 s.
2061 1458 2227 1489 Thomam
2249 1458 2317 1495 hic,
2342 1457 2519 1499 praesentia

1442 1501 1621 1532 secundum
1649 1501 1859 1533 substantiam
1887 1509 1934 1534 est
1955 1502 2044 1544 prior
2073 1512 2171 1544 quam
2199 1502 2378 1534 secundum
2400 1503 2516 1544 poteria

1442 1545 1530 1577 tiam.
1551 1545 1613 1577 Sed
1629 1545 1724 1586 longe
1739 1546 1829 1578 aliter
1843 1553 1901 1578 est.
1926 1547 2091 1584 Quoniam
2110 1547 2196 1588 apud
2216 1557 2240 1578 s.
2253 1546 2428 1584 Thomm,
2445 1547 2518 1579 licet

1443 1589 1531 1621 aliud
1554 1590 1594 1621 sit
1617 1600 1684 1621 esse
1707 1597 1906 1631 praesentem
1929 1591 2109 1622 secundum
2131 1591 2351 1628 substantiam,
2377 1597 2408 1622 et
2430 1591 2518 1623 aliud

1443 1635 1621 1665 secundum
1644 1635 1840 1676 potentiam;
1865 1645 1931 1666 non
1947 1643 2054 1667 tamen
2071 1635 2157 1667 aliud
2173 1643 2221 1667 est
2236 1645 2304 1667 esse
2319 1643 2518 1676 praesentem

1443 1679 1623 1710 secundum
1648 1679 1865 1716 substantiam,
1890 1686 1922 1711 et
1944 1680 2031 1711 aliud
2054 1680 2233 1711 secundum
2256 1679 2436 1722 potentiam
2458 1680 2517 1711 im·

1444 1723 1582 1754 mediate
1597 1725 1809 1765 attingentem
1826 1723 1974 1765 effectum
1990 1734 2048 1755 seu
2061 1733 2218 1766 passum:
2240 1724 2416 1765 praesentia
2431 1724 2518 1756 enim

1443 1767 1619 1809 potentiae,
1645 1774 1681 1799 ut
1703 1768 1736 1798 in
1761 1768 1906 1809 sequenti
1922 1766 1938 1784 ⁸¹
1962 1774 2048 1810 patet
2075 1769 2226 1806 articulo,
2250 1778 2317 1800 non
2341 1768 2437 1810 exigit
2457 1769 2518 1800 im·

1443 1812 1672 1844 mediationem
1695 1812 1864 1854 suppositi.
1888 1813 1955 1844 Nec
1977 1820 2085 1844 tamen
2104 1820 2179 1844 sunt
2194 1813 2329 1844 omnino
2345 1813 2431 1845 idem
2450 1823 2518 1845 esse

1443 1863 1641 1896 praesentem
1660 1857 1838 1888 secundum
1854 1857 2073 1895 substantiam,
2094 1863 2125 1889 et
2142 1857 2321 1889 secundum
2340 1857 2518 1899 potentiam

1443 1900 1626 1932 immediate
1645 1908 1802 1941 agentem,
1818 1908 1892 1933 etc.:
1913 1901 1968 1932 sed
1985 1901 2224 1942 distinguuntur
2238 1901 2320 1934 sicut
2335 1901 2415 1934 ratio
2431 1906 2519 1943 prae—

1444 1945 1562 1975 sentiae
1585 1951 1615 1976 et
1638 1954 1686 1976 res
1710 1954 1866 1986 praesens.
1898 1945 2066 1983 Quoniam
2088 1945 2272 1978 immediate
2296 1946 2465 1988 attingere
2471 1952 2519 1979 est

1444 1989 1523 2020 ratio
1540 1989 1744 2030 praesentiae,
1762 1999 1829 2020 non
1844 1990 1952 2021 solum
1976 1990 2146 2031 potentiae,
2167 1991 2223 2021 sed
2241 1991 2451 2030 substantiae:
2474 1989 2519 2023 ita

1443 2034 1543 2075 quod,
1564 2033 1645 2066 sicut
1667 2034 1842 2066 substantia
1865 2034 1989 2071 situata,
2014 2034 2076 2066 situ
2101 2041 2148 2066 est
2170 2044 2328 2076 praesens,
2353 2042 2385 2067 et
2410 2042 2520 2067 tamen

1443 2078 1513 2120 ipsa
1535 2078 1710 2110 substantia
1733 2086 1781 2110 est
1803 2087 1970 2120 praesens,
1994 2076 2039 2111 ita
2062 2079 2237 2111 substantia
2264 2078 2437 2121 spiritualis
2458 2079 2519 2111 im·

1444 2122 1582 2154 mediata
1604 2123 1791 2155 attinctione
1815 2130 1862 2155 est
1885 2133 2049 2174 praesens,
2074 2123 2117 2155 ita
2139 2123 2230 2165 quod
2252 2123 2322 2165 ipsa
2343 2123 2520 2156 substantia

1445 2174 1491 2198 est
1514 2176 1678 2208 praesens,
1704 2174 1735 2198 et
1758 2177 1823 2198 non
1848 2167 1992 2208 operatio
2016 2167 2098 2204 eius,
2123 2175 2160 2199 ut
2187 2168 2281 2209 quod.
2311 2168 2353 2200 Et
2375 2167 2419 2200 sic
2441 2169 2519 2201 istae

1445 2211 1526 2242 duae
1550 2211 1753 2251 praesentiae,
1778 2212 1811 2242 in
1835 2211 2062 2252 spiritualibus,
2081 2221 2149 2243 non
2172 2212 2308 2244 ommno
2331 2213 2414 2244 duae
2433 2213 2518 2250 sunt,

1444 2265 1503 2286 nec
1526 2255 1661 2286 omnino
1686 2265 1766 2286 una:
1792 2256 1847 2286 sed
1871 2256 1988 2288 habent
2010 2266 2044 2287 se
2067 2256 2175 2288 medio
2198 2257 2315 2294 modo,
2342 2257 2460 2289 scilieet
2482 2261 2519 2289 ut

1444 2309 1508 2341 quo
1524 2306 1555 2331 et
1569 2300 1662 2340 quod.
1687 2299 1729 2332 Et
1752 2307 1919 2341 propterea
1943 2300 2080 2332 diximus
2095 2300 2114 2320 ¹⁸
2136 2301 2226 2343 quod
2249 2301 2282 2332 in
2304 2301 2416 2338 littera,
2436 2310 2519 2343 quae
2546 2308 2556 2318 ·

1445 2354 1482 2375 ex
1505 2344 1687 2375 immediate
1711 2344 1862 2385 attingere
1885 2345 2048 2376 concludit
2071 2345 2282 2386 praesentiam
2304 2345 2516 2383 substantiae,

1445 2388 1628 2430 proceditur
1643 2399 1661 2419 a
1677 2387 1861 2420 definitione
1884 2389 1924 2420 ad
1948 2389 2125 2426 definitum,
2141 2389 2222 2421 idest
2241 2400 2259 2420 a
2277 2390 2399 2422 ratione
2423 2390 2463 2422 ad
2485 2389 2519 2421 id

1446 2433 1537 2464 cuius
1560 2440 1606 2465 est
1629 2433 1718 2464 ratio.

1499 2477 1567 2509 XII.
1583 2477 1635 2509 Ad
1648 2477 1786 2509 rationes
1801 2487 1878 2518 ergo
1892 2478 1978 2510 Scoti
1993 2478 2015 2498 ¹⁸¹
2034 2478 2217 2520 singillatim
2236 2478 2382 2516 dicendo,
2398 2479 2439 2510 ad

1446 2532 1544 2561 mam,
1560 2529 1694 2563 negatur
1716 2522 1805 2564 quod
1821 2522 1870 2553 sol
1889 2530 1961 2563 agat
1978 2522 2189 2554 immediate
2180 2533 2213 2554 in
2230 2523 2362 2554 distans.
2386 2523 2518 2555 falsum-

1445 2576 1509 2608 que
1533 2573 1580 2598 est
1602 2567 1691 2608 quod
1707 2566 1811 2598 forma
1834 2567 2046 2599 substantialis
2066 2567 2106 2599 sit
2128 2567 2302 2599 elicitivum
2325 2567 2519 2610 principium

1445 2611 1656 2652 generationis
1675 2611 1823 2643 minerae.
1848 2612 2014 2650 Quoniam
2029 2612 2204 2644 substantia
2222 2612 2342 2643 nullius
2361 2612 2519 2654 operatio—

1446 2656 1495 2687 nis
1512 2663 1558 2688 est
1574 2655 1760 2697 proximum
1778 2663 1810 2688 et
1825 2656 1999 2688 elicitivum
2013 2656 2217 2698 principium,
2229 2663 2266 2689 ut
2280 2656 2314 2688 in
2329 2665 2384 2698 qu.
2391 2657 2520 2689 uam·
2545 2659 2557 2672 ⁸

1446 2701 1631 2733 ostendetur
1649 2699 1771 2731 diffuse.
1791 2700 1880 2732 Nec
1872 2701 2056 2733 inconvenit
2078 2701 2224 2733 accidens
2239 2710 2308 2732 esse
2325 2701 2519 2744 princrpium

1446 2745 1687 2777 instrumentale
1701 2745 1912 2786 generationis
1931 2746 2137 2778 substantiae:
2163 2745 2412 2778 instrumentum
2432 2746 2519 2778 enim

1447 2800 1514 2821 non
1537 2797 1585 2822 est
1608 2799 1716 2826 causa,
1742 2789 1797 2820 sed
1821 2799 1933 2821 causae
1956 2799 2124 2832 organum.

1500 2834 1583 2866 xm.
1607 2834 1660 2865 Ad
1681 2833 1855 2865 secundam
1874 2844 1952 2865 vero
1975 2834 2099 2871 dicitur,
2119 2834 2210 2876 quod
2227 2841 2359 2876 propter
2373 2841 2519 2867 neutram

1447 2879 1574 2910 illarum
1591 2888 1758 2910 causarum
1782 2878 1929 2910 convenit
1944 2879 2112 2920 agentibus
2130 2878 2326 2911 naturatibus
2341 2887 2409 2910 non
2423 2887 2519 2920 posse

1448 2933 1539 2965 agere
1567 2923 1601 2954 in
1625 2923 1763 2959 distans,
1789 2922 1848 2954 nisi
1870 2923 1903 2954 in
1927 2923 2149 2966 propinquum
2175 2929 2362 2965 praeagant:
2386 2923 2444 2955 sed
2471 2929 2519 2955 est

1447 2975 1578 3010 propter
1607 2967 1884 3009 imperfectionem
1906 2968 2050 3010 negative
2073 2968 2284 3010 pertinentem
2305 2967 2346 2998 ad
2367 2966 2519 3000 virtutem

1448 3012 1582 3044 activam
1611 3012 1803 3054 inquantum
1834 3011 1967 3044 limitata
1997 3019 2053 3045 est.
2082 3012 2123 3044 Et
2149 3011 2225 3043 ideo
2252 3018 2428 3043 reservatur
2456 3010 2519 3044 hoc

1448 3057 1508 3088 soli
1527 3057 1607 3088 Deo.
1621 3074 1642 3080 -
1653 3057 1746 3088 Hanc
1762 3056 1917 3088 rationem
1933 3067 1970 3088 ex
1985 3056 2129 3088 sensibus
2144 3055 2340 3097 accepimus:
2358 3056 2428 3088 illas
2442 3065 2519 3088 vem

1448 3102 1562 3133 Scotus
1584 3100 1684 3133 finxit.
1707 3101 1801 3133 Unde
1824 3101 2019 3139 Aristoteles,
2039 3100 2096 3133 vn
2113 3101 2240 3142 rustic.
2255 3099 2281 3137 ⁸,
2306 3100 2520 3133 induetiveea

1448 3145 1647 3177 sensibilibus
1670 3146 1783 3187 probat
1806 3155 1949 3183 movens,
1974 3146 2070 3178 etiam
2094 3144 2311 3182 irrtemionale,
2335 3152 2368 3178 et
2390 3147 2519 3178 motam

1448 3197 1595 3231 oportere
1619 3199 1687 3221 esse
1709 3190 1822 3226 simun
1847 3197 1883 3222 ut
1905 3197 1991 3231 patet
2013 3190 2056 3222 ibi
2079 3189 2119 3220 de
2142 3189 2273 3221 obiectis
2297 3195 2460 3222 sensuum.

1501 3234 1584 3266 XIV.
1600 3234 1642 3266 Et
1657 3234 1682 3265 si
1697 3241 1866 3276 quaeratur
1879 3244 1963 3277 quae
1976 3233 2162 3266 universalis
2174 3234 2256 3265 ratio
2267 3234 2308 3266 sit
2321 3234 2413 3276 quod
2423 3243 2519 3276 agens

1448 3285 1478 3311 et
1501 3279 1725 3319 immediatum
1751 3278 1874 3320 patiens
1898 3284 2025 3320 oportet
2047 3287 2116 3310 esse
2137 3277 2246 3315 simul,
2272 3287 2327 3310 seu
2351 3278 2517 3320 eoniuqi:

1447 3324 1658 3364 respondetur
1680 3324 1779 3365 quod,
1797 3333 1873 3354 cum
1894 3332 1963 3355 esse
1982 3322 2077 3354 simul
2101 3332 2157 3354 seu
2181 3322 2344 3364 coniungi,
2359 3329 2392 3354 et
2405 3322 2519 3354 imme·

1447 3368 1529 3399 diate
1553 3367 1714 3409 attingere,
1734 3377 1801 3399 non
1821 3366 2022 3399 uniformiter
2044 3376 2078 3398 se
2100 3367 2244 3404 habeam,
2265 3376 2332 3398 non
2353 3373 2461 3409 potest
2474 3367 2519 3398 eis

1447 3412 1617 3443 uniformis
1632 3412 1713 3444 ratio
1728 3412 1888 3453 assignari.
1909 3411 1978 3443 Iam
1991 3411 2078 3442 enim
2094 3411 2216 3443 dictum
2232 3409 2303 3443 est*
2321 3411 2414 3453 quod
2430 3420 2518 3453 prae·-

1447 3457 1547 3488 sentia
1578 3456 1772 3488 substantiae
1803 3463 1834 3488 et
1861 3455 2037 3497 praesentia
2064 3456 2227 3497 potentiae
2254 3455 2454 3493 immediate,
2485 3455 2519 3486 in

1447 3501 1641 3542 quibusdam
1673 3507 1748 3532 sunt
1778 3500 1914 3532 omnino
1944 3500 2100 3538 diversae,
2132 3500 2166 3532 in
2187 3500 2381 3543 quibusdam
2411 3505 2519 3532 autem

1448 3545 1641 3576 coincidunt.
1666 3545 1708 3576 Et
1723 3550 1891 3586 propterea
1910 3544 2080 3576 dicendum
2100 3551 2147 3577 est
2160 3544 2260 3587 quod,
2279 3544 2336 3576 ubi
2350 3544 2410 3575 hae
2428 3553 2518 3586 prae·

1447 3589 1564 3620 sentiae
1588 3596 1664 3620 sunt
1686 3588 1821 3620 omnino
1845 3589 1994 3626 diversae,
2012 3589 2188 3631 praesentia
2209 3588 2403 3630 operationis
2426 3588 2520 3620 infert

1448 3633 1657 3674 praesentiam
1688 3633 1847 3674 potentiae
1860 3657 1867 3670 ‚
1893 3643 1930 3664 ex
1952 3634 2140 3666 limitatione
2164 3633 2299 3675 agentis:
2331 3633 2386 3664 ubi
2411 3640 2519 3665 autem

2569 1331 2606 1355 ᾱ.
2620 1338 2686 1356 num.
2696 1338 2738 1355 vn.

2545 1771 2554 1782 ·
2569 1763 2663 1794 Anaia

2570 2306 2643 2330 Nam.
2653 2312 2686 2329 ix.

2498 2480 2518 2503 ὀ
2547 2487 2555 2495 ·
2571 2484 2611 2508 Cf.
2626 2490 2693 2508 nun.
2707 2491 2732 2507 x.

2546 3103 2557 3115 ⁸
2566 3103 2625 3132 Cap.
2636 3108 2661 3131 ιι,
2671 3108 2694 3126 ιι.
2704 3109 2725 3133 3,
2735 3109 2760 3130 4.

2546 3415 2555 3424 ”
2570 3413 2643 3437 uun.
2651 3420 2686 3437 ιι.
