2768 4178
108 1113 119 1124 ⁸
134 1112 202 1134 Vers.
216 1118 255 1140 47.

346 335 420 371 262

348 414 478 452 Minus
513 414 614 450 enim
650 420 706 450 est
739 413 845 461 quod
879 413 1071 450 sufficeret
1105 411 1153 448 ad
1187 423 1416 448 conservan-

344 468 440 505 dum
459 474 467 488 ¹
496 467 669 504 ordinem
699 465 871 513 iustitiae,
893 477 1010 515 quarn
1030 464 1137 513 quod
1157 463 1286 502 divina
1309 464 1415 502 boni-

347 529 405 558 tas
426 520 582 568 confert,
612 531 711 568 quae
732 531 889 556 omnem
910 517 1201 568 proportionem
1222 525 1416 554 creaturae

349 573 506 611 excedit.

402 629 460 663 AD
480 638 617 663 PmMUM
637 637 735 662 ERGO
754 637 938 662 monimum
964 623 1068 672 quod
1088 623 1280 671 quaedam
1299 635 1417 672 opera

349 679 602 717 attribuuntur
625 678 797 725 iustitiae,
829 685 865 714 et
892 678 1084 726 quaedam
1111 676 1415 723 misericordiae,

350 732 440 781 quia
467 732 507 769 in
537 732 767 781 quibusdam
787 730 1054 768 vehementius
1079 737 1237 778 apparet
1265 729 1414 776 iustitia,

349 786 387 822 in
407 785 638 833 quibusdam
657 784 917 822 misericordia
937 790 960 821 ’ἢ
983 784 1032 820 Et
1051 790 1180 819 tamen
1200 782 1239 818 in
1259 782 1416 819 damna-

349 838 451 876 tione
472 839 726 888 reproborum
752 845 910 886 apparet
928 835 1207 882 misericordia,
1238 847 1317 872 non
1336 835 1418 883 qui-

351 892 440 929 dem
454 891 615 929 totaliter
626 892 809 938 relaxans,
821 892 888 927 sed
900 889 1107 939 aliqualiter
1117 888 1311 936 allevians,
1324 888 1415 925 dum

349 945 458 994 punit
487 945 577 982 citra
606 944 851 992 condignum.
882 944 931 980 Et
958 943 996 979 in
1024 941 1286 979 iustificatione
1310 940 1417 990 impii

350 1005 508 1047 apparet
526 997 675 1045 iustitia,
703 997 794 1034 dum
821 997 950 1045 culpas
979 996 1119 1032 relaxat
1141 1002 1299 1043 propter
1327 994 1417 1031 dile-

351 1051 528 1097 ctionem,
550 1063 668 1098 quam
687 1058 817 1087 tamen
832 1049 912 1098 ipse
929 1048 1222 1085 misericorditer
1235 1047 1416 1085 infundit:

350 1103 446 1141 sicut
470 1103 517 1140 de
534 1103 762 1151 Magdalena
777 1102 921 1150 legitur,
939 1103 1089 1138 Luc.'vu
1104 1101 1141 1138 *τ
1163 1101 1315 1138 dimissa
1333 1106 1421 1138 sunt

349 1157 386 1193 ei
404 1162 563 1205 peccata
583 1156 712 1202 multa,
742 1156 922 1204 quoniam
951 1155 1083 1192 dilexit
1107 1154 1278 1191 multum.

402 1211 462 1246 An
490 1222 681 1247 SECUNDUM
709 1221 894 1246 DICENDUM
914 1208 1020 1258 quod
1048 1207 1184 1256 iustitia
1214 1215 1249 1244 et
1275 1207 1418 1244 miseri-

351 1262 480 1300 cordia
508 1263 580 1300 Dei
609 1270 766 1312 apparet
794 1262 831 1299 in
857 1261 1109 1299 conversione
1130 1261 1361 1298 Iudaeorum
1383 1268 1418 1297 et

351 1316 550 1354 Gentium:
572 1316 640 1353 sed
658 1316 784 1365 aliqua
805 1315 898 1352 ratio
917 1314 1076 1352 iustitiae
1097 1321 1254 1363 apparet
1269 1314 1307 1351 in
1329 1326 1418 1351 con-

404 1430 422 1462 ι)
441 1430 664 1455 conservandum.
681 1443 700 1448 -
717 1429 878 1455 servandum
898 1429 1042 1454 ABCDEF.

402 1468 428 1498 x)
448 1465 640 1491 misericordia.
657 1479 676 1484 —
695 1466 830 1490 invenitur
849 1466 890 1490 vel
906 1468 1021 1497 apparet
1040 1465 1108 1490 addit
1126 1466 1157 1490 Β.

1024 332 1292 380 QUAESTlo
1321 332 1428 379 XXI,

1458 330 1755 368 ARTICULUS
1785 330 1837 366 IV

1469 410 1645 448 versione
1675 410 1927 456 Iudaeorum,
1962 421 2060 458 quae
2089 421 2168 446 non
2196 417 2354 458 apparet
2381 409 2420 447 in
2449 422 2538 447 con-

1469 463 1644 501 versione
1665 463 1858 511 Gentium,
1884 463 1979 500 sicut
1999 462 2106 510 quod
2126 462 2260 499 salvati
2279 470 2366 500 sunt
2382 471 2540 512 propter

1469 517 1749 566 promissiones
1777 516 1952 553 Patribus
1981 516 2108 552 factas.

1524 572 1582 607 AD
1611 582 1770 607 Teanum
1798 581 1982 607 mcaNDUM
2007 569 2111 617 quod
2141 568 2179 605 in
2207 569 2281 605 hoc
2302 568 2415 605 etiam
2434 569 2540 618 quod

1470 622 1554 660 iusti
1572 623 1783 672 puniuntur
1809 623 1847 660 in
1874 624 1951 659 hoc
1982 623 2142 669 mundo,
2169 629 2328 671 apparet
2346 621 2483 659 iustitia
2503 629 2540 659 et

1470 676 1747 722 misericordia;
1778 676 2004 724 inquantum
2032 688 2100 724 per
2119 675 2340 712 huiusmodi
2369 675 2539 712 afflictio-

1471 741 1538 766 nes
1567 729 1694 777 aliqua
1721 729 1821 767 levia
1848 729 1887 766 in
1917 729 1969 766 eis
1997 737 2227 778 purgantur,
2258 736 2295 765 et
2323 728 2371 765 ab
2400 728 2540 766 affectu

1471 789 1709 819 terrenorum
1737 782 1776 819 in
1795 783 1923 819 Deum
1945 782 2065 830 magis
2090 782 2296 830 eriguntur3
2326 782 2540 819 secundum

1471 835 1562 871 illud
1592 835 1763 882 Gregorii
1786 835 1822 871 *ε
1852 835 1954 872 mala
1979 847 2076 884 quae
2109 836 2145 872 in
2178 837 2250 872 hoc
2277 835 2417 872 mundo
2437 847 2506 872 nos
2527 833 2540 856 λ

1466 893 1657 936 premunt,
1686 888 1738 924 ad
1763 889 1889 924 Deum
1922 900 1989 925 nos
2017 889 2073 925 ire
2105 889 2340 937 compellunt.

1524 942 1583 977 An
1613 952 1786 982 QUARTUM
1813 952 1998 978 mcaNDUM
2019 941 2135 990 quod,
2157 942 2243 979 licet
2263 942 2442 979 creationi
2462 954 2541 979 non

1470 1001 1804 1042 praesupponatur
1822 993 1963 1042 aliquid
1981 994 2020 1030 in
2040 1007 2166 1031 rerum
2188 1002 2334 1042 natura,
2358 1008 2542 1044 praesup-

1471 1046 1626 1096 ponitur
1652 1054 1783 1083 tamen
1811 1046 1953 1095 aliquid
1981 1046 2020 1084 in
2048 1047 2121 1084 Dei
2151 1047 2378 1095 cognitione.
2409 1049 2458 1086 Et
2483 1061 2541 1086 se-

1473 1100 1643 1137 cundum
1662 1100 1737 1136 hoc
1767 1099 1881 1136 etiam
1910 1100 2078 1137 salvatur
2106 1100 2272 1141 ibiratio
2295 1101 2465 1149 iustitiae,
2487 1102 2542 1139 in-

1472 1161 1658 1202 quantum
1687 1165 1746 1189 res
1774 1152 1813 1189 in
1842 1165 1924 1189 esse
1953 1153 2186 1202 producitur,
2202 1154 2416 1191 secundum
2436 1155 2541 1204 quod

1474 1206 1653 1244 convenit
1673 1206 1825 1243 divinae
1850 1206 2056 1255 sapientiae
2087 1213 2122 1243 et
2146 1206 2314 1244 bonitati.
2343 1208 2393 1244 Et
2421 1209 2542 1246 salva-

1471 1267 1532 1297 tur
1560 1259 1852 1309 quodammodo
1882 1259 1975 1296 ratio
1998 1259 2294 1308 misericordiae,
2314 1259 2540 1310 inquantum

1472 1326 1532 1350 res
1560 1313 1607 1350 de
1636 1326 1715 1350 non
1745 1325 1826 1350 esse
1855 1313 1894 1350 in
1923 1325 2007 1350 esse
2035 1320 2213 1351 mutatur.

1525 1427 1553 1461 λ)
1574 1436 1629 1454 nos.
1647 1443 1666 1448 —
1685 1428 1747 1453 Om.
1766 1429 1868 1453 codices
1888 1434 1914 1453 et
1931 1428 1972 1453 hic
1992 1434 2017 1453 et
2035 1436 2104 1454 mox.

1027 1553 1362 1586 Commentario.
1383 1552 1636 1585 Cardinalis
1657 1553 1859 1586 Caietam·

411 1653 518 1673 ITULUS
543 1649 588 1673 est
612 1642 722 1673 clarus.
740 1659 760 1664 -
780 1642 815 1672 In
839 1651 972 1682 corpore
996 1641 1090 1672 unica
1113 1648 1159 1672 est
1175 1641 1348 1677 conclusio,
1373 1651 1420 1672 re-

353 1654 563 1727 Tsponsiva
579 1685 723 1728 quaesito
739 1685 931 1722 affirmative,
950 1685 1080 1716 scilicet:
1104 1686 1139 1716 In
1157 1685 1301 1726 quolibet
1323 1695 1419 1726 opere

351 1732 410 1762 Dei
429 1731 678 1762 misericordiam
698 1737 728 1761 et
746 1730 898 1761 iustitiam
918 1736 1046 1770 oportet
1063 1729 1206 1760 inveniri.

410 1775 447 1807 ΙΙ.
472 1775 563 1807 Circa
587 1785 685 1816 quam
708 1774 766 1805 tria
788 1774 871 1805 facit.
901 1775 1019 1812 Primo,
1045 1773 1276 1804 misericordiae
1299 1784 1419 1805 nornen

352 1819 498 1856 extendit,
516 1819 712 1850 extendendo
733 1829 853 1849 nomen
872 1820 1021 1850 miseriae
1036 1819 1076 1849 ad
1093 1828 1224 1849 omnem
1248 1818 1417 1849 defectum.

351 1864 392 1895 Et
407 1864 564 1895 rationem
581 1863 770 1894 extensionis
794 1863 948 1903 assignat:
974 1863 1058 1904 quia,
1079 1873 1154 1893 cum
1173 1862 1298 1893 miseria
1317 1872 1419 1903 oppo-

350 1914 444 1939 natur
466 1908 622 1944 felicitati,
652 1908 685 1938 in
709 1908 776 1938 sola
799 1907 943 1938 rationali
967 1914 1126 1944 creatura,
1157 1917 1238 1948 quae
1263 1907 1418 1938 felicitatis

351 1959 398 1984 est
416 1962 522 1993 capax,
543 1952 668 1982 miseria
687 1952 814 1992 proprie
832 1951 965 1982 inveniri
985 1958 1099 1992 potest.

409 1997 460 2028 111.
485 1996 643 2034 Secundo,
664 1994 777 2036 probat
800 1996 1041 2027 conclusionem
1056 1996 1163 2036 quoad
1177 1996 1341 2033 ius-titiam,
1363 1995 1417 2026 sic.

351 2041 503 2073 Debitum
520 2051 557 2072 ex
573 2040 678 2071 divina
701 2040 819 2071 iustitia
843 2040 997 2080 contingit
1019 2039 1195 2080 dupliciter,
1213 2039 1329 2070 scilicet
1347 2040 1418 2070 Deo

350 2087 400 2117 vel
424 2092 596 2122 creaturae;
622 2091 652 2116 et
676 2091 826 2116 neutrum
849 2091 954 2125 potest
969 2084 1002 2114 in
1019 2084 1128 2125 aliquo
1145 2094 1240 2125 opere
1256 2084 1315 2115 Dei
1330 2094 1418 2124 prae-

350 2130 488 2162 termitti.
514 2130 598 2170 Ergo
622 2129 656 2159 in
679 2129 769 2160 omni
793 2139 888 2170 opere
912 2129 970 2160 Dei
995 2135 1122 2169 oportet
1137 2138 1203 2159 esse
1226 2128 1418 2159 iustitiam.—

349 2174 566 2211 Antecedens,
593 2174 702 2214 quoad
727 2173 864 2214 primam
892 2180 1013 2214 partem
1027 2197 1034 2210 ,
1060 2173 1193 2204 habetur
1215 2183 1251 2203 ex
1275 2172 1364 2204 dictis
1385 2172 1417 2203 in

350 2228 363 2249 1
378 2225 445 2254 art.,
465 2219 504 2248 ad
523 2219 551 2248 3.
573 2218 690 2255 Quoad
709 2218 882 2248 secundam
897 2227 982 2254 vero,
1003 2217 1236 2248 manifestatur:
1261 2217 1335 2257 quia
1351 2227 1417 2248 non

351 2269 457 2303 potest
479 2262 580 2293 facere
603 2263 690 2293 Deus
714 2262 842 2303 aliquid,
867 2262 957 2302 quod
980 2272 1047 2292 non
1070 2268 1224 2301 congruat
1247 2261 1417 2301 sapientiae

352 2314 383 2338 et
405 2306 538 2337 bonitati
560 2306 678 2346 ipsius;
708 2313 739 2337 et
762 2305 903 2336 similiter
935 2305 1091 2346 quidquid
1123 2305 1156 2335 in
1186 2305 1279 2335 rebus
1308 2305 1417 2336 creatis

352 2351 434 2387 facit,
456 2350 656 2381 convenienti
674 2350 784 2380 ordine
804 2357 834 2380 et
853 2349 1061 2390 proportione
1080 2349 1229 2390 disponit.

409 2395 545 2426 Adverte
569 2394 628 2431 hic,
654 2395 743 2435 quod
765 2394 819 2424 illa
842 2394 1021 2434 propositio
1037 2394 1070 2424 in
1086 2393 1187 2424 littera
1210 2393 1323 2434 posita,
1341 2403 1417 2424 neu-

352 2446 438 2471 trum
456 2444 563 2480 potest
586 2440 617 2469 in
642 2435 750 2479 aliquo
769 2449 865 2479 opere
882 2439 945 2469 Dei
962 2439 1191 2479 praetermitti,
1216 2448 1282 2469 non
1306 2444 1352 2468 est
1370 2437 1417 2468 in-

351 2490 437 2515 tenta
452 2484 490 2514 ab
508 2485 647 2514 Auctore
664 2490 760 2523 prout
775 2489 880 2513 sonat:
904 2483 1059 2524 quoniam
1075 2483 1108 2513 in
1123 2492 1219 2523 opere
1241 2482 1416 2518 creationis,

351 2528 479 2569 proprie
496 2527 583 2558 nulla
606 2534 711 2567 potest
734 2527 867 2557 inveniri
891 2527 970 2558 ratio
995 2527 1091 2558 debiti
1114 2533 1258 2567 respectu
1283 2526 1415 2557 alicuius

352 2579 526 2608 creaturae;
552 2572 607 2602 sed
630 2571 736 2602 solum
759 2578 903 2612 respectu
928 2571 1098 2612 sapientiae
1123 2578 1153 2602 et
1175 2571 1347 2602 voluntatis
1372 2570 1416 2601 di—

350 2616 461 2653 vinae,
490 2623 526 2647 ut
548 2616 582 2646 in
605 2615 812 2656 responsione
840 2616 880 2646 ad
904 2623 1054 2656 quartum
1077 2615 1128 2646 hic
1150 2615 1257 2646 habes.
1287 2614 1349 2646 Sed
1372 2622 1418 2646 est

1472 1641 1704 1682 interpretanda
1728 1641 1836 1682 quoad
1865 1651 1962 1682 opera
1985 1641 2201 1681 providentiae
2231 1649 2262 1673 et
2283 1642 2540 1682 gubemationis;

1473 1686 1513 1716 ad
1528 1686 1617 1727 quod
1641 1685 1879 1722 insinuandum,
1898 1696 1972 1716 cum
1991 1686 2045 1716 illa
2067 1686 2286 1718 manifestatur
2301 1686 2334 1717 in
2350 1686 2461 1724 littera,
2485 1697 2543 1718 no-

1473 1737 1574 1761 tanter
1598 1729 1727 1766 dicitur,
1751 1730 1906 1771 quidquid
1920 1731 1952 1760 in
1969 1730 2064 1761 rebus
2080 1732 2198 1762 creatis
2212 1730 2301 1772 facit
2317 1731 2408 1762 Deus
2414 1739 2428 1770 ;
2451 1732 2542 1772 quasi

1474 1774 1590 1805 diceret
1608 1774 1697 1815 quod
1716 1774 1872 1815 quidquid
1892 1773 1965 1805 facit
1983 1776 2144 1806 creatione
2162 1776 2336 1815 supposita.

1532 1819 1584 1849 IV.
1614 1819 1770 1849 Probatur
1799 1818 1913 1849 deinde
1939 1818 2103 1849 conclusio
2130 1819 2238 1859 quoad
2267 1819 2540 1858 misericordiam,

1473 1862 1526 1893 sic.
1552 1862 1645 1902 Opus
1669 1862 1792 1893 divinae
1815 1862 1952 1893 iustitiae
1976 1872 2101 1903 semper
2123 1862 2353 1904 praesupponit
2375 1873 2458 1904 opus
2479 1863 2541 1895 mi-

1473 1906 1678 1943 sericordiae,
1709 1913 1740 1937 et
1766 1906 1799 1936 in
1831 1916 1870 1937 eo
1902 1906 2072 1938 fundatur:
2105 1917 2180 1948 ergo
2210 1907 2243 1938 in
2272 1907 2417 1949 quolibet
2444 1917 2542 1949 opere

1473 1950 1532 1981 Dei
1555 1957 1686 1991 apparet
1715 1950 1929 1981 misericordia
1945 1975 1952 1987 ,
1984 1957 2142 1992 quantum
2172 1952 2212 1982 ad
2240 1951 2378 1993 primam
2400 1951 2469 1983 eius
2490 1961 2541 1984 ra-

1474 1995 1586 2026 dicem.
1611 2013 1629 2018 -
1659 1995 1858 2026 Antecedens
1889 1996 2061 2036 probatur:
2100 1995 2175 2037 quia
2208 1996 2369 2027 reducitur
2399 1995 2543 2028 debitum

1472 2039 1505 2070 in
1525 2039 1646 2080 aliquid
1671 2049 1707 2070 ex
1731 2039 1799 2070 sola
1822 2039 1927 2070 divina
1950 2040 2091 2071 bonitate
2115 2039 2278 2072 collatum.
2307 2040 2406 2078 Quod
2427 2040 2542 2082 proba-

1473 2090 1542 2114 tur:
1567 2084 1642 2125 quia
1675 2083 1763 2115 aliter
1785 2084 2009 2124 procederetur
2038 2084 2071 2115 in
2103 2083 2273 2116 infinitum.
2308 2085 2350 2116 Et
2369 2085 2543 2117 declaratur

1473 2128 1700 2169 exemplariter.

1530 2173 1569 2203 V.
1599 2173 1717 2210 Tertio,
1743 2172 1817 2213 quia
1841 2182 1878 2203 ex
1899 2172 1959 2203 hac
1982 2173 2170 2213 probatione
2192 2173 2357 2205 videbatur
2374 2173 2464 2215 quod
2482 2173 2545 2204 mi—

1473 2216 1640 2247 sericordia
1664 2223 1863 2247 concurreret
1890 2217 1931 2247 ad
1954 2226 2052 2257 opera
2074 2217 2133 2248 Dei
2161 2217 2252 2259 quasi
2279 2225 2402 2250 remota
2429 2226 2540 2254 causa,

1472 2260 1544 2291 ideo
1565 2261 1699 2291 declarat
1718 2261 1808 2301 quod
1827 2261 1986 2292 concurrit
2009 2261 2199 2292 eminentius
2223 2272 2321 2303 quam
2347 2261 2476 2294 iustitia.
2500 2262 2543 2295 Et

1472 2305 1534 2335 hoc
1560 2304 1735 2345 dupliciter.
1768 2304 1875 2335 Primo
1891 2328 1899 2341 ‚
1929 2305 2005 2345 quia
2029 2315 2122 2336 causa
2145 2305 2293 2346 primaria
2320 2306 2540 2337 vehementius

1471 2348 1576 2379 influit
1599 2358 1697 2390 quam
1721 2349 1872 2379 secunda:
1896 2355 1927 2380 et
1951 2349 1994 2379 sic
2015 2349 2062 2380 vis
2086 2349 2319 2380 misericordiae
2338 2357 2368 2381 et
2392 2350 2538 2387 salvatur,

1472 2399 1503 2424 et
1518 2392 1735 2435 vehementius
1759 2399 1908 2433 operatur
1930 2393 1963 2423 in
1982 2393 2132 2424 omnibus
2155 2394 2432 2435 consequentibus.
2448 2411 2469 2417 —
2484 2394 2540 2426 Se-

1472 2437 1578 2468 cundo
1592 2461 1599 2474 ‚
1631 2438 1669 2467 ab
1700 2436 1831 2468 effectu:
1866 2437 1942 2478 quia
1972 2437 2077 2469 debita
2107 2437 2200 2469 alic-ui
2232 2445 2390 2470 creaturae
2422 2438 2541 2479 largius

1471 2482 1558 2512 Deus
1574 2481 1743 2522 dispensat,
1760 2491 1859 2522 quam
1881 2482 2047 2522 proportio
2063 2482 2107 2513 rei
2123 2482 2243 2522 exigat;
2268 2490 2299 2514 et
2313 2482 2376 2514 hoc
2390 2492 2427 2513 ex
2442 2483 2540 2513 abun·

1472 2525 1577 2557 dantia
1592 2525 1741 2557 bonitatis
1758 2536 1843 2556 suae.
1867 2526 1956 2556 Patet
1979 2533 2087 2557 autem
2111 2526 2155 2557 sic
2174 2535 2257 2557 esse:
2282 2527 2358 2568 quia
2373 2526 2480 2558 minus
2499 2536 2538 2558 eo

1471 2570 1559 2611 quod
1583 2570 1622 2600 de
1645 2569 1728 2601 facto
1759 2570 1864 2600 divina
1894 2570 2019 2602 bonitas
2047 2570 2188 2608 confert,
2221 2571 2261 2602 ad
2284 2571 2545 2603 conservandum

1470 2614 1607 2646 iustitiae
1627 2614 1772 2645 ordinem
1792 2614 1957 2645 sufficeret.

2567 844 2579 855 ⁵
2594 843 2684 866 Moral.
2694 843 2768 867 xxw

2569 876 2620 899 cap.
2631 877 2675 893 xm
2690 871 2727 898 (al.
2741 874 2768 898 u}
