2768 4178
0 1188 10 1243 2‘7-
0 1150 5 1178 .-
0 1048 4 1113 -v—⁷
0 1026 2 1038 -

0 2132 10 2224 *vc-r<
0 2103 2 2107 ,
0 2083 3 2086 .
0 2046 3 2064 „-

0 2321 7 2350 l,

0 2355 5 2379 ξ

971 224 1240 272 QUAESTIO
1271 225 1337 271 ΙΙΙ,
1369 225 1665 262 ARTICULUS
1696 227 1744 262 ΙΙΙ
2406 243 2451 277 41

258 307 323 337 Dei
346 316 365 336 a
390 305 521 342 deitate,
547 312 579 335 et
602 305 760 345 suppositi
782 315 800 334 a
827 311 953 334 natura:
979 303 1135 344 quoniam
1159 303 1337 343 aequivalet

235 347 238 349 ’
258 350 340 381 illud
363 349 568 380 individuum
592 349 761 390 supposito
785 348 895 390 quoad
918 348 996 383 hoc:
1022 347 1225 387 distinguitur
1250 347 1336 377 enirn

260 394 466 435 suppositum
490 405 508 424 a
532 401 653 430 natura,
678 400 714 424 ut
732 393 852 423 habens
875 393 914 422 ab
937 391 1057 428 habito,
1082 398 1112 422 et
1135 392 1225 432 quod
1249 397 1296 422 est
1319 401 1353 427 a,

260 449 327 480 quo
352 445 414 475 est,
441 446 472 470 et
495 438 668 469 subsistens
691 438 731 468 ab
757 447 795 468 eo
823 446 890 477 quo
915 436 1065 472 subsistit,
1087 442 1146 466 etc.
1170 436 1236 466 Nec
1261 445 1335 466 con-

260 484 392 525 gruebat
416 483 578 514 doctrinae
602 481 716 518 ordini,
734 488 769 512 ut
788 480 932 512 tractatui
953 481 992 511 de
1009 480 1162 511 absolutis
1178 480 1335 510 immisce-

260 535 370 559 rentur
392 527 566 568 respectiva
589 526 732 562 revelata,
751 532 781 556 et
804 532 870 556 tam
891 532 1014 556 remota
1037 525 1076 555 ab
1096 524 1144 554 his
1163 524 1334 565 principiis,

261 580 309 604 tot
331 571 598 603 intercedentibus
620 570 734 600 mediis
757 569 998 610 quaestionibus
1022 569 1213 600 decidendis.

316 617 370 648 lv.
395 617 430 647 ln
454 625 587 656 corpore
611 621 658 645 est
682 624 746 645 una
777 614 958 650 conclusio,
983 613 1168 654 responsiva
1191 613 1336 654 quaesito

261 661 462 692 affirmative:
487 660 575 690 Deus
593 665 640 690 est
662 658 749 689 idem
772 658 862 699 quod
878 668 936 689 sua
951 658 1086 695 essentia
1105 668 1160 688 seu
1183 664 1303 688 natura.
1318 675 1337 679 -

261 706 428 737 Probatur.
452 703 547 735 Ratio
571 702 762 734 differentiae
785 702 866 733 inter
890 709 1036 734 naturam
1059 710 1090 733 et
1114 701 1335 743 suppositum,

262 757 309 782 est
332 748 492 780 distinctio
516 754 646 778 naturae
663 758 681 778 a
697 747 828 778 materia
850 747 1055 778 individuali:
1081 757 1156 787 ergo
1173 747 1205 777 in
1226 746 1336 777 formis

262 793 470 835 simplicibus,
487 802 569 834 quae
587 802 643 833 per
658 792 777 831 seipsas
793 791 1041 828 individuantur,
1059 801 1125 822 non
1141 791 1242 822 differt
1261 801 1336 831 sup-

262 839 407 880 positum
422 848 441 868 a
456 843 582 868 natura:
604 846 680 877 ergo
695 836 784 867 Deus
800 842 846 867 est
861 846 919 867 sua
939 837 1046 872 deitas,
1064 843 1094 867 et
1113 846 1170 866 sua
1186 836 1259 872 vita,
1277 842 1335 866 etc.

317 882 518 914 Antecedens
542 881 696 922 probatur
718 891 755 912 ex
777 881 899 912 ratione
926 881 1136 912 distinctionis
1161 888 1291 911 naturae
1307 887 1338 911 et

262 926 422 969 suppositi
445 926 479 957 in
502 926 596 957 rebus
625 925 856 962 materialibus,
882 926 1060 956 notioribus
1085 925 1187 956 nobis.
1217 925 1337 955 Natura

263 970 505 1014 comprehendit
527 970 561 1001 in
584 980 617 1001 se
642 979 678 1000 ea
701 976 827 1001 tantum
855 980 937 1011 quae
961 970 1079 1001 cadunt
1101 970 1134 1000 in
1154 969 1337 1000 definitione

262 1017 396 1059 speciei:
422 1021 497 1056 ergo
526 1025 593 1046 non
624 1014 867 1055 comprehendit
894 1015 1059 1046 materiam
1089 1014 1335 1045 individualem:

263 1071 339 1103 ergo
355 1071 392 1092 ex
407 1060 469 1092 hoc
483 1059 688 1100 distinguitur
699 1069 718 1090 a
730 1059 910 1100 supposito.
924 1062 1168 1100 -Assumptum
1184 1065 1280 1099 patet.
1297 1058 1339 1088 Et

255 1107 368 1148 prima
391 1105 617 1146 consequentia
641 1114 728 1135 nunc
748 1103 828 1135 facta
847 1104 1000 1144 probatur
1016 1103 1193 1144 dupliciter.
1218 1102 1336 1138 Primo,

263 1150 340 1193 quia
362 1149 495 1181 materia
517 1148 720 1179 individualis
743 1158 811 1179 non
834 1148 991 1179 clauditur
1014 1148 1047 1178 in
1063 1147 1248 1178 definitione
1268 1157 1337 1187 spe-

263 1195 338 1232 ciei;
362 1202 399 1226 ut
421 1200 508 1235 patet
531 1193 643 1235 dehis
665 1193 819 1224 carnibus
845 1200 989 1234 respectu
1014 1198 1144 1223 naturae
1167 1191 1337 1222 humanae.

258 1239 423 1279 Secundo,
439 1238 521 1280 quia
535 1237 692 1278 principia
715 1236 896 1268 definientia
911 1236 1030 1267 habent
1044 1246 1078 1266 se
1094 1235 1269 1266 formaliter
1292 1245 1338 1266 re·

263 1290 375 1326 spectu
391 1283 540 1314 materiae
563 1281 806 1313 individuantis:
830 1281 864 1311 in
888 1281 978 1312 cuius
1002 1281 1141 1321 signum,
1156 1279 1338 1311 humanitas

263 1327 458 1370 significatur
474 1334 510 1359 ut
525 1336 597 1368 pars
612 1325 755 1357 formalis
771 1325 922 1356 hominis.
936 1343 957 1348 -
971 1325 1121 1356 Secunda
1137 1332 1245 1356 autem
1265 1335 1338 1365 pro-

263 1374 373 1406 batur:
397 1372 474 1414 quia
495 1372 530 1403 in
553 1370 711 1411 suppositi
733 1370 864 1406 ratione,
882 1370 907 1400 si
931 1369 1123 1407 definiretur,
1141 1369 1339 1401 clauderetur

264 1417 395 1453 materia
417 1415 630 1451 individualis,
655 1421 691 1446 ut
714 1415 746 1445 in
771 1414 909 1446 Socrate.

312 1456 559 1502 'Consequentia
579 1466 687 1490 autem
703 1461 816 1500 prima
833 1466 869 1490 ut
884 1469 940 1500 per
959 1469 992 1490 se
1009 1466 1085 1490 nota
1103 1459 1302 1500 relinquitur.
1320 1477 1339 1481 —

265 1506 414 1539 Secunda
438 1511 546 1536 autem
573 1504 744 1545 probatur:
769 1503 846 1545 quia
867 1504 955 1534 Deus
979 1514 1046 1535 non
1070 1510 1116 1534 est
1140 1503 1339 1544 compositus

266 1553 304 1583 e'x
325 1549 457 1582 materia
480 1557 511 1581 et
533 1549 648 1585 forma,
672 1555 709 1579 ut
732 1558 769 1579 ex
792 1548 991 1589 praecedenti
1016 1555 1102 1589 patet
1125 1548 1269 1579 articulo.

319 1595 360 1628 V.
377 1594 469 1627 Circa
491 1593 646 1625 terminos
669 1600 852 1634 assumptos
874 1593 908 1623 in
931 1594 1151 1629 antecedente,
1177 1600 1208 1624 et
1229 1602 1340 1623 conse-

265 1646 400 1683 quenter
422 1639 456 1676 in
479 1646 547 1670 tota
569 1638 628 1669 hac
651 1638 783 1674 ratione,
805 1637 963 1678 distingue
986 1638 1092 1678 primo
1117 1638 1149 1679 ly
1174 1643 1294 1668 natura
1311 1643 1341 1668 et

216 1723 218 1725 ‚
264 1685 298 1728 ly
316 1684 525 1726 suppositum.
549 1683 726 1714 Possumus
741 1682 827 1714 enim
843 1682 881 1712 de
899 1682 942 1712 eis
957 1682 1049 1724 loqui
1065 1682 1247 1723 dupliciter:
1274 1691 1340 1712 uno

266 1729 378 1767 modo,
397 1727 576 1760 secundum
599 1737 667 1758 rem
691 1734 831 1763 tantum;
857 1726 920 1757 alio
945 1727 1055 1763 modo,
1073 1727 1252 1761 secundum
1275 1736 1340 1757 mo-

265 1774 343 1806 dum
366 1771 584 1815 significandi.
609 1771 788 1802 Sumuntur
811 1778 923 1802 natura
946 1779 977 1802 et
1000 1771 1206 1812 suppositum
1230 1781 1341 1802 secun-

266 1819 346 1850 dum
368 1827 437 1849 rem
460 1823 602 1853 tantum,
627 1816 759 1857 quando
789 1823 962 1847 sumuntur
991 1816 1170 1847 secundum
1198 1816 1342 1856 proprias

265 1863 403 1896 rationes
427 1862 471 1894 rei
494 1871 594 1903 quam
617 1859 771 1901 significat
793 1867 919 1897 natura,
945 1867 975 1891 et
997 1861 1042 1891 rei
1065 1870 1165 1902 quam
1187 1859 1342 1900 significat

266 1907 483 1950 suppositum,
499 1905 712 1938 abstrahendo
728 1915 747 1935 a
762 1905 868 1936 modis
892 1904 1105 1946 significandi:
1130 1905 1216 1936 verbi
1232 1905 1340 1945 gratia,

289 1952 397 1985 uando
421 1951 559 1983 sumitur
581 1956 694 1981 natura
716 1949 858 1980 humana
886 1949 1063 1981 secundum
1087 1949 1154 1980 eius
1178 1949 1341 1990 propriam

289 1996 497 2032 efinitionem,
511 2001 542 2026 et
558 1994 702 2026 Socrates
718 1994 895 2025 secundum
910 1994 977 2024 eius
993 1994 1149 2025 rationem
1166 1994 1339 2035 propriam,

267 2051 335 2073 non
359 2040 500 2072 curando
529 2049 569 2070 an
593 2045 704 2070 natura
735 2037 928 2078 significetur
954 2039 987 2069 in
1011 2039 1166 2071 abstracto
1190 2039 1240 2069 vel
1264 2048 1340 2069 con-

268 2093 365 2123 creto,
379 2092 437 2116 etc.
451 2102 472 2108 -—
487 2083 667 2115 Sumuntur
683 2089 791 2114 autem
807 2083 984 2113 secundum
1001 2084 1117 2114 modos
1133 2082 1339 2124 significandi,

268 2140 344 2163 cum
367 2135 539 2161 sumuntur
562 2135 598 2159 ut
621 2134 704 2159 stant
720 2128 779 2158 sub
796 2127 981 2158 nominibus
1001 2127 1121 2168 primae
1145 2127 1340 2163 intentionis,

267 2181 347 2217 puta
369 2174 564 2208 humanitas,
587 2173 693 2210 homo,
718 2172 879 2209 Socrates,
904 2172 1112 2209 Socrateitas,
1139 2179 1201 2206 etc.

322 2219 434 2251 Sermo
458 2227 606 2258 praesens
634 2223 680 2248 est
704 2217 743 2247 de
776 2223 887 2247 natura
915 2223 947 2247 et
969 2217 1139 2257 supposito
1164 2217 1341 2248 secundum

268 2274 348 2302 rem,
361 2270 392 2295 et
403 2273 470 2294 non
486 2262 665 2293 secundum
677 2261 805 2292 modum
818 2261 1041 2303 significandi:
1058 2261 1120 2292 hoc
1136 2261 1222 2292 enim
1235 2261 1342 2302 potius

267 2308 372 2350 logici,
392 2307 474 2339 illud
489 2305 697 2348 metaphysici
716 2305 836 2346 negotii
856 2307 911 2336 estss
937 2306 978 2336 Et
992 2305 1065 2336 ideo
1091 2313 1213 2337 cessant
1229 2316 1342 2336 omnes

267 2351 559 2394 argumentationes
575 2357 607 2382 et
620 2350 853 2391 responsiones,
867 2360 949 2392 quae
965 2350 1146 2381 immiscent
1160 2351 1343 2392 significari

262 2407 328 2440 per
349 2397 478 2429 modum
496 2397 616 2437 partis,
633 2395 683 2426 vel
706 2395 880 2426 excludere
900 2406 921 2426 a
937 2395 1186 2436 significatione,
1206 2402 1261 2426 aut
1284 2405 1343 2426 nec

269 2442 442 2475 excludere
465 2451 525 2472 nec
547 2440 732 2478 includere,
757 2446 788 2471 et
811 2439 941 2475 similia;
966 2450 1048 2481 quae
1072 2441 1112 2470 ad
1135 2439 1342 2470 differentiam

268 2487 350 2519 inter
372 2486 450 2518 haec
473 2495 511 2517 ex
533 2484 638 2516 modis
662 2483 870 2525 significandi,
887 2494 954 2515 non
978 2494 1015 2515 ex
1034 2485 1137 2520 rebus,
1154 2491 1306 2525 spectant.
1323 2502 1343 2507 -—

268 2532 336 2563 Nee
359 2531 464 2562 obstat
487 2529 577 2572 quod
599 2529 632 2559 in
657 2539 791 2569 corpore
815 2528 911 2560 huius
934 2529 1057 2560 articuli
1080 2529 1231 2559 inferatur
1254 2529 1343 2570 quod

269 2575 451 2608 humanitas
479 2572 672 2615 significatur
705 2580 740 2604 ut
763 2583 835 2614 pars
859 2572 1002 2604 formalis
1025 2573 1182 2610 hominis,
1207 2573 1246 2603 ad
1270 2583 1343 2614 pro-

269 2620 414 2652 bandum
428 2619 518 2661 quod
541 2625 653 2649 natura
669 2628 735 2648 non
760 2617 902 2649 includat
916 2617 1080 2648 materiam
1097 2617 1342 2648 individualem:

270 2664 427 2706 quoniam
449 2663 512 2694 hoc
535 2663 667 2693 allatum
685 2669 732 2693 est
750 2669 787 2693 ut
804 2662 932 2702 signum
947 2673 965 2692 a
981 2662 1149 2703 posteriori
1168 2662 1286 2698 notius,
1305 2663 1344 2692 ad

270 2708 541 2740 manifestandum
556 2707 666 2738 retiam
689 2716 726 2737 ex
749 2707 849 2738 modo
873 2706 1082 2747 significandi,
1108 2707 1344 2738 distinctionem

271 2754 450 2786 secundum
472 2762 541 2783 rem
563 2757 694 2782 naturae
717 2761 736 2782 a
758 2751 888 2782 materia
910 2751 1107 2782 individuali.

327 2798 381 2830 Vl.
401 2797 570 2837 Distingue
586 2796 727 2826 secundo
738 2795 756 2814 *
775 2796 807 2837 ly
826 2795 972 2837 differre,
989 2807 1046 2827 seu
1064 2796 1260 2836 differentia.
1285 2796 1343 2827 Est

271 2842 359 2874 enim
382 2841 517 2883 duplex:
542 2840 720 2871 secundum
744 2841 918 2878 rationem,
944 2848 975 2871 et
998 2841 1176 2871 secundum
1200 2850 1278 2871 rem.
1303 2841 1345 2871 Et

270 2887 348 2918 haec
365 2885 576 2917 subdividitur
592 2885 624 2915 in
641 2883 847 2916 differentiam
863 2885 980 2915 realem
994 2885 1075 2916 inter
1087 2895 1154 2915 rem
1167 2890 1198 2915 et
1213 2895 1297 2916 rem:
1315 2892 1345 2916 et

270 2932 304 2963 in
320 2930 527 2962 differentiam
550 2929 668 2960 realem
691 2929 772 2960 inter
790 2939 858 2960 rem
875 2930 1089 2960 includentem
1107 2929 1227 2970 aliquid
1251 2929 1342 2965 reale,

271 2982 302 3007 et
318 2985 382 3006 non
399 2975 613 3006 includentem
633 2973 714 3004 illud
728 2971 913 3015 (includere
927 2981 1036 3005 autem
1052 2981 1082 3004 et
1099 2983 1162 3004 non
1180 2974 1344 3004 includere

270 3030 358 3051 nunc
376 3019 521 3055 dicimus,
538 3029 605 3049 non
622 3029 659 3049 ex
674 3018 775 3048 modo
794 3017 1000 3058 significandi,
1019 3019 1074 3048 sed
1091 3028 1127 3048 ex
1142 3018 1264 3049 ratione
1280 3018 1343 3048 for-

271 3064 347 3095 mali
359 3064 404 3095 rei
419 3063 610 3105 significatae
626 3062 800 3093 formaliter
816 3061 987 3106 sumptae).
1006 3063 1047 3093 Et
1060 3063 1137 3093 haec
1153 3072 1260 3093 rursus
1273 3063 1344 3093 sub-

273 3107 422 3140 dividitur
439 3107 474 3139 in
495 3107 702 3139 differentiam
718 3107 835 3137 realem
857 3116 954 3148 penes
973 3107 1188 3138 inclusionem
1210 3106 1343 3138 alicuius

271 3152 362 3183 realis
381 3153 563 3190 intrinsece,
581 3152 662 3183 sicut
676 3151 777 3182 homo
802 3150 904 3182 differt
918 3151 957 3182 ab
973 3151 1102 3182 animali
1118 3151 1194 3193 quia
1210 3151 1344 3182 includit

272 3196 437 3228 intrinsece
461 3197 640 3228 rationale:
663 3202 694 3227 et
717 3205 814 3236 penes
844 3195 1057 3226 inclusionem
1089 3196 1222 3227 alicuius
1253 3196 1343 3226 realis

272 3242 463 3278 extrinsece,
483 3241 568 3272 sicut'
586 3241 818 3281 disciplinabile
837 3239 939 3271 differt
960 3241 999 3270 ab
1022 3241 1154 3270 homine
1179 3239 1343 3283 (fingendo

273 3285 362 3327 quod
386 3284 653 3325 disciplinabilitas
673 3285 713 3316 sit
728 3285 840 3316 eadem
859 3294 907 3315 res
923 3285 1014 3326 quod
1036 3291 1148 3315 natura
1171 3283 1342 3327 hominis),

272 3330 348 3371 quia
375 3329 508 3360 includit
539 3329 707 3360 extrinsece
731 3329 950 3370 disciplinam,
975 3335 1011 3359 ut
1035 3336 1142 3360 actum
1167 3339 1223 3369 per
1245 3339 1343 3370 quem

273 3374 430 3409 definitur,
455 3383 553 3414 quam
577 3383 643 3404 non
665 3373 799 3404 includit
821 3374 922 3404 homo
946 3373 980 3403 in
1004 3383 1062 3404 sua
1084 3373 1216 3404 ratione.

328 3419 396 3449 VII.
423 3418 571 3455 Quatuor
592 3417 687 3457 igitur
710 3428 784 3448 cum
808 3418 870 3449 sint
893 3418 982 3448 modi
1003 3417 1207 3448 differentiae:
1231 3427 1344 3448 secun-

272 3463 348 3495 dum
373 3463 530 3493 rationem
555 3466 692 3499 tantum,
708 3468 744 3493 ut
759 3469 806 3494 est
820 3463 901 3493 inter
920 3462 1087 3493 hominem
1111 3469 1142 3492 et
1164 3462 1343 3493 humanita-

273 3515 354 3544 tem;
379 3508 465 3538 inter
487 3515 555 3536 rem
579 3510 610 3536 et
625 3515 705 3541 rem.
721 3512 758 3536 ut
773 3513 819 3537 est
837 3507 918 3538 inter
934 3506 1097 3538 Socratem
1113 3513 1144 3537 et
1159 3506 1342 3543 Platonem;

273 3552 354 3583 inter
369 3561 437 3582 rem
453 3549 668 3580 includentem
687 3551 859 3582 intrinsece
875 3551 994 3592 aliquid
1009 3551 1101 3587 reale,
1119 3558 1150 3582 et
1164 3551 1343 3582 abstrahen-

273 3602 399 3632 tem;.et
414 3595 495 3626 inter
509 3593 726 3625 includentem
743 3596 922 3626 extrinsece
935 3595 1054 3636 aliquid
1070 3595 1162 3631 reale,
1179 3602 1209 3627 et
1229 3596 1344 3626 abstra-

417 3658 526 3682 Smmar.
545 3657 647 3680 Τι-ιεοι.
668 3656 698 3679 D.
712 3655 827 3680 'saonae
840 3656 872 3680 Τ.
892 3658 910 3681 1.

1391 303 1520 333 hentem
1549 304 1587 334 ab
1618 304 1691 334 illo:
1723 305 1755 334 in
1780 307 1981 337 antecedente
2010 315 2173 348 assumpto
2199 309 2229 345 *,
2255 316 2284 339 et
2313 317 2377 340 tota
2401 310 2459 340 hac

1391 347 1513 378 ratione
1544 358 1580 378 ac
1609 348 1834 386 conclusione,
1860 360 1963 381 sermo
1992 359 2116 382 tantum
2146 360 2191 383 est
2220 354 2258 383 de
2289 353 2459 385 differentia

1391 391 1483 422 tertio
1507 392 1617 428 modo,
1642 392 1722 423 idest
1739 403 1840 433 penes
1864 396 2071 426 inclusionem
2097 398 2313 428 intrinsecam.

1445 437 1520 466 Non
1544 436 1630 466 enim
1653 443 1700 467 est
1722 437 1773 467 hic
1797 447 1901 468 sermo
1923 440 1961 469 de
1976 440 2147 471 differentia
2163 443 2338 472 secundum
2362 444 2458 472 ratio-

1392 490 1462 510 nem
1488 487 1629 511 tantum:
1655 481 1810 522 quoniam
1834 483 2039 523 suppositum
2058 492 2088 515 et
2112 492 2222 516 natura
2246 487 2277 516 in
2298 487 2458 523 omnibus,

1392 525 1487 555 etiam
1510 525 1542 555 in
1560 525 1640 561 Deo,
1659 525 1703 556 sic
1727 525 1973 566 distinguuntur.
1998 529 2088 559 Deus
2113 530 2196 559 enirn
2221 537 2251 561 et
2273 531 2386 569 deitas,
2412 542 2459 561 ra-

1390 569 1478 599 tione
1502 570 1591 600 modi
1615 569 1821 610 significandi,
1843 570 2081 611 distinguuntur
2104 574 2272 610 intantum,
2290 576 2377 616 quod
2402 576 2460 606 ista

1391 620 1438 644 est
1460 613 1631 650 haeretica,
1661 614 1764 645 deitas
1792 621 1931 655 generat
1960 616 2131 655 deitatem,
2157 626 2187 649 et
2209 619 2268 649 ista
2296 620 2458 655 catholica,

1391 658 1482 688 Deus
1495 664 1633 699 generat
1651 659 1768 696 Deum,
1786 666 1823 689 ut
1839 666 1924 699 patet
1940 660 1972 689 in
1989 661 2144 701 principio
2168 663 2385 694 Decretalium
2397 664 2423 694 *.
2440 682 2459 686 —

1391 703 1503 743 Neque
1528 703 1623 733 etiam
1648 709 1694 733 est
1717 703 1767 734 hic
1791 713 1895 734 sermo
1921 704 1959 734 de
1983 704 2154 736 differentia
2177 707 2264 743 reali,
2289 709 2391 748 qualis
2415 716 2461 739 est

1391 747 1472 778 inter
1495 757 1562 778 rem
1587 753 1617 778 et
1641 757 1718 778 rem.
1745 747 1879 778 Constat
1903 748 1988 778 enim
2012 750 2102 789 quod
2121 758 2231 781 natura
2250 752 2460 783 substantialis

1392 798 1423 822 et
1437 792 1642 833 suppositum
1659 802 1725 822 non
1745 799 1881 831 possunt
1904 793 2086 824 naturaliter
2109 794 2152 825 sic
2173 795 2332 836 distingui,
2350 805 2384 828 ut
2400 797 2461 828 sint

1391 836 1534 867 totaliter
1559 836 1640 866 duae
1663 846 1712 866 res
1736 836 1886 867 diversae.
1904 855 1924 859 —
1940 838 2005 868 Nec
2034 838 2128 868 etiam
2153 846 2198 869 est
2221 840 2271 870 hic
2294 851 2398 871 sermo
2423 842 2461 872 de

1393 880 1566 911 differentia
1594 880 1668 911 reali
1692 882 1895 912 extrinseca:
1919 882 2075 922 quoniam
2098 882 2214 914 falsum
2238 891 2318 915 esset
2341 893 2462 916 antece-

1393 925 1487 961 dens;
1512 932 1543 956 et
1571 924 1687 955 falsum
1715 932 1796 956 esset
1819 925 1908 966 quod
1937 926 1970 956 in
1999 927 2180 958 substantiis
2203 928 2462 960 immaterialibus

1394 979 1460 1000 non
1484 969 1585 1000 differt
1615 969 1820 1010 suppositum
1844 977 1875 1000 et
1897 977 2019 1001 natura.
2043 971 2078 1001 In
2102 972 2283 1003 substantiis
2307 974 2393 1004 enirn
2417 985 2462 1005 se-

1393 1013 1518 1054 paratis,
1536 1014 1742 1054 suppositum
1758 1024 1776 1044 a
1792 1021 1904 1045 natura
1919 1014 2020 1046 differt
2044 1015 2229 1047 extrinsece:
2254 1018 2328 1058 quia
2345 1029 2462 1059 suppo-

1394 1058 1509 1094 situm,
1535 1065 1570 1089 ut
1592 1058 1650 1094 sic,
1675 1058 1811 1089 includit
1837 1059 2009 1090 subsistere
2033 1058 2137 1102 (quod
2166 1068 2211 1092 est
2235 1072 2301 1092 esse
2326 1073 2381 1103 per
2404 1062 2460 1106 se),

1394 1113 1460 1133 non
1479 1103 1656 1139 intrinsece,
1674 1103 1728 1133 sed
1744 1103 1989 1144 quodammodo
2005 1104 2095 1145 quasi
2113 1112 2148 1136 ut
2163 1106 2330 1146 proprium
2346 1115 2461 1144 actum,

1394 1148 1434 1177 ad
1457 1157 1555 1188 quem
1578 1148 1823 1188 quodammodo
1848 1148 1975 1179 deberet
1993 1148 2115 1179 definiri
2140 1150 2164 1179 si
2190 1150 2384 1188 definiretur;
2410 1163 2462 1183 na-

1394 1198 1464 1222 tura
1482 1198 1600 1227 autem,
1617 1202 1693 1222 non.
1719 1192 1760 1222 Et
1775 1199 1942 1232 propterea
1962 1203 1986 1223 s.
1996 1193 2150 1230 Thomas,
2168 1194 2201 1224 in
2221 1195 2408 1232 Quodlibeto
2425 1197 2462 1233 ΙΙ,

1394 1246 1448 1277 qu.
1469 1246 1502 1272 u,
1520 1243 1576 1266 art.
1595 1246 1623 1271 2,
1642 1237 1680 1266 de
1704 1236 1759 1267 tali
1783 1236 1956 1267 differentia
1979 1237 2125 1278 loquens,
2142 1238 2218 1269 dixit
2241 1241 2330 1280 quod
2353 1240 2385 1270 in
2410 1251 2462 1271 an-

1393 1280 1470 1321 gelis
1494 1279 1596 1311 differt
1618 1281 1824 1321 suppositum
1848 1291 1866 1311 a
1890 1288 2011 1312 natura.

1450 1324 1653 1366 Relinquitur
1667 1325 1763 1365 igitur
1778 1326 1867 1366 quod
1883 1326 1922 1356 sit
1934 1326 1985 1356 hic
2000 1335 2105 1357 sermo
2126 1327 2164 1357 de
2180 1327 2352 1359 differentia
2368 1339 2464 1369 penes

1395 1369 1603 1400 inclusionem
1621 1371 1839 1401 intrinsecam.
1856 1370 1945 1401 Tum
1959 1370 2034 1411 quia
2050 1371 2128 1402 ratio
2142 1380 2304 1413 assumpta
2320 1373 2351 1403 in
2364 1373 2464 1405 littera

1395 1413 1560 1444 manifeste
1584 1414 1762 1445 secundum
1785 1415 1880 1445 talem
1905 1414 2112 1446 differentiam
2132 1416 2295 1457 distinguit
2319 1419 2464 1458 supposi-

1395 1466 1466 1489 tum
1481 1469 1499 1488 a
1515 1466 1627 1490 natura
1650 1458 1683 1488 in
1706 1459 1800 1490 rebus
1824 1459 2053 1496 materialibus;
2079 1460 2153 1501 quia
2177 1461 2293 1492 scilicet
2317 1463 2463 1503 supposi-

1394 1510 1465 1534 tum
1489 1503 1623 1534 includit
1650 1503 1814 1534 materiam
1844 1503 2088 1541 individualem,
2114 1515 2211 1545 quam
2235 1516 2301 1536 non
2331 1507 2466 1538 includit

1395 1554 1522 1578 natura:
1548 1554 1672 1578 constat
1694 1548 1780 1578 enim
1799 1548 1862 1579 hoc
1885 1548 2016 1589 intelligi
2033 1549 2071 1579 de
2095 1549 2262 1581 intrinseca
2276 1551 2462 1582 inclusione.

1395 1593 1484 1623 Tum
1507 1592 1583 1633 quia
1606 1592 1639 1622 in
1655 1592 1805 1632 separatis
1820 1603 1838 1623 a
1853 1593 1992 1629 materia,
2010 1593 2063 1624 tali
2083 1593 2255 1625 differentia
2273 1605 2339 1626 non
2357 1596 2463 1627 distin—

1394 1637 1502 1677 guitur
1525 1637 1731 1678 suppositum
1754 1647 1772 1667 a
1796 1644 1916 1673 natura,
1935 1644 1970 1668 ut
1988 1637 2039 1668 hic
2059 1637 2240 1676 affirmatur,
2261 1650 2298 1670 ex
2314 1650 2352 1670 eo
2376 1642 2464 1681 quod

1395 1681 1633 1712 individuantur
1662 1691 1719 1722 per
1742 1681 1858 1722 seipsa:
1884 1681 1964 1712 idest
1991 1682 2067 1723 quia
2090 1683 2176 1713 idem
2200 1690 2246 1714 est
2269 1685 2464 1716 constituens

1396 1733 1542 1757 naturam
1566 1733 1596 1757 et
1619 1725 1838 1762 individuum;
1863 1736 1899 1757 ac
1923 1736 1979 1766 per
1998 1726 2069 1763 hoc,
2088 1727 2165 1758 nihil
2189 1727 2394 1760 intrinsecum
2418 1730 2464 1760 in-

1397 1771 1495 1802 cludit
1518 1770 1729 1807 individuum,
1746 1771 1835 1811 quod
1852 1781 1918 1801 non
1936 1771 2061 1802 claudat
2081 1779 2201 1808 natura,
2219 1779 2250 1803 et
2265 1783 2282 1803 e
2298 1783 2462 1805 converso.

1396 1816 1485 1846 Tum
1495 1815 1570 1857 quia
1584 1815 1670 1846 idem
1683 1822 1828 1846 censetur
1843 1815 1997 1846 iudicium
2009 1816 2040 1846 in
2054 1815 2155 1847 littera
2167 1817 2206 1847 de
2220 1817 2382 1849 identitate
2392 1829 2464 1859 sup-

1396 1860 1491 1900 positi
1508 1866 1539 1890 et
1553 1867 1685 1890 naturae
1701 1860 1734 1890 in
1751 1859 1933 1890 substantiis
1949 1860 2108 1901 separatis,
2122 1868 2153 1892 et
2168 1861 2227 1892 Dei
2244 1871 2319 1892 cum
2333 1863 2463 1894 deitate:

1395 1905 1457 1935 hoc
1474 1904 1560 1935 enim
1574 1915 1640 1935 non
1656 1911 1702 1935 est
1717 1903 1901 1944 simpliciter
1910 1914 2031 1941 verum,
2044 1905 2102 1935 nisi
2119 1906 2157 1936 de
2171 1906 2342 1938 differentia
2357 1907 2464 1938 intrin-

1395 1959 1466 1980 seca
1487 1949 1668 1990 loquendo;
1685 1948 1850 1990 quoniam,
1869 1956 1904 1980 ut
1920 1949 1984 1979 iam
2004 1949 2125 1980 dictum
2141 1957 2196 1987 est,
2212 1950 2245 1980 in
2268 1951 2465 1988 Quodlibetis

1395 1993 1480 2035 aliud
1504 1993 1637 2034 protulit
1660 1993 1825 2029 iudicium,
1842 1993 2015 2034 loquendo
2031 1993 2069 2024 de
2094 1994 2266 2025 differentia
2283 1997 2461 2028 extrinseca.

2488 315 2494 321 ”
2511 312 2547 334 cf.
2562 319 2625 334 num.
2636 319 2666 334 ιν.

2488 663 2495 670 ”
2504 661 2588 690 Cap.u,
2596 663 2624 683 de
2633 663 2699 683 Sum-

2487 694 2524 709 ma
2548 689 2671 710 Trinitate.

1450 2038 1507 2068 Est
1531 2048 1605 2078 ergo
1625 2047 1736 2068 sensus
1760 2038 1981 2073 antecedentis,
1998 2038 2087 2079 quod
2111 2039 2189 2069 ratio
2207 2039 2396 2071 differentiae
2415 2042 2463 2072 in·
2490 2054 2495 2059 ⁴

1394 2083 1546 2113 trinsecae
1570 2082 1650 2113 inter
1673 2089 1818 2112 naturam
1842 2089 1873 2113 et
1896 2083 2110 2123 suppositum,
2128 2084 2305 2114 secundum
2321 2095 2388 2115 rern
2407 2096 2463 2117 seu

1395 2127 1532 2158 rationes
1551 2127 1701 2157 formales
1718 2133 1846 2167 sumpta
1861 2126 1887 2163 *,
1909 2133 1955 2158 est
1975 2127 2133 2158 distinctio
2153 2135 2283 2159 naturae
2299 2139 2317 2159 a
2336 2131 2465 2161 materia

1395 2163 1591 2202 individuali.
1612 2171 1652 2202 Et
1668 2169 1812 2202 similiter
1831 2181 1941 2201 sensus
1957 2171 2105 2202 omnium
2122 2173 2367 2204 conclusionum
2383 2185 2464 2215 quae

1395 2216 1548 2256 implicite
1571 2215 1622 2246 hic
1647 2215 1859 2251 continentur,
1876 2216 1915 2246 de
1935 2216 2104 2256 supposito
2129 2223 2159 2247 et
2182 2224 2293 2248 natura
2315 2218 2347 2248 in
2372 2220 2465 2250 rebus

1396 2260 1610 2291 materialibus
1634 2267 1664 2291 et
1687 2259 1719 2290 in
1737 2259 1885 2300 separatis
1900 2270 1918 2290 a
1934 2260 2063 2291 materia
2080 2268 2149 2297 etc„
2167 2261 2282 2292 eodem
2305 2255 2464 2295 intellectu

1396 2305 1572 2336 sumendus
1596 2311 1652 2336 est.

1452 2350 1534 2380 VIII.
1560 2349 1601 2380 Et
1624 2349 1650 2379 si
1674 2349 1831 2389 praedicta
1855 2349 2020 2390 diligenter
2042 2349 2222 2390 inspexeris,
2248 2351 2466 2391 complecteris

1397 2394 1642 2435 dispositionem
1661 2394 1809 2425 omnium
1825 2404 1930 2424 rerum
1952 2395 2060 2435 quoad
2083 2394 2280 2425 identitatem
2304 2403 2334 2426 et
2356 2396 2465 2427 distin-

1397 2439 1537 2470 ctionem
1560 2439 1640 2470 inter
1663 2438 1867 2479 suppositum
1886 2445 1917 2470 et
1935 2445 2090 2469 naturam.
2115 2439 2222 2469 Habes
2241 2439 2327 2470 enim
2350 2440 2383 2470 in
2402 2441 2467 2480 pri-

1397 2484 1474 2520 mis,
1500 2484 1589 2524 quod
1617 2483 1822 2524 suppositum
1845 2490 1876 2514 et
1898 2490 2009 2514 natura
2032 2493 2097 2513 non
2122 2484 2366 2515 substantialiter
2389 2495 2464 2515 con-

1397 2528 1530 2560 stituens
1554 2528 1759 2569 suppositum
1784 2526 1863 2570 (sive
1884 2527 1923 2558 sit
1939 2534 2050 2558 natura
2073 2527 2250 2564 accidentis,
2269 2535 2304 2559 ut
2323 2528 2466 2560 Socrates

1398 2580 1428 2604 et
1447 2573 1514 2604 eius
1539 2572 1735 2613 complexim
1761 2571 1825 2602 sive
1853 2572 1892 2602 sit
1915 2571 2088 2603 substantia
2114 2572 2205 2613 quasi
2231 2573 2410 2609 adventitia,
2431 2580 2466 2604 ut

1398 2617 1578 2648 humanitas
1592 2616 1687 2647 Verbi
1711 2614 1788 2658 Dei)
1812 2616 2051 2656 distinguuntur
2064 2617 2323 2657 quadrupliciter:
2349 2618 2466 2649 scilicet

1398 2669 1434 2693 ut
1457 2672 1505 2693 res
1529 2669 1560 2692 et
1583 2671 1640 2697 res,
1666 2668 1696 2691 et
1719 2660 1894 2697 intrinsece,
1912 2667 1943 2691 et
1966 2660 2144 2697 extrinsece,
2165 2668 2196 2692 et
2219 2662 2395 2693 secundum
2419 2673 2465 2692 ra-

1398 2707 1530 2738 tionem.
1549 2723 1567 2729 -
1592 2706 1698 2736 Habes
1722 2705 1879 2741 secundo,
1905 2706 1994 2746 quod
2017 2705 2221 2746 suppositum
2246 2713 2276 2736 et
2298 2713 2409 2738 natura
2433 2707 2465 2737 in

1398 2751 1580 2782 substantiis
1604 2749 1806 2790 compositis,
1830 2749 2068 2790 distinguuntur
2091 2750 2273 2786 intrinsece,
2299 2758 2329 2782 et
2352 2751 2465 2782 extrin-

1398 2806 1477 2831 sece,
1497 2802 1528 2826 et
1546 2794 1724 2825 secundum
1747 2794 1914 2825 rationem.
1930 2812 1950 2816 —
1966 2795 2074 2825 Habes
2097 2794 2198 2831 tertio,
2209 2795 2312 2835 <quod
2335 2795 2367 2825 in
2391 2797 2465 2826 sub-

1398 2840 1519 2871 stantiis
1540 2838 1808 2874 innuaterialibus,
1824 2839 2062 2879 distinguuntur
2078 2839 2281 2879 suppositum
2298 2846 2328 2870 et
2344 2847 2464 2876 natura,

1398 2895 1464 2915 non
1488 2884 1664 2919 intrinsece,
1680 2883 1735 2913 sed
1754 2883 1924 2914 extrinsece
1948 2884 2124 2914 secundum
2141 2893 2217 2919 rem,
2235 2891 2266 2914 et
2289 2885 2465 2915 secundum

1398 2929 1564 2960 rationem.
1582 2946 1601 2950 -
1618 2928 1725 2958 Habes
1741 2934 1865 2968 quarto,
1883 2928 1972 2968 quod
1987 2928 2020 2958 in
2037 2928 2106 2958 Deo
2123 2928 2213 2958 nullo
2238 2928 2337 2958 modo
2358 2928 2464 2959 distin-

1397 2980 1540 3014 guuntur
1559 2972 1735 3002 secundum
1756 2981 1823 3002 rem
1842 2973 1929 3002 Deus
1945 2979 1976 3003 et
1992 2972 2105 3002 deitas:
2132 2972 2186 3002 sed
2205 2972 2325 3002 ratione
2341 2979 2465 3003 tantum

1398 3018 1487 3048 modi
1512 3016 1718 3057 significandi.
1734 3034 1754 3038 —
1767 3017 1873 3047 Habes
1890 3023 1920 3047 et
1937 3016 2139 3047 concordiam
2159 3016 2317 3047 dictorum
2338 3027 2362 3047 s.
2376 3017 2465 3047 Tho-

1398 3072 1488 3097 mae,
1514 3069 1543 3092 et
1566 3061 1762 3091 intellectum
1790 3071 1904 3092 eorum
1927 3071 2009 3102 quae
2032 3061 2064 3090 in
2089 3061 2218 3091 diversis
2242 3060 2320 3091 locis
2345 3061 2383 3091 de
2407 3061 2465 3092 hac

1398 3106 1528 3137 materia
1552 3105 1666 3146 scripta
1688 3112 1772 3136 sunt.

1454 3151 1506 3181 IX.
1525 3150 1616 3181 Circa
1632 3149 1769 3189 primam
1789 3149 2049 3190 consequentiam
2065 3149 2097 3180 in
2113 3149 2214 3180 littera
2233 3148 2348 3179 factam
2364 3147 2389 3185 *,
2412 3150 2465 3179 ad-

1397 3202 1482 3226 verte
1509 3195 1598 3235 quod
1621 3194 1693 3224 ideo
1724 3193 1830 3224 relicta
1853 3201 1899 3224 est
1933 3204 1991 3234 pro
2017 3193 2188 3229 constanti,
2213 3193 2288 3234 quia
2316 3193 2466 3224 fundatur

1399 3250 1494 3280 super
1516 3239 1568 3269 illa
1591 3238 1699 3278 regula
1722 3238 1967 3279 posterioristica
1982 3238 2055 3269 satis
2078 3238 2158 3274 trita,
2175 3239 2204 3268 si
2222 3237 2400 3278 affirmatio
2420 3244 2466 3269 est

1399 3294 1498 3316 causa
1522 3283 1762 3324 affirmationis,
1781 3284 1909 3324 negatio
1925 3289 1970 3314 est
1986 3292 2084 3313 causa
2107 3283 2298 3323 negationis,
2315 3287 2346 3312 et
2360 3293 2377 3313 e
2391 3293 2465 3313 con-

1400 3339 1491 3360 verso
1506 3328 1532 3358 *.
1558 3328 1598 3358 Et
1621 3327 1775 3368 quoniam
1794 3327 1870 3357 haec
1887 3327 2024 3357 maxima
2040 3337 2105 3357 non
2122 3333 2206 3357 tenet
2225 3325 2284 3356 nisi
2308 3326 2340 3356 in
2364 3328 2465 3358 causis

1398 3372 1552 3414 propriis,
1582 3371 1654 3402 ideo
1679 3371 1712 3401 in
1735 3372 1938 3402 antecedente
1962 3372 1993 3412 ly
2018 3372 2120 3408 ratio,
2148 3380 2222 3401 cum
2246 3370 2360 3401 dicitur
2381 3373 2465 3402 ratio

1399 3417 1602 3458 differentiae
1614 3422 1683 3452 etc„
1700 3416 1855 3456 supponit
1868 3426 1927 3456 pro
1941 3415 2060 3446 ratione
2075 3414 2212 3455 propria.
2231 3414 2339 3455 Itaque
2356 3426 2466 3446 sensus

1375 3476 1378 3478 v
1400 3469 1461 3492 est:
1480 3461 1618 3501 propria
1636 3465 1666 3490 et
1680 3461 1832 3500 praecisa
1849 3461 1933 3490 ratio
1956 3459 2158 3499 differentiae
2174 3460 2367 3490 intrinsecae
2382 3461 2467 3491 inter

1401 3507 1552 3537 naturam
1577 3509 1607 3535 et
1629 3505 1838 3545 suppositum.
1864 3505 1904 3534 Et
1922 3511 1998 3534 tunc
2013 3503 2179 3534 manifeste
2194 3510 2279 3543 patet
2294 3503 2340 3533 vis
2357 3514 2465 3535 conse-

1400 3550 1556 3591 quentiae,
1574 3559 1611 3579 ex
1630 3549 1797 3589 negatione
1814 3549 1882 3580 talis
1901 3548 2040 3584 rationis,
2058 3548 2259 3588 negationem
2275 3548 2323 3578 sui
2340 3548 2465 3579 effectus

1399 3594 1545 3625 inferens.

2306 3654 2321 3678 6

2493 2139 2500 2144 ”
2517 2136 2553 2158 cf.
2565 2142 2630 2158 num.
2642 2143 2667 2157 v.

2494 3158 2501 3165 ·
2518 3155 2553 3178 Cf.
2569 3162 2632 3177 num.
2647 3161 2677 3176 ιν.

2493 3338 2502 3347 “
2518 3337 2526 3357 1
2542 3336 2641 3362 Poster„
2653 3341 2707 3363 cap.

2493 3369 2539 3389 χιιι,
2555 3369 2578 3384 n.
2589 3363 2610 3383 ὃ.
