2768 4178
72 755 86 767 ⁸
99 755 135 778 Cf.
150 760 215 777 num.
230 760 247 778 ι.

67 1151 79 1163 ’
93 1150 151 1178 cup.
159 1156 191 1178 m,
206 1156 230 1173 a.
237 1155 271 1172 22.

301 287 379 323 224

301 356 410 397 quoad
434 353 607 395 significare
630 353 806 394 positivum
829 353 978 394 ponitur,
1009 360 1039 385 et
1067 361 1174 385 tamen
1197 360 1371 394 utrumque

302 399 460 431 definitur.
490 399 605 429 Verum
630 398 726 435 enim,
751 397 855 439 inquit
877 398 1071 434 Aristoteles,
1092 403 1139 429 est
1162 405 1219 428 ens
1242 407 1320 435 esse,
1341 403 1372 428 et

303 454 366 475 non
390 452 447 474 ens
477 452 540 473 non
565 449 652 473 esse:
669 441 801 483 falsum
825 447 949 480 autem,
975 452 1031 473 ens
1055 451 1118 472 non
1143 451 1228 479 esse,
1253 447 1283 472 et
1307 451 1370 472 non

303 497 360 519 ens
383 497 461 518 esse.
493 486 586 517 Unde
613 495 678 526 qua
706 486 828 517 ratione
855 496 969 517 verum
996 485 1150 526 significat
1177 485 1370 526 positivum,

303 532 419 563 scilicet
438 529 690 561 enuntiationem
714 530 778 561 enti
802 537 832 561 et
855 540 922 561 non
946 530 1010 560 enti
1034 530 1243 566 conformem,
1261 530 1372 560 eadem

303 576 420 608 falsum
439 573 592 615 significat
615 574 867 605 enuntiationem
890 574 1016 615 utrique
1033 573 1226 604 difformem:
1251 580 1282 604 et
1305 583 1372 604 non

303 618 458 660 significat
485 618 688 658 negationem
717 617 965 654 conformitatis,
991 625 1026 648 ut
1048 617 1093 648 illi
1116 618 1148 648 in
1172 617 1274 648 littera
1295 617 1372 648 reci-

303 664 359 695 tati
382 668 583 703 putaverunt.

362 707 414 738 111.
439 706 532 738 Circa
560 706 702 746 primum
730 716 944 747 consequens,
969 705 1101 741 scilicet,
1126 705 1255 746 falsum
1279 706 1373 746 ponit

304 752 517 792 acceptionem
544 750 793 791 inadaequatam
817 751 866 781 rei
880 749 914 786 θ,
939 749 1064 779 adverte
1093 749 1183 790 quod
1206 749 1373 790 dupliciter

305 801 410 836 potest
432 794 573 834 intelligi.
599 794 673 825 Uno
698 795 808 830 modo,
833 794 923 835 quod
946 793 1063 824 falsum
1078 792 1233 833 significet
1255 793 1372 824 forma-

304 839 376 870 liter
398 838 617 879 acceptionem
640 837 835 874 difformem,
860 844 896 869 ut
919 839 1051 879 nigrum
1076 837 1218 868 colorem
1241 847 1372 877 congre-

305 883 458 924 gativum.
482 882 557 913 Alio
581 882 692 918 modo,
717 882 806 923 quod
829 888 928 922 ponat
951 881 1139 912 relationem
1161 880 1372 912 difformitatis

305 927 488 963 formaliter,
514 932 545 957 et
563 925 781 966 acceptionem
805 925 1099 961 fundamentaliter;
1124 925 1205 956 sicut
1219 925 1374 956 dissimile

306 970 459 1012 significat
478 970 675 1006 relationem,
691 977 721 1001 et
736 969 829 1010 ponit
847 969 1041 1011 qualitatem.
1066 970 1174 1000 Primo
1190 969 1289 1000 modo
1306 979 1373 1000 non

306 1022 412 1056 potest
434 1014 586 1055 intelligi:
620 1014 776 1055 quoniam
804 1020 988 1055 sequeretur
1011 1014 1100 1054 quod
1124 1023 1228 1044 unum
1251 1020 1373 1045 contra-

306 1059 438 1095 riorum,
462 1058 635 1089 formaliter
657 1064 835 1098 sumptum,
857 1057 1002 1088 transiret
1023 1057 1057 1088 in
1081 1057 1258 1098 reliquum:
1284 1058 1374 1099 quod

307 1113 373 1134 non
390 1109 436 1133 est
454 1102 660 1142 intelligibile.
681 1102 756 1132 Non
780 1101 866 1132 enim
889 1108 994 1142 potest
1009 1101 1128 1142 percipi
1151 1102 1242 1143 quod
1260 1102 1373 1133 albedo

306 1146 361 1178 fiat
383 1146 534 1186 nigredo:
558 1146 614 1176 sed
637 1146 727 1186 quod
749 1155 798 1176 res
821 1155 903 1186 quae
927 1152 974 1176 est
996 1146 1083 1182 alba,
1107 1152 1249 1177 mutetur
1271 1146 1304 1177 in
1327 1146 1374 1177 ni-

306 1201 404 1232 gram.
428 1191 518 1221 Patet
540 1196 648 1221 autem
663 1189 792 1230 sequela
811 1199 848 1220 ex
862 1190 1137 1221 Praedicamentis
1146 1190 1173 1227 *,
1190 1190 1246 1221 ubi
1261 1190 1375 1222 dicitur

306 1235 396 1277 quod
419 1234 531 1265 eadem
553 1243 689 1264 numero
717 1233 818 1265 oratio
842 1233 973 1275 suscipit
995 1244 1108 1265 verum
1136 1241 1167 1266 et
1190 1234 1317 1266 falsum.
1341 1235 1374 1267 Si

307 1279 393 1311 enim
415 1285 546 1309 unamet
560 1278 740 1309 enunciatio
756 1285 803 1309 est
825 1278 925 1309 modo
947 1288 1034 1315 vera,
1056 1285 1087 1309 et
1105 1279 1204 1310 modo
1225 1286 1271 1310 est
1286 1279 1374 1316 falsa,

307 1330 338 1355 et
352 1330 419 1354 tam
433 1332 546 1353 verum
564 1332 663 1363 quam
682 1321 798 1353 falsum
822 1322 995 1353 formaliter
1014 1322 1168 1363 significat
1187 1324 1374 1355 enuntiatio-

307 1377 392 1404 nem,
410 1373 536 1407 oportet
558 1366 648 1407 quod
670 1376 774 1398 unum
798 1367 1029 1398 contrariorum
1051 1367 1226 1398 formaliter
1247 1368 1377 1409 recipiat

308 1412 453 1443 alterum.
484 1411 578 1442 Unde
601 1421 638 1441 ex
661 1410 723 1442 hoc
745 1411 817 1451 ipso
841 1411 930 1452 quod
953 1418 1085 1442 unamet
1107 1422 1243 1443 numero
1273 1412 1375 1443 oratio

309 1462 355 1487 est
377 1455 478 1486 modo
501 1465 584 1491 vera,
608 1455 707 1486 modo
731 1455 826 1492 falsa,
851 1462 937 1496 patet
955 1456 1045 1496 quod
1071 1466 1184 1487 verum
1206 1463 1237 1488 et
1259 1456 1376 1488 falsum

308 1499 430 1541 aliquid
445 1499 478 1529 in
494 1499 637 1530 oratione
652 1498 838 1540 significant,
858 1506 890 1531 et
907 1510 975 1530 non
990 1500 1095 1540 ipsam
1114 1500 1374 1532 enuntiationem.

309 1543 345 1575 In
369 1543 459 1575 cuius
483 1543 619 1583 signum,
640 1554 715 1574 cum
738 1544 994 1575 subsumendum
1015 1551 1095 1576 esset
1110 1545 1143 1575 in
1164 1545 1265 1576 littera
1287 1546 1376 1586 quod

309 1588 426 1619 falsum
449 1586 603 1627 significat
618 1587 749 1629 aliquod
772 1588 947 1629 positivum
969 1588 1003 1619 in
1019 1595 1104 1620 certo
1128 1589 1280 1626 subiecto,
1298 1589 1377 1620 nihil

309 1632 396 1663 aliud
419 1631 625 1662 subiunctum
649 1639 704 1669 est,
721 1632 782 1663 nisi
805 1632 1027 1674 quodfalsum
1049 1633 1142 1674 ponit
1160 1633 1377 1674 acceptionem

308 1676 561 1717 inadaequatam,
578 1683 615 1707 ut
632 1676 931 1718 inadaequationem
948 1677 1114 1718 significari
1138 1678 1170 1708 in
1194 1678 1377 1719 acceptione

308 1720 508 1760 intelligeres.

364 1765 416 1796 IV.
436 1765 494 1795 Est
512 1771 619 1795 tamen
642 1764 723 1796 circa
738 1764 800 1796 hoc
819 1765 1047 1796 advertendum
1063 1766 1162 1807 quod,
1179 1765 1260 1797 sicut
1275 1766 1377 1797 simile

310 1815 341 1840 et
359 1808 510 1839 dissimile
527 1808 680 1839 contrarie
697 1816 916 1849 opponuntur,
937 1816 967 1840 et
987 1810 1153 1850 dupliciter
1173 1810 1327 1851 contingit
1342 1821 1378 1841 ea

310 1853 510 1889 contrariari;
535 1852 652 1884 scilicet
675 1855 801 1884 ratione
810 1853 1041 1894 fundamenti,
1066 1854 1148 1885 sicut
1171 1865 1246 1885 cum
1269 1855 1378 1885 album

309 1897 412 1927 simile
435 1897 522 1928 alteri
546 1897 619 1928 albo
643 1904 784 1928 mutatur
812 1897 845 1928 in
868 1897 1012 1938 nigrum,
1038 1899 1128 1939 quod
1158 1905 1205 1929 est
1227 1899 1378 1930 dissimile

309 1941 399 1977 albo;
424 1948 455 1972 et
477 1942 603 1972 ratione
626 1943 764 1979 termini,
790 1942 816 1972 si
840 1941 957 1973 scilicet
979 1942 1133 1973 terminus
1151 1950 1327 1974 mutaretur
1345 1943 1377 1974 in

310 1985 455 2026 nigrum:
480 1985 523 2016 ita
546 1995 658 2016 verum
690 1985 844 2016 contrarie
867 1985 998 2027 quidem
1026 1986 1202 2027 opponitur
1225 1987 1322 2024 falso,
1348 1994 1379 2018 et

310 2029 476 2069 dupliciter
498 2036 604 2070 potest
619 2030 810 2070 contingere.
827 2030 875 2061 Ex
898 2037 986 2071 parte
1001 2031 1133 2072 quidem
1147 2031 1282 2068 termini,
1303 2042 1379 2062 cum

310 2074 420 2104 eadem
445 2073 546 2105 oratio
571 2074 610 2105 de
632 2084 705 2104 vera
727 2073 763 2105 fit
786 2074 871 2111 falsa,
890 2081 1020 2115 propter
1038 2075 1250 2106 mutationem
1273 2076 1317 2106 rei
1337 2076 1378 2107 si-

309 2117 486 2158 gnificatae;
510 2124 547 2149 ut
561 2124 647 2159 patet
665 2118 698 2148 in
722 2118 851 2150 materia
866 2119 1072 2160 contingenti.
1095 2120 1143 2151 Ex
1159 2127 1247 2161 parte
1270 2127 1379 2151 autern
1410 2124 1412 2126 ’

996 273 1263 322 QUAESTIO
1292 273 1416 321 XVII,
1446 273 1743 311 ARTICULUS
1772 273 1824 310 IV

1425 352 1633 389 fundamenti,
1655 362 1729 383 cum
1753 352 1960 383 fundamenta
1983 352 2052 393 ipsa
2083 359 2157 384 sunt
2181 354 2345 386 contraria.
2369 355 2496 386 Funda-

1425 404 1572 428 mentum
1595 403 1702 428 autem
1718 396 1856 428 veritatis
1876 403 1907 428 et
1928 396 2080 433 falsitatis,
2101 404 2137 428 ut
2152 407 2189 428 ex
2205 397 2323 429 dictis*
2337 405 2432 439 patet,
2450 406 2497 430 est

1426 441 1611 477 enuntiatio,
1630 451 1685 471 seu
1709 441 1851 481 acceptio
1874 441 2060 472 intellectus.
2077 441 2348 473 Enuntiationum
2370 450 2495 480 autem,

1426 492 1462 516 ut
1484 485 1517 515 in
1541 485 1567 516 11
1586 485 1792 516 Periherm.*
1806 486 1969 526 probatur,
1986 485 2189 516 contrarietas
2211 485 2372 518 invenitur
2391 487 2495 528 primo

1425 529 1506 560 inter
1528 529 1748 560 affirmativam
1777 536 1807 561 et
1838 529 2017 570 negativam
2048 529 2191 560 eiusdem
2215 530 2253 560 de
2284 531 2398 561 eodem
2422 539 2495 569 etc.,

1426 584 1564 614 quarum
1596 574 1727 604 alteram
1757 580 1884 614 oportet
1907 584 1974 605 esse
1996 583 2120 610 veram,
2148 580 2178 605 et
2208 574 2340 605 alteram
2373 574 2495 607 falsam.

1427 618 1533 658 Igitur,
1557 618 1595 648 de
1618 618 1724 658 primo
1748 618 1788 648 ad
1812 618 1973 655 ultimum,
1994 625 2135 649 mutatur
2158 618 2336 650 intellectus
2360 619 2399 650 de
2421 629 2496 651 vero

1425 661 1459 692 in
1482 661 1599 692 falsum
1616 672 1653 693 ex
1676 669 1763 702 parte
1780 661 1989 699 fundamenti,
2006 663 2085 693 dum
2104 663 2142 693 de
2167 663 2384 694 enuntiatione
2401 664 2496 695 unius

1426 706 1522 746 partis
1542 706 1798 737 contradictionis
1821 707 1931 738 transit
1945 707 1977 737 in
1995 707 2098 738 aliam.
2117 707 2281 745 Quoniam
2299 714 2407 739 autem
2425 718 2497 739 mu-

1426 749 1504 780 tatio
1528 760 1565 780 ex
1590 757 1677 790 parte
1700 750 1826 781 termini
1854 750 1888 781 in
1910 761 1985 781 vero
2010 758 2041 782 et
2063 751 2160 788 falso,
2187 758 2242 782 aut
2265 762 2331 783 non
2355 759 2402 783 est
2424 762 2496 784 vere

1427 794 1629 824 contrarietas
1664 804 1702 824 eo
1722 794 1813 837 quod
1835 794 1902 825 sine
1926 795 1974 826 sui
1998 795 2175 826 mutatione
2199 797 2238 826 de
2262 806 2329 827 uno
2353 796 2387 827 in
2411 796 2498 827 aliud

1427 837 1528 868 oratio
1551 837 1661 868 transit
1684 846 1692 874 ;
1717 845 1773 869 aut
1795 838 1821 868 si
1843 848 1903 879 pro
1926 849 2000 870 vera
2023 840 2258 877 contrarietate,
2290 841 2392 882 qualis
2415 841 2497 872 inter

1427 881 1555 912 relativa
1577 891 1644 912 esse
1667 888 1781 922 potest,
1798 889 1986 923 acceptatur,
2002 893 2070 914 non
2086 884 2180 915 habet
2203 885 2431 916 contrarietatis
2447 896 2495 916 ra-

1427 925 1549 956 tionem
1579 935 1616 956 ex
1643 926 1820 956 mutatione
1850 926 1977 957 termini
2001 925 2179 970 (quoniam
2206 929 2342 960 mutatio
2371 929 2498 960 termini

1428 969 1583 1009 contingit
1598 976 1629 1000 et
1651 969 1690 999 de
1715 969 1872 1000 contrario
1897 970 1931 1001 in
1954 972 2158 1009 contrarium,
2174 979 2205 1004 et
2227 973 2267 1004 de
2288 972 2497 1005 affirmatione

1427 1013 1460 1044 in
1484 1013 1696 1053 negationem,
1713 1020 1768 1044 aut
1783 1023 1800 1044 e
1817 1013 2001 1057 converso);
2025 1016 2161 1047 mutatio
2178 1023 2286 1048 autem
2309 1018 2348 1048 de
2370 1027 2446 1049 vero
2463 1018 2498 1049 in

1428 1057 1546 1088 falsum
1569 1067 1606 1088 ex
1628 1064 1715 1098 parte
1739 1057 1948 1095 fundamenti,
1970 1059 2064 1091 habet
2091 1059 2248 1091 rationem
2271 1062 2498 1094 contrarietatis

1429 1112 1466 1133 ex
1488 1102 1665 1133 mutatione
1684 1101 1766 1133 inter
1780 1101 1987 1134 fundamenta
2003 1101 2094 1146 (quia
2117 1104 2235 1136 scilicet
2253 1105 2388 1137 mutatio
2407 1106 2498 1137 intel-

1427 1147 1527 1177 lectus
1544 1147 1583 1177 de
1606 1146 1759 1187 opinione
1775 1145 1961 1178 affirmativa
1978 1147 2011 1177 in
2027 1147 2215 1188 negativam,
2232 1155 2287 1180 aut
2302 1159 2319 1180 e
2333 1159 2497 1188 converso,

1429 1197 1476 1222 est
1497 1201 1569 1221 vere
1593 1190 1673 1222 inter
1688 1189 1872 1233 contraria);
1893 1198 1932 1228 et,
1949 1192 2040 1232 quod
2055 1192 2128 1232 plus
2152 1199 2207 1229 est,
2225 1202 2262 1224 ex
2280 1194 2498 1226 contrarietate

1429 1235 1713 1266 fundamentorum
1735 1235 1908 1266 innascitur
1931 1236 2132 1267 contrarietas
2155 1236 2220 1268 veri
2244 1244 2275 1269 et
2297 1237 2367 1268 falsi
2391 1247 2499 1269 secun-

1430 1280 1510 1310 dum
1531 1279 1704 1311 terminum
1729 1278 1818 1322 (nam
1833 1279 1906 1310 ideo
1930 1280 2007 1311 haec
2030 1280 2143 1317 oratio,
2167 1281 2318 1313 Socrates
2339 1282 2438 1320 sedet,
2459 1292 2498 1313 eo

1429 1330 1575 1365 surgente
1595 1323 1708 1355 dicitur
1732 1323 1890 1364 suscipere
1906 1324 1993 1355 aliud
2017 1325 2221 1362 contrarium,
2239 1325 2356 1358 scilicet
2370 1325 2498 1364 falsum,

1429 1368 1506 1409 quia
1529 1375 1575 1399 est
1598 1367 1751 1399 contraria
1774 1367 1820 1399 illi
1843 1378 1926 1410 quae
1950 1375 1996 1400 est
2018 1379 2100 1406 vera,
2123 1369 2240 1401 scilicet
2262 1370 2412 1402 Socrates
2435 1380 2499 1402 non

1429 1413 1534 1444 sedet.-
1556 1412 1615 1443 nisi
1639 1412 1725 1443 enim
1759 1418 1840 1443 esset
1871 1412 1951 1443 inter
1973 1413 2057 1454 ipsas
2090 1414 2249 1445 orationes
2279 1414 2499 1452 contrarietas,

1430 1457 1566 1488 mutatio
1591 1457 1630 1487 de
1651 1467 1727 1488 vero
1758 1457 1792 1487 in
1820 1456 1937 1488 falsum
1959 1467 2050 1488 verae
2087 1459 2314 1490 contrarietatis
2343 1459 2500 1490 rationem

1430 1511 1497 1532 non
1520 1499 1679 1543 haberet):
1712 1508 1879 1542 propterea
1901 1502 1934 1532 in
1956 1501 2058 1533 littera
2081 1512 2147 1533 non
2170 1502 2206 1534 fit
2229 1503 2350 1535 mentio
2375 1503 2436 1534 nisi
2459 1503 2500 1535 de

1431 1545 1648 1577 contrarietate
1672 1555 1709 1576 ex
1731 1553 1819 1586 parte
1842 1545 2042 1578 fundamenti
2064 1546 2180 1579 innata.
2205 1547 2247 1578 Et
2269 1547 2399 1579 merito:
2424 1547 2501 1589 quia

1430 1589 1590 1621 relationis
1614 1596 1760 1620 naturam
1783 1590 1961 1622 secundum
1977 1590 2175 1623 fundamenti
2199 1598 2347 1623 naturam
2361 1592 2499 1623 maxime

1430 1634 1586 1670 videmus,
1606 1644 1645 1665 eo
1662 1635 1752 1675 quod
1775 1641 1830 1665 aut
1848 1641 1895 1666 est
1917 1635 2003 1666 idem
2022 1645 2096 1666 cum
2121 1636 2170 1673 eoJ
2187 1643 2243 1668 aut
2265 1636 2415 1668 naturalis
2431 1636 2500 1668 eius

1431 1678 1522 1719 quasi
1546 1677 1662 1719 passio.

1487 1723 1526 1754 V.
1545 1723 1579 1754 In
1603 1722 1810 1763 responsione
1830 1723 1869 1754 ad
1884 1723 2071 1761 secundum,
2093 1724 2199 1756 videto
2219 1724 2310 1766 quod
2332 1724 2417 1765 large
2440 1724 2501 1756 uti-

1431 1774 1483 1798 tur
1506 1768 1745 1798 contrarietatis
1759 1768 1917 1798 vocabulo
1933 1768 2061 1805 ibidem,
2078 1776 2174 1809 prout
2190 1769 2308 1800 scilicet
2326 1769 2422 1800 etiam
2437 1768 2500 1810 pri-

1431 1811 1569 1842 vativam
1593 1811 1734 1842 continet
1757 1811 1996 1852 oppositionem
2003 1821 2010 1849 ;
2036 1819 2072 1844 ut
2087 1819 2173 1854 patet
2192 1813 2230 1844 de
2249 1814 2335 1844 bono
2360 1819 2390 1845 et
2412 1813 2499 1844 malo

1431 1855 1685 1886 transcendenter
1699 1855 1844 1896 sumptis,
1860 1862 1891 1887 et
1906 1866 1943 1887 ex
1957 1856 2060 1887 verbis
2075 1857 2260 1894 subiunctis,
2275 1857 2403 1894 scilicet,
2417 1858 2501 1889 sicut

1431 1901 1535 1930 omnis
1544 1900 1687 1940 privatio
1703 1899 1873 1941 fundatur
1887 1901 1920 1931 in
1943 1901 2103 1939 subiecto,
2125 1902 2169 1932 ita
2186 1911 2279 1932 omne
2301 1901 2423 1932 malum
2441 1907 2499 1933 etc.

1431 1943 1519 1974 Fecit
1542 1950 1649 1974 autem
1671 1943 1734 1975 hoc
1757 1946 1896 1981 Auctor,
1922 1955 1988 1975 non
2011 1945 2151 1982 incuria;
2176 1946 2249 1982 sed,
2274 1945 2367 1987 quia,
2392 1945 2502 1987 quoad

1431 1988 1497 2018 vim
1512 1987 1700 2028 argumenti,
1717 1988 1803 2019 idem
1819 1995 1866 2020 est
1886 1988 2042 2020 iudicium
2061 1990 2100 2021 de
2119 1989 2284 2021 contrariis
2299 1997 2330 2021 et
2349 1989 2502 2030 privative

1433 2032 1606 2073 oppositis,
1632 2032 1791 2064 insinuare
1814 2033 1916 2064 voluit
1948 2034 2036 2075 quod
2060 2034 2226 2075 responsio
2253 2034 2383 2075 propria
2406 2034 2502 2065 etiam

1434 2077 1527 2108 debet
1541 2086 1607 2107 esse
1632 2077 1752 2114 eadem,
1773 2077 1838 2108 sive
1853 2078 2006 2109 contrarie
2029 2078 2094 2109 sive
2117 2079 2269 2120 privative
2284 2085 2500 2120 opponantur.

1433 2121 1474 2152 Et
1497 2128 1663 2162 propterea
1687 2122 1912 2153 contrarietatis
1936 2133 2055 2153 nomen
2080 2123 2245 2155 extendere
2268 2123 2388 2155 docuit.

2522 405 2534 416 ⁸
2548 404 2621 427 Num.
2630 405 2738 434 praeced.

2523 494 2534 506 ⁸
2549 493 2607 521 Cap.
2618 499 2650 516 tv.
2661 505 2672 511 -
2683 493 2738 516 Did.

2524 526 2576 548 cap.
2586 526 2634 543 xiv.
