2606 4082
878 320 932 347 AD
955 317 1317 346 REVERENDISSIMUM
1339 318 1377 345 IN
1399 317 1566 345 CHRISTO
1589 317 1746 345 PATREM

341 434 1374 544 D.OL1VER1UM
1462 434 2293 517 CARRAFAM

660 601 964 637 CARDINALEM
988 599 1387 640 NEAPOLITANUM,
1413 599 1682 634 EPISCOPUM
1708 598 1977 634 OSTIENSEM

944 713 1211 739 PROTECTOREM
1230 713 1370 738 ORDINIS
1389 712 1689 738 PRAEDICATORUM

1081 830 1559 888 PRAEFATIO

464 980 512 1020 IN
534 978 881 1020 EXPOSITIONEM
903 977 1082 1019 PRIMAE
1105 977 1274 1018 PARTIS
1297 977 1494 1018 SUMMAE
1518 975 1682 1016 SANCTl
1705 971 1903 1016 THOMAE
1926 975 2174 1023 AQUINATIS

650 1102 948 1156 FRATRIS
988 1101 1301 1155 THOMAE
1341 1101 1430 1153 DE
1469 1101 1602 1153 VIO
1643 1100 1990 1153 CAIETANI

1026 1223 1150 1246 SACRAE
1171 1223 1382 1246 THEOLOGIAE
1403 1222 1612 1245 PROFESSORIS

1157 1319 1168 1334 9
1185 1318 1216 1334 tu
1231 1318 1325 1334 onmms
1340 1318 1530 1334 Pmmcxronuu

1216 1436 1431 1463 -——-··‡›··——

236 1656 292 1702 ‘vs
314 1654 361 1698 *23
384 1652 418 1671 ὐ
442 1652 471 1665 *⁰¹¹
492 1650 845 1681 0N‘1'EMPLATUS
878 1638 1137 1679 Aristoteles
1172 1638 1291 1678 orbis
1325 1637 1567 1678 machinam
1601 1635 1804 1685 universi,
1840 1649 1937 1677 cum
1970 1635 2137 1677 videret
2170 1636 2259 1676 suis
2293 1649 2426 1690 quae-

314 1682 491 1778 ’,Ξῇᾌὶῥῇ
511 1715 596 1757 que
631 1703 738 1743 locis
771 1707 870 1756 apte
905 1701 1132 1756 disposita,
1169 1713 1388 1741 summum
1433 1699 1545 1740 illius
1583 1699 1772 1747 bonum,
1817 1704 1948 1753 atque
1991 1698 2150 1739 idcirco
2192 1699 2426 1739 maximum

285 1767 475 1821 s‘yffssffafflta
511 1765 684 1806 divinae
718 1764 955 1818 sapientiae
990 1776 1102 1818 opus
1137 1775 1234 1804 esse
1268 1762 1466 1803 ordinem
1501 1761 1741 1802 affirmavit.
1790 1761 1890 1802 Hoc
1924 1761 2053 1802 etiam
2085 1766 2212 1815 pacto
2252 1762 2427 1817 egregie

228 1819 478 1883 ’ἣξζζιζῖξ
511 1828 771 1882 dispositum
805 1832 1088 1881 aptatumque
1122 1825 1309 1866 hominis
1344 1824 1567 1880 ingenium
1606 1823 1888 1878 contemplari
1927 1823 2044 1871 licet,
2090 1823 2164 1878 qui
2197 1823 2262 1864 sui
2297 1823 2427 1864 animi

247 1884 294 1910 ‘³¹‘
322 1904 396 1922 ew*
416 1893 471 1921 Ἣ
511 1896 759 1944 conceptus,
795 1902 844 1929 ac
868 1888 1107 1929 doctrinam
1142 1901 1274 1942 quam
1307 1887 1540 1928 traditurus
1575 1892 1660 1934 est,
1696 1886 1847 1927 ordine
1882 1886 2138 1941 congruenti
2173 1886 2356 1926 collocat
2387 1891 2428 1926 et

218 1954 454 2011 distinguit.
490 1954 638 2008 Atque
661 1952 788 1993 huius
811 1950 989 2005 quidem
1023 1950 1259 2004 sapientiae
1282 1949 1466 1998 laudem,
1490 1948 1601 1989 sicut
1623 1948 1732 1989 inter
1754 1948 2052 2003 philosophos,
2077 1949 2270 1989 omnium
2302 1948 2427 2002 plane

218 2017 399 2066 iudicio,
439 2016 522 2058 sibi
556 2014 815 2056 Aristoteles
849 2012 1108 2061 vindicavit;
1143 2013 1202 2053 ita
1235 2012 1344 2053 inter
1376 2011 1632 2066 theologos,
1677 2023 1808 2065 quem
1843 2010 1947 2051 divo
1982 2010 2180 2051 Thomae
2218 2010 2427 2064 Aquinati

217 2079 431 2136 praeferre
453 2078 581 2126 ausis,
618 2076 813 2118 invenies
837 2075 1066 2127 neminem.
1101 2074 1217 2115 Nam
1241 2087 1338 2115 cum
1361 2074 1528 2128 priores
1550 2073 1623 2114 illo
1647 2073 1846 2127 permulti
1869 2072 2053 2129 singulis
2083 2086 2131 2113 ac
2155 2072 2348 2113 discretis
2373 2072 2426 2113 de

218 2142 350 2184 rebus
382 2140 607 2183 volumina
641 2151 773 2194 quam
807 2137 991 2192 plurima
1025 2136 1284 2185 edidissent;
1321 2148 1506 2190 cumque
1541 2135 1717 2176 demum
1751 2135 1794 2175 in
1828 2141 2080 2189 perpetuam
2115 2134 2333 2189 quandam
2366 2148 2427 2175 se-

218 2205 325 2246 riem
358 2203 608 2259 theologiae
641 2201 876 2242 sententias
909 2206 1001 2240 tum
1036 2199 1191 2240 Graeci
1223 2198 1355 2253 aliqui
1389 2204 1588 2239 auctores
1620 2203 1712 2237 tum
1746 2203 1788 2238 et
1822 2197 1965 2238 Latini
1989 2197 2117 2238 etiam
2142 2197 2427 2252 redegissent,

218 2267 580 2322 expositoresque
614 2263 812 2320 permulti
846 2262 1172 2303 Sententiarum
1209 2261 1343 2302 libros
1378 2265 1672 2308 enarrassent;
1707 2259 1836 2300 divus
1869 2265 2013 2300 tamen
2047 2259 2246 2313 Aquinas
2270 2265 2427 2307 noster,

218 2330 404 2386 largiore
450 2327 639 2384 quadam
682 2339 796 2367 vena
828 2325 1095 2380 theologiam
1139 2323 1267 2364 nobis
1312 2336 1360 2364 ac
1406 2322 1646 2363 doctrinam
1692 2322 1815 2376 quasi
1858 2322 2137 2378 omnigenam
2175 2321 2427 2370 traditurus,

219 2392 333 2434 duos
367 2392 460 2447 ipse
494 2389 705 2432 discretos
740 2400 972 2442 novosque
1008 2386 1194 2434 ordines,
1221 2393 1263 2427 et
1290 2385 1467 2440 quidem
1500 2384 1869 2440 praeclarissimos
1902 2384 2134 2425 adinvenit.
2170 2384 2339 2424 Horum
2368 2385 2429 2424 al-

219 2461 359 2496 terum
392 2453 570 2509 quidem
604 2452 647 2493 in
680 2451 798 2492 libris
837 2450 998 2491 Contra
1039 2449 1196 2490 Gentes
1229 2448 1482 2503 complexus
1517 2453 1603 2488 est:
1644 2447 1825 2488 alterum
1859 2460 1966 2488 vero
2000 2446 2043 2487 in
2078 2446 2322 2501 quadrifido
2357 2447 2428 2487 illo

220 2528 364 2572 opere,
400 2515 521 2571 quod
555 2515 786 2556 Summam
817 2512 910 2554 dz‘vz'
947 2512 1136 2553 Thomae
1167 2511 1408 2565 Aquinatis
1441 2509 1598 2550 celebri
1632 2510 1716 2550 iam
1751 2509 1874 2550 titulo
1909 2522 2220 2563 nuncupamus.

345 2581 393 2620 In
427 2591 515 2633 qua
546 2583 639 2619 tota
673 2576 856 2618 Summa
889 2588 940 2616 ea
973 2588 1114 2615 rerum
1149 2574 1275 2628 copia
1297 2573 1548 2620 continetur,
1583 2585 1695 2626 quae
1719 2571 1774 2612 ad
1798 2571 2085 2612 necessariam
2118 2571 2282 2611 homini
2307 2570 2429 2612 Chri-

221 2642 362 2683 stiano
391 2640 643 2687 doctrinam,
668 2650 904 2692 veramque
930 2636 1242 2678 beatitudinem
1265 2635 1479 2690 pertinent
1507 2633 1874 2688 consequendam,
1897 2640 1944 2675 ut
1966 2634 2159 2675 relictum
2191 2633 2292 2674 nihil
2315 2634 2428 2687 peni-

220 2710 291 2746 tus
313 2703 523 2744 videatur.
557 2702 672 2742 Nam
706 2714 804 2741 cum
839 2700 880 2740 in
914 2699 1052 2754 prima
1086 2699 1294 2740 Summae
1328 2704 1447 2752 parte
1487 2696 1541 2737 de
1575 2697 1696 2744 De0‚
1722 2695 1775 2737 de
1810 2696 2035 2746 Trinitate,
2061 2696 2115 2737 de
2155 2695 2350 2751 Angelis,
2375 2696 2429 2736 de

222 2767 384 2808 Anima
416 2764 646 2812 Rationali,
672 2763 814 2817 deque
847 2763 944 2817 ipso
980 2762 1183 2809 Homine,
1209 2775 1258 2802 ac
1292 2760 1425 2801 totius
1459 2758 1612 2799 Mundi
1635 2758 1806 2807 fabrica,
1832 2759 2010 2813 copiose
2033 2772 2083 2799 ac
2112 2758 2309 2799 distincte
2332 2771 2428 2812 per-

221 2834 392 2877 tractet:
427 2834 518 2869 tum
552 2825 834 2880 sequen-tibus
869 2825 1042 2866 duobus
1076 2824 1211 2872 libris,
1237 2823 1291 2864 ab
1327 2822 1503 2863 homine
1537 2821 1691 2862 iterum
1725 2833 1924 2869 exorsus,
1960 2822 2169 2862 humanas
2203 2820 2428 2875 passiones

223 2904 389 2939 omnes,
425 2901 658 2943 earumque
682 2886 833 2928 sontes
866 2901 915 2928 ac
948 2899 1219 2942 progressus,
1255 2885 1470 2938 simulque
1490 2883 1684 2923 -virtutes
1707 2896 1821 2937 quae
1844 2897 1991 2924 curare
2013 2883 2117 2924 vitia
2140 2889 2182 2924 et
2202 2882 2427 2937 passiones

222 2953 403 3009 possint,
438 2951 617 2993 ethnicis
652 2950 814 2991 cunctis
848 2950 1069 3003 sacrisque
1103 2947 1352 2989 auctoribus
1376 2945 1597 3001 copiosius
1620 2944 1950 3000 distinctiusque
1974 2951 2210 3000 percenset.
2244 2945 2429 2998 Reliqua

223 3029 353 3070 porro
388 3028 499 3070 pars,
535 3026 647 3069 quae
682 3025 862 3053 numero
898 3011 1074 3066 quidem
1108 3010 1381 3051 voluminum
1415 3007 1757 3062 conscriptorum
1792 3014 1944 3062 quarta
1978 3014 2058 3056 est,
2099 3007 2259 3048 ordine.
2283 3012 2426 3047 tamen

225 3077 444 3118 doctrinae
465 3076 588 3118 tertia
611 3080 890 3129 nuncupatur,
911 3074 964 3115 de
983 3075 1176 3115 Auctore
1199 3072 1363 3128 gratiae
1380 3071 1566 3118 Christ0‚
1585 3070 1888 3125 mysteriisque
1912 3070 2115 3111 omnibus
2138 3069 2192 3110 ad
2209 3068 2426 3110 Christum

224 3139 536 3194 pertinentibus
570 3144 748 3186 tractat;
792 3143 884 3177 tum
917 3149 1023 3177 vero
1067 3141 1110 3177 et
1148 3135 1202 3176 de
1246 3135 1350 3189 ipsis
1384 3132 1704 3181 sacramentis,
1749 3145 1825 3187 per
1858 3145 1971 3186 quae
2007 3132 2144 3188 gratia
2183 3131 2423 3179 confertur;

225 3207 446 3256 postremo
481 3200 535 3242 de
569 3200 840 3255 optatissimo
873 3198 1012 3239 fructu
1033 3198 1209 3254 gratiae,
1229 3210 1416 3252 superna
1438 3195 1641 3236 videlicet
1674 3195 1949 3242 beatitudine,
1972 3208 2022 3235 ac
2045 3193 2264 3249 suppliciis
2299 3194 2426 3234 etiam

226 3263 539 3304 damnatorum.
589 3262 724 3316 Quod
767 3267 912 3302 tamen
956 3260 1012 3301 ad
1055 3259 1476 3301 consummationem
1510 3256 1659 3298 tertiae
1698 3257 1828 3311 partis
1863 3256 2149 3304 desideratur,
2195 3256 2238 3296 in
2273 3261 2425 3309 quarto

225 3339 355 3380 super
387 3323 633 3366 Sententias
665 3325 776 3365 libro
811 3323 990 3377 copiose
1024 3322 1258 3363 disseritur.

352 3388 499 3441 Atque
530 3387 610 3428 hac
644 3386 822 3441 quidem
854 3391 972 3426 tanta
1005 3397 1147 3425 rerum
1181 3383 1385 3439 congerie
1419 3395 1516 3423 cum
1549 3381 1604 3422 sit
1637 3382 1874 3422 immensus
1907 3380 2106 3434 Aquinas
2139 3385 2296 3428 noster,
2339 3392 2427 3420 non

226 3451 368 3491 minus
401 3455 546 3490 tamen
579 3448 873 3489 admirationis
908 3447 990 3488 sibi
1025 3446 1223 3487 conciliat
1261 3445 1426 3487 ratione
1466 3443 1773 3484 sententiarum
1805 3449 1935 3497 atque
1972 3442 2228 3490 verborum,
2269 3441 2426 3496 quibus

225 3518 388 3553 tantam
422 3511 583 3552 molem
615 3517 760 3552 versat
792 3516 922 3564 atque
955 3515 1193 3564 pertractat.
1229 3509 1294 3549 Ea
1318 3519 1505 3561 namque
1529 3505 1611 3546 stili
1634 3506 1795 3560 puritas
1820 3512 1895 3553 est,
1930 3510 1976 3545 ut
2007 3504 2242 3559 superfluat
2263 3504 2298 3544 si
2323 3503 2426 3558 quid

226 3573 455 3621 addideris,
491 3578 656 3613 arescat
686 3585 792 3613 vero
827 3573 863 3613 si
897 3571 1002 3626 quid
1037 3570 1264 3612 exemeris:
1301 3567 1417 3611 ea'in
1439 3568 1584 3609 verbis
1618 3567 1853 3608 formalitas
1887 3580 1936 3607 ac
1970 3566 2219 3621 proprietas,
2255 3572 2303 3606 ut
2325 3565 2425 3606 nihil

172 3691 182 3702 .
228 3636 326 3677 insit
360 3635 610 3682 extrarium,
646 3634 747 3674 nihil
781 3634 1002 3675 accidens:
1049 3634 1224 3687 insuper
1257 3645 1307 3673 ea
1342 3637 1406 3672 est
1439 3629 1706 3685 profunditas
1740 3630 1782 3670 in
1816 3629 2053 3677 sententiis,
2090 3641 2141 3669 ea
2174 3628 2343 3669 novitas
2378 3640 2425 3667 ac
