2768 4178
89 862 138 884 arg.

187 997 201 1013 0

83 2355 94 2366 ⁴
115 2355 147 2377 Ca
166 2371 172 2377 .
189 2361 272 2377 xxxin.

86 2381 145 2403 cmi
165 2382 298 2410 .11Mora!.‚

85 2414 136 2436 cap.
153 2414 184 2430 ιιι.

183 2529 199 2545 α

336 270 408 307 128
1016 268 1284 316 QUAESTIO
1314 269 1403 316 XII,

386 351 443 385 AD
473 360 663 385 SECUNDUM
690 359 875 385 mCENDUM
905 347 1010 397 quod
1038 360 1118 385 non
1145 355 1303 397 propter
1327 348 1403 384 hoc

331 403 437 439 Deus
483 400 875 450 incomprehensibilis
918 401 1075 448 dicitur,
1117 401 1227 450 quasi
1265 400 1403 449 aliquid

332 454 412 491 eius
441 454 485 491 sit
516 454 622 503 quod
655 466 735 491 non
765 453 940 492 videatur
966 460 997 491 ἐ
1027 454 1096 491 sed
1125 453 1214 502 quia
1246 466 1325 491 non
1352 453 1403 490 ita

330 508 498 557 perfecte
517 507 680 555 videtur,
706 507 802 544 sicut
827 507 986 545 visibilis
1011 515 1077 544 est.
1108 506 1212 543 Sicut
1231 519 1320 543 cum
1339 505 1402 543 ali-

331 573 408 609 qua
429 560 731 598 demonstrabilis
754 561 966 610 propositio
985 573 1055 610 per
1079 559 1245 608 aliquam
1262 560 1402 609 proba-

332 613 448 650 bilem
469 613 658 650 rationem
679 614 931 662 cognoscitur,
952 626 1032 651 non
1052 621 1107 650 est
1121 610 1136 636 ε
1154 612 1297 662 aliquid
1321 612 1402 650 eius

332 667 437 714 quod
457 678 536 703 non
556 674 821 715 cognoscatur,
850 680 922 705 nec
950 666 1178 714 subiectum,
1198 678 1271 703 nec
1293 679 1404 716 prae-

332 719 513 767 dicatum,
543 732 615 757 nec
644 720 890 781 compositio:
929 719 998 757 sed
1024 727 1104 757 tota
1131 730 1212 756 non
1240 719 1290 756 ita
1317 732 1403 768 per-

331 772 427 809 fecte
457 773 720 821 cognoscitur,
760 774 858 811 sicut
892 772 1155 822 cognoscibilis
1184 779 1251 810 est.
1289 772 1402 810 Unde

92 829 181 851 Loco
195 829 265 851 0³¹³¹0
280 835 303 850 ¹¹¹
331 825 577 875 Augustinus,
597 826 818 864 definiendo
844 825 1244 876 comprehensionem,
1274 825 1362 863 dicit
1382 825 1403 847 *

332 878 437 927 quod
471 884 589 917 totum
628 880 956 929 comprehenditur
990 879 1173 925 videndo,
1212 878 1315 927 quod
1350 878 1401 915 ita

330 932 489 979 videtur,
520 938 562 969 ut
591 933 686 970 nihil
716 934 795 970 eius
826 933 943 970 lateat
970 933 1175 977 videntem‚·
1200 937 1271 977 aut
1296 931 1402 968 cuius

319 986 424 1033 fines
452 986 691 1035 circumspici
709 992 870 1035 possunt
895 991 926 1023 ⁰:
960 993 1050 1023 tunc
1080 985 1182 1022 enim
1211 984 1309 1022 fines
1337 984 1401 1022 ali-

347 1134 353 1140 ⁴
383 1099 406 1132 ν)
432 1107 484 1125 non
509 1100 642 1125 videatur.
667 1113 686 1119 -
712 1099 836 1125 videatur
859 1103 886 1125 et
909 1099 1014 1132 aliquid
1035 1100 1108 1133 quod
1131 1107 1184 1125 non
1210 1100 1335 1125 videatur
1359 1107 1403 1126 co-

329 1135 408 1203 drceg).
427 1170 504 1195 Sicut
521 1177 580 1196 cum
599 1171 692 1203 aliqua
711 1170 958 1197 demonstrabilis...
978 1178 1030 1196 non
1049 1174 1098 1197 est.
1115 1184 1136 1190 -
1154 1170 1231 1197 Sicut
1247 1171 1339 1204 aliqua
1357 1171 1403 1196 de-

329 1205 545 1231 monstrabilis
565 1213 613 1231 nec
630 1209 670 1232 est
687 1205 788 1231 ACDE.

1433 267 1731 305 ARTICULUS
1760 267 1846 304 VIII

1460 347 1566 384 cuius
1595 346 1962 396 circumspiciuntur,
1993 346 2149 395 quando
2174 346 2223 384 ad
2247 347 2367 385 finem
2387 348 2426 386 in
2446 361 2528 385 mo-

1459 400 1508 437 do
1529 406 1548 422 ⁷³
1577 399 1835 448 cognoscendi
1862 400 1966 437 illam
1996 412 2078 436 rem
2106 400 2339 448 pervenitur.

1512 454 1570 491 An
1598 465 1759 491 TERTmM
1786 465 1971 491 DtCENDUM
2000 453 2106 501 quod
2135 452 2296 495 totaliter
2323 453 2412 491 dicit
2444 466 2528 492 mo-

1458 506 1567 543 dum.
1580 505 1734 543 obiecti:
1763 518 1844 544 non
1871 506 2029 556 quidem
2058 506 2109 543 ita
2133 506 2240 554 quod
2267 513 2369 544 totus
2388 507 2529 544 modus

1458 559 1598 597 obiecti
1626 572 1707 597 non
1735 559 1846 598 cadat
1872 560 1943 597 sub
1973 559 2205 608 cognitione3
2235 560 2303 597 sed
2331 560 2421 609 quia
2444 572 2528 597 mo-

1459 612 1530 650 dus
1550 613 1689 650 obiecti
1708 625 1787 650 non
1803 621 1859 651 est
1872 613 2014 650 modus
2030 612 2308 661 cognoscentis.
2326 613 2404 660 Qui
2418 612 2530 661 igitur

1457 666 1561 704 videt
1579 667 1708 703 Deum
1727 679 1798 715 per
1817 666 2030 714 essentiam,
2056 666 2162 704 videt
2179 667 2255 703 hoc
2278 665 2318 703 in
2338 678 2397 713 eo,
2422 666 2529 715 quod

1457 719 1603 757 infinite
1633 719 1764 767 existit,
1794 727 1831 757 et
1857 719 2004 757 infinite
2033 719 2299 768 cognoscibilis
2329 727 2400 757 est:
2430 720 2497 757 sed
2512 726 2529 751 Ρ

1457 772 1519 809 hic
1546 772 1716 810 infinitus
1743 773 1884 810 modus
1913 785 1993 810 non
2022 773 2206 823 competit
2234 772 2285 821 ei,
2318 780 2361 810 ut
2389 773 2529 810 scilicet

1456 825 1539 874 ipse
1566 825 1714 863 infinite
1743 833 1965 874 cognoscat:
2001 826 2097 863 sicut
2125 826 2257 876 aliquis
2285 826 2530 876 probabiliter

1458 877 1553 915 scire
1571 885 1698 927 potest
1726 877 1895 928 aliquam
1921 879 2226 928 propositionem
2254 892 2337 917 esse
2367 878 2529 918 demon-

1458 930 1670 979 strabilem,
1700 931 1786 968 licet
1813 931 1894 980 ipse
1923 944 2010 969 earn
2040 932 2340 971 demonstrative
2365 945 2445 970 non
2465 945 2529 970 co-

1457 992 1628 1033 gnoscat.

1510 1100 1536 1133 ο)
1555 1099 1723 1132 circumspici
1736 1103 1863 1132 possunt.
1879 1112 1899 1119 —-
1911 1099 2030 1132 conspici
2042 1103 2160 1132 possunt
2177 1100 2218 1125 vel
2235 1100 2405 1134 circumspici
2421 1101 2458 1133 B,
2476 1101 2528 1127 cir-

1455 1135 1642 1168 cumspicimus
1660 1138 1725 1160 sunt
1742 1135 1772 1164 E.
1791 1134 1960 1167 circumspici
1979 1135 2021 1160 uel
2038 1135 2224 1160 circumscribi
2237 1139 2352 1168 possunt
2370 1135 2434 1162 Pab.

1510 1170 1540 1203 π)
1559 1170 1694 1202 ιἠῃιοαο.
1713 1184 1732 1189 -
1749 1173 1776 1196 et
1794 1170 1903 1196 modum
1922 1171 1951 1196 Β.

1511 1206 1536 1240 ρ)
1554 1206 1611 1232 sed.
1627 1219 1646 1227 ν-
1665 1209 1695 1231 ut
1713 1209 1802 1231 tamen
1822 1207 1852 1237 Β,
1870 1206 1918 1231 sed
1937 1209 2026 1232 tamen
2046 1206 2133 1231 ceteri.

1010 1294 1346 1328 commentaria
1367 1294 1620 1328 Cardinalis
1641 1294 1845 1327 Caietani

388 1392 496 1413 rrimus
511 1382 544 1413 in
562 1392 695 1423 corpore
710 1383 893 1415 declaratur.
905 1401 925 1406 -
940 1383 975 1414 ln
989 1393 1122 1424 corpore
1144 1393 1209 1414 una
1227 1383 1402 1421 conclusio,

330 1394 572 1467 Tresponsiva
591 1427 735 1468 quaesito
751 1427 908 1468 negative:
932 1428 1131 1468 Impossibile
1148 1435 1195 1459 est
1211 1428 1403 1469 cuicumque

328 1471 500 1502 intellectui
519 1478 623 1502 creato
640 1472 908 1512 comprehendere
923 1473 1042 1504 Deum.

382 1515 548 1547 Probatur.
574 1515 772 1556 Impossibile
793 1523 840 1548 est
854 1516 965 1547 lumen
981 1516 1099 1557 gloriae
1115 1523 1256 1554 creatum
1271 1515 1304 1547 in
1320 1526 1401 1558 quo-

328 1569 467 1600 cumque
483 1559 643 1591 intellectu
661 1570 728 1591 esse
742 1560 919 1592 infinitum:
945 1571 1020 1601 ergo
1044 1560 1241 1601 impossibile
1265 1567 1311 1592 est
1334 1560 1400 1592 cui-

328 1613 468 1644 cumque
491 1604 663 1636 intellectui
687 1612 791 1636 creato
815 1604 936 1636 infinite
960 1615 1151 1646 cognoscere
1175 1605 1298 1636 Deum:
1323 1615 1398 1646 ergo

327 1647 524 1688 impossibile
543 1655 590 1680 est
605 1658 806 1690 cognoscere,
830 1656 989 1691 quantum
1007 1649 1229 1690 cognoscibilis
1245 1657 1305 1681 est:
1326 1659 1401 1690 ergo

327 1692 524 1733 impossibile
552 1700 599 1724 est
622 1703 814 1734 cognoscere
842 1694 995 1735 perfecte:
1026 1704 1100 1735 ergo
1130 1694 1328 1735 impossibile
1355 1701 1402 1726 est

330 1737 598 1778 comprehendere
621 1738 738 1769 Deum.

1502 1384 1701 1415 Antecedens
1713 1390 1808 1424 patet.
1821 1383 1927 1414 Prima
1939 1384 2165 1424 consequentia
2174 1384 2328 1424 probatur
2340 1393 2378 1415 ex
2389 1394 2429 1415 eo
2440 1385 2530 1426 quod

1458 1428 1559 1468 magis
1575 1435 1606 1459 et
1621 1428 1730 1459 minus
1743 1427 1848 1459 videre
1864 1428 1971 1459 Deum
1993 1428 2166 1459 attenditur
2186 1428 2365 1460 secundum
2379 1428 2485 1461 maius
2498 1435 2532 1461 et

1457 1472 1565 1503 minus
1588 1472 1698 1504 lumen
1721 1471 1855 1513 gloriae:
1880 1479 1911 1504 et
1934 1479 2174 1513 consequenter,
2197 1471 2318 1504 infinite
2341 1472 2458 1510 videre,
2481 1483 2529 1505 so·

1457 1517 1601 1548 cundum
1612 1515 1774 1548 infinitum
1787 1516 1899 1548 lumen
1910 1516 2037 1557 gloriae.
2055 1516 2201 1548 Secunda
2212 1527 2288 1548 vero
2303 1517 2532 1559 consequentia

1457 1561 1625 1602 probatur:
1651 1560 1727 1602 quia
1741 1560 1829 1592 Deus
1846 1567 1892 1592 est
1906 1559 2027 1592 infinite
2051 1561 2282 1602 cognoscibilis,
2307 1561 2383 1603 quia
2397 1567 2444 1593 est
2458 1561 2529 1593 infi-

1456 1605 1540 1636 nitae
1554 1605 1690 1636 entitatis
1705 1611 1736 1636 et
1751 1605 1948 1636 actualitatis.
1964 1605 2072 1636 Tertia
2086 1611 2194 1636 autem
2209 1606 2361 1646 probatur
2371 1605 2529 1638 inductio-

1455 1659 1495 1680 ne
1519 1649 1552 1680 in
1575 1649 1796 1690 propositione
1819 1649 1929 1686 scibili,
1954 1659 2036 1691 quae
2059 1649 2086 1680 si
2109 1649 2262 1690 opinione
2285 1656 2437 1687 teneatur,
2462 1659 2529 1682 non

1455 1693 1592 1734 perfecte
1615 1694 1829 1734 cognoscitur.
1854 1694 1975 1732 Quarta
1998 1701 2107 1726 autem
2125 1695 2278 1735 probatur
2293 1704 2330 1727 ex
2346 1693 2529 1726 definitione

1453 1738 1554 1779 ipsius
1577 1738 1856 1779 comprehendere,
1880 1739 1969 1780 quod
1994 1738 2110 1770 scilicet
2126 1745 2173 1770 est
2187 1738 2324 1780 perfecta
2346 1738 2501 1780 cognitio.

1114 1867 1433 1935 ART1cutus
1463 1891 1738 1934 ocTAvus

684 1994 841 2026 UTRUM
865 1994 1080 2026 VIDENTES
1104 1994 1228 2026 DEUM
1251 1994 1335 2025 PER
1357 1993 1600 2026 ESSENTIAM
1623 1993 1765 2026 OMNIA
1789 1993 1832 2024 IN
1855 1993 1946 2025 DEO
1970 1992 2165 2025 VIDEANT

424 2073 499 2105 Infra,
519 2081 563 2107 qu.
583 2081 643 2104 Lvn,
663 2078 710 2099 art.
730 2073 759 2105 5;
779 2081 823 2106 qu.
843 2081 893 2103 cvr.
913 2079 961 2099 art.
977 2081 998 2104 ι,
1019 2074 1051 2099 ad
1069 2081 1095 2104 13
1116 2073 1155 2105 111,
1175 2081 1220 2106 qu.
1238 2081 1263 2104 x,
1282 2078 1329 2099 art.
1350 2080 1378 2105 ²3
1398 2073 1418 2098 11
1438 2073 1522 2103 Sent„
1541 2073 1601 2099 diat.
1619 2080 1654 2104 xi,
1673 2078 1719 2099 art.
1741 2080 1771 2104 2;
1790 2073 1830 2103 ΠΙ,
1851 2073 1909 2099 dist.
1927 2081 1979 2104 nv,
1999 2078 2045 2100 art.
2066 2081 2091 2105 2,
2112 2075 2160 2107 qu*
2182 2081 2210 2105 25
2230 2074 2274 2106 tv,
2294 2075 2353 2101 dist.
2372 2083 2429 2106 nv,

550 2117 596 2142 qu.
615 2117 651 2138 m,
671 2114 718 2134 art.
738 2117 758 2141 1;
779 2110 838 2134 dist.
857 2117 923 2140 xux,
942 2117 988 2142 qu.
1007 2117 1034 2141 u,
1054 2115 1101 2134 art.
1117 2109 1147 2140 5;
1167 2109 1198 2134 111
1220 2110 1297 2135 Cont.
1313 2110 1402 2139 Gent..
1420 2116 1477 2142 cap.
1495 2115 1547 2141 ινι,
1565 2116 1621 2140 ux;
1640 2109 1674 2134 de
1692 2108 1782 2139 Ver-it„
1802 2117 1847 2142 qu.
1860 2116 1916 2140 vm,
1936 2114 1983 2134 art.
2002 2116 2034 2141 43
2053 2117 2098 2143 qu.
2117 2117 2157 2140 xx.
2177 2115 2224 2135 art.
2242 2118 2269 2142 4.
2290 2110 2316 2137 5.

328 2197 332 2201 ”
357 2212 420 2254 >525⁵
439 2215 496 2242 sm
459 2219 511 2263 45<
537 2211 560 2235 ι)
581 2210 754 2235 οετΑνυΜ
779 2210 832 2235 su:
852 2210 1091 2235 Paocamrun.
1117 2198 1276 2235 Videtur
1295 2197 1400 2258 quod

351 2242 506 2309 QjAF]
538 2251 714 2288 videntes
734 2252 860 2288 Deum
883 2263 953 2300 per
977 2250 1181 2288 essentiam
1207 2249 1336 2287 omnia
1361 2250 1398 2287 in

342 2293 504 2351 ’,ᾗπνᾷἰ
484 2300 625 2343 fDeo
653 2304 822 2341 videant.
852 2304 952 2341 Dicit
981 2303 1084 2341 enim
1114 2303 1330 2352 Gregorius,
1359 2303 1398 2340 in

360 2356 364 2363 '
381 2323 504 2397 §Fi-3⁶¹2
494 2347 525 2390 *x
541 2357 592 2395 IV
606 2357 762 2407 Dialog.
770 2357 808 2394 *τ
835 2357 936 2400 Quid
949 2363 1002 2394 est
1021 2357 1123 2406 quod
1139 2368 1215 2395 non
1234 2357 1398 2406 videant,

327 2410 393 2459 qui
413 2401 603 2448 videntem
633 2410 762 2448 omnia
785 2410 938 2448 vident?
966 2410 1044 2448 Sed
1063 2411 1170 2448 Deus
1189 2417 1246 2448 est
1263 2387 1399 2448 videns⁷

327 2463 469 2501 omnia.
500 2464 602 2512 Ergo
632 2463 698 2512 qui
725 2463 858 2502 vident
886 2464 1028 2512 Deum,
1058 2463 1189 2501 omnia
1217 2463 1359 2502 vident.

382 2528 416 2554 2.
448 2518 540 2554 ITEM
567 2523 605 2565 ⁸,
635 2517 868 2567 quicumque
903 2517 1007 2555 videt
1044 2517 1261 2566 speculum,
1294 2517 1399 2555 videt

330 2583 374 2607 ea
394 2582 493 2619 quae
512 2570 550 2607 in
569 2570 725 2620 speculo
745 2571 998 2620 resplendent.
1030 2571 1108 2608 Sed
1128 2570 1259 2608 omnia
1280 2583 1396 2620 quae-

279 2659 284 2664 ,
327 2635 494 2673 cumque
523 2624 620 2661 fiunt
646 2624 708 2660 vel
736 2624 818 2661 fieri
845 2631 1018 2673 possunt,
1048 2623 1087 2661 in
1115 2624 1202 2660 Deo
1231 2624 1399 2674 resplen-

84 2897 169 2946 391,ssss
178 2902 221 2946 11ζᾶ
225 2903 300 2946 ‚nvn-

185 2950 199 2983 β

328 2677 418 2714 dent
437 2677 533 2714 sicut
551 2677 590 2714 in
610 2677 779 2726 quodam
801 2678 974 2727 speculo:
995 2677 1074 2727 ipse
1096 2677 1199 2715 enim
1213 2677 1344 2715 omnia
1359 2677 1398 2714 in

328 2730 455 2779 seipso
485 2730 691 2778 cognoscit.
726 2731 828 2779 Ergo
858 2731 1095 2780 quicumque
1122 2730 1227 2768 videt
1255 2731 1396 2779 Deum,

327 2783 431 2821 videt
459 2783 589 2820 omnia
617 2795 716 2832 quae
745 2791 832 2821 sunt
861 2792 897 2821 et
925 2796 1023 2834 quae
1051 2783 1134 2821 fieri
1161 2792 1333 2834 possunt.

383 2837 417 2874 3.
448 2838 683 2884 PRAETEREA,
712 2837 777 2886 qui
804 2836 972 2886 intelligit
998 2837 1036 2875 id
1056 2837 1162 2887 quod
1186 2845 1243 2875 est
1261 2837 1396 2885 maius,

261 2902 280 2924 5
326 2897 453 2940 potest
471 2889 676 2938 intelligere
695 2889 865 2938 minima,
878 2898 918 2927 ut
937 2890 1069 2928 dicitur
1085 2891 1133 2927 111
1154 2891 1201 2928 de
1209 2891 1351 2929 Anima
1364 2890 1395 2928 *.

328 2943 406 2981 Sed
435 2943 567 2981 omnia
595 2955 695 2993 quae
723 2944 830 2981 Deus
859 2944 944 2981 facit
962 2942 980 2972 Ρ
1007 2944 1070 2982 vel
1098 2944 1222 2982 facere
1250 2951 1396 2994 potest,

327 3004 415 3035 sunt
437 2996 564 3034 minus
592 3008 710 3046 quam
739 2996 819 3034 eius
839 2997 1010 3034 essentia.
1041 2997 1143 3046 Ergo
1164 2997 1397 3048 quicumque

326 3050 490 3100 intelligit
505 3051 646 3098 Deum,
661 3057 788 3099 potest
807 3049 1012 3099 intelligere
1028 3050 1159 3088 omnia
1178 3063 1276 3101 quae
1291 3051 1398 3088 Deus

327 3103 413 3141 facit
440 3104 502 3141 vel
531 3104 657 3141 facere
684 3110 819 3152 potest.

379 3170 416 3204 4.
447 3157 687 3205 Pusam-n,
717 3156 909 3194 rationalis
938 3164 1110 3194 creatura
1139 3157 1303 3200 omnia⁷
1331 3168 1397 3194 na·

327 3210 494 3247 turaliter
514 3211 607 3248 scire
632 3209 832 3248 desiderat.
863 3210 903 3247 Si
931 3209 1042 3259 igitur
1068 3210 1239 3248 videndo
1268 3211 1397 3248 Deum

327 3276 407 3301 non
426 3264 556 3301 omnia
584 3263 688 3312 sciat,
717 3275 798 3301 non
825 3262 1015 3313 quietatur
1043 3263 1124 3301 eius
1143 3263 1313 3301 naturale
1333 3263 1397 3301 de-

328 3316 527 3354 siderium:
558 3325 594 3354 et
621 3317 684 3364 ita,
712 3316 1039 3361 videndo,Deum
1069 3329 1148 3355 non
1177 3316 1245 3354 erit
1272 3317 1395 3354 beata.

329 3370 447 3416 Quod
482 3378 538 3408 est
570 3370 859 3408 inconveniens.
899 3369 1074 3407 Videndo
1109 3370 1218 3419 igitur
1249 3370 1395 3418 Deum,

329 3435 459 3460 omma
487 3431 564 3460 scit.

381 3537 408 3569 α)
430 3537 504 3562 Item.
522 3548 541 3557 —
559 3537 702 3563 Praeterea
721 3538 843 3562 ABCDE.

327 3571 410 3632 tion&
419 3572 500 3632 sgrgit.
518 3586 537 3591 -
547 3573 617 3605 secit
635 3573 782 3604 ABCDEG,
803 3578 828 3598 et
848 3573 882 3599 ita
901 3574 926 3599 in
945 3573 996 3599 fine
1016 3574 1159 3606 argumenti
1178 3574 1280 3600 codices
1299 3578 1324 3599 et
1342 3573 1394 3599 edi-

381 3643 408 3676 γ)
427 3643 524 3668 omnia.
543 3657 561 3661 —
580 3643 641 3668 Om.
660 3645 734 3669 ABG.

1508 2198 1583 2234 SED
1612 2209 1758 2235 CONTRA
1787 2209 1853 2234 EST
1882 2197 1987 2247 quod
2009 2198 2131 2246 angeli
2151 2199 2282 2237 vident
2308 2200 2437 2239 Deum
2456 2212 2529 2251 per

1455 2250 1670 2298 essentiam,
1692 2258 1729 2288 et
1747 2258 1878 2288 tamen
1907 2263 1986 2288 non
2010 2251 2141 2288 omnia
2160 2253 2294 2290 sciunt.
2326 2252 2528 2292 Inferiores

1454 2303 1556 2341 enim
1577 2303 1699 2352 angeli
1722 2311 1934 2353 purgantur
1950 2316 1973 2341 a
1988 2304 2245 2354 superioribus
2265 2317 2287 2342 a
2307 2306 2525 2355 nescientia,

1452 2364 1495 2394 ut
1523 2357 1611 2394 dicit
1630 2356 1849 2406 Dionysius,
1870 2369 1918 2394 vn
1940 2369 2023 2407 cap.
2044 2357 2146 2395 Cael.
2166 2359 2278 2396 Hier.
2310 2359 2386 2408 Ipsi
2411 2359 2526 2398 etiam

1453 2410 1624 2448 nesciunt
1657 2410 1782 2448 futura
1811 2410 2066 2459 contingentia
2101 2418 2138 2449 et
2170 2411 2414 2460 cogitationes
2443 2424 2527 2451 cor-

1453 2463 1581 2502 dium:
1610 2464 1686 2502 hoc
1714 2463 1816 2501 enim
1845 2463 1964 2501 solius
1993 2463 2065 2501 Dei
2094 2471 2159 2502 est.
2200 2465 2292 2502 Non
2323 2477 2412 2514 ergo
2441 2466 2525 2516 qui-

1453 2529 1620 2567 cumque
1647 2516 1780 2554 vident
1808 2517 1880 2554 Dei
1910 2517 2138 2565 essentiam,
2167 2517 2300 2556 vident
2329 2518 2470 2557 omnia.

1506 2571 1732 2608 Responnao
1769 2582 1953 2608 DICENDUM
1983 2570 2088 2620 quod
2116 2570 2325 2609 intellectus
2355 2579 2525 2621 creatus,

1451 2623 1620 2662 videndo
1659 2623 1830 2662 divinam
1860 2623 2083 2672 essentiam,
2114 2636 2193 2662 non
2226 2624 2332 2662 videt
2369 2625 2407 2663 in
2443 2625 2526 2676 ipsa

1453 2676 1583 2715 omnia
1602 2689 1700 2727 quae
1720 2676 1806 2714 facit
1826 2677 1932 2714 Deus
1959 2678 2022 2715 vel
2048 2677 2173 2715 facere
2200 2678 2371 2728 potest*.
2402 2678 2526 2719 Mani-
2554 2693 2563 2703 ·

1451 2731 1591 2768 festum
1612 2738 1668 2768 est
1687 2730 1788 2768 enim
1812 2730 1918 2780 quod
1947 2730 2001 2768 sic
2029 2731 2153 2781 aliqua
2171 2730 2378 2770 videntur
2368 2743 2406 2770 m
2425 2732 2525 2783 Deo,

1452 2784 1666 2822 secundum
1695 2783 1801 2834 quod
1829 2791 1916 2822 sunt
1943 2783 1981 2821 in
2008 2784 2104 2834 ipso.
2137 2783 2279 2822 Omnia
2303 2792 2433 2823 autem
2453 2785 2526 2827 alia

1452 2845 1539 2875 sunt
1565 2837 1604 2876 in
1631 2837 1743 2885 Deo,
1782 2836 1878 2874 sicut
1907 2836 2064 2875 effeetus
2097 2845 2185 2875 sunt
2221 2837 2358 2876 virtute
2386 2838 2425 2876 in
2453 2850 2523 2877 sua

1452 2903 1578 2929 causa.
1619 2890 1683 2929 Sic
1716 2890 1825 2940 igitur
1859 2890 2037 2928 videntur
2074 2890 2148 2928 alia
2175 2888 2190 2912 ⁸
2217 2890 2255 2928 in
2283 2891 2390 2939 Deo,
2429 2891 2526 2930 sicut

1452 2944 1610 2982 effeetus
1638 2943 1677 2982 in
1705 2955 1774 2981 sua
1793 2955 1919 2981 causa.
1951 2944 2029 2982 Sed
2057 2943 2302 2982 manifestum
2332 2950 2388 2981 est
2417 2945 2523 2995 quod

1451 3005 1595 3047 quanto
1617 2997 1741 3047 aliqua
1761 3009 1875 3034 causa
1903 2996 2106 3046 perfectius
2132 2996 2294 3045 videtur,
2315 3003 2420 3035 tanto
2439 2997 2522 3048 plu-

1451 3063 1512 3088 res
1532 3051 1612 3088 eius
1631 3050 1789 3088 effectus
1802 3057 1814 3074 ε
1828 3050 1867 3088 in
1886 3050 1969 3099 ipsa
1987 3050 2107 3088 videri
2124 3057 2296 3100 possunt.
2324 3050 2401 3098 Qui
2421 3050 2523 3112 enim

1451 3105 1566 3142 habet
1585 3103 1816 3142 intellectum
1837 3103 2041 3153 elevatum,
2071 3102 2215 3152 statim,
2235 3115 2315 3141 uno
2335 3103 2521 3155 principio

1452 3156 1753 3195 demonstrativo
1780 3157 1992 3206 proposito,
2022 3168 2069 3194 ex
2091 3156 2176 3207 ipso
2196 3157 2403 3195 multarum
2432 3169 2523 3196 con-

1452 3210 1666 3248 clusionum
1695 3210 1952 3259 cognitionem
1990 3209 2144 3260 accipit:
2183 3209 2289 3259 quod
2324 3222 2403 3249 non
2431 3221 2522 3250 con-

1450 3264 1553 3302 venit
1571 3264 1585 3290 ἵ
1612 3263 1646 3301 ei
1665 3263 1729 3313 qui
1750 3263 1940 3301 debilioris
1967 3263 2175 3301 intellectus
2195 3270 2261 3311 est,
2283 3264 2351 3302 sed
2371 3270 2523 3314 oportet

1451 3317 1556 3366 quod
1576 3316 1611 3354 ei
1630 3316 1777 3365 singula
1806 3317 2064 3366 explanentur.
2096 3316 2159 3353 Ille
2179 3315 2289 3365 igitur
2313 3316 2521 3357 intellectus

1450 3377 1575 3420 potest
1594 3370 1633 3408 in
1652 3382 1767 3408 causa
1787 3381 2019 3419 cognoscere
2039 3380 2175 3407 ornnes
2191 3382 2328 3408 causae
2348 3369 2518 3417 effectus,

1452 3431 1489 3460 et
1504 3435 1640 3461 omnes
1656 3429 1673 3446 ⁷¹
1689 3423 1855 3461 rationes
1871 3422 2090 3470 effectuum,
2107 3422 2171 3472 qui
2188 3435 2344 3461 causam
2359 3422 2522 3462 totaliter

1501 3536 1527 3570 ὃ)
1546 3538 1610 3563 alia.
1627 3551 1646 3557 -
1663 3536 1754 3562 omnia
1773 3536 1826 3567 Pb,-
1845 3535 1891 3561 3ιί-
1910 3535 2028 3569 igitur...
2048 3537 2074 3561 in
2094 3543 2143 3562 sua
2161 3543 2244 3562 causa
2262 3543 2316 3563 om.
2335 3537 2364 3562 Β.

1502 3573 1524 3605 ε)
1543 3573 1659 3607 effectus.
1676 3586 1695 3592 -
1713 3572 1851 3606 effectuum
1871 3571 2002 3604 AEFGpC
2022 3577 2047 3597 et
2065 3572 2106 3596 ed.
2125 3579 2150 3596 a.

1502 3607 1527 3640 ζ)
1547 3608 1678 3634 convenit.
1695 3621 1714 3627 -
1731 3607 1865 3640 contingit
1882 3607 2077 3640 ABCEG(D?).

1502 3645 1529 3676 η)
1548 3651 1646 3669 omnes.
1665 3657 1682 3662 -
1702 3643 1764 3669 Om.
1783 3643 1893 3668 codices.
