<?xml version="1.0" encoding="UTF-8"?>
<!DOCTYPE html PUBLIC "-//W3C//DTD XHTML 1.0 Transitional//EN"
    "http://www.w3.org/TR/xhtml1/DTD/xhtml1-transitional.dtd">
<html xmlns="http://www.w3.org/1999/xhtml" xml:lang="en" lang="en">
 <head>
  <title>
</title>
<meta http-equiv="Content-Type" content="text/html;charset=utf-8" />
  <meta name='ocr-system' content='tesseract 3.04.00' />
  <meta name='ocr-capabilities' content='ocr_page ocr_carea ocr_par ocr_line ocrx_word'/>
</head>
<body>
  <div class='ocr_page' id='page_1' title='image "./operaomniaiussui04thom_0347.png"; bbox 0 0 2768 4178; ppageno 0'>
   <div class='ocr_carea' id='block_1_1' title="bbox 33 652 213 675">
    <p class='ocr_par' dir='ltr' id='par_1_1' title="bbox 33 652 213 675">
     <span class='ocr_line' id='line_1_1' title="bbox 33 652 213 675; baseline -0.011 0"><span class='ocrx_word' id='word_1_1' title='bbox 33 653 44 664; x_wconf 68' lang='lat'><em>⁶</em></span> <span class='ocrx_word' id='word_1_2' title='bbox 58 652 94 675; x_wconf 75' lang='lat' dir='ltr'><strong>ef.</strong></span> <span class='ocrx_word' id='word_1_3' title='bbox 108 658 173 674; x_wconf 84' lang='lat' dir='ltr'><strong>num.</strong></span> <span class='ocrx_word' id='word_1_4' title='bbox 182 657 213 673; x_wconf 87' lang='lat' dir='ltr'><strong>rv.</strong></span> 
     </span>
    </p>
   </div>
   <div class='ocr_carea' id='block_1_2' title="bbox 32 1177 213 1202">
    <p class='ocr_par' dir='ltr' id='par_1_2' title="bbox 32 1177 213 1202">
     <span class='ocr_line' id='line_1_2' title="bbox 32 1177 213 1202; baseline -0.011 0"><span class='ocrx_word' id='word_1_5' title='bbox 32 1177 213 1202; x_wconf 55' lang='lat' dir='ltr'><strong>emma.</strong></span> 
     </span>
    </p>
   </div>
   <div class='ocr_carea' id='block_1_3' title="bbox 31 2101 140 2130">
    <p class='ocr_par' dir='ltr' id='par_1_3' title="bbox 31 2101 140 2130">
     <span class='ocr_line' id='line_1_3' title="bbox 31 2101 140 2130; baseline -0.009 -6"><span class='ocrx_word' id='word_1_6' title='bbox 31 2101 44 2114; x_wconf 68' lang='lat'><em>⁴</em></span> <span class='ocrx_word' id='word_1_7' title='bbox 59 2101 108 2130; x_wconf 82' lang='lat' dir='ltr'><strong>Qu.</strong></span> <span class='ocrx_word' id='word_1_8' title='bbox 116 2107 140 2123; x_wconf 82' lang='lat' dir='ltr'><strong>v.</strong></span> 
     </span>
    </p>
   </div>
   <div class='ocr_carea' id='block_1_4' title="bbox 32 2191 247 2214">
    <p class='ocr_par' dir='ltr' id='par_1_4' title="bbox 32 2191 247 2214">
     <span class='ocr_line' id='line_1_4' title="bbox 32 2191 247 2214; baseline -0.009 1"><span class='ocrx_word' id='word_1_9' title='bbox 32 2193 45 2206; x_wconf 71' lang='lat'><strong>¹*</strong></span> <span class='ocrx_word' id='word_1_10' title='bbox 110 2207 118 2214; x_wconf 85' lang='lat'><strong>.</strong></span> <span class='ocrx_word' id='word_1_11' title='bbox 128 2197 161 2214; x_wconf 82' lang='grc' dir='ltr'><strong>ΙΙΙ.</strong></span> <span class='ocrx_word' id='word_1_12' title='bbox 170 2203 182 2208; x_wconf 96' lang='grc'>-</span> <span class='ocrx_word' id='word_1_13' title='bbox 191 2191 247 2214; x_wconf 86' lang='lat' dir='ltr'><strong>Did.</strong></span> 
     </span>
    </p>
   </div>
   <div class='ocr_carea' id='block_1_5' title="bbox 33 2219 74 2268">
    <p class='ocr_par' dir='ltr' id='par_1_5' title="bbox 33 2219 74 2268">
     <span class='ocr_line' id='line_1_5' title="bbox 33 2219 74 2242; baseline 0 0"><span class='ocrx_word' id='word_1_14' title='bbox 33 2219 74 2242; x_wconf 79' lang='lat' dir='ltr'><strong>lib.</strong></span> 
     </span>
     <span class='ocr_line' id='line_1_6' title="bbox 33 2251 57 2268; baseline -0.042 0"><span class='ocrx_word' id='word_1_15' title='bbox 33 2251 57 2268; x_wconf 73' lang='lat' dir='ltr'><strong>v.</strong></span> 
     </span>
    </p>
   </div>
   <div class='ocr_carea' id='block_1_6' title="bbox 126 2224 244 2247">
    <p class='ocr_par' dir='ltr' id='par_1_6' title="bbox 126 2224 244 2247">
     <span class='ocr_line' id='line_1_7' title="bbox 126 2224 244 2247; baseline -0.008 0"><span class='ocrx_word' id='word_1_16' title='bbox 126 2235 134 2247; x_wconf 67' lang='grc' dir='ltr'><em>υ</em></span> <span class='ocrx_word' id='word_1_17' title='bbox 148 2224 244 2247; x_wconf 59' lang='grc' dir='ltr'><strong>αΡνῐὙ,</strong></span> 
     </span>
    </p>
   </div>
   <div class='ocr_carea' id='block_1_7' title="bbox 962 261 1772 308">
    <p class='ocr_par' dir='ltr' id='par_1_7' title="bbox 962 261 1772 308">
     <span class='ocr_line' id='line_1_8' title="bbox 962 261 1772 308; baseline 0 -9"><span class='ocrx_word' id='word_1_18' title='bbox 962 261 1228 308; x_wconf 91' lang='lat' dir='ltr'><strong>QUAESTIO</strong></span> <span class='ocrx_word' id='word_1_19' title='bbox 1258 261 1402 308; x_wconf 87' lang='lat' dir='ltr'>XXIX,</span> <span class='ocrx_word' id='word_1_20' title='bbox 1433 262 1728 299; x_wconf 87' lang='lat' dir='ltr'><strong>ARTICULUS</strong></span> <span class='ocrx_word' id='word_1_21' title='bbox 1759 264 1772 298; x_wconf 95' lang='grc' dir='ltr'>Ι</span> 
     </span>
    </p>
   </div>
   <div class='ocr_carea' id='block_1_8' title="bbox 271 339 1341 3239">
    <p class='ocr_par' dir='ltr' id='par_1_8' title="bbox 271 339 1339 634">
     <span class='ocr_line' id='line_1_9' title="bbox 271 339 1336 372; baseline -0.002 -2"><span class='ocrx_word' id='word_1_22' title='bbox 271 339 370 370; x_wconf 90' lang='lat' dir='ltr'><strong>rentia</strong></span> <span class='ocrx_word' id='word_1_23' title='bbox 392 340 473 372; x_wconf 92' lang='lat' dir='ltr'><strong>inter</strong></span> <span class='ocrx_word' id='word_1_24' title='bbox 495 340 697 370; x_wconf 90' lang='lat' dir='ltr'><strong>individuum</strong></span> <span class='ocrx_word' id='word_1_25' title='bbox 711 339 902 370; x_wconf 89' lang='lat' dir='ltr'><strong>substantiae</strong></span> <span class='ocrx_word' id='word_1_26' title='bbox 927 346 957 369; x_wconf 92' lang='lat' dir='ltr'><strong>et</strong></span> <span class='ocrx_word' id='word_1_27' title='bbox 970 339 1171 370; x_wconf 89' lang='lat' dir='ltr'><strong>individuum</strong></span> <span class='ocrx_word' id='word_1_28' title='bbox 1195 339 1336 369; x_wconf 89' lang='lat' dir='ltr'><strong>acciden-</strong></span> 
     </span>
     <span class='ocr_line' id='line_1_10' title="bbox 272 383 1338 423; baseline -0.002 -9"><span class='ocrx_word' id='word_1_29' title='bbox 272 384 321 414; x_wconf 92' lang='lat' dir='ltr'><strong>tis.</strong></span> <span class='ocrx_word' id='word_1_30' title='bbox 351 384 438 415; x_wconf 89' lang='lat' dir='ltr'><strong>Haec</strong></span> <span class='ocrx_word' id='word_1_31' title='bbox 471 384 556 414; x_wconf 91' lang='lat' dir='ltr'><strong>enim</strong></span> <span class='ocrx_word' id='word_1_32' title='bbox 587 383 734 414; x_wconf 84' lang='lat' dir='ltr'><strong>differunt</strong></span> <span class='ocrx_word' id='word_1_33' title='bbox 765 383 887 423; x_wconf 89' lang='lat' dir='ltr'><strong>primo,</strong></span> <span class='ocrx_word' id='word_1_34' title='bbox 915 383 1106 423; x_wconf 88' lang='lat' dir='ltr'><strong>inquantum</strong></span> <span class='ocrx_word' id='word_1_35' title='bbox 1136 383 1338 414; x_wconf 88' lang='lat' dir='ltr'><strong>individuum</strong></span> 
     </span>
     <span class='ocr_line' id='line_1_11' title="bbox 273 426 1338 469; baseline -0.001 -12"><span class='ocrx_word' id='word_1_36' title='bbox 273 428 464 459; x_wconf 87' lang='lat' dir='ltr'><strong>substantiae</strong></span> <span class='ocrx_word' id='word_1_37' title='bbox 487 435 518 459; x_wconf 91' lang='lat' dir='ltr'><strong>et</strong></span> <span class='ocrx_word' id='word_1_38' title='bbox 540 428 732 469; x_wconf 88' lang='lat' dir='ltr'><strong>inquantum</strong></span> <span class='ocrx_word' id='word_1_39' title='bbox 754 426 955 457; x_wconf 88' lang='lat' dir='ltr'><strong>individuum</strong></span> <span class='ocrx_word' id='word_1_40' title='bbox 979 427 1155 463; x_wconf 88' lang='lat' dir='ltr'><strong>accidentis,</strong></span> <span class='ocrx_word' id='word_1_41' title='bbox 1175 437 1231 466; x_wconf 92' lang='lat' dir='ltr'><strong>per</strong></span> <span class='ocrx_word' id='word_1_42' title='bbox 1254 436 1338 456; x_wconf 89' lang='lat' dir='ltr'><strong>com-</strong></span> 
     </span>
     <span class='ocr_line' id='line_1_12' title="bbox 272 470 1339 511; baseline -0.002 -9"><span class='ocrx_word' id='word_1_43' title='bbox 272 472 382 502; x_wconf 89' lang='lat' dir='ltr'><strong>munia</strong></span> <span class='ocrx_word' id='word_1_44' title='bbox 405 471 555 502; x_wconf 91' lang='lat' dir='ltr'><strong>omnibus</strong></span> <span class='ocrx_word' id='word_1_45' title='bbox 571 471 763 503; x_wconf 89' lang='lat' dir='ltr'><strong>substantiae</strong></span> <span class='ocrx_word' id='word_1_46' title='bbox 785 470 955 500; x_wconf 88' lang='lat' dir='ltr'><strong>individuis</strong></span> <span class='ocrx_word' id='word_1_47' title='bbox 976 481 1013 501; x_wconf 84' lang='lat' dir='ltr'><strong>ex</strong></span> <span class='ocrx_word' id='word_1_48' title='bbox 1035 481 1100 501; x_wconf 92' lang='lat' dir='ltr'><strong>una</strong></span> <span class='ocrx_word' id='word_1_49' title='bbox 1123 478 1220 511; x_wconf 89' lang='lat' dir='ltr'><strong>parte,</strong></span> <span class='ocrx_word' id='word_1_50' title='bbox 1237 478 1268 501; x_wconf 86' lang='lat' dir='ltr'><strong>et</strong></span> <span class='ocrx_word' id='word_1_51' title='bbox 1283 480 1339 510; x_wconf 90' lang='lat' dir='ltr'><strong>per</strong></span> 
     </span>
     <span class='ocr_line' id='line_1_13' title="bbox 274 513 1336 554; baseline -0.002 -8"><span class='ocrx_word' id='word_1_52' title='bbox 274 516 459 547; x_wconf 90' lang='lat' dir='ltr'><strong>communia</strong></span> <span class='ocrx_word' id='word_1_53' title='bbox 482 515 632 546; x_wconf 91' lang='lat' dir='ltr'><strong>omnibus</strong></span> <span class='ocrx_word' id='word_1_54' title='bbox 656 513 868 545; x_wconf 88' lang='lat' dir='ltr'><strong>accidentibus</strong></span> <span class='ocrx_word' id='word_1_55' title='bbox 890 513 1061 544; x_wconf 88' lang='lat' dir='ltr'><strong>individuis</strong></span> <span class='ocrx_word' id='word_1_56' title='bbox 1090 524 1127 545; x_wconf 88' lang='lat' dir='ltr'><strong>ex</strong></span> <span class='ocrx_word' id='word_1_57' title='bbox 1149 514 1209 544; x_wconf 91' lang='lat' dir='ltr'><strong>alia</strong></span> <span class='ocrx_word' id='word_1_58' title='bbox 1232 521 1336 554; x_wconf 85' lang='lat' dir='ltr'><strong>parte:</strong></span> 
     </span>
     <span class='ocr_line' id='line_1_14' title="bbox 275 558 1338 600; baseline -0.002 -10"><span class='ocrx_word' id='word_1_59' title='bbox 275 559 348 590; x_wconf 90' lang='lat' dir='ltr'><strong>talia</strong></span> <span class='ocrx_word' id='word_1_60' title='bbox 363 560 448 590; x_wconf 90' lang='lat' dir='ltr'><strong>enim</strong></span> <span class='ocrx_word' id='word_1_61' title='bbox 464 567 538 590; x_wconf 90' lang='lat' dir='ltr'><strong>sunt</strong></span> <span class='ocrx_word' id='word_1_62' title='bbox 552 569 634 600; x_wconf 87' lang='lat' dir='ltr'><strong>quae</strong></span> <span class='ocrx_word' id='word_1_63' title='bbox 659 558 851 590; x_wconf 89' lang='lat' dir='ltr'><strong>conveniunt</strong></span> <span class='ocrx_word' id='word_1_64' title='bbox 869 558 928 595; x_wconf 92' lang='lat' dir='ltr'><strong>his,</strong></span> <span class='ocrx_word' id='word_1_65' title='bbox 945 558 1136 598; x_wconf 81' lang='lat' dir='ltr'><strong>inquantum</strong></span> <span class='ocrx_word' id='word_1_66' title='bbox 1151 558 1338 589; x_wconf 85' lang='lat' dir='ltr'><strong>huiusmodi</strong></span> 
     </span>
     <span class='ocr_line' id='line_1_15' title="bbox 272 603 540 634; baseline 0 0"><span class='ocrx_word' id='word_1_67' title='bbox 272 610 346 634; x_wconf 89' lang='lat' dir='ltr'><strong>sunt</strong></span> <span class='ocrx_word' id='word_1_68' title='bbox 368 603 540 634; x_wconf 91' lang='lat' dir='ltr'><strong>individua.</strong></span> 
     </span>
    </p>

    <p class='ocr_par' dir='ltr' id='par_1_9' title="bbox 271 645 1340 1161">
     <span class='ocr_line' id='line_1_16' title="bbox 328 645 1337 686; baseline -0.002 -8"><span class='ocrx_word' id='word_1_69' title='bbox 328 647 396 678; x_wconf 92' lang='lat' dir='ltr'><strong>VII.</strong></span> <span class='ocrx_word' id='word_1_70' title='bbox 423 647 464 678; x_wconf 92' lang='lat' dir='ltr'><strong>Et</strong></span> <span class='ocrx_word' id='word_1_71' title='bbox 491 656 548 686; x_wconf 90' lang='lat' dir='ltr'><strong>per</strong></span> <span class='ocrx_word' id='word_1_72' title='bbox 574 645 637 676; x_wconf 90' lang='lat' dir='ltr'><strong>hoc</strong></span> <span class='ocrx_word' id='word_1_73' title='bbox 665 651 751 686; x_wconf 89' lang='lat' dir='ltr'><strong>patet</strong></span> <span class='ocrx_word' id='word_1_74' title='bbox 777 645 943 685; x_wconf 86' lang='lat' dir='ltr'><strong>responsio</strong></span> <span class='ocrx_word' id='word_1_75' title='bbox 974 645 1014 675; x_wconf 92' lang='lat' dir='ltr'><strong>ad</strong></span> <span class='ocrx_word' id='word_1_76' title='bbox 1041 645 1162 686; x_wconf 89' lang='lat' dir='ltr'><strong>reliqua</strong></span> <span class='ocrx_word' id='word_1_77' title='bbox 1193 645 1288 676; x_wconf 88' lang='lat' dir='ltr'><strong>dubia</strong></span> <span class='ocrx_word' id='word_1_78' title='bbox 1310 646 1337 676; x_wconf 91' lang='lat'><strong>*.</strong></span> 
     </span>
     <span class='ocr_line' id='line_1_17' title="bbox 273 688 1338 728; baseline -0.001 -7"><span class='ocrx_word' id='word_1_79' title='bbox 273 691 438 728; x_wconf 85' lang='lat' dir='ltr'><strong>Quoniam</strong></span> <span class='ocrx_word' id='word_1_80' title='bbox 460 689 622 721; x_wconf 82' lang='lat' dir='ltr'><strong>instantias</strong></span> <span class='ocrx_word' id='word_1_81' title='bbox 637 688 771 720; x_wconf 87' lang='lat' dir='ltr'><strong>afferunt</strong></span> <span class='ocrx_word' id='word_1_82' title='bbox 787 689 825 719; x_wconf 89' lang='lat' dir='ltr'><strong>de</strong></span> <span class='ocrx_word' id='word_1_83' title='bbox 841 689 1011 719; x_wconf 89' lang='lat' dir='ltr'><strong>individuis</strong></span> <span class='ocrx_word' id='word_1_84' title='bbox 1035 689 1254 725; x_wconf 89' lang='lat' dir='ltr'><strong>accidentium,</strong></span> <span class='ocrx_word' id='word_1_85' title='bbox 1273 700 1338 720; x_wconf 92' lang='lat' dir='ltr'><strong>non</strong></span> 
     </span>
     <span class='ocr_line' id='line_1_18' title="bbox 273 732 1340 775; baseline -0.001 -10"><span class='ocrx_word' id='word_1_86' title='bbox 273 742 430 775; x_wconf 89' lang='lat' dir='ltr'><strong>quatenus</strong></span> <span class='ocrx_word' id='word_1_87' title='bbox 453 733 663 764; x_wconf 79' lang='lat' dir='ltr'><strong>accidentium</strong></span> <span class='ocrx_word' id='word_1_88' title='bbox 693 740 767 764; x_wconf 93' lang='lat' dir='ltr'><strong>sunt</strong></span> <span class='ocrx_word' id='word_1_89' title='bbox 793 732 975 769; x_wconf 84' lang='lat' dir='ltr'><strong>individua,</strong></span> <span class='ocrx_word' id='word_1_90' title='bbox 999 733 1054 763; x_wconf 92' lang='lat' dir='ltr'><strong>sed</strong></span> <span class='ocrx_word' id='word_1_91' title='bbox 1081 740 1238 774; x_wconf 87' lang='lat' dir='ltr'><strong>quatenus</strong></span> <span class='ocrx_word' id='word_1_92' title='bbox 1266 740 1340 764; x_wconf 91' lang='lat' dir='ltr'><strong>sunt</strong></span> 
     </span>
     <span class='ocr_line' id='line_1_19' title="bbox 274 776 1339 818; baseline -0.003 -8"><span class='ocrx_word' id='word_1_93' title='bbox 274 779 386 810; x_wconf 85' lang='lat' dir='ltr'><strong>talium</strong></span> <span class='ocrx_word' id='word_1_94' title='bbox 411 777 621 808; x_wconf 88' lang='lat' dir='ltr'><strong>accidentium</strong></span> <span class='ocrx_word' id='word_1_95' title='bbox 643 776 816 813; x_wconf 90' lang='lat' dir='ltr'><strong>individua,</strong></span> <span class='ocrx_word' id='word_1_96' title='bbox 841 784 918 817; x_wconf 90' lang='lat' dir='ltr'><strong>puta</strong></span> <span class='ocrx_word' id='word_1_97' title='bbox 941 777 1141 818; x_wconf 86' lang='lat' dir='ltr'><strong>quantitatis,</strong></span> <span class='ocrx_word' id='word_1_98' title='bbox 1166 778 1216 808; x_wconf 93' lang='lat' dir='ltr'><strong>vel</strong></span> <span class='ocrx_word' id='word_1_99' title='bbox 1239 778 1339 818; x_wconf 87' lang='lat' dir='ltr'><strong>quali—</strong></span> 
     </span>
     <span class='ocr_line' id='line_1_20' title="bbox 273 820 1338 862; baseline -0.001 -9"><span class='ocrx_word' id='word_1_100' title='bbox 273 822 345 853; x_wconf 84' lang='lat' dir='ltr'><strong>tatis</strong></span> <span class='ocrx_word' id='word_1_101' title='bbox 365 821 502 852; x_wconf 83' lang='lat' dir='ltr'><strong>mediate</strong></span> <span class='ocrx_word' id='word_1_102' title='bbox 525 820 687 851; x_wconf 87' lang='lat' dir='ltr'><strong>afficientis</strong></span> <span class='ocrx_word' id='word_1_103' title='bbox 717 821 942 857; x_wconf 84' lang='lat' dir='ltr'><strong>substantiam,</strong></span> <span class='ocrx_word' id='word_1_104' title='bbox 966 827 1002 852; x_wconf 92' lang='lat' dir='ltr'><strong>ut</strong></span> <span class='ocrx_word' id='word_1_105' title='bbox 1024 821 1137 851; x_wconf 87' lang='lat' dir='ltr'><strong>albedo</strong></span> <span class='ocrx_word' id='word_1_106' title='bbox 1161 828 1227 858; x_wconf 89' lang='lat' dir='ltr'><strong>est,</strong></span> <span class='ocrx_word' id='word_1_107' title='bbox 1257 832 1338 862; x_wconf 83' lang='lat' dir='ltr'><strong>quae</strong></span> 
     </span>
     <span class='ocr_line' id='line_1_21' title="bbox 273 864 1338 906; baseline -0.001 -9"><span class='ocrx_word' id='word_1_108' title='bbox 273 865 408 906; x_wconf 88' lang='lat' dir='ltr'><strong>exempli</strong></span> <span class='ocrx_word' id='word_1_109' title='bbox 431 875 524 896; x_wconf 88' lang='lat' dir='ltr'><strong>causa</strong></span> <span class='ocrx_word' id='word_1_110' title='bbox 546 864 580 895; x_wconf 88' lang='lat' dir='ltr'><strong>in</strong></span> <span class='ocrx_word' id='word_1_111' title='bbox 602 864 704 896; x_wconf 89' lang='lat' dir='ltr'><strong>littera</strong></span> <span class='ocrx_word' id='word_1_112' title='bbox 728 871 774 895; x_wconf 89' lang='lat' dir='ltr'><strong>est</strong></span> <span class='ocrx_word' id='word_1_113' title='bbox 797 865 950 902; x_wconf 87' lang='lat' dir='ltr'><strong>adducta,</strong></span> <span class='ocrx_word' id='word_1_114' title='bbox 974 871 1010 896; x_wconf 90' lang='lat' dir='ltr'><strong>ut</strong></span> <span class='ocrx_word' id='word_1_115' title='bbox 1033 865 1226 897; x_wconf 81' lang='lat' dir='ltr'><strong>addiscentes</strong></span> <span class='ocrx_word' id='word_1_116' title='bbox 1249 866 1338 897; x_wconf 89' lang='lat' dir='ltr'><strong>intel-</strong></span> 
     </span>
     <span class='ocr_line' id='line_1_22' title="bbox 271 908 1339 950; baseline 0.001 -10"><span class='ocrx_word' id='word_1_117' title='bbox 271 909 380 950; x_wconf 84' lang='lat' dir='ltr'><strong>ligant.</strong></span> <span class='ocrx_word' id='word_1_118' title='bbox 393 909 461 940; x_wconf 85' lang='lat' dir='ltr'><strong>Stat</strong></span> <span class='ocrx_word' id='word_1_119' title='bbox 475 918 550 949; x_wconf 88' lang='lat' dir='ltr'><strong>ergo</strong></span> <span class='ocrx_word' id='word_1_120' title='bbox 563 908 684 940; x_wconf 83' lang='lat' dir='ltr'><strong>litterae</strong></span> <span class='ocrx_word' id='word_1_121' title='bbox 696 909 809 939; x_wconf 90' lang='lat' dir='ltr'><strong>veritas</strong></span> <span class='ocrx_word' id='word_1_122' title='bbox 822 909 1020 945; x_wconf 89' lang='lat' dir='ltr'><strong>inconcussa,</strong></span> <span class='ocrx_word' id='word_1_123' title='bbox 1032 910 1122 950; x_wconf 91' lang='lat' dir='ltr'><strong>quod</strong></span> <span class='ocrx_word' id='word_1_124' title='bbox 1137 909 1339 941; x_wconf 90' lang='lat' dir='ltr'><strong>individuum</strong></span> 
     </span>
     <span class='ocr_line' id='line_1_23' title="bbox 272 953 1339 994; baseline 0 -10"><span class='ocrx_word' id='word_1_125' title='bbox 272 953 473 990; x_wconf 89' lang='lat' dir='ltr'><strong>substantiae,</strong></span> <span class='ocrx_word' id='word_1_126' title='bbox 493 960 530 984; x_wconf 92' lang='lat' dir='ltr'><strong>ut</strong></span> <span class='ocrx_word' id='word_1_127' title='bbox 552 953 605 989; x_wconf 86' lang='lat' dir='ltr'><strong>sic,</strong></span> <span class='ocrx_word' id='word_1_128' title='bbox 625 962 682 993; x_wconf 91' lang='lat' dir='ltr'><strong>per</strong></span> <span class='ocrx_word' id='word_1_129' title='bbox 705 953 846 993; x_wconf 90' lang='lat' dir='ltr'><strong>seipsum</strong></span> <span class='ocrx_word' id='word_1_130' title='bbox 869 961 915 984; x_wconf 88' lang='lat' dir='ltr'><strong>est</strong></span> <span class='ocrx_word' id='word_1_131' title='bbox 940 953 1160 990; x_wconf 89' lang='lat' dir='ltr'><strong>individuum,</strong></span> <span class='ocrx_word' id='word_1_132' title='bbox 1185 954 1339 994; x_wconf 89' lang='lat' dir='ltr'><strong>quoniam</strong></span> 
     </span>
     <span class='ocr_line' id='line_1_24' title="bbox 273 997 1337 1037; baseline 0.002 -10"><span class='ocrx_word' id='word_1_133' title='bbox 273 1003 404 1034; x_wconf 89' lang='lat' dir='ltr'><strong>constat,</strong></span> <span class='ocrx_word' id='word_1_134' title='bbox 422 1003 458 1028; x_wconf 88' lang='lat' dir='ltr'><strong>ut</strong></span> <span class='ocrx_word' id='word_1_135' title='bbox 472 997 535 1033; x_wconf 68' lang='lat' dir='ltr'><strong>sic,</strong></span> <span class='ocrx_word' id='word_1_136' title='bbox 553 997 674 1027; x_wconf 90' lang='lat' dir='ltr'><strong>nullam</strong></span> <span class='ocrx_word' id='word_1_137' title='bbox 697 997 811 1027; x_wconf 91' lang='lat' dir='ltr'><strong>habere</strong></span> <span class='ocrx_word' id='word_1_138' title='bbox 834 997 1077 1037; x_wconf 88' lang='lat' dir='ltr'><strong>dependentiam</strong></span> <span class='ocrx_word' id='word_1_139' title='bbox 1100 998 1139 1028; x_wconf 89' lang='lat' dir='ltr'><strong>ab</strong></span> <span class='ocrx_word' id='word_1_140' title='bbox 1162 998 1337 1029; x_wconf 88' lang='lat' dir='ltr'><strong>accidente:</strong></span> 
     </span>
     <span class='ocr_line' id='line_1_25' title="bbox 273 1040 1338 1082; baseline 0.001 -11"><span class='ocrx_word' id='word_1_141' title='bbox 273 1047 304 1072; x_wconf 89' lang='lat' dir='ltr'><strong>et</strong></span> <span class='ocrx_word' id='word_1_142' title='bbox 317 1041 407 1082; x_wconf 91' lang='lat' dir='ltr'><strong>quod</strong></span> <span class='ocrx_word' id='word_1_143' title='bbox 429 1040 631 1071; x_wconf 91' lang='lat' dir='ltr'><strong>individuum</strong></span> <span class='ocrx_word' id='word_1_144' title='bbox 647 1040 824 1079; x_wconf 89' lang='lat' dir='ltr'><strong>accidentis,</strong></span> <span class='ocrx_word' id='word_1_145' title='bbox 839 1048 876 1072; x_wconf 93' lang='lat' dir='ltr'><strong>ut</strong></span> <span class='ocrx_word' id='word_1_146' title='bbox 891 1041 944 1078; x_wconf 86' lang='lat' dir='ltr'><strong>sic,</strong></span> <span class='ocrx_word' id='word_1_147' title='bbox 960 1040 1114 1082; x_wconf 84' lang='lat' dir='ltr'><strong>quoniam</strong></span> <span class='ocrx_word' id='word_1_148' title='bbox 1133 1052 1151 1072; x_wconf 92' lang='lat' dir='ltr'><strong>a</strong></span> <span class='ocrx_word' id='word_1_149' title='bbox 1166 1042 1256 1072; x_wconf 91' lang='lat' dir='ltr'><strong>nullo</strong></span> <span class='ocrx_word' id='word_1_150' title='bbox 1276 1042 1338 1072; x_wconf 91' lang='lat' dir='ltr'><strong>alio</strong></span> 
     </span>
     <span class='ocr_line' id='line_1_26' title="bbox 272 1085 1339 1126; baseline 0.001 -11"><span class='ocrx_word' id='word_1_151' title='bbox 272 1092 399 1126; x_wconf 90' lang='lat' dir='ltr'><strong>oportet</strong></span> <span class='ocrx_word' id='word_1_152' title='bbox 415 1085 591 1125; x_wconf 90' lang='lat' dir='ltr'><strong>dependere</strong></span> <span class='ocrx_word' id='word_1_153' title='bbox 615 1085 757 1115; x_wconf 92' lang='lat' dir='ltr'><strong>subiecto</strong></span> <span class='ocrx_word' id='word_1_154' title='bbox 773 1085 832 1115; x_wconf 92' lang='lat' dir='ltr'><strong>nisi</strong></span> <span class='ocrx_word' id='word_1_155' title='bbox 861 1085 1043 1122; x_wconf 89' lang='lat' dir='ltr'><strong>substantia,</strong></span> <span class='ocrx_word' id='word_1_156' title='bbox 1060 1096 1116 1126; x_wconf 89' lang='lat' dir='ltr'><strong>per</strong></span> <span class='ocrx_word' id='word_1_157' title='bbox 1132 1087 1339 1116; x_wconf 87' lang='lat' dir='ltr'><strong>substantiam</strong></span> 
     </span>
     <span class='ocr_line' id='line_1_27' title="bbox 272 1128 690 1161; baseline 0 -1"><span class='ocrx_word' id='word_1_158' title='bbox 272 1129 447 1161; x_wconf 84' lang='lat' dir='ltr'><strong>subiectam</strong></span> <span class='ocrx_word' id='word_1_159' title='bbox 467 1128 690 1160; x_wconf 89' lang='lat' dir='ltr'><strong>individuatur.</strong></span> 
     </span>
    </p>

    <p class='ocr_par' dir='ltr' id='par_1_10' title="bbox 271 1172 1340 1742">
     <span class='ocr_line' id='line_1_28' title="bbox 328 1172 1338 1214; baseline 0 -10"><span class='ocrx_word' id='word_1_160' title='bbox 328 1173 410 1205; x_wconf 90' lang='lat' dir='ltr'><strong>VIII.</strong></span> <span class='ocrx_word' id='word_1_161' title='bbox 430 1173 482 1204; x_wconf 83' lang='lat' dir='ltr'><strong>Ad</strong></span> <span class='ocrx_word' id='word_1_162' title='bbox 504 1172 655 1204; x_wconf 89' lang='lat' dir='ltr'><strong>ultimum</strong></span> <span class='ocrx_word' id='word_1_163' title='bbox 678 1180 786 1204; x_wconf 87' lang='lat' dir='ltr'><strong>autem</strong></span> <span class='ocrx_word' id='word_1_164' title='bbox 809 1173 944 1204; x_wconf 90' lang='lat' dir='ltr'><strong>dubium</strong></span> <span class='ocrx_word' id='word_1_165' title='bbox 958 1173 976 1192; x_wconf 91' lang='lat'><strong>*</strong></span> <span class='ocrx_word' id='word_1_166' title='bbox 998 1173 1168 1204; x_wconf 88' lang='lat' dir='ltr'><strong>dicendum</strong></span> <span class='ocrx_word' id='word_1_167' title='bbox 1192 1181 1247 1210; x_wconf 88' lang='lat' dir='ltr'><strong>est,</strong></span> <span class='ocrx_word' id='word_1_168' title='bbox 1264 1184 1338 1214; x_wconf 92' lang='lat' dir='ltr'><strong>pro-</strong></span> 
     </span>
     <span class='ocr_line' id='line_1_29' title="bbox 273 1217 1339 1258; baseline -0.001 -10"><span class='ocrx_word' id='word_1_169' title='bbox 273 1224 342 1258; x_wconf 92' lang='lat' dir='ltr'><strong>pter</strong></span> <span class='ocrx_word' id='word_1_170' title='bbox 364 1217 521 1248; x_wconf 88' lang='lat' dir='ltr'><strong>rationem</strong></span> <span class='ocrx_word' id='word_1_171' title='bbox 536 1217 569 1247; x_wconf 89' lang='lat' dir='ltr'><strong>in</strong></span> <span class='ocrx_word' id='word_1_172' title='bbox 585 1217 763 1248; x_wconf 91' lang='lat' dir='ltr'><strong>obiiciendo</strong></span> <span class='ocrx_word' id='word_1_173' title='bbox 780 1223 905 1254; x_wconf 89' lang='lat' dir='ltr'><strong>tactam,</strong></span> <span class='ocrx_word' id='word_1_174' title='bbox 923 1217 1012 1258; x_wconf 91' lang='lat' dir='ltr'><strong>quod</strong></span> <span class='ocrx_word' id='word_1_175' title='bbox 1027 1218 1086 1248; x_wconf 85' lang='grc' dir='ltr'><em>Ιιοε</em></span> <span class='ocrx_word' id='word_1_176' title='bbox 1109 1217 1257 1248; x_wconf 85' lang='lat' dir='ltr'><strong>accidens</strong></span> <span class='ocrx_word' id='word_1_177' title='bbox 1272 1228 1339 1248; x_wconf 91' lang='lat' dir='ltr'><strong>non</strong></span> 
     </span>
     <span class='ocr_line' id='line_1_30' title="bbox 271 1260 1339 1301; baseline 0 -9"><span class='ocrx_word' id='word_1_178' title='bbox 271 1261 405 1293; x_wconf 88' lang='lat' dir='ltr'><strong>includit</strong></span> <span class='ocrx_word' id='word_1_179' title='bbox 427 1261 605 1292; x_wconf 85' lang='lat' dir='ltr'><strong>subiectum</strong></span> <span class='ocrx_word' id='word_1_180' title='bbox 633 1261 817 1297; x_wconf 88' lang='lat' dir='ltr'><strong>intrinsece,</strong></span> <span class='ocrx_word' id='word_1_181' title='bbox 845 1262 899 1291; x_wconf 93' lang='lat' dir='ltr'><strong>sed</strong></span> <span class='ocrx_word' id='word_1_182' title='bbox 921 1271 978 1301; x_wconf 93' lang='lat' dir='ltr'><strong>per</strong></span> <span class='ocrx_word' id='word_1_183' title='bbox 1005 1260 1271 1292; x_wconf 88' lang='lat' dir='ltr'><strong>additamentum:</strong></span> <span class='ocrx_word' id='word_1_184' title='bbox 1296 1261 1339 1292; x_wconf 93' lang='lat' dir='ltr'><strong>ita</strong></span> 
     </span>
     <span class='ocr_line' id='line_1_31' title="bbox 273 1304 1338 1347; baseline -0.001 -11"><span class='ocrx_word' id='word_1_185' title='bbox 273 1305 484 1347; x_wconf 55' lang='lat' dir='ltr'><strong>quodssic&#39;ut</strong></span> <span class='ocrx_word' id='word_1_186' title='bbox 505 1305 538 1336; x_wconf 88' lang='lat' dir='ltr'><strong>in</strong></span> <span class='ocrx_word' id='word_1_187' title='bbox 569 1304 751 1336; x_wconf 85' lang='lat' dir='ltr'><strong>definitione</strong></span> <span class='ocrx_word' id='word_1_188' title='bbox 781 1304 948 1336; x_wconf 90' lang='lat' dir='ltr'><strong>accidentis</strong></span> <span class='ocrx_word' id='word_1_189' title='bbox 972 1304 1127 1335; x_wconf 87' lang='lat' dir='ltr'><strong>clauditur</strong></span> <span class='ocrx_word' id='word_1_190' title='bbox 1149 1305 1338 1342; x_wconf 89' lang='lat' dir='ltr'><strong>subiectum,</strong></span> 
     </span>
     <span class='ocr_line' id='line_1_32' title="bbox 272 1349 1339 1389; baseline -0.001 -8"><span class='ocrx_word' id='word_1_191' title='bbox 272 1359 340 1381; x_wconf 91' lang='lat' dir='ltr'><strong>non</strong></span> <span class='ocrx_word' id='word_1_192' title='bbox 363 1356 400 1380; x_wconf 92' lang='lat' dir='ltr'><strong>ut</strong></span> <span class='ocrx_word' id='word_1_193' title='bbox 421 1349 573 1380; x_wconf 84' lang='lat' dir='ltr'><strong>essentiae</strong></span> <span class='ocrx_word' id='word_1_194' title='bbox 601 1349 815 1385; x_wconf 86' lang='lat' dir='ltr'><strong>intrinsecum,</strong></span> <span class='ocrx_word' id='word_1_195' title='bbox 845 1349 901 1379; x_wconf 89' lang='lat' dir='ltr'><strong>sed</strong></span> <span class='ocrx_word' id='word_1_196' title='bbox 924 1358 980 1389; x_wconf 89' lang='lat' dir='ltr'><strong>per</strong></span> <span class='ocrx_word' id='word_1_197' title='bbox 1003 1349 1272 1386; x_wconf 90' lang='lat' dir='ltr'><strong>additamentum,</strong></span> <span class='ocrx_word' id='word_1_198' title='bbox 1296 1350 1339 1380; x_wconf 92' lang='lat' dir='ltr'><strong>ita</strong></span> 
     </span>
     <span class='ocr_line' id='line_1_33' title="bbox 272 1392 1340 1430; baseline 0 -6"><span class='ocrx_word' id='word_1_199' title='bbox 272 1394 306 1424; x_wconf 92' lang='lat' dir='ltr'><strong>in</strong></span> <span class='ocrx_word' id='word_1_200' title='bbox 329 1393 512 1424; x_wconf 89' lang='lat' dir='ltr'><strong>definitione</strong></span> <span class='ocrx_word' id='word_1_201' title='bbox 544 1393 639 1424; x_wconf 91' lang='lat' dir='ltr'><strong>huius</strong></span> <span class='ocrx_word' id='word_1_202' title='bbox 663 1393 846 1429; x_wconf 88' lang='lat' dir='ltr'><strong>accidentis,</strong></span> <span class='ocrx_word' id='word_1_203' title='bbox 872 1393 897 1422; x_wconf 91' lang='lat' dir='ltr'><strong>si</strong></span> <span class='ocrx_word' id='word_1_204' title='bbox 921 1392 1118 1430; x_wconf 88' lang='lat' dir='ltr'><strong>definiretur,</strong></span> <span class='ocrx_word' id='word_1_205' title='bbox 1143 1393 1340 1424; x_wconf 88' lang='lat' dir='ltr'><strong>clauderetur</strong></span> 
     </span>
     <span class='ocr_line' id='line_1_34' title="bbox 271 1436 1339 1478; baseline -0.001 -9"><span class='ocrx_word' id='word_1_206' title='bbox 271 1438 335 1470; x_wconf 89' lang='lat' dir='ltr'><strong>hoc</strong></span> <span class='ocrx_word' id='word_1_207' title='bbox 357 1437 536 1469; x_wconf 85' lang='lat' dir='ltr'><strong>subiectum</strong></span> <span class='ocrx_word' id='word_1_208' title='bbox 558 1447 615 1478; x_wconf 91' lang='lat' dir='ltr'><strong>per</strong></span> <span class='ocrx_word' id='word_1_209' title='bbox 637 1436 905 1473; x_wconf 89' lang='lat' dir='ltr'><strong>additamentum,</strong></span> <span class='ocrx_word' id='word_1_210' title='bbox 926 1443 957 1467; x_wconf 90' lang='lat' dir='ltr'><strong>et</strong></span> <span class='ocrx_word' id='word_1_211' title='bbox 979 1446 1046 1467; x_wconf 87' lang='lat' dir='ltr'><strong>non</strong></span> <span class='ocrx_word' id='word_1_212' title='bbox 1068 1437 1245 1468; x_wconf 89' lang='lat' dir='ltr'><strong>intrinsece.</strong></span> <span class='ocrx_word' id='word_1_213' title='bbox 1273 1438 1339 1468; x_wconf 90' lang='lat' dir='ltr'><strong>Nec</strong></span> 
     </span>
     <span class='ocr_line' id='line_1_35' title="bbox 272 1477 1339 1523; baseline 0.001 -11"><span class='ocrx_word' id='word_1_214' title='bbox 272 1481 336 1513; x_wconf 89' lang='lat' dir='ltr'><strong>hoc</strong></span> <span class='ocrx_word' id='word_1_215' title='bbox 350 1477 509 1523; x_wconf 65' lang='lat' dir='ltr'><strong>repugnat⁴</strong></span> <span class='ocrx_word' id='word_1_216' title='bbox 526 1480 645 1512; x_wconf 85' lang='lat' dir='ltr'><strong>litterae</strong></span> <span class='ocrx_word' id='word_1_217' title='bbox 659 1480 692 1510; x_wconf 92' lang='lat' dir='ltr'><strong>in</strong></span> <span class='ocrx_word' id='word_1_218' title='bbox 707 1479 879 1511; x_wconf 85' lang='lat' dir='ltr'><strong>differentia</strong></span> <span class='ocrx_word' id='word_1_219' title='bbox 894 1480 1058 1521; x_wconf 88' lang='lat' dir='ltr'><strong>assignata.</strong></span> <span class='ocrx_word' id='word_1_220' title='bbox 1079 1481 1243 1519; x_wconf 86' lang='lat' dir='ltr'><strong>Quoniam</strong></span> <span class='ocrx_word' id='word_1_221' title='bbox 1259 1481 1339 1514; x_wconf 90' lang='lat' dir='ltr'><strong>sicut</strong></span> 
     </span>
     <span class='ocr_line' id='line_1_36' title="bbox 271 1524 1339 1566; baseline -0.001 -9"><span class='ocrx_word' id='word_1_222' title='bbox 271 1525 415 1557; x_wconf 81' lang='lat' dir='ltr'><strong>accidens</strong></span> <span class='ocrx_word' id='word_1_223' title='bbox 438 1535 505 1555; x_wconf 90' lang='lat' dir='ltr'><strong>non</strong></span> <span class='ocrx_word' id='word_1_224' title='bbox 527 1531 632 1566; x_wconf 92' lang='lat' dir='ltr'><strong>potest</strong></span> <span class='ocrx_word' id='word_1_225' title='bbox 660 1524 792 1565; x_wconf 87' lang='lat' dir='ltr'><strong>intelligi</strong></span> <span class='ocrx_word' id='word_1_226' title='bbox 816 1525 934 1565; x_wconf 86' lang='lat' dir='ltr'><strong>absque</strong></span> <span class='ocrx_word' id='word_1_227' title='bbox 964 1525 1173 1565; x_wconf 88' lang='lat' dir='ltr'><strong>dependentia</strong></span> <span class='ocrx_word' id='word_1_228' title='bbox 1196 1535 1213 1555; x_wconf 93' lang='lat' dir='ltr'><strong>a</strong></span> <span class='ocrx_word' id='word_1_229' title='bbox 1237 1526 1339 1556; x_wconf 90' lang='lat' dir='ltr'><strong>subie-</strong></span> 
     </span>
     <span class='ocr_line' id='line_1_37' title="bbox 273 1568 1339 1609; baseline 0 -9"><span class='ocrx_word' id='word_1_230' title='bbox 273 1575 335 1607; x_wconf 87' lang='lat' dir='ltr'><strong>cto,</strong></span> <span class='ocrx_word' id='word_1_231' title='bbox 350 1569 395 1600; x_wconf 82' lang='lat' dir='ltr'><strong>ita</strong></span> <span class='ocrx_word' id='word_1_232' title='bbox 416 1578 475 1600; x_wconf 83' lang='lat' dir='ltr'><strong>nec</strong></span> <span class='ocrx_word' id='word_1_233' title='bbox 490 1569 549 1599; x_wconf 85' lang='lat' dir='ltr'><strong>hoc</strong></span> <span class='ocrx_word' id='word_1_234' title='bbox 571 1569 690 1609; x_wconf 85' lang='lat' dir='ltr'><strong>absque</strong></span> <span class='ocrx_word' id='word_1_235' title='bbox 709 1568 919 1608; x_wconf 88' lang='lat' dir='ltr'><strong>dependentia</strong></span> <span class='ocrx_word' id='word_1_236' title='bbox 934 1569 973 1599; x_wconf 90' lang='lat' dir='ltr'><strong>ab</strong></span> <span class='ocrx_word' id='word_1_237' title='bbox 996 1570 1055 1600; x_wconf 84' lang='lat' dir='ltr'><strong>hoc</strong></span> <span class='ocrx_word' id='word_1_238' title='bbox 1077 1570 1226 1600; x_wconf 81' lang='lat' dir='ltr'><strong>subiecto.</strong></span> <span class='ocrx_word' id='word_1_239' title='bbox 1251 1570 1339 1600; x_wconf 88' lang='lat' dir='ltr'><strong>Haec</strong></span> 
     </span>
     <span class='ocr_line' id='line_1_38' title="bbox 273 1612 1340 1654; baseline -0.001 -9"><span class='ocrx_word' id='word_1_240' title='bbox 273 1619 382 1645; x_wconf 76' lang='lat' dir='ltr'><strong>autem</strong></span> <span class='ocrx_word' id='word_1_241' title='bbox 403 1612 585 1649; x_wconf 75' lang='lat' dir='ltr'><strong>substantia,</strong></span> <span class='ocrx_word' id='word_1_242' title='bbox 602 1619 639 1643; x_wconf 93' lang='lat' dir='ltr'><strong>ut</strong></span> <span class='ocrx_word' id='word_1_243' title='bbox 661 1613 714 1648; x_wconf 92' lang='lat' dir='ltr'><strong>sic,</strong></span> <span class='ocrx_word' id='word_1_244' title='bbox 735 1613 856 1643; x_wconf 91' lang='lat' dir='ltr'><strong>nullam</strong></span> <span class='ocrx_word' id='word_1_245' title='bbox 878 1613 1012 1644; x_wconf 89' lang='lat' dir='ltr'><strong>includit</strong></span> <span class='ocrx_word' id='word_1_246' title='bbox 1034 1613 1276 1654; x_wconf 90' lang='lat' dir='ltr'><strong>dependentiam</strong></span> <span class='ocrx_word' id='word_1_247' title='bbox 1299 1614 1340 1644; x_wconf 88' lang='lat' dir='ltr'><strong>ad</strong></span> 
     </span>
     <span class='ocr_line' id='line_1_39' title="bbox 272 1656 1339 1698; baseline 0 -9"><span class='ocrx_word' id='word_1_248' title='bbox 272 1657 393 1698; x_wconf 80' lang='lat' dir='ltr'><strong>aliquid</strong></span> <span class='ocrx_word' id='word_1_249' title='bbox 415 1656 634 1688; x_wconf 87' lang='lat' dir='ltr'><strong>extrinsecum.</strong></span> <span class='ocrx_word' id='word_1_250' title='bbox 655 1657 696 1688; x_wconf 90' lang='lat' dir='ltr'><strong>Et</strong></span> <span class='ocrx_word' id='word_1_251' title='bbox 711 1656 784 1687; x_wconf 92' lang='lat' dir='ltr'><strong>ideo</strong></span> <span class='ocrx_word' id='word_1_252' title='bbox 800 1667 857 1697; x_wconf 88' lang='lat' dir='ltr'><strong>per</strong></span> <span class='ocrx_word' id='word_1_253' title='bbox 879 1657 1016 1697; x_wconf 87' lang='lat' dir='ltr'><strong>seipsam</strong></span> <span class='ocrx_word' id='word_1_254' title='bbox 1031 1658 1203 1689; x_wconf 88' lang='lat' dir='ltr'><strong>substantia</strong></span> <span class='ocrx_word' id='word_1_255' title='bbox 1225 1658 1339 1689; x_wconf 90' lang='lat' dir='ltr'><strong>indivi-</strong></span> 
     </span>
     <span class='ocr_line' id='line_1_40' title="bbox 272 1701 1020 1742; baseline -0.003 -9"><span class='ocrx_word' id='word_1_256' title='bbox 272 1701 401 1733; x_wconf 82' lang='lat' dir='ltr'><strong>duatur:</strong></span> <span class='ocrx_word' id='word_1_257' title='bbox 425 1701 570 1732; x_wconf 86' lang='lat' dir='ltr'><strong>accidens</strong></span> <span class='ocrx_word' id='word_1_258' title='bbox 593 1707 700 1732; x_wconf 89' lang='lat' dir='ltr'><strong>autem</strong></span> <span class='ocrx_word' id='word_1_259' title='bbox 723 1711 779 1742; x_wconf 93' lang='lat' dir='ltr'><strong>per</strong></span> <span class='ocrx_word' id='word_1_260' title='bbox 802 1701 1020 1732; x_wconf 87' lang='lat' dir='ltr'><strong>substantiam.</strong></span> 
     </span>
    </p>

    <p class='ocr_par' dir='ltr' id='par_1_11' title="bbox 271 1744 1340 3018">
     <span class='ocr_line' id='line_1_41' title="bbox 328 1744 1338 1782; baseline 0.001 -6"><span class='ocrx_word' id='word_1_261' title='bbox 328 1745 381 1776; x_wconf 89' lang='lat' dir='ltr'><strong>IX.</strong></span> <span class='ocrx_word' id='word_1_262' title='bbox 396 1744 444 1775; x_wconf 90' lang='lat' dir='ltr'><strong>De</strong></span> <span class='ocrx_word' id='word_1_263' title='bbox 459 1745 632 1776; x_wconf 89' lang='lat' dir='ltr'><strong>substantia</strong></span> <span class='ocrx_word' id='word_1_264' title='bbox 651 1751 758 1775; x_wconf 90' lang='lat' dir='ltr'><strong>autem</strong></span> <span class='ocrx_word' id='word_1_265' title='bbox 774 1745 945 1782; x_wconf 85' lang='lat' dir='ltr'><strong>materiali,</strong></span> <span class='ocrx_word' id='word_1_266' title='bbox 963 1753 994 1776; x_wconf 91' lang='lat' dir='ltr'><strong>et</strong></span> <span class='ocrx_word' id='word_1_267' title='bbox 1010 1746 1049 1776; x_wconf 92' lang='lat' dir='ltr'><strong>de</strong></span> <span class='ocrx_word' id='word_1_268' title='bbox 1065 1745 1182 1777; x_wconf 84' lang='lat' dir='ltr'><strong>talibus</strong></span> <span class='ocrx_word' id='word_1_269' title='bbox 1197 1746 1338 1777; x_wconf 91' lang='lat' dir='ltr'><strong>acciden-</strong></span> 
     </span>
     <span class='ocr_line' id='line_1_42' title="bbox 271 1788 1338 1831; baseline -0.001 -9"><span class='ocrx_word' id='word_1_270' title='bbox 271 1789 366 1826; x_wconf 73' lang='lat' dir='ltr'><strong>tibtJS,</strong></span> <span class='ocrx_word' id='word_1_271' title='bbox 383 1789 551 1830; x_wconf 90' lang='lat' dir='ltr'><strong>quomodo</strong></span> <span class='ocrx_word' id='word_1_272' title='bbox 575 1788 822 1824; x_wconf 88' lang='lat' dir='ltr'><strong>individuentur,</strong></span> <span class='ocrx_word' id='word_1_273' title='bbox 847 1789 974 1820; x_wconf 90' lang='lat' dir='ltr'><strong>alterius</strong></span> <span class='ocrx_word' id='word_1_274' title='bbox 990 1790 1108 1830; x_wconf 89' lang='lat' dir='ltr'><strong>negotii</strong></span> <span class='ocrx_word' id='word_1_275' title='bbox 1132 1797 1192 1821; x_wconf 90' lang='lat' dir='ltr'><strong>est:</strong></span> <span class='ocrx_word' id='word_1_276' title='bbox 1218 1791 1338 1831; x_wconf 89' lang='lat' dir='ltr'><strong>eritque</strong></span> 
     </span>
     <span class='ocr_line' id='line_1_43' title="bbox 272 1832 1339 1875; baseline 0 -11"><span class='ocrx_word' id='word_1_277' title='bbox 272 1833 311 1864; x_wconf 82' lang='lat' dir='ltr'><strong>de</strong></span> <span class='ocrx_word' id='word_1_278' title='bbox 334 1833 397 1864; x_wconf 89' lang='lat' dir='ltr'><strong>hoc</strong></span> <span class='ocrx_word' id='word_1_279' title='bbox 421 1832 565 1873; x_wconf 85' lang='lat' dir='ltr'><strong>quaestio</strong></span> <span class='ocrx_word' id='word_1_280' title='bbox 589 1832 741 1873; x_wconf 89' lang='lat' dir='ltr'><strong>specialis.</strong></span> <span class='ocrx_word' id='word_1_281' title='bbox 769 1833 864 1863; x_wconf 91' lang='lat' dir='ltr'><strong>Nunc</strong></span> <span class='ocrx_word' id='word_1_282' title='bbox 887 1839 994 1863; x_wconf 89' lang='lat' dir='ltr'><strong>autem</strong></span> <span class='ocrx_word' id='word_1_283' title='bbox 1017 1833 1096 1864; x_wconf 90' lang='lat' dir='ltr'><strong>scito</strong></span> <span class='ocrx_word' id='word_1_284' title='bbox 1125 1835 1227 1875; x_wconf 92' lang='lat' dir='ltr'><strong>quod,</strong></span> <span class='ocrx_word' id='word_1_285' title='bbox 1253 1835 1339 1874; x_wconf 87' lang='lat' dir='ltr'><strong>apud</strong></span> 
     </span>
     <span class='ocr_line' id='line_1_44' title="bbox 273 1876 1337 1917; baseline 0.001 -9"><span class='ocrx_word' id='word_1_286' title='bbox 273 1887 340 1914; x_wconf 90' lang='lat' dir='ltr'><strong>me,</strong></span> <span class='ocrx_word' id='word_1_287' title='bbox 365 1877 538 1908; x_wconf 88' lang='lat' dir='ltr'><strong>substantia</strong></span> <span class='ocrx_word' id='word_1_288' title='bbox 567 1876 735 1907; x_wconf 88' lang='lat' dir='ltr'><strong>materialis</strong></span> <span class='ocrx_word' id='word_1_289' title='bbox 761 1877 976 1908; x_wconf 86' lang='lat' dir='ltr'><strong>individuatur</strong></span> <span class='ocrx_word' id='word_1_290' title='bbox 1006 1887 1063 1917; x_wconf 89' lang='lat' dir='ltr'><strong>per</strong></span> <span class='ocrx_word' id='word_1_291' title='bbox 1084 1878 1248 1909; x_wconf 85' lang='lat' dir='ltr'><strong>materiam</strong></span> <span class='ocrx_word' id='word_1_292' title='bbox 1278 1879 1337 1909; x_wconf 91' lang='lat' dir='ltr'><strong>sub</strong></span> 
     </span>
     <span class='ocr_line' id='line_1_45' title="bbox 274 1920 1337 1962; baseline 0.002 -11"><span class='ocrx_word' id='word_1_293' title='bbox 274 1921 364 1955; x_wconf 81' lang='lat' dir='ltr'><strong>certis</strong></span> <span class='ocrx_word' id='word_1_294' title='bbox 388 1920 656 1957; x_wconf 87' lang='lat' dir='ltr'><strong>dimensionibus,</strong></span> <span class='ocrx_word' id='word_1_295' title='bbox 682 1928 835 1962; x_wconf 87' lang='lat' dir='ltr'><strong>tanquam</strong></span> <span class='ocrx_word' id='word_1_296' title='bbox 864 1931 920 1961; x_wconf 90' lang='lat' dir='ltr'><strong>per</strong></span> <span class='ocrx_word' id='word_1_297' title='bbox 951 1921 1118 1961; x_wconf 87' lang='lat' dir='ltr'><strong>proprium</strong></span> <span class='ocrx_word' id='word_1_298' title='bbox 1141 1929 1172 1953; x_wconf 92' lang='lat' dir='ltr'><strong>et</strong></span> <span class='ocrx_word' id='word_1_299' title='bbox 1194 1922 1337 1953; x_wconf 89' lang='lat' dir='ltr'><strong>intrinse-</strong></span> 
     </span>
     <span class='ocr_line' id='line_1_46' title="bbox 272 1964 1336 2002; baseline 0 -5"><span class='ocrx_word' id='word_1_300' title='bbox 272 1975 357 2002; x_wconf 86' lang='lat' dir='ltr'><strong>cum,</strong></span> <span class='ocrx_word' id='word_1_301' title='bbox 373 1975 440 1996; x_wconf 90' lang='lat' dir='ltr'><strong>non</strong></span> <span class='ocrx_word' id='word_1_302' title='bbox 455 1964 562 1996; x_wconf 89' lang='lat' dir='ltr'><strong>solum</strong></span> <span class='ocrx_word' id='word_1_303' title='bbox 578 1964 828 2001; x_wconf 84' lang='lat' dir='ltr'><strong>constitutivum,</strong></span> <span class='ocrx_word' id='word_1_304' title='bbox 846 1965 901 1995; x_wconf 88' lang='lat' dir='ltr'><strong>sed</strong></span> <span class='ocrx_word' id='word_1_305' title='bbox 917 1965 1149 1996; x_wconf 85' lang='lat' dir='ltr'><strong>distinctivum:</strong></span> <span class='ocrx_word' id='word_1_306' title='bbox 1175 1966 1336 1997; x_wconf 87' lang='lat' dir='ltr'><strong>chimaeri-</strong></span> 
     </span>
     <span class='ocr_line' id='line_1_47' title="bbox 273 2008 1338 2050; baseline 0.001 -10"><span class='ocrx_word' id='word_1_307' title='bbox 273 2019 348 2041; x_wconf 91' lang='lat' dir='ltr'><strong>cum</strong></span> <span class='ocrx_word' id='word_1_308' title='bbox 371 2016 417 2040; x_wconf 89' lang='lat' dir='ltr'><strong>est</strong></span> <span class='ocrx_word' id='word_1_309' title='bbox 440 2008 525 2040; x_wconf 88' lang='lat' dir='ltr'><strong>enim</strong></span> <span class='ocrx_word' id='word_1_310' title='bbox 549 2008 608 2039; x_wconf 94' lang='lat' dir='ltr'><strong>hos</strong></span> <span class='ocrx_word' id='word_1_311' title='bbox 627 2016 715 2040; x_wconf 89' lang='lat' dir='ltr'><strong>actus</strong></span> <span class='ocrx_word' id='word_1_312' title='bbox 738 2019 881 2050; x_wconf 91' lang='lat' dir='ltr'><strong>separare</strong></span> <span class='ocrx_word' id='word_1_313' title='bbox 905 2009 1080 2040; x_wconf 90' lang='lat' dir='ltr'><strong>secundum</strong></span> <span class='ocrx_word' id='word_1_314' title='bbox 1103 2020 1179 2041; x_wconf 90' lang='lat' dir='ltr'><strong>rem.</strong></span> <span class='ocrx_word' id='word_1_315' title='bbox 1200 2011 1259 2041; x_wconf 90' lang='lat' dir='ltr'><strong>Per</strong></span> <span class='ocrx_word' id='word_1_316' title='bbox 1274 2021 1338 2041; x_wconf 88' lang='lat' dir='ltr'><strong>ma-</strong></span> 
     </span>
     <span class='ocr_line' id='line_1_48' title="bbox 271 2053 1338 2095; baseline 0.001 -11"><span class='ocrx_word' id='word_1_317' title='bbox 271 2053 383 2085; x_wconf 88' lang='lat' dir='ltr'><strong>teriam</strong></span> <span class='ocrx_word' id='word_1_318' title='bbox 406 2059 513 2084; x_wconf 89' lang='lat' dir='ltr'><strong>autem</strong></span> <span class='ocrx_word' id='word_1_319' title='bbox 543 2053 602 2084; x_wconf 91' lang='lat' dir='ltr'><strong>sub</strong></span> <span class='ocrx_word' id='word_1_320' title='bbox 627 2053 716 2084; x_wconf 89' lang='lat' dir='ltr'><strong>certis</strong></span> <span class='ocrx_word' id='word_1_321' title='bbox 739 2053 1007 2090; x_wconf 85' lang='lat' dir='ltr'><strong>dimensionibus,</strong></span> <span class='ocrx_word' id='word_1_322' title='bbox 1032 2063 1098 2084; x_wconf 92' lang='lat' dir='ltr'><strong>non</strong></span> <span class='ocrx_word' id='word_1_323' title='bbox 1120 2054 1277 2095; x_wconf 87' lang='lat' dir='ltr'><strong>intelligo,</strong></span> <span class='ocrx_word' id='word_1_324' title='bbox 1302 2062 1338 2085; x_wconf 91' lang='lat' dir='ltr'><strong>ut</strong></span> 
     </span>
     <span class='ocr_line' id='line_1_49' title="bbox 273 2096 1336 2138; baseline 0.003 -11"><span class='ocrx_word' id='word_1_325' title='bbox 273 2097 352 2128; x_wconf 87' lang='lat' dir='ltr'><strong>olim</strong></span> <span class='ocrx_word' id='word_1_326' title='bbox 374 2097 507 2138; x_wconf 88' lang='lat' dir='ltr'><strong>exposui</strong></span> <span class='ocrx_word' id='word_1_327' title='bbox 530 2096 563 2127; x_wconf 90' lang='lat' dir='ltr'><strong>in</strong></span> <span class='ocrx_word' id='word_1_328' title='bbox 587 2097 822 2128; x_wconf 82' lang='lat' dir='ltr'><strong>commentariis</strong></span> <span class='ocrx_word' id='word_1_329' title='bbox 836 2098 876 2128; x_wconf 83' lang='lat' dir='ltr'><strong>de</strong></span> <span class='ocrx_word' id='word_1_330' title='bbox 888 2097 972 2128; x_wconf 80' lang='lat' dir='ltr'><strong>Ente</strong></span> <span class='ocrx_word' id='word_1_331' title='bbox 986 2103 1016 2128; x_wconf 84' lang='lat' dir='ltr'><strong>et</strong></span> <span class='ocrx_word' id='word_1_332' title='bbox 1031 2098 1180 2129; x_wconf 80' lang='lat' dir='ltr'><strong>Essentia</strong></span> <span class='ocrx_word' id='word_1_333' title='bbox 1193 2099 1219 2135; x_wconf 85' lang='lat'><strong>*,</strong></span> <span class='ocrx_word' id='word_1_334' title='bbox 1240 2106 1336 2130; x_wconf 88' lang='lat' dir='ltr'><strong>mate-</strong></span> 
     </span>
     <span class='ocr_line' id='line_1_50' title="bbox 273 2140 1336 2183; baseline 0.002 -11"><span class='ocrx_word' id='word_1_335' title='bbox 273 2140 353 2172; x_wconf 82' lang='lat' dir='ltr'><strong>riam</strong></span> <span class='ocrx_word' id='word_1_336' title='bbox 368 2151 443 2172; x_wconf 89' lang='lat' dir='ltr'><strong>cum</strong></span> <span class='ocrx_word' id='word_1_337' title='bbox 462 2140 603 2182; x_wconf 87' lang='lat' dir='ltr'><strong>potentia</strong></span> <span class='ocrx_word' id='word_1_338' title='bbox 626 2141 665 2171; x_wconf 88' lang='lat' dir='ltr'><strong>ad</strong></span> <span class='ocrx_word' id='word_1_339' title='bbox 688 2141 914 2182; x_wconf 87' lang='lat' dir='ltr'><strong>quantitatem:</strong></span> <span class='ocrx_word' id='word_1_340' title='bbox 939 2142 1094 2182; x_wconf 89' lang='lat' dir='ltr'><strong>quoniam</strong></span> <span class='ocrx_word' id='word_1_341' title='bbox 1109 2143 1251 2183; x_wconf 85' lang='lat' dir='ltr'><strong>potentia</strong></span> <span class='ocrx_word' id='word_1_342' title='bbox 1274 2144 1336 2180; x_wconf 89' lang='lat' dir='ltr'><strong>illa,</strong></span> 
     </span>
     <span class='ocr_line' id='line_1_51' title="bbox 273 2185 1337 2227; baseline 0.001 -10"><span class='ocrx_word' id='word_1_343' title='bbox 273 2192 310 2217; x_wconf 90' lang='lat' dir='ltr'><strong>ut</strong></span> <span class='ocrx_word' id='word_1_344' title='bbox 331 2192 417 2227; x_wconf 84' lang='lat' dir='ltr'><strong>patet</strong></span> <span class='ocrx_word' id='word_1_345' title='bbox 439 2186 472 2216; x_wconf 92' lang='lat' dir='ltr'><strong>in</strong></span> <span class='ocrx_word' id='word_1_346' title='bbox 487 2185 544 2216; x_wconf 87' lang='lat' dir='ltr'><strong>XII</strong></span> <span class='ocrx_word' id='word_1_347' title='bbox 563 2185 786 2226; x_wconf 78' lang='lat' dir='ltr'><strong>Metaphys.*,</strong></span> <span class='ocrx_word' id='word_1_348' title='bbox 806 2186 839 2216; x_wconf 91' lang='lat' dir='ltr'><strong>in</strong></span> <span class='ocrx_word' id='word_1_349' title='bbox 862 2192 994 2216; x_wconf 89' lang='lat' dir='ltr'><strong>tractatu</strong></span> <span class='ocrx_word' id='word_1_350' title='bbox 1016 2186 1054 2216; x_wconf 93' lang='lat' dir='ltr'><strong>de</strong></span> <span class='ocrx_word' id='word_1_351' title='bbox 1070 2186 1231 2227; x_wconf 86' lang='lat' dir='ltr'><strong>principiis</strong></span> <span class='ocrx_word' id='word_1_352' title='bbox 1245 2188 1337 2218; x_wconf 88' lang='lat' dir='ltr'><strong>Prae-</strong></span> 
     </span>
     <span class='ocr_line' id='line_1_52' title="bbox 272 2229 1336 2270; baseline 0.002 -10"><span class='ocrx_word' id='word_1_353' title='bbox 272 2229 542 2266; x_wconf 89' lang='lat' dir='ltr'><strong>dicamentorum,</strong></span> <span class='ocrx_word' id='word_1_354' title='bbox 566 2235 612 2260; x_wconf 86' lang='lat' dir='ltr'><strong>est</strong></span> <span class='ocrx_word' id='word_1_355' title='bbox 639 2229 672 2259; x_wconf 86' lang='lat' dir='ltr'><strong>in</strong></span> <span class='ocrx_word' id='word_1_356' title='bbox 703 2239 817 2270; x_wconf 85' lang='lat' dir='ltr'><strong>genere</strong></span> <span class='ocrx_word' id='word_1_357' title='bbox 849 2229 1049 2270; x_wconf 89' lang='lat' dir='ltr'><strong>quantitatis;</strong></span> <span class='ocrx_word' id='word_1_358' title='bbox 1074 2237 1104 2261; x_wconf 92' lang='lat' dir='ltr'><strong>et</strong></span> <span class='ocrx_word' id='word_1_359' title='bbox 1127 2230 1170 2261; x_wconf 87' lang='lat' dir='ltr'><strong>sic</strong></span> <span class='ocrx_word' id='word_1_360' title='bbox 1194 2231 1336 2262; x_wconf 86' lang='lat' dir='ltr'><strong>Socrates</strong></span> 
     </span>
     <span class='ocr_line' id='line_1_53' title="bbox 272 2273 1337 2314; baseline 0.001 -10"><span class='ocrx_word' id='word_1_361' title='bbox 272 2284 340 2304; x_wconf 90' lang='lat' dir='ltr'><strong>non</strong></span> <span class='ocrx_word' id='word_1_362' title='bbox 362 2280 442 2304; x_wconf 89' lang='lat' dir='ltr'><strong>esset</strong></span> <span class='ocrx_word' id='word_1_363' title='bbox 465 2283 568 2304; x_wconf 90' lang='lat' dir='ltr'><strong>unum</strong></span> <span class='ocrx_word' id='word_1_364' title='bbox 588 2282 645 2314; x_wconf 90' lang='lat' dir='ltr'><strong>per</strong></span> <span class='ocrx_word' id='word_1_365' title='bbox 667 2283 709 2304; x_wconf 86' lang='lat' dir='ltr'><strong>se.</strong></span> <span class='ocrx_word' id='word_1_366' title='bbox 729 2273 792 2304; x_wconf 91' lang='lat' dir='ltr'><strong>Sed</strong></span> <span class='ocrx_word' id='word_1_367' title='bbox 814 2273 955 2313; x_wconf 87' lang='lat' dir='ltr'><strong>intelligo</strong></span> <span class='ocrx_word' id='word_1_368' title='bbox 971 2273 1136 2305; x_wconf 87' lang='lat' dir='ltr'><strong>materiam</strong></span> <span class='ocrx_word' id='word_1_369' title='bbox 1159 2274 1337 2306; x_wconf 84' lang='lat' dir='ltr'><strong>distinctam</strong></span> 
     </span>
     <span class='ocr_line' id='line_1_54' title="bbox 271 2316 1337 2359; baseline 0.001 -11"><span class='ocrx_word' id='word_1_370' title='bbox 271 2327 417 2354; x_wconf 89' lang='lat' dir='ltr'><strong>numero,</strong></span> <span class='ocrx_word' id='word_1_371' title='bbox 437 2327 503 2348; x_wconf 91' lang='lat' dir='ltr'><strong>non</strong></span> <span class='ocrx_word' id='word_1_372' title='bbox 523 2324 559 2348; x_wconf 92' lang='lat' dir='ltr'><strong>ut</strong></span> <span class='ocrx_word' id='word_1_373' title='bbox 582 2316 761 2348; x_wconf 89' lang='lat' dir='ltr'><strong>subiectum</strong></span> <span class='ocrx_word' id='word_1_374' title='bbox 779 2317 972 2359; x_wconf 85' lang='lat' dir='ltr'><strong>quantitatis,</strong></span> <span class='ocrx_word' id='word_1_375' title='bbox 990 2318 1043 2348; x_wconf 91' lang='lat' dir='ltr'><strong>sed</strong></span> <span class='ocrx_word' id='word_1_376' title='bbox 1061 2323 1096 2348; x_wconf 88' lang='lat' dir='ltr'><strong>ut</strong></span> <span class='ocrx_word' id='word_1_377' title='bbox 1107 2319 1202 2358; x_wconf 72' lang='lat' dir='ltr'><strong>prfus</strong></span> <span class='ocrx_word' id='word_1_378' title='bbox 1218 2324 1337 2349; x_wconf 85' lang='lat' dir='ltr'><strong>natura</strong></span> 
     </span>
     <span class='ocr_line' id='line_1_55' title="bbox 273 2361 1338 2403; baseline 0 -10"><span class='ocrx_word' id='word_1_379' title='bbox 273 2362 373 2402; x_wconf 74' lang='lat' dir='ltr'><strong>ipsius</strong></span> <span class='ocrx_word' id='word_1_380' title='bbox 389 2361 663 2403; x_wconf 84' lang='lat' dir='ltr'><strong>fundamentum,</strong></span> <span class='ocrx_word' id='word_1_381' title='bbox 688 2361 788 2393; x_wconf 78' lang='lat' dir='ltr'><strong>radix</strong></span> <span class='ocrx_word' id='word_1_382' title='bbox 808 2366 839 2392; x_wconf 82' lang='lat' dir='ltr'><strong>et</strong></span> <span class='ocrx_word' id='word_1_383' title='bbox 861 2371 980 2400; x_wconf 83' lang='lat' dir='ltr'><strong>causa;</strong></span> <span class='ocrx_word' id='word_1_384' title='bbox 1004 2362 1047 2392; x_wconf 87' lang='lat' dir='ltr'><strong>ita</strong></span> <span class='ocrx_word' id='word_1_385' title='bbox 1065 2362 1153 2403; x_wconf 91' lang='lat' dir='ltr'><strong>quod</strong></span> <span class='ocrx_word' id='word_1_386' title='bbox 1181 2362 1249 2403; x_wconf 89' lang='lat' dir='ltr'><strong>ipsa</strong></span> <span class='ocrx_word' id='word_1_387' title='bbox 1272 2373 1338 2393; x_wconf 88' lang='lat' dir='ltr'><strong>ma-</strong></span> 
     </span>
     <span class='ocr_line' id='line_1_56' title="bbox 271 2405 1338 2446; baseline 0.001 -10"><span class='ocrx_word' id='word_1_388' title='bbox 271 2405 349 2437; x_wconf 85' lang='lat' dir='ltr'><strong>teria</strong></span> <span class='ocrx_word' id='word_1_389' title='bbox 361 2405 445 2436; x_wconf 71' lang='lat' dir='ltr'><strong>inse</strong></span> <span class='ocrx_word' id='word_1_390' title='bbox 468 2412 514 2436; x_wconf 88' lang='lat' dir='ltr'><strong>est</strong></span> <span class='ocrx_word' id='word_1_391' title='bbox 536 2405 624 2445; x_wconf 84' lang='lat' dir='ltr'><strong>prius</strong></span> <span class='ocrx_word' id='word_1_392' title='bbox 641 2405 684 2436; x_wconf 86' lang='lat' dir='ltr'><strong>sic</strong></span> <span class='ocrx_word' id='word_1_393' title='bbox 700 2405 845 2436; x_wconf 83' lang='lat' dir='ltr'><strong>distincta</strong></span> <span class='ocrx_word' id='word_1_394' title='bbox 860 2415 959 2446; x_wconf 89' lang='lat' dir='ltr'><strong>quam</strong></span> <span class='ocrx_word' id='word_1_395' title='bbox 977 2411 1118 2446; x_wconf 59' lang='lat' dir='ltr'><strong>quantas</strong></span> <span class='ocrx_word' id='word_1_396' title='bbox 1141 2413 1178 2437; x_wconf 89' lang='lat' dir='ltr'><strong>ut</strong></span> <span class='ocrx_word' id='word_1_397' title='bbox 1201 2407 1244 2437; x_wconf 90' lang='lat' dir='ltr'><strong>sic</strong></span> <span class='ocrx_word' id='word_1_398' title='bbox 1267 2407 1338 2437; x_wconf 81' lang='lat' dir='ltr'><strong>effe-</strong></span> 
     </span>
     <span class='ocr_line' id='line_1_57' title="bbox 273 2449 1338 2491; baseline 0.003 -12"><span class='ocrx_word' id='word_1_399' title='bbox 273 2456 341 2483; x_wconf 80' lang='lat' dir='ltr'><strong>ctus</strong></span> <span class='ocrx_word' id='word_1_400' title='bbox 365 2449 624 2490; x_wconf 82' lang='lat' dir='ltr'><strong>proportionetur</strong></span> <span class='ocrx_word' id='word_1_401' title='bbox 646 2459 768 2480; x_wconf 86' lang='lat' dir='ltr'><strong>causae.</strong></span> <span class='ocrx_word' id='word_1_402' title='bbox 789 2449 957 2481; x_wconf 82' lang='lat' dir='ltr'><strong>Distinctio</strong></span> <span class='ocrx_word' id='word_1_403' title='bbox 977 2450 1062 2480; x_wconf 91' lang='lat' dir='ltr'><strong>enim</strong></span> <span class='ocrx_word' id='word_1_404' title='bbox 1086 2451 1256 2482; x_wconf 87' lang='lat' dir='ltr'><strong>numeralis</strong></span> <span class='ocrx_word' id='word_1_405' title='bbox 1274 2461 1338 2491; x_wconf 90' lang='lat' dir='ltr'><strong>qua</strong></span> 
     </span>
     <span class='ocr_line' id='line_1_58' title="bbox 272 2493 1338 2535; baseline 0 -10"><span class='ocrx_word' id='word_1_406' title='bbox 272 2494 416 2532; x_wconf 84' lang='lat' dir='ltr'><strong>Socrates</strong></span> <span class='ocrx_word' id='word_1_407' title='bbox 439 2493 642 2535; x_wconf 87' lang='lat' dir='ltr'><strong>distinguitur</strong></span> <span class='ocrx_word' id='word_1_408' title='bbox 657 2503 675 2524; x_wconf 89' lang='lat' dir='ltr'><strong>a</strong></span> <span class='ocrx_word' id='word_1_409' title='bbox 697 2493 839 2530; x_wconf 87' lang='lat' dir='ltr'><strong>Platone,</strong></span> <span class='ocrx_word' id='word_1_410' title='bbox 856 2494 1048 2535; x_wconf 86' lang='lat' dir='ltr'><strong>inquantum</strong></span> <span class='ocrx_word' id='word_1_411' title='bbox 1064 2501 1139 2525; x_wconf 91' lang='lat' dir='ltr'><strong>sunt</strong></span> <span class='ocrx_word' id='word_1_412' title='bbox 1161 2494 1211 2525; x_wconf 89' lang='lat' dir='ltr'><strong>isti</strong></span> <span class='ocrx_word' id='word_1_413' title='bbox 1234 2495 1338 2526; x_wconf 90' lang='lat' dir='ltr'><strong>homi-</strong></span> 
     </span>
     <span class='ocr_line' id='line_1_59' title="bbox 272 2537 1339 2580; baseline 0.001 -12"><span class='ocrx_word' id='word_1_414' title='bbox 272 2547 338 2574; x_wconf 90' lang='lat' dir='ltr'><strong>nes,</strong></span> <span class='ocrx_word' id='word_1_415' title='bbox 353 2548 420 2568; x_wconf 91' lang='lat' dir='ltr'><strong>non</strong></span> <span class='ocrx_word' id='word_1_416' title='bbox 436 2544 482 2568; x_wconf 90' lang='lat' dir='ltr'><strong>est</strong></span> <span class='ocrx_word' id='word_1_417' title='bbox 497 2537 654 2568; x_wconf 88' lang='lat' dir='ltr'><strong>distinctio</strong></span> <span class='ocrx_word' id='word_1_418' title='bbox 675 2537 890 2577; x_wconf 88' lang='lat' dir='ltr'><strong>quantitativa,</strong></span> <span class='ocrx_word' id='word_1_419' title='bbox 907 2537 962 2567; x_wconf 90' lang='lat' dir='ltr'><strong>sed</strong></span> <span class='ocrx_word' id='word_1_420' title='bbox 981 2537 1227 2569; x_wconf 89' lang='lat' dir='ltr'><strong>fundamentum</strong></span> <span class='ocrx_word' id='word_1_421' title='bbox 1242 2549 1339 2580; x_wconf 89' lang='lat' dir='ltr'><strong>quan-</strong></span> 
     </span>
     <span class='ocr_line' id='line_1_60' title="bbox 272 2580 1338 2621; baseline 0.002 -9"><span class='ocrx_word' id='word_1_422' title='bbox 272 2581 410 2613; x_wconf 89' lang='lat' dir='ltr'><strong>titativae</strong></span> <span class='ocrx_word' id='word_1_423' title='bbox 434 2580 651 2611; x_wconf 88' lang='lat' dir='ltr'><strong>distinctionis.</strong></span> <span class='ocrx_word' id='word_1_424' title='bbox 675 2581 716 2612; x_wconf 90' lang='lat' dir='ltr'><strong>Et</strong></span> <span class='ocrx_word' id='word_1_425' title='bbox 739 2581 882 2613; x_wconf 88' lang='lat' dir='ltr'><strong>similiter</strong></span> <span class='ocrx_word' id='word_1_426' title='bbox 904 2581 1096 2621; x_wconf 90' lang='lat' dir='ltr'><strong>principium</strong></span> <span class='ocrx_word' id='word_1_427' title='bbox 1125 2582 1338 2614; x_wconf 88' lang='lat' dir='ltr'><strong>distinctivum</strong></span> 
     </span>
     <span class='ocr_line' id='line_1_61' title="bbox 273 2624 1338 2661; baseline 0.001 -5"><span class='ocrx_word' id='word_1_428' title='bbox 273 2625 369 2656; x_wconf 86' lang='lat' dir='ltr'><strong>huius</strong></span> <span class='ocrx_word' id='word_1_429' title='bbox 391 2625 530 2655; x_wconf 90' lang='lat' dir='ltr'><strong>hominis</strong></span> <span class='ocrx_word' id='word_1_430' title='bbox 553 2625 592 2655; x_wconf 91' lang='lat' dir='ltr'><strong>ab</strong></span> <span class='ocrx_word' id='word_1_431' title='bbox 614 2624 685 2660; x_wconf 82' lang='lat' dir='ltr'><strong>illo,</strong></span> <span class='ocrx_word' id='word_1_432' title='bbox 708 2631 745 2655; x_wconf 88' lang='lat' dir='ltr'><strong>ut</strong></span> <span class='ocrx_word' id='word_1_433' title='bbox 767 2624 827 2661; x_wconf 89' lang='lat' dir='ltr'><strong>sic,</strong></span> <span class='ocrx_word' id='word_1_434' title='bbox 852 2631 898 2656; x_wconf 92' lang='lat' dir='ltr'><strong>est</strong></span> <span class='ocrx_word' id='word_1_435' title='bbox 928 2625 1013 2656; x_wconf 88' lang='lat' dir='ltr'><strong>radix</strong></span> <span class='ocrx_word' id='word_1_436' title='bbox 1036 2633 1067 2656; x_wconf 91' lang='lat' dir='ltr'><strong>et</strong></span> <span class='ocrx_word' id='word_1_437' title='bbox 1093 2626 1338 2657; x_wconf 89' lang='lat' dir='ltr'><strong>fundamentum</strong></span> 
     </span>
     <span class='ocr_line' id='line_1_62' title="bbox 274 2668 1337 2711; baseline 0.001 -11"><span class='ocrx_word' id='word_1_438' title='bbox 274 2668 455 2710; x_wconf 83' lang='lat' dir='ltr'><strong>quantitatis</strong></span> <span class='ocrx_word' id='word_1_439' title='bbox 468 2692 476 2705; x_wconf 95' lang='lat'>‚</span> <span class='ocrx_word' id='word_1_440' title='bbox 498 2675 529 2699; x_wconf 94' lang='lat' dir='ltr'><strong>et</strong></span> <span class='ocrx_word' id='word_1_441' title='bbox 552 2675 781 2709; x_wconf 86' lang='lat' dir='ltr'><strong>consequenter</strong></span> <span class='ocrx_word' id='word_1_442' title='bbox 810 2669 1019 2701; x_wconf 87' lang='lat' dir='ltr'><strong>distinctionis</strong></span> <span class='ocrx_word' id='word_1_443' title='bbox 1042 2671 1202 2711; x_wconf 89' lang='lat' dir='ltr'><strong>sequentis</strong></span> <span class='ocrx_word' id='word_1_444' title='bbox 1225 2671 1337 2711; x_wconf 87' lang='lat' dir='ltr'><strong>ipsam.</strong></span> 
     </span>
     <span class='ocr_line' id='line_1_63' title="bbox 274 2712 1339 2755; baseline 0.002 -11"><span class='ocrx_word' id='word_1_445' title='bbox 274 2714 348 2744; x_wconf 89' lang='lat' dir='ltr'><strong>Hoc</strong></span> <span class='ocrx_word' id='word_1_446' title='bbox 379 2719 487 2744; x_wconf 84' lang='lat' dir='ltr'><strong>autem</strong></span> <span class='ocrx_word' id='word_1_447' title='bbox 515 2718 561 2744; x_wconf 90' lang='lat' dir='ltr'><strong>est</strong></span> <span class='ocrx_word' id='word_1_448' title='bbox 590 2712 739 2749; x_wconf 89' lang='lat' dir='ltr'><strong>materia,</strong></span> <span class='ocrx_word' id='word_1_449' title='bbox 763 2722 845 2753; x_wconf 89' lang='lat' dir='ltr'><strong>quae</strong></span> <span class='ocrx_word' id='word_1_450' title='bbox 875 2720 921 2744; x_wconf 90' lang='lat' dir='ltr'><strong>est</strong></span> <span class='ocrx_word' id='word_1_451' title='bbox 944 2713 1039 2744; x_wconf 88' lang='lat' dir='ltr'><strong>altera</strong></span> <span class='ocrx_word' id='word_1_452' title='bbox 1067 2725 1138 2754; x_wconf 90' lang='lat' dir='ltr'><strong>pars</strong></span> <span class='ocrx_word' id='word_1_453' title='bbox 1169 2715 1339 2755; x_wconf 88' lang='lat' dir='ltr'><strong>compositi</strong></span> 
     </span>
     <span class='ocr_line' id='line_1_64' title="bbox 274 2756 1340 2797; baseline 0.002 -9"><span class='ocrx_word' id='word_1_454' title='bbox 274 2757 380 2797; x_wconf 89' lang='lat' dir='ltr'><strong>primo</strong></span> <span class='ocrx_word' id='word_1_455' title='bbox 412 2756 607 2787; x_wconf 88' lang='lat' dir='ltr'><strong>terminantis</strong></span> <span class='ocrx_word' id='word_1_456' title='bbox 637 2757 873 2796; x_wconf 90' lang='lat' dir='ltr'><strong>generationem</strong></span> <span class='ocrx_word' id='word_1_457' title='bbox 904 2757 1141 2788; x_wconf 88' lang='lat' dir='ltr'><strong>substantialem</strong></span> <span class='ocrx_word' id='word_1_458' title='bbox 1170 2759 1203 2789; x_wconf 90' lang='lat' dir='ltr'><strong>in</strong></span> <span class='ocrx_word' id='word_1_459' title='bbox 1234 2769 1340 2790; x_wconf 88' lang='lat' dir='ltr'><strong>rerum</strong></span> 
     </span>
     <span class='ocr_line' id='line_1_65' title="bbox 275 2799 1340 2841; baseline 0.002 -10"><span class='ocrx_word' id='word_1_460' title='bbox 275 2807 395 2838; x_wconf 89' lang='lat' dir='ltr'><strong>natura,</strong></span> <span class='ocrx_word' id='word_1_461' title='bbox 419 2800 453 2831; x_wconf 91' lang='lat' dir='ltr'><strong>in</strong></span> <span class='ocrx_word' id='word_1_462' title='bbox 476 2801 580 2841; x_wconf 91' lang='lat' dir='ltr'><strong>primo</strong></span> <span class='ocrx_word' id='word_1_463' title='bbox 603 2799 731 2831; x_wconf 89' lang='lat' dir='ltr'><strong>instanti</strong></span> <span class='ocrx_word' id='word_1_464' title='bbox 753 2807 897 2838; x_wconf 92' lang='lat' dir='ltr'><strong>naturae,</strong></span> <span class='ocrx_word' id='word_1_465' title='bbox 922 2808 994 2832; x_wconf 91' lang='lat' dir='ltr'><strong>ante</strong></span> <span class='ocrx_word' id='word_1_466' title='bbox 1013 2802 1237 2833; x_wconf 89' lang='lat' dir='ltr'><strong>adhaesionem</strong></span> <span class='ocrx_word' id='word_1_467' title='bbox 1260 2803 1340 2833; x_wconf 91' lang='lat' dir='ltr'><strong>acci-</strong></span> 
     </span>
     <span class='ocr_line' id='line_1_66' title="bbox 275 2844 1338 2885; baseline 0.002 -10"><span class='ocrx_word' id='word_1_468' title='bbox 275 2845 428 2877; x_wconf 88' lang='lat' dir='ltr'><strong>dentium.</strong></span> <span class='ocrx_word' id='word_1_469' title='bbox 454 2844 590 2884; x_wconf 75' lang='lat' dir='ltr'><strong>Oponet</strong></span> <span class='ocrx_word' id='word_1_470' title='bbox 613 2844 698 2874; x_wconf 87' lang='lat' dir='ltr'><strong>enirn</strong></span> <span class='ocrx_word' id='word_1_471' title='bbox 721 2854 780 2884; x_wconf 91' lang='lat' dir='ltr'><strong>pro</strong></span> <span class='ocrx_word' id='word_1_472' title='bbox 796 2851 871 2875; x_wconf 92' lang='lat' dir='ltr'><strong>tunc</strong></span> <span class='ocrx_word' id='word_1_473' title='bbox 895 2854 961 2876; x_wconf 90' lang='lat' dir='ltr'><strong>esse</strong></span> <span class='ocrx_word' id='word_1_474' title='bbox 981 2845 1137 2885; x_wconf 89' lang='lat' dir='ltr'><strong>singulare</strong></span> <span class='ocrx_word' id='word_1_475' title='bbox 1154 2846 1338 2877; x_wconf 88' lang='lat' dir='ltr'><strong>distinctum</strong></span> 
     </span>
     <span class='ocr_line' id='line_1_67' title="bbox 275 2888 1338 2931; baseline 0.002 -13"><span class='ocrx_word' id='word_1_476' title='bbox 275 2889 314 2919; x_wconf 83' lang='lat' dir='ltr'><strong>ab</strong></span> <span class='ocrx_word' id='word_1_477' title='bbox 337 2888 516 2925; x_wconf 85' lang='lat' dir='ltr'><strong>universali,</strong></span> <span class='ocrx_word' id='word_1_478' title='bbox 541 2895 571 2919; x_wconf 89' lang='lat' dir='ltr'><strong>et</strong></span> <span class='ocrx_word' id='word_1_479' title='bbox 594 2898 650 2928; x_wconf 91' lang='lat' dir='ltr'><strong>per</strong></span> <span class='ocrx_word' id='word_1_480' title='bbox 673 2898 706 2918; x_wconf 91' lang='lat' dir='ltr'><strong>se</strong></span> <span class='ocrx_word' id='word_1_481' title='bbox 729 2898 784 2918; x_wconf 90' lang='lat' dir='ltr'><strong>ens</strong></span> <span class='ocrx_word' id='word_1_482' title='bbox 803 2898 839 2919; x_wconf 92' lang='lat' dir='ltr'><strong>ac</strong></span> <span class='ocrx_word' id='word_1_483' title='bbox 861 2899 981 2925; x_wconf 90' lang='lat' dir='ltr'><strong>unum,</strong></span> <span class='ocrx_word' id='word_1_484' title='bbox 1006 2890 1094 2929; x_wconf 92' lang='lat' dir='ltr'><strong>quod</strong></span> <span class='ocrx_word' id='word_1_485' title='bbox 1118 2891 1236 2931; x_wconf 86' lang='lat' dir='ltr'><strong>absque</strong></span> <span class='ocrx_word' id='word_1_486' title='bbox 1263 2901 1338 2921; x_wconf 88' lang='lat' dir='ltr'><strong>con-</strong></span> 
     </span>
     <span class='ocr_line' id='line_1_68' title="bbox 275 2932 1339 2973; baseline 0.001 -9"><span class='ocrx_word' id='word_1_487' title='bbox 275 2933 417 2964; x_wconf 87' lang='lat' dir='ltr'><strong>stitutivo</strong></span> <span class='ocrx_word' id='word_1_488' title='bbox 432 2933 466 2963; x_wconf 91' lang='lat' dir='ltr'><strong>in</strong></span> <span class='ocrx_word' id='word_1_489' title='bbox 482 2942 549 2963; x_wconf 88' lang='lat' dir='ltr'><strong>esse</strong></span> <span class='ocrx_word' id='word_1_490' title='bbox 568 2932 630 2963; x_wconf 92' lang='lat' dir='ltr'><strong>hoc</strong></span> <span class='ocrx_word' id='word_1_491' title='bbox 645 2932 776 2972; x_wconf 84' lang='lat' dir='ltr'><strong>intelligi</strong></span> <span class='ocrx_word' id='word_1_492' title='bbox 792 2933 914 2973; x_wconf 89' lang='lat' dir='ltr'><strong>nequit:</strong></span> <span class='ocrx_word' id='word_1_493' title='bbox 930 2943 987 2973; x_wconf 90' lang='lat' dir='ltr'><strong>per</strong></span> <span class='ocrx_word' id='word_1_494' title='bbox 1001 2933 1086 2964; x_wconf 89' lang='lat' dir='ltr'><strong>idem</strong></span> <span class='ocrx_word' id='word_1_495' title='bbox 1102 2941 1209 2965; x_wconf 89' lang='lat' dir='ltr'><strong>autem</strong></span> <span class='ocrx_word' id='word_1_496' title='bbox 1221 2944 1339 2965; x_wconf 88' lang='lat' dir='ltr'><strong>unum-</strong></span> 
     </span>
     <span class='ocr_line' id='line_1_69' title="bbox 274 2976 1044 3018; baseline 0 -10"><span class='ocrx_word' id='word_1_497' title='bbox 274 2977 428 3018; x_wconf 89' lang='lat' dir='ltr'><strong>quodque</strong></span> <span class='ocrx_word' id='word_1_498' title='bbox 451 2983 498 3008; x_wconf 88' lang='lat' dir='ltr'><strong>est</strong></span> <span class='ocrx_word' id='word_1_499' title='bbox 519 2977 592 3013; x_wconf 90' lang='lat' dir='ltr'><strong>hoc,</strong></span> <span class='ocrx_word' id='word_1_500' title='bbox 610 2983 640 3007; x_wconf 89' lang='lat' dir='ltr'><strong>et</strong></span> <span class='ocrx_word' id='word_1_501' title='bbox 662 2986 681 3006; x_wconf 92' lang='lat' dir='ltr'><strong>a</strong></span> <span class='ocrx_word' id='word_1_502' title='bbox 704 2976 812 3006; x_wconf 86' lang='lat' dir='ltr'><strong>ceteris</strong></span> <span class='ocrx_word' id='word_1_503' title='bbox 835 2977 1044 3017; x_wconf 86' lang='lat' dir='ltr'><strong>distinguitur.</strong></span> 
     </span>
    </p>

    <p class='ocr_par' dir='ltr' id='par_1_12' title="bbox 275 3020 1341 3239">
     <span class='ocr_line' id='line_1_70' title="bbox 328 3020 1340 3062; baseline 0.001 -10"><span class='ocrx_word' id='word_1_504' title='bbox 328 3021 368 3052; x_wconf 88' lang='lat' dir='ltr'><strong>X.</strong></span> <span class='ocrx_word' id='word_1_505' title='bbox 385 3021 451 3051; x_wconf 89' lang='lat' dir='ltr'><strong>Nec</strong></span> <span class='ocrx_word' id='word_1_506' title='bbox 466 3027 633 3062; x_wconf 90' lang='lat' dir='ltr'><strong>propterea</strong></span> <span class='ocrx_word' id='word_1_507' title='bbox 648 3030 730 3060; x_wconf 90' lang='lat' dir='ltr'><strong>nego</strong></span> <span class='ocrx_word' id='word_1_508' title='bbox 753 3020 842 3051; x_wconf 87' lang='lat' dir='ltr'><strong>illam</strong></span> <span class='ocrx_word' id='word_1_509' title='bbox 858 3021 1038 3058; x_wconf 85' lang='lat' dir='ltr'><strong>maximam,</strong></span> <span class='ocrx_word' id='word_1_510' title='bbox 1054 3031 1091 3052; x_wconf 83' lang='lat' dir='ltr'><strong>ex</strong></span> <span class='ocrx_word' id='word_1_511' title='bbox 1109 3022 1252 3053; x_wconf 87' lang='lat' dir='ltr'><strong>sensibus</strong></span> <span class='ocrx_word' id='word_1_512' title='bbox 1267 3022 1340 3053; x_wconf 91' lang='lat' dir='ltr'><strong>Ari-</strong></span> 
     </span>
     <span class='ocr_line' id='line_1_71' title="bbox 275 3064 1338 3106; baseline 0.003 -12"><span class='ocrx_word' id='word_1_513' title='bbox 275 3064 394 3095; x_wconf 92' lang='lat' dir='ltr'><strong>stotelis</strong></span> <span class='ocrx_word' id='word_1_514' title='bbox 418 3075 453 3096; x_wconf 89' lang='lat' dir='ltr'><strong>ac</strong></span> <span class='ocrx_word' id='word_1_515' title='bbox 476 3075 499 3095; x_wconf 91' lang='lat' dir='ltr'><strong>s.</strong></span> <span class='ocrx_word' id='word_1_516' title='bbox 516 3064 663 3095; x_wconf 84' lang='lat' dir='ltr'><strong>Thomae</strong></span> <span class='ocrx_word' id='word_1_517' title='bbox 687 3064 836 3101; x_wconf 88' lang='lat' dir='ltr'><strong>habitam,</strong></span> <span class='ocrx_word' id='word_1_518' title='bbox 853 3065 969 3096; x_wconf 90' lang='lat' dir='ltr'><strong>scilicet</strong></span> <span class='ocrx_word' id='word_1_519' title='bbox 991 3065 1080 3106; x_wconf 90' lang='lat' dir='ltr'><strong>quod</strong></span> <span class='ocrx_word' id='word_1_520' title='bbox 1095 3066 1253 3097; x_wconf 89' lang='lat' dir='ltr'><strong>distinctio</strong></span> <span class='ocrx_word' id='word_1_521' title='bbox 1277 3076 1338 3097; x_wconf 93' lang='lat' dir='ltr'><strong>nu-</strong></span> 
     </span>
     <span class='ocr_line' id='line_1_72' title="bbox 276 3108 1341 3151; baseline 0.002 -13"><span class='ocrx_word' id='word_1_522' title='bbox 276 3108 402 3138; x_wconf 90' lang='lat' dir='ltr'><strong>meralis</strong></span> <span class='ocrx_word' id='word_1_523' title='bbox 418 3108 585 3139; x_wconf 90' lang='lat' dir='ltr'><strong>materialis</strong></span> <span class='ocrx_word' id='word_1_524' title='bbox 597 3108 702 3148; x_wconf 91' lang='lat' dir='ltr'><strong>primo</strong></span> <span class='ocrx_word' id='word_1_525' title='bbox 720 3109 866 3139; x_wconf 93' lang='lat' dir='ltr'><strong>convenit</strong></span> <span class='ocrx_word' id='word_1_526' title='bbox 877 3109 1052 3149; x_wconf 87' lang='lat' dir='ltr'><strong>quantitati,</strong></span> <span class='ocrx_word' id='word_1_527' title='bbox 1066 3116 1096 3140; x_wconf 91' lang='lat' dir='ltr'><strong>et</strong></span> <span class='ocrx_word' id='word_1_528' title='bbox 1112 3117 1341 3151; x_wconf 91' lang='lat' dir='ltr'><strong>consequenter</strong></span> 
     </span>
     <span class='ocr_line' id='line_1_73' title="bbox 278 3151 1339 3192; baseline 0.002 -10"><span class='ocrx_word' id='word_1_529' title='bbox 278 3162 333 3192; x_wconf 90' lang='lat' dir='ltr'><strong>per</strong></span> <span class='ocrx_word' id='word_1_530' title='bbox 348 3151 436 3182; x_wconf 90' lang='lat' dir='ltr'><strong>illam</strong></span> <span class='ocrx_word' id='word_1_531' title='bbox 452 3152 569 3189; x_wconf 87' lang='lat' dir='ltr'><strong>ceteris,</strong></span> <span class='ocrx_word' id='word_1_532' title='bbox 595 3153 771 3183; x_wconf 88' lang='lat' dir='ltr'><strong>secundum</strong></span> <span class='ocrx_word' id='word_1_533' title='bbox 787 3152 962 3183; x_wconf 88' lang='lat' dir='ltr'><strong>doctrinam</strong></span> <span class='ocrx_word' id='word_1_534' title='bbox 978 3153 1194 3184; x_wconf 85' lang='lat' dir='ltr'><strong>Posteriorum</strong></span> <span class='ocrx_word' id='word_1_535' title='bbox 1205 3153 1233 3184; x_wconf 47' lang='grc' dir='ltr'><strong>ὕ.</strong></span> <span class='ocrx_word' id='word_1_536' title='bbox 1250 3155 1339 3192; x_wconf 81' lang='lat' dir='ltr'><strong>Quo-</strong></span> 
     </span>
     <span class='ocr_line' id='line_1_74' title="bbox 278 3195 1338 3239; baseline 0.002 -13"><span class='ocrx_word' id='word_1_537' title='bbox 278 3195 364 3226; x_wconf 87' lang='lat' dir='ltr'><strong>niam</strong></span> <span class='ocrx_word' id='word_1_538' title='bbox 387 3196 571 3237; x_wconf 85' lang='lat' dir='ltr'><strong>participare</strong></span> <span class='ocrx_word' id='word_1_539' title='bbox 586 3203 732 3228; x_wconf 89' lang='lat' dir='ltr'><strong>naturam</strong></span> <span class='ocrx_word' id='word_1_540' title='bbox 755 3196 822 3226; x_wconf 93' lang='lat' dir='ltr'><strong>eius</strong></span> <span class='ocrx_word' id='word_1_541' title='bbox 846 3196 896 3227; x_wconf 92' lang='lat' dir='ltr'><strong>cui</strong></span> <span class='ocrx_word' id='word_1_542' title='bbox 920 3197 1024 3236; x_wconf 87' lang='lat' dir='ltr'><strong>primo</strong></span> <span class='ocrx_word' id='word_1_543' title='bbox 1045 3197 1192 3228; x_wconf 87' lang='lat' dir='ltr'><strong>convenit</strong></span> <span class='ocrx_word' id='word_1_544' title='bbox 1210 3197 1338 3239; x_wconf 83' lang='lat' dir='ltr'><strong>aliquid,</strong></span> 
     </span>
    </p>
   </div>
   <div class='ocr_carea' id='block_1_9' title="bbox 420 3649 912 3675">
    <p class='ocr_par' dir='ltr' id='par_1_13' title="bbox 420 3649 912 3675">
     <span class='ocr_line' id='line_1_75' title="bbox 420 3649 912 3675; baseline -0.002 0"><span class='ocrx_word' id='word_1_545' title='bbox 420 3651 528 3675; x_wconf 65' lang='lat' dir='ltr'><strong>Summa</strong></span> <span class='ocrx_word' id='word_1_546' title='bbox 548 3650 647 3674; x_wconf 68' lang='lat' dir='ltr'><strong>Tnsor.</strong></span> <span class='ocrx_word' id='word_1_547' title='bbox 669 3650 699 3674; x_wconf 78' lang='lat' dir='ltr'><strong>D.</strong></span> <span class='ocrx_word' id='word_1_548' title='bbox 712 3649 825 3674; x_wconf 59' lang='lat' dir='ltr'><strong>Tamus</strong></span> <span class='ocrx_word' id='word_1_549' title='bbox 845 3650 877 3675; x_wconf 84' lang='lat' dir='ltr'><strong>T.</strong></span> <span class='ocrx_word' id='word_1_550' title='bbox 906 3668 912 3674; x_wconf 95' lang='lat'><strong>.</strong></span> 
     </span>
    </p>
   </div>
   <div class='ocr_carea' id='block_1_10' title="bbox 2378 266 2452 313">
    <p class='ocr_par' dir='ltr' id='par_1_14' title="bbox 2378 266 2452 313">
     <span class='ocr_line' id='line_1_76' title="bbox 2378 266 2452 313; baseline 0 -11"><span class='ocrx_word' id='word_1_551' title='bbox 2378 266 2452 313; x_wconf 87' lang='lat'><strong>329</strong></span> 
     </span>
    </p>
   </div>
   <div class='ocr_carea' id='block_1_11' title="bbox 1391 340 2456 3107">
    <p class='ocr_par' dir='ltr' id='par_1_15' title="bbox 1392 340 2456 1075">
     <span class='ocr_line' id='line_1_77' title="bbox 1393 340 2455 382; baseline 0.006 -13"><span class='ocrx_word' id='word_1_552' title='bbox 1393 340 1537 380; x_wconf 89' lang='lat' dir='ltr'><strong>pluribus</strong></span> <span class='ocrx_word' id='word_1_553' title='bbox 1561 341 1665 371; x_wconf 90' lang='lat' dir='ltr'><strong>modis</strong></span> <span class='ocrx_word' id='word_1_554' title='bbox 1685 341 1853 382; x_wconf 87' lang='lat' dir='ltr'><strong>contingit:</strong></span> <span class='ocrx_word' id='word_1_555' title='bbox 1879 352 1936 372; x_wconf 91' lang='lat' dir='ltr'><strong>nec</strong></span> <span class='ocrx_word' id='word_1_556' title='bbox 1953 350 2079 382; x_wconf 89' lang='lat' dir='ltr'><strong>oportet</strong></span> <span class='ocrx_word' id='word_1_557' title='bbox 2097 343 2183 374; x_wconf 89' lang='lat' dir='ltr'><strong>illam</strong></span> <span class='ocrx_word' id='word_1_558' title='bbox 2203 344 2374 375; x_wconf 84' lang='lat' dir='ltr'><strong>formaliter</strong></span> <span class='ocrx_word' id='word_1_559' title='bbox 2397 345 2455 375; x_wconf 90' lang='lat' dir='ltr'><strong>sal-</strong></span> 
     </span>
     <span class='ocr_line' id='line_1_78' title="bbox 1393 384 2454 427; baseline 0.006 -14"><span class='ocrx_word' id='word_1_560' title='bbox 1393 384 1459 414; x_wconf 87' lang='lat' dir='ltr'><strong>vari</strong></span> <span class='ocrx_word' id='word_1_561' title='bbox 1482 384 1515 414; x_wconf 92' lang='lat' dir='ltr'><strong>in</strong></span> <span class='ocrx_word' id='word_1_562' title='bbox 1538 385 1688 416; x_wconf 91' lang='lat' dir='ltr'><strong>omnibus</strong></span> <span class='ocrx_word' id='word_1_563' title='bbox 1720 385 1823 426; x_wconf 88' lang='lat' dir='ltr'><strong>ipsam</strong></span> <span class='ocrx_word' id='word_1_564' title='bbox 1852 387 2124 427; x_wconf 89' lang='lat' dir='ltr'><strong>participantibus,</strong></span> <span class='ocrx_word' id='word_1_565' title='bbox 2153 394 2188 418; x_wconf 93' lang='lat' dir='ltr'><strong>ut</strong></span> <span class='ocrx_word' id='word_1_566' title='bbox 2210 388 2242 417; x_wconf 90' lang='lat' dir='ltr'><strong>in</strong></span> <span class='ocrx_word' id='word_1_567' title='bbox 2267 388 2278 418; x_wconf 96' lang='lat'>1</span> <span class='ocrx_word' id='word_1_568' title='bbox 2302 390 2422 419; x_wconf 84' lang='lat' dir='ltr'><strong>Poster.</strong></span> <span class='ocrx_word' id='word_1_569' title='bbox 2439 387 2454 403; x_wconf 90' lang='grc'><em>*</em></span> 
     </span>
     <span class='ocr_line' id='line_1_79' title="bbox 1394 428 2455 473; baseline 0.005 -15"><span class='ocrx_word' id='word_1_570' title='bbox 1394 428 1601 460; x_wconf 90' lang='lat' dir='ltr'><strong>ostendimus.</strong></span> <span class='ocrx_word' id='word_1_571' title='bbox 1626 430 1757 460; x_wconf 89' lang='lat' dir='ltr'><strong>Materia</strong></span> <span class='ocrx_word' id='word_1_572' title='bbox 1780 437 1903 466; x_wconf 89' lang='lat' dir='ltr'><strong>autem,</strong></span> <span class='ocrx_word' id='word_1_573' title='bbox 1930 441 2011 471; x_wconf 90' lang='lat' dir='ltr'><strong>quae</strong></span> <span class='ocrx_word' id='word_1_574' title='bbox 2035 431 2120 461; x_wconf 81' lang='lat' dir='ltr'><strong>radix</strong></span> <span class='ocrx_word' id='word_1_575' title='bbox 2148 431 2455 473; x_wconf 88' lang='lat' dir='ltr'><strong>fundamentumque</strong></span> 
     </span>
     <span class='ocr_line' id='line_1_80' title="bbox 1393 473 2455 516; baseline 0.006 -15"><span class='ocrx_word' id='word_1_576' title='bbox 1393 478 1439 502; x_wconf 88' lang='lat' dir='ltr'><strong>est</strong></span> <span class='ocrx_word' id='word_1_577' title='bbox 1463 473 1662 512; x_wconf 90' lang='lat' dir='ltr'><strong>quantitatis,</strong></span> <span class='ocrx_word' id='word_1_578' title='bbox 1687 483 1753 504; x_wconf 90' lang='lat' dir='ltr'><strong>non</strong></span> <span class='ocrx_word' id='word_1_579' title='bbox 1777 481 1838 510; x_wconf 91' lang='lat' dir='ltr'><strong>est,</strong></span> <span class='ocrx_word' id='word_1_580' title='bbox 1864 474 1958 504; x_wconf 92' lang='lat' dir='ltr'><strong>etiam</strong></span> <span class='ocrx_word' id='word_1_581' title='bbox 1980 475 2014 504; x_wconf 92' lang='lat' dir='ltr'><strong>in</strong></span> <span class='ocrx_word' id='word_1_582' title='bbox 2037 475 2092 505; x_wconf 90' lang='lat' dir='ltr'><strong>illo</strong></span> <span class='ocrx_word' id='word_1_583' title='bbox 2117 476 2230 515; x_wconf 89' lang='lat' dir='ltr'><strong>priori,</strong></span> <span class='ocrx_word' id='word_1_584' title='bbox 2255 483 2337 507; x_wconf 86' lang='lat' dir='ltr'><strong>extra</strong></span> <span class='ocrx_word' id='word_1_585' title='bbox 2361 477 2455 516; x_wconf 88' lang='lat' dir='ltr'><strong>parti-</strong></span> 
     </span>
     <span class='ocr_line' id='line_1_81' title="bbox 1394 515 2456 560; baseline 0.005 -14"><span class='ocrx_word' id='word_1_586' title='bbox 1394 515 1529 555; x_wconf 89' lang='lat' dir='ltr'><strong>cipantia</strong></span> <span class='ocrx_word' id='word_1_587' title='bbox 1552 517 1734 557; x_wconf 89' lang='lat' dir='ltr'><strong>quantitatis</strong></span> <span class='ocrx_word' id='word_1_588' title='bbox 1750 525 1910 548; x_wconf 90' lang='lat' dir='ltr'><strong>naturam:</strong></span> <span class='ocrx_word' id='word_1_589' title='bbox 1935 518 2012 554; x_wconf 90' lang='lat' dir='ltr'><strong>imo,</strong></span> <span class='ocrx_word' id='word_1_590' title='bbox 2033 526 2068 549; x_wconf 91' lang='lat' dir='ltr'><strong>ut</strong></span> <span class='ocrx_word' id='word_1_591' title='bbox 2084 519 2196 549; x_wconf 90' lang='lat' dir='ltr'><strong>melius</strong></span> <span class='ocrx_word' id='word_1_592' title='bbox 2212 520 2392 560; x_wconf 84' lang='lat' dir='ltr'><strong>loquamur,</strong></span> <span class='ocrx_word' id='word_1_593' title='bbox 2410 528 2456 551; x_wconf 91' lang='lat' dir='ltr'><strong>est</strong></span> 
     </span>
     <span class='ocr_line' id='line_1_82' title="bbox 1393 560 2456 604; baseline 0.006 -15"><span class='ocrx_word' id='word_1_594' title='bbox 1393 560 1484 600; x_wconf 90' lang='lat' dir='ltr'><strong>quasi</strong></span> <span class='ocrx_word' id='word_1_595' title='bbox 1507 561 1701 599; x_wconf 84' lang='lat' dir='ltr'><strong>praehabens</strong></span> <span class='ocrx_word' id='word_1_596' title='bbox 1722 561 1905 602; x_wconf 86' lang='lat' dir='ltr'><strong>quantitatis</strong></span> <span class='ocrx_word' id='word_1_597' title='bbox 1933 570 2087 593; x_wconf 89' lang='lat' dir='ltr'><strong>naturam.</strong></span> <span class='ocrx_word' id='word_1_598' title='bbox 2117 564 2156 594; x_wconf 88' lang='lat' dir='ltr'><strong>Et</strong></span> <span class='ocrx_word' id='word_1_599' title='bbox 2180 564 2334 603; x_wconf 91' lang='lat' dir='ltr'><strong>quoniam</strong></span> <span class='ocrx_word' id='word_1_600' title='bbox 2357 565 2456 604; x_wconf 88' lang='lat' dir='ltr'><strong>magis</strong></span> 
     </span>
     <span class='ocr_line' id='line_1_83' title="bbox 1394 604 2455 646; baseline 0.006 -13"><span class='ocrx_word' id='word_1_601' title='bbox 1394 610 1440 634; x_wconf 91' lang='lat' dir='ltr'><strong>est</strong></span> <span class='ocrx_word' id='word_1_602' title='bbox 1464 604 1652 643; x_wconf 87' lang='lat' dir='ltr'><strong>praehabere</strong></span> <span class='ocrx_word' id='word_1_603' title='bbox 1674 615 1772 645; x_wconf 90' lang='lat' dir='ltr'><strong>quarn</strong></span> <span class='ocrx_word' id='word_1_604' title='bbox 1801 605 1994 646; x_wconf 88' lang='lat' dir='ltr'><strong>participare,</strong></span> <span class='ocrx_word' id='word_1_605' title='bbox 2022 607 2047 636; x_wconf 90' lang='lat' dir='ltr'><strong>si</strong></span> <span class='ocrx_word' id='word_1_606' title='bbox 2070 607 2287 646; x_wconf 83' lang='lat' dir='ltr'><strong>participantia</strong></span> <span class='ocrx_word' id='word_1_607' title='bbox 2310 616 2455 639; x_wconf 89' lang='lat' dir='ltr'><strong>naturam</strong></span> 
     </span>
     <span class='ocr_line' id='line_1_84' title="bbox 1393 647 2454 693; baseline 0.005 -16"><span class='ocrx_word' id='word_1_608' title='bbox 1393 647 1533 688; x_wconf 89' lang='lat' dir='ltr'><strong>aliquam</strong></span> <span class='ocrx_word' id='word_1_609' title='bbox 1562 650 1797 689; x_wconf 90' lang='lat' dir='ltr'><strong>quoquomodo</strong></span> <span class='ocrx_word' id='word_1_610' title='bbox 1821 657 1955 689; x_wconf 88' lang='lat' dir='ltr'><strong>possunt</strong></span> <span class='ocrx_word' id='word_1_611' title='bbox 1981 650 2014 680; x_wconf 93' lang='lat' dir='ltr'><strong>in</strong></span> <span class='ocrx_word' id='word_1_612' title='bbox 2044 650 2187 681; x_wconf 85' lang='lat' dir='ltr'><strong>effectum</strong></span> <span class='ocrx_word' id='word_1_613' title='bbox 2211 651 2311 688; x_wconf 85' lang='lat' dir='ltr'><strong>illius,</strong></span> <span class='ocrx_word' id='word_1_614' title='bbox 2334 659 2454 693; x_wconf 90' lang='lat' dir='ltr'><strong>quanto</strong></span> 
     </span>
     <span class='ocr_line' id='line_1_85' title="bbox 1393 691 2456 736; baseline 0.006 -15"><span class='ocrx_word' id='word_1_615' title='bbox 1393 691 1492 731; x_wconf 87' lang='lat' dir='ltr'><strong>magis</strong></span> <span class='ocrx_word' id='word_1_616' title='bbox 1515 693 1735 732; x_wconf 86' lang='lat' dir='ltr'><strong>praehabentia</strong></span> <span class='ocrx_word' id='word_1_617' title='bbox 1759 700 1904 724; x_wconf 89' lang='lat' dir='ltr'><strong>naturam</strong></span> <span class='ocrx_word' id='word_1_618' title='bbox 1927 693 2015 724; x_wconf 87' lang='lat' dir='ltr'><strong>illam</strong></span> <span class='ocrx_word' id='word_1_619' title='bbox 2047 694 2108 724; x_wconf 92' lang='lat' dir='ltr'><strong>hoc</strong></span> <span class='ocrx_word' id='word_1_620' title='bbox 2132 693 2298 735; x_wconf 85' lang='lat' dir='ltr'><strong>poterunt?</strong></span> <span class='ocrx_word' id='word_1_621' title='bbox 2321 695 2456 736; x_wconf 89' lang='lat' dir='ltr'><strong>Oportet</strong></span> 
     </span>
     <span class='ocr_line' id='line_1_86' title="bbox 1393 734 2454 777; baseline 0.006 -12"><span class='ocrx_word' id='word_1_622' title='bbox 1393 734 1632 771; x_wconf 58' lang='lat' dir='ltr'><strong>enimomnem</strong></span> <span class='ocrx_word' id='word_1_623' title='bbox 1655 737 1801 767; x_wconf 86' lang='lat' dir='ltr'><strong>effectum</strong></span> <span class='ocrx_word' id='word_1_624' title='bbox 1824 737 1928 777; x_wconf 89' lang='lat' dir='ltr'><strong>primo</strong></span> <span class='ocrx_word' id='word_1_625' title='bbox 1953 737 2044 768; x_wconf 88' lang='lat' dir='ltr'><strong>alicui</strong></span> <span class='ocrx_word' id='word_1_626' title='bbox 2068 739 2316 776; x_wconf 88' lang='lat' dir='ltr'><strong>convenientem,</strong></span> <span class='ocrx_word' id='word_1_627' title='bbox 2337 740 2375 770; x_wconf 91' lang='lat' dir='ltr'><strong>ab</strong></span> <span class='ocrx_word' id='word_1_628' title='bbox 2398 740 2454 771; x_wconf 90' lang='lat' dir='ltr'><strong>illo</strong></span> 
     </span>
     <span class='ocr_line' id='line_1_87' title="bbox 1393 777 2452 822; baseline 0.005 -13"><span class='ocrx_word' id='word_1_629' title='bbox 1393 779 1425 809; x_wconf 93' lang='lat' dir='ltr'><strong>in</strong></span> <span class='ocrx_word' id='word_1_630' title='bbox 1450 789 1492 815; x_wconf 93' lang='lat' dir='ltr'><strong>se,</strong></span> <span class='ocrx_word' id='word_1_631' title='bbox 1512 780 1562 810; x_wconf 93' lang='lat' dir='ltr'><strong>vel</strong></span> <span class='ocrx_word' id='word_1_632' title='bbox 1585 780 1650 810; x_wconf 79' lang='lat' dir='ltr'><strong>suis</strong></span> <span class='ocrx_word' id='word_1_633' title='bbox 1675 777 1941 821; x_wconf 76' lang='lat' dir='ltr'><strong>participantibus,</strong></span> <span class='ocrx_word' id='word_1_634' title='bbox 1964 789 2018 812; x_wconf 92' lang='lat' dir='ltr'><strong>aut</strong></span> <span class='ocrx_word' id='word_1_635' title='bbox 2041 792 2058 811; x_wconf 91' lang='lat' dir='ltr'><strong>a</strong></span> <span class='ocrx_word' id='word_1_636' title='bbox 2082 782 2342 822; x_wconf 90' lang='lat' dir='ltr'><strong>praehabentibus</strong></span> <span class='ocrx_word' id='word_1_637' title='bbox 2370 783 2452 821; x_wconf 87' lang='lat' dir='ltr'><strong>fieri;</strong></span> 
     </span>
     <span class='ocr_line' id='line_1_88' title="bbox 1393 823 2456 868; baseline 0.005 -15"><span class='ocrx_word' id='word_1_638' title='bbox 1393 830 1429 854; x_wconf 91' lang='lat' dir='ltr'><strong>ut</strong></span> <span class='ocrx_word' id='word_1_639' title='bbox 1451 823 1610 854; x_wconf 91' lang='lat' dir='ltr'><strong>inductive</strong></span> <span class='ocrx_word' id='word_1_640' title='bbox 1633 831 1719 864; x_wconf 89' lang='lat' dir='ltr'><strong>patet</strong></span> <span class='ocrx_word' id='word_1_641' title='bbox 1741 825 1836 855; x_wconf 90' lang='lat' dir='ltr'><strong>etiam</strong></span> <span class='ocrx_word' id='word_1_642' title='bbox 1858 825 1891 855; x_wconf 89' lang='lat' dir='ltr'><strong>in</strong></span> <span class='ocrx_word' id='word_1_643' title='bbox 1914 825 2072 856; x_wconf 82' lang='lat' dir='ltr'><strong>effectibus</strong></span> <span class='ocrx_word' id='word_1_644' title='bbox 2097 826 2290 864; x_wconf 86' lang='lat' dir='ltr'><strong>formalibus,</strong></span> <span class='ocrx_word' id='word_1_645' title='bbox 2311 828 2343 858; x_wconf 92' lang='lat' dir='ltr'><strong>in</strong></span> <span class='ocrx_word' id='word_1_646' title='bbox 2366 838 2456 868; x_wconf 88' lang='lat' dir='ltr'><strong>vege-</strong></span> 
     </span>
     <span class='ocr_line' id='line_1_89' title="bbox 1393 867 2455 912; baseline 0.005 -15"><span class='ocrx_word' id='word_1_647' title='bbox 1393 867 1491 898; x_wconf 86' lang='lat' dir='ltr'><strong>tativo</strong></span> <span class='ocrx_word' id='word_1_648' title='bbox 1516 875 1546 899; x_wconf 91' lang='lat' dir='ltr'><strong>et</strong></span> <span class='ocrx_word' id='word_1_649' title='bbox 1569 868 1718 900; x_wconf 90' lang='lat' dir='ltr'><strong>sensitivo</strong></span> <span class='ocrx_word' id='word_1_650' title='bbox 1735 875 1766 900; x_wconf 89' lang='lat' dir='ltr'><strong>et</strong></span> <span class='ocrx_word' id='word_1_651' title='bbox 1782 869 1946 900; x_wconf 89' lang='lat' dir='ltr'><strong>similibus.</strong></span> <span class='ocrx_word' id='word_1_652' title='bbox 1971 870 2125 907; x_wconf 90' lang='lat' dir='ltr'><strong>Quamvis</strong></span> <span class='ocrx_word' id='word_1_653' title='bbox 2149 870 2306 902; x_wconf 90' lang='lat' dir='ltr'><strong>distinctio</strong></span> <span class='ocrx_word' id='word_1_654' title='bbox 2330 872 2368 902; x_wconf 89' lang='lat' dir='ltr'><strong>de</strong></span> <span class='ocrx_word' id='word_1_655' title='bbox 2392 882 2455 912; x_wconf 91' lang='lat' dir='ltr'><strong>qua</strong></span> 
     </span>
     <span class='ocr_line' id='line_1_90' title="bbox 1392 911 2455 954; baseline 0.005 -13"><span class='ocrx_word' id='word_1_656' title='bbox 1392 911 1566 952; x_wconf 85' lang='lat' dir='ltr'><strong>loquimur,</strong></span> <span class='ocrx_word' id='word_1_657' title='bbox 1584 922 1650 943; x_wconf 92' lang='lat' dir='ltr'><strong>non</strong></span> <span class='ocrx_word' id='word_1_658' title='bbox 1669 912 1708 943; x_wconf 91' lang='lat' dir='ltr'><strong>sit</strong></span> <span class='ocrx_word' id='word_1_659' title='bbox 1730 912 1872 943; x_wconf 87' lang='lat' dir='ltr'><strong>formalis</strong></span> <span class='ocrx_word' id='word_1_660' title='bbox 1892 913 2018 944; x_wconf 87' lang='lat' dir='ltr'><strong>effectus</strong></span> <span class='ocrx_word' id='word_1_661' title='bbox 2035 914 2228 954; x_wconf 84' lang='lat' dir='ltr'><strong>quantitatis,</strong></span> <span class='ocrx_word' id='word_1_662' title='bbox 2246 925 2302 946; x_wconf 90' lang='lat' dir='ltr'><strong>nec</strong></span> <span class='ocrx_word' id='word_1_663' title='bbox 2326 916 2455 946; x_wconf 89' lang='lat' dir='ltr'><strong>materia</strong></span> 
     </span>
     <span class='ocr_line' id='line_1_91' title="bbox 1394 955 2453 997; baseline 0.005 -12"><span class='ocrx_word' id='word_1_664' title='bbox 1394 955 1578 986; x_wconf 89' lang='lat' dir='ltr'><strong>huiusmodi</strong></span> <span class='ocrx_word' id='word_1_665' title='bbox 1601 956 1645 986; x_wconf 90' lang='lat' dir='ltr'><strong>sic</strong></span> <span class='ocrx_word' id='word_1_666' title='bbox 1669 956 1828 988; x_wconf 91' lang='lat' dir='ltr'><strong>contineat</strong></span> <span class='ocrx_word' id='word_1_667' title='bbox 1851 957 2071 997; x_wconf 87' lang='lat' dir='ltr'><strong>quantitatem:</strong></span> <span class='ocrx_word' id='word_1_668' title='bbox 2097 959 2151 988; x_wconf 92' lang='lat' dir='ltr'><strong>sed</strong></span> <span class='ocrx_word' id='word_1_669' title='bbox 2166 958 2243 989; x_wconf 91' lang='lat' dir='ltr'><strong>haec</strong></span> <span class='ocrx_word' id='word_1_670' title='bbox 2266 959 2348 990; x_wconf 91' lang='lat' dir='ltr'><strong>dicta</strong></span> <span class='ocrx_word' id='word_1_671' title='bbox 2371 966 2453 996; x_wconf 89' lang='lat' dir='ltr'><strong>sunt,</strong></span> 
     </span>
     <span class='ocr_line' id='line_1_92' title="bbox 1393 1000 2456 1042; baseline 0.005 -13"><span class='ocrx_word' id='word_1_672' title='bbox 1393 1006 1429 1030; x_wconf 91' lang='lat' dir='ltr'><strong>ut</strong></span> <span class='ocrx_word' id='word_1_673' title='bbox 1451 1000 1588 1039; x_wconf 85' lang='lat' dir='ltr'><strong>legentes</strong></span> <span class='ocrx_word' id='word_1_674' title='bbox 1611 1000 1795 1040; x_wconf 87' lang='lat' dir='ltr'><strong>intelligant.</strong></span> <span class='ocrx_word' id='word_1_675' title='bbox 1827 1001 1961 1042; x_wconf 89' lang='lat' dir='ltr'><strong>Reliqua</strong></span> <span class='ocrx_word' id='word_1_676' title='bbox 1985 1009 2091 1033; x_wconf 90' lang='lat' dir='ltr'><strong>autem</strong></span> <span class='ocrx_word' id='word_1_677' title='bbox 2113 1002 2208 1033; x_wconf 92' lang='lat' dir='ltr'><strong>huius</strong></span> <span class='ocrx_word' id='word_1_678' title='bbox 2231 1003 2377 1034; x_wconf 88' lang='lat' dir='ltr'><strong>materiae</strong></span> <span class='ocrx_word' id='word_1_679' title='bbox 2400 1003 2456 1033; x_wconf 92' lang='lat' dir='ltr'><strong>ibi-</strong></span> 
     </span>
     <span class='ocr_line' id='line_1_93' title="bbox 1393 1044 1722 1075; baseline 0.003 -2"><span class='ocrx_word' id='word_1_680' title='bbox 1393 1044 1466 1073; x_wconf 90' lang='lat' dir='ltr'><strong>dem</strong></span> <span class='ocrx_word' id='word_1_681' title='bbox 1490 1051 1618 1075; x_wconf 88' lang='lat' dir='ltr'><strong>tractata</strong></span> <span class='ocrx_word' id='word_1_682' title='bbox 1640 1051 1722 1075; x_wconf 90' lang='lat' dir='ltr'><strong>sunt.</strong></span> 
     </span>
    </p>

    <p class='ocr_par' dir='ltr' id='par_1_16' title="bbox 1393 1088 2454 1698">
     <span class='ocr_line' id='line_1_94' title="bbox 1451 1088 2452 1130; baseline 0.004 -12"><span class='ocrx_word' id='word_1_683' title='bbox 1451 1088 1503 1118; x_wconf 91' lang='lat' dir='ltr'><strong>XI.</strong></span> <span class='ocrx_word' id='word_1_684' title='bbox 1529 1088 1647 1125; x_wconf 90' lang='lat' dir='ltr'><strong>Quoad</strong></span> <span class='ocrx_word' id='word_1_685' title='bbox 1669 1088 1843 1119; x_wconf 83' lang='lat' dir='ltr'><strong>secundum</strong></span> <span class='ocrx_word' id='word_1_686' title='bbox 1857 1088 1890 1125; x_wconf 60' lang='lat'><strong>⁴⁹,</strong></span> <span class='ocrx_word' id='word_1_687' title='bbox 1919 1090 2094 1121; x_wconf 89' lang='lat' dir='ltr'><strong>ostenditur</strong></span> <span class='ocrx_word' id='word_1_688' title='bbox 2117 1090 2250 1130; x_wconf 89' lang='lat' dir='ltr'><strong>dignitas</strong></span> <span class='ocrx_word' id='word_1_689' title='bbox 2272 1091 2452 1122; x_wconf 90' lang='lat' dir='ltr'><strong>individuo-</strong></span> 
     </span>
     <span class='ocr_line' id='line_1_95' title="bbox 1393 1131 2452 1172; baseline 0.005 -11"><span class='ocrx_word' id='word_1_690' title='bbox 1393 1141 1466 1162; x_wconf 90' lang='lat' dir='ltr'><strong>rum</strong></span> <span class='ocrx_word' id='word_1_691' title='bbox 1489 1131 1647 1162; x_wconf 85' lang='lat' dir='ltr'><strong>rationalis</strong></span> <span class='ocrx_word' id='word_1_692' title='bbox 1671 1139 1799 1163; x_wconf 89' lang='lat' dir='ltr'><strong>naturae</strong></span> <span class='ocrx_word' id='word_1_693' title='bbox 1822 1133 1902 1163; x_wconf 91' lang='lat' dir='ltr'><strong>inter</strong></span> <span class='ocrx_word' id='word_1_694' title='bbox 1931 1133 2039 1164; x_wconf 89' lang='lat' dir='ltr'><strong>omnia</strong></span> <span class='ocrx_word' id='word_1_695' title='bbox 2068 1134 2231 1164; x_wconf 90' lang='lat' dir='ltr'><strong>individua</strong></span> <span class='ocrx_word' id='word_1_696' title='bbox 2253 1135 2452 1172; x_wconf 88' lang='lat' dir='ltr'><strong>substantiae,</strong></span> 
     </span>
     <span class='ocr_line' id='line_1_96' title="bbox 1393 1175 2453 1219; baseline 0.005 -14"><span class='ocrx_word' id='word_1_697' title='bbox 1393 1175 1536 1206; x_wconf 91' lang='lat' dir='ltr'><strong>similiter</strong></span> <span class='ocrx_word' id='word_1_698' title='bbox 1558 1177 1665 1216; x_wconf 90' lang='lat' dir='ltr'><strong>quoad</strong></span> <span class='ocrx_word' id='word_1_699' title='bbox 1690 1176 1765 1207; x_wconf 93' lang='lat' dir='ltr'><strong>duo.</strong></span> <span class='ocrx_word' id='word_1_700' title='bbox 1790 1177 1912 1213; x_wconf 89' lang='lat' dir='ltr'><strong>Primo,</strong></span> <span class='ocrx_word' id='word_1_701' title='bbox 1936 1178 2044 1218; x_wconf 91' lang='lat' dir='ltr'><strong>quoad</strong></span> <span class='ocrx_word' id='word_1_702' title='bbox 2067 1179 2202 1208; x_wconf 91' lang='lat' dir='ltr'><strong>modum</strong></span> <span class='ocrx_word' id='word_1_703' title='bbox 2225 1179 2345 1209; x_wconf 89' lang='lat' dir='ltr'><strong>essendi</strong></span> <span class='ocrx_word' id='word_1_704' title='bbox 2369 1180 2453 1219; x_wconf 89' lang='lat' dir='ltr'><strong>prin-</strong></span> 
     </span>
     <span class='ocr_line' id='line_1_97' title="bbox 1394 1219 2453 1261; baseline 0.005 -12"><span class='ocrx_word' id='word_1_705' title='bbox 1394 1219 1513 1260; x_wconf 91' lang='lat' dir='ltr'><strong>cipium</strong></span> <span class='ocrx_word' id='word_1_706' title='bbox 1537 1219 1779 1260; x_wconf 89' lang='lat' dir='ltr'><strong>operationum:</strong></span> <span class='ocrx_word' id='word_1_707' title='bbox 1811 1221 1886 1261; x_wconf 89' lang='lat' dir='ltr'><strong>quia</strong></span> <span class='ocrx_word' id='word_1_708' title='bbox 1918 1221 2034 1252; x_wconf 88' lang='lat' dir='ltr'><strong>scilicet</strong></span> <span class='ocrx_word' id='word_1_709' title='bbox 2064 1222 2264 1253; x_wconf 85' lang='lat' dir='ltr'><strong>individuum</strong></span> <span class='ocrx_word' id='word_1_710' title='bbox 2294 1223 2453 1254; x_wconf 87' lang='lat' dir='ltr'><strong>rationalis</strong></span> 
     </span>
     <span class='ocr_line' id='line_1_98' title="bbox 1393 1263 2453 1307; baseline 0.006 -15"><span class='ocrx_word' id='word_1_711' title='bbox 1393 1270 1522 1293; x_wconf 89' lang='lat' dir='ltr'><strong>naturae</strong></span> <span class='ocrx_word' id='word_1_712' title='bbox 1546 1264 1652 1293; x_wconf 89' lang='lat' dir='ltr'><strong>solum</strong></span> <span class='ocrx_word' id='word_1_713' title='bbox 1676 1263 1769 1295; x_wconf 90' lang='lat' dir='ltr'><strong>habet</strong></span> <span class='ocrx_word' id='word_1_714' title='bbox 1793 1264 1973 1295; x_wconf 91' lang='lat' dir='ltr'><strong>dominium</strong></span> <span class='ocrx_word' id='word_1_715' title='bbox 2005 1265 2054 1295; x_wconf 92' lang='lat' dir='ltr'><strong>sui</strong></span> <span class='ocrx_word' id='word_1_716' title='bbox 2084 1272 2181 1296; x_wconf 90' lang='lat' dir='ltr'><strong>actus.</strong></span> <span class='ocrx_word' id='word_1_717' title='bbox 2214 1267 2255 1297; x_wconf 90' lang='lat' dir='ltr'><strong>Et</strong></span> <span class='ocrx_word' id='word_1_718' title='bbox 2281 1268 2369 1307; x_wconf 93' lang='lat' dir='ltr'><strong>quod</strong></span> <span class='ocrx_word' id='word_1_719' title='bbox 2391 1268 2453 1298; x_wconf 92' lang='lat' dir='ltr'><strong>hoc</strong></span> 
     </span>
     <span class='ocr_line' id='line_1_99' title="bbox 1394 1307 2454 1352; baseline 0.006 -16"><span class='ocrx_word' id='word_1_720' title='bbox 1394 1313 1512 1347; x_wconf 89' lang='lat' dir='ltr'><strong>spectet</strong></span> <span class='ocrx_word' id='word_1_721' title='bbox 1527 1307 1567 1336; x_wconf 91' lang='lat' dir='ltr'><strong>ad</strong></span> <span class='ocrx_word' id='word_1_722' title='bbox 1583 1307 1767 1346; x_wconf 87' lang='lat' dir='ltr'><strong>dignitatem</strong></span> <span class='ocrx_word' id='word_1_723' title='bbox 1786 1307 1950 1344; x_wconf 88' lang='lat' dir='ltr'><strong>individui,</strong></span> <span class='ocrx_word' id='word_1_724' title='bbox 1967 1309 2080 1348; x_wconf 90' lang='lat' dir='ltr'><strong>probat</strong></span> <span class='ocrx_word' id='word_1_725' title='bbox 2102 1309 2203 1340; x_wconf 88' lang='lat' dir='ltr'><strong>littera</strong></span> <span class='ocrx_word' id='word_1_726' title='bbox 2222 1320 2258 1340; x_wconf 87' lang='lat' dir='ltr'><strong>ex</strong></span> <span class='ocrx_word' id='word_1_727' title='bbox 2276 1310 2347 1347; x_wconf 92' lang='lat' dir='ltr'><strong>hoc,</strong></span> <span class='ocrx_word' id='word_1_728' title='bbox 2364 1312 2454 1352; x_wconf 92' lang='lat' dir='ltr'><strong>quod</strong></span> 
     </span>
     <span class='ocr_line' id='line_1_100' title="bbox 1394 1351 2454 1395; baseline 0.005 -15"><span class='ocrx_word' id='word_1_729' title='bbox 1394 1351 1533 1381; x_wconf 88' lang='lat' dir='ltr'><strong>actiones</strong></span> <span class='ocrx_word' id='word_1_730' title='bbox 1552 1357 1626 1381; x_wconf 89' lang='lat' dir='ltr'><strong>sunt</strong></span> <span class='ocrx_word' id='word_1_731' title='bbox 1648 1351 1864 1391; x_wconf 85' lang='lat' dir='ltr'><strong>singularium,</strong></span> <span class='ocrx_word' id='word_1_732' title='bbox 1883 1352 1894 1381; x_wconf 95' lang='lat'><em>1</em></span> <span class='ocrx_word' id='word_1_733' title='bbox 1911 1353 2092 1393; x_wconf 83' lang='lat' dir='ltr'><strong>Metaphys.</strong></span> <span class='ocrx_word' id='word_1_734' title='bbox 2104 1353 2121 1372; x_wconf 90' lang='lat'><em>*</em></span> <span class='ocrx_word' id='word_1_735' title='bbox 2135 1371 2155 1375; x_wconf 94' lang='lat'>—</span> <span class='ocrx_word' id='word_1_736' title='bbox 2171 1354 2328 1391; x_wconf 86' lang='lat' dir='ltr'><strong>Secundo,</strong></span> <span class='ocrx_word' id='word_1_737' title='bbox 2346 1356 2454 1395; x_wconf 92' lang='lat' dir='ltr'><strong>quoad</strong></span> 
     </span>
     <span class='ocr_line' id='line_1_101' title="bbox 1393 1394 2453 1436; baseline 0.006 -12"><span class='ocrx_word' id='word_1_738' title='bbox 1393 1394 1616 1434; x_wconf 88' lang='lat' dir='ltr'><strong>specialitatem</strong></span> <span class='ocrx_word' id='word_1_739' title='bbox 1640 1395 1791 1426; x_wconf 88' lang='lat' dir='ltr'><strong>nominis:</strong></span> <span class='ocrx_word' id='word_1_740' title='bbox 1817 1395 1892 1436; x_wconf 90' lang='lat' dir='ltr'><strong>quia</strong></span> <span class='ocrx_word' id='word_1_741' title='bbox 1910 1396 2039 1436; x_wconf 89' lang='lat' dir='ltr'><strong>reliqua,</strong></span> <span class='ocrx_word' id='word_1_742' title='bbox 2060 1404 2094 1427; x_wconf 93' lang='lat' dir='ltr'><strong>ut</strong></span> <span class='ocrx_word' id='word_1_743' title='bbox 2113 1397 2274 1428; x_wconf 88' lang='lat' dir='ltr'><strong>individua</strong></span> <span class='ocrx_word' id='word_1_744' title='bbox 2293 1406 2367 1429; x_wconf 89' lang='lat' dir='ltr'><strong>sunt</strong></span> <span class='ocrx_word' id='word_1_745' title='bbox 2385 1399 2453 1430; x_wconf 87' lang='lat' dir='ltr'><strong>talis</strong></span> 
     </span>
     <span class='ocr_line' id='line_1_102' title="bbox 1394 1439 2452 1480; baseline 0.006 -12"><span class='ocrx_word' id='word_1_746' title='bbox 1394 1445 1532 1474; x_wconf 90' lang='lat' dir='ltr'><strong>naturae,</strong></span> <span class='ocrx_word' id='word_1_747' title='bbox 1549 1445 1627 1479; x_wconf 90' lang='lat' dir='ltr'><strong>puta</strong></span> <span class='ocrx_word' id='word_1_748' title='bbox 1648 1439 1845 1476; x_wconf 90' lang='lat' dir='ltr'><strong>irrationalis,</strong></span> <span class='ocrx_word' id='word_1_749' title='bbox 1862 1449 1981 1470; x_wconf 89' lang='lat' dir='ltr'><strong>nomen</strong></span> <span class='ocrx_word' id='word_1_750' title='bbox 1997 1441 2162 1480; x_wconf 86' lang='lat' dir='ltr'><strong>proprium</strong></span> <span class='ocrx_word' id='word_1_751' title='bbox 2177 1452 2242 1472; x_wconf 92' lang='lat' dir='ltr'><strong>non</strong></span> <span class='ocrx_word' id='word_1_752' title='bbox 2258 1450 2452 1480; x_wconf 88' lang='lat' dir='ltr'><strong>meruerunt;</strong></span> 
     </span>
     <span class='ocr_line' id='line_1_103' title="bbox 1393 1482 2451 1527; baseline 0.005 -14"><span class='ocrx_word' id='word_1_753' title='bbox 1393 1482 1455 1513; x_wconf 89' lang='lat' dir='ltr'><strong>hoc</strong></span> <span class='ocrx_word' id='word_1_754' title='bbox 1474 1489 1581 1513; x_wconf 90' lang='lat' dir='ltr'><strong>autem</strong></span> <span class='ocrx_word' id='word_1_755' title='bbox 1605 1482 1752 1514; x_wconf 86' lang='lat' dir='ltr'><strong>sortitum</strong></span> <span class='ocrx_word' id='word_1_756' title='bbox 1775 1490 1821 1514; x_wconf 91' lang='lat' dir='ltr'><strong>est</strong></span> <span class='ocrx_word' id='word_1_757' title='bbox 1844 1484 1976 1523; x_wconf 87' lang='lat' dir='ltr'><strong>speciale</strong></span> <span class='ocrx_word' id='word_1_758' title='bbox 1995 1495 2123 1521; x_wconf 91' lang='lat' dir='ltr'><strong>nomen,</strong></span> <span class='ocrx_word' id='word_1_759' title='bbox 2140 1487 2228 1526; x_wconf 92' lang='lat' dir='ltr'><strong>quod</strong></span> <span class='ocrx_word' id='word_1_760' title='bbox 2244 1493 2289 1517; x_wconf 90' lang='lat' dir='ltr'><strong>est</strong></span> <span class='ocrx_word' id='word_1_761' title='bbox 2299 1497 2451 1527; x_wconf 83' lang='lat' dir='ltr'><strong>persona,</strong></span> 
     </span>
     <span class='ocr_line' id='line_1_104' title="bbox 1393 1526 2451 1572; baseline 0.006 -16"><span class='ocrx_word' id='word_1_762' title='bbox 1393 1533 1522 1567; x_wconf 90' lang='lat' dir='ltr'><strong>propter</strong></span> <span class='ocrx_word' id='word_1_763' title='bbox 1544 1526 1735 1567; x_wconf 87' lang='lat' dir='ltr'><strong>praedictam</strong></span> <span class='ocrx_word' id='word_1_764' title='bbox 1751 1527 1944 1567; x_wconf 90' lang='lat' dir='ltr'><strong>dignitatem.</strong></span> <span class='ocrx_word' id='word_1_765' title='bbox 1961 1546 1981 1550; x_wconf 96' lang='lat'>-</span> <span class='ocrx_word' id='word_1_766' title='bbox 1996 1529 2037 1559; x_wconf 87' lang='lat' dir='ltr'><strong>Et</strong></span> <span class='ocrx_word' id='word_1_767' title='bbox 2060 1529 2103 1559; x_wconf 90' lang='lat' dir='ltr'><strong>sic</strong></span> <span class='ocrx_word' id='word_1_768' title='bbox 2118 1529 2271 1560; x_wconf 91' lang='lat' dir='ltr'><strong>habemus</strong></span> <span class='ocrx_word' id='word_1_769' title='bbox 2287 1537 2318 1561; x_wconf 89' lang='lat' dir='ltr'><strong>et</strong></span> <span class='ocrx_word' id='word_1_770' title='bbox 2333 1541 2451 1572; x_wconf 88' lang='lat' dir='ltr'><strong>propo-</strong></span> 
     </span>
     <span class='ocr_line' id='line_1_105' title="bbox 1393 1570 2453 1616; baseline 0.005 -16"><span class='ocrx_word' id='word_1_771' title='bbox 1393 1571 1466 1601; x_wconf 91' lang='lat' dir='ltr'><strong>sitas</strong></span> <span class='ocrx_word' id='word_1_772' title='bbox 1490 1570 1673 1610; x_wconf 79' lang='lat' dir='ltr'><strong>dignitateS,</strong></span> <span class='ocrx_word' id='word_1_773' title='bbox 1698 1578 1728 1601; x_wconf 92' lang='lat' dir='ltr'><strong>et</strong></span> <span class='ocrx_word' id='word_1_774' title='bbox 1750 1571 1827 1611; x_wconf 85' lang='lat' dir='ltr'><strong>quid</strong></span> <span class='ocrx_word' id='word_1_775' title='bbox 1854 1573 1990 1602; x_wconf 85' lang='lat' dir='ltr'><strong>nominis</strong></span> <span class='ocrx_word' id='word_1_776' title='bbox 2019 1582 2191 1613; x_wconf 88' lang='lat' dir='ltr'><strong>personae,</strong></span> <span class='ocrx_word' id='word_1_777' title='bbox 2225 1574 2257 1604; x_wconf 93' lang='lat' dir='ltr'><strong>in</strong></span> <span class='ocrx_word' id='word_1_778' title='bbox 2280 1574 2342 1605; x_wconf 90' lang='lat' dir='ltr'><strong>hoc</strong></span> <span class='ocrx_word' id='word_1_779' title='bbox 2365 1576 2453 1616; x_wconf 93' lang='lat' dir='ltr'><strong>quod</strong></span> 
     </span>
     <span class='ocr_line' id='line_1_106' title="bbox 1394 1615 2452 1656; baseline 0.006 -12"><span class='ocrx_word' id='word_1_780' title='bbox 1394 1615 1516 1651; x_wconf 89' lang='lat' dir='ltr'><strong>dicitur,</strong></span> <span class='ocrx_word' id='word_1_781' title='bbox 1534 1615 1623 1656; x_wconf 93' lang='lat' dir='ltr'><strong>quod</strong></span> <span class='ocrx_word' id='word_1_782' title='bbox 1645 1621 1692 1645; x_wconf 91' lang='lat' dir='ltr'><strong>est</strong></span> <span class='ocrx_word' id='word_1_783' title='bbox 1715 1625 1834 1645; x_wconf 91' lang='lat' dir='ltr'><strong>nomen</strong></span> <span class='ocrx_word' id='word_1_784' title='bbox 1853 1616 2008 1646; x_wconf 82' lang='lat' dir='ltr'><strong>individui</strong></span> <span class='ocrx_word' id='word_1_785' title='bbox 2030 1618 2199 1648; x_wconf 82' lang='lat' dir='ltr'><strong>rationalis</strong></span> <span class='ocrx_word' id='word_1_786' title='bbox 2222 1623 2368 1649; x_wconf 87' lang='lat' dir='ltr'><strong>naturae.</strong></span> <span class='ocrx_word' id='word_1_787' title='bbox 2393 1620 2452 1650; x_wconf 89' lang='lat' dir='ltr'><strong>Re—</strong></span> 
     </span>
     <span class='ocr_line' id='line_1_107' title="bbox 1394 1658 1711 1698; baseline 0 -9"><span class='ocrx_word' id='word_1_788' title='bbox 1394 1665 1454 1690; x_wconf 90' lang='lat' dir='ltr'><strong>stat</strong></span> <span class='ocrx_word' id='word_1_789' title='bbox 1477 1669 1551 1698; x_wconf 89' lang='lat' dir='ltr'><strong>ergo</strong></span> <span class='ocrx_word' id='word_1_790' title='bbox 1574 1658 1711 1689; x_wconf 89' lang='lat' dir='ltr'><strong>tertium.</strong></span> 
     </span>
    </p>

    <p class='ocr_par' dir='ltr' id='par_1_17' title="bbox 1393 1703 2454 1919">
     <span class='ocr_line' id='line_1_108' title="bbox 1450 1703 2454 1746; baseline 0.004 -13"><span class='ocrx_word' id='word_1_791' title='bbox 1450 1703 1518 1734; x_wconf 90' lang='lat' dir='ltr'><strong>XII.</strong></span> <span class='ocrx_word' id='word_1_792' title='bbox 1543 1703 1660 1740; x_wconf 90' lang='lat' dir='ltr'><strong>Quoad</strong></span> <span class='ocrx_word' id='word_1_793' title='bbox 1683 1704 1811 1734; x_wconf 82' lang='lat' dir='ltr'><strong>tertium</strong></span> <span class='ocrx_word' id='word_1_794' title='bbox 1824 1703 1841 1722; x_wconf 90' lang='lat'><em>*</em></span> <span class='ocrx_word' id='word_1_795' title='bbox 1856 1703 1959 1743; x_wconf 88' lang='lat' dir='ltr'><strong>igitur,</strong></span> <span class='ocrx_word' id='word_1_796' title='bbox 1977 1705 2184 1744; x_wconf 89' lang='lat' dir='ltr'><strong>respondetur</strong></span> <span class='ocrx_word' id='word_1_797' title='bbox 2199 1706 2342 1746; x_wconf 90' lang='lat' dir='ltr'><strong>quaesito</strong></span> <span class='ocrx_word' id='word_1_798' title='bbox 2362 1707 2454 1738; x_wconf 91' lang='lat' dir='ltr'><strong>unica</strong></span> 
     </span>
     <span class='ocr_line' id='line_1_109' title="bbox 1393 1747 2453 1788; baseline 0.004 -11"><span class='ocrx_word' id='word_1_799' title='bbox 1393 1747 1597 1778; x_wconf 91' lang='lat' dir='ltr'><strong>conclusione</strong></span> <span class='ocrx_word' id='word_1_800' title='bbox 1621 1747 1804 1788; x_wconf 90' lang='lat' dir='ltr'><strong>responsiva</strong></span> <span class='ocrx_word' id='word_1_801' title='bbox 1828 1747 2024 1784; x_wconf 87' lang='lat' dir='ltr'><strong>affirmative,</strong></span> <span class='ocrx_word' id='word_1_802' title='bbox 2049 1748 2200 1788; x_wconf 89' lang='lat' dir='ltr'><strong>implicite</strong></span> <span class='ocrx_word' id='word_1_803' title='bbox 2222 1757 2344 1780; x_wconf 89' lang='lat' dir='ltr'><strong>tamen:</strong></span> <span class='ocrx_word' id='word_1_804' title='bbox 2369 1750 2453 1781; x_wconf 86' lang='lat' dir='ltr'><strong>Defi-</strong></span> 
     </span>
     <span class='ocr_line' id='line_1_110' title="bbox 1393 1791 2453 1832; baseline 0.004 -11"><span class='ocrx_word' id='word_1_805' title='bbox 1393 1791 1472 1822; x_wconf 92' lang='lat' dir='ltr'><strong>nitio</strong></span> <span class='ocrx_word' id='word_1_806' title='bbox 1493 1801 1645 1831; x_wconf 89' lang='lat' dir='ltr'><strong>personae</strong></span> <span class='ocrx_word' id='word_1_807' title='bbox 1670 1798 1716 1821; x_wconf 88' lang='lat' dir='ltr'><strong>est</strong></span> <span class='ocrx_word' id='word_1_808' title='bbox 1739 1797 1932 1832; x_wconf 90' lang='lat' dir='ltr'><strong>competens.</strong></span> <span class='ocrx_word' id='word_1_809' title='bbox 1947 1809 1967 1814; x_wconf 92' lang='lat'>—</span> <span class='ocrx_word' id='word_1_810' title='bbox 1983 1792 2024 1822; x_wconf 91' lang='lat' dir='ltr'><strong>Et</strong></span> <span class='ocrx_word' id='word_1_811' title='bbox 2047 1793 2264 1824; x_wconf 90' lang='lat' dir='ltr'><strong>manifestatur</strong></span> <span class='ocrx_word' id='word_1_812' title='bbox 2287 1794 2340 1825; x_wconf 90' lang='lat' dir='ltr'><strong>sic.</strong></span> <span class='ocrx_word' id='word_1_813' title='bbox 2363 1795 2453 1825; x_wconf 89' lang='lat' dir='ltr'><strong>Prae-</strong></span> 
     </span>
     <span class='ocr_line' id='line_1_111' title="bbox 1393 1833 2452 1876; baseline 0.004 -11"><span class='ocrx_word' id='word_1_814' title='bbox 1393 1835 1455 1866; x_wconf 91' lang='lat' dir='ltr'><strong>fata</strong></span> <span class='ocrx_word' id='word_1_815' title='bbox 1479 1833 1618 1865; x_wconf 84' lang='lat' dir='ltr'><strong>definitio</strong></span> <span class='ocrx_word' id='word_1_816' title='bbox 1649 1835 1793 1876; x_wconf 90' lang='lat' dir='ltr'><strong>explanat</strong></span> <span class='ocrx_word' id='word_1_817' title='bbox 1815 1836 1923 1865; x_wconf 90' lang='lat' dir='ltr'><strong>ambas</strong></span> <span class='ocrx_word' id='word_1_818' title='bbox 1953 1837 2157 1876; x_wconf 90' lang='lat' dir='ltr'><strong>proprietates</strong></span> <span class='ocrx_word' id='word_1_819' title='bbox 2180 1837 2334 1868; x_wconf 90' lang='lat' dir='ltr'><strong>individui</strong></span> <span class='ocrx_word' id='word_1_820' title='bbox 2357 1839 2452 1869; x_wconf 91' lang='lat' dir='ltr'><strong>ratio-</strong></span> 
     </span>
     <span class='ocr_line' id='line_1_112' title="bbox 1393 1879 2027 1919; baseline 0.003 -10"><span class='ocrx_word' id='word_1_821' title='bbox 1393 1879 1472 1909; x_wconf 90' lang='lat' dir='ltr'><strong>nalis</strong></span> <span class='ocrx_word' id='word_1_822' title='bbox 1496 1886 1642 1909; x_wconf 90' lang='lat' dir='ltr'><strong>naturae:</strong></span> <span class='ocrx_word' id='word_1_823' title='bbox 1667 1889 1741 1919; x_wconf 88' lang='lat' dir='ltr'><strong>ergo</strong></span> <span class='ocrx_word' id='word_1_824' title='bbox 1766 1886 1812 1910; x_wconf 88' lang='lat' dir='ltr'><strong>est</strong></span> <span class='ocrx_word' id='word_1_825' title='bbox 1835 1887 2027 1919; x_wconf 89' lang='lat' dir='ltr'><strong>competens.</strong></span> 
     </span>
    </p>

    <p class='ocr_par' dir='ltr' id='par_1_18' title="bbox 1391 1923 2453 2317">
     <span class='ocr_line' id='line_1_113' title="bbox 1450 1923 2453 1965; baseline 0.004 -12"><span class='ocrx_word' id='word_1_826' title='bbox 1450 1923 1648 1954; x_wconf 89' lang='lat' dir='ltr'><strong>Antecedens</strong></span> <span class='ocrx_word' id='word_1_827' title='bbox 1672 1923 1853 1954; x_wconf 89' lang='lat' dir='ltr'><strong>declaratur.</strong></span> <span class='ocrx_word' id='word_1_828' title='bbox 1879 1923 1963 1960; x_wconf 82' lang='lat' dir='ltr'><strong>Quia</strong></span> <span class='ocrx_word' id='word_1_829' title='bbox 1987 1934 2056 1954; x_wconf 90' lang='lat' dir='ltr'><strong>eam</strong></span> <span class='ocrx_word' id='word_1_830' title='bbox 2073 1935 2154 1965; x_wconf 88' lang='lat' dir='ltr'><strong>quae</strong></span> <span class='ocrx_word' id='word_1_831' title='bbox 2171 1926 2318 1957; x_wconf 88' lang='lat' dir='ltr'><strong>convenit</strong></span> <span class='ocrx_word' id='word_1_832' title='bbox 2333 1926 2390 1957; x_wconf 91' lang='lat' dir='ltr'><strong>sibi</strong></span> <span class='ocrx_word' id='word_1_833' title='bbox 2405 1927 2453 1957; x_wconf 92' lang='lat' dir='ltr'><strong>in-</strong></span> 
     </span>
     <span class='ocr_line' id='line_1_114' title="bbox 1392 1967 2453 2011; baseline 0.005 -14"><span class='ocrx_word' id='word_1_834' title='bbox 1392 1974 1550 2007; x_wconf 90' lang='lat' dir='ltr'><strong>quantum</strong></span> <span class='ocrx_word' id='word_1_835' title='bbox 1573 1973 1620 1997; x_wconf 93' lang='lat' dir='ltr'><strong>est</strong></span> <span class='ocrx_word' id='word_1_836' title='bbox 1646 1967 1803 2007; x_wconf 90' lang='lat' dir='ltr'><strong>singulare</strong></span> <span class='ocrx_word' id='word_1_837' title='bbox 1835 1968 2045 2005; x_wconf 88' lang='lat' dir='ltr'><strong>substantiae,</strong></span> <span class='ocrx_word' id='word_1_838' title='bbox 2078 1969 2221 2009; x_wconf 85' lang='lat' dir='ltr'><strong>explanat</strong></span> <span class='ocrx_word' id='word_1_839' title='bbox 2248 1980 2304 2011; x_wconf 92' lang='lat' dir='ltr'><strong>per</strong></span> <span class='ocrx_word' id='word_1_840' title='bbox 2325 1971 2358 2011; x_wconf 90' lang='lat' dir='ltr'><strong>ly</strong></span> <span class='ocrx_word' id='word_1_841' title='bbox 2380 1972 2453 2002; x_wconf 86' lang='lat' dir='ltr'><strong>sub-</strong></span> 
     </span>
     <span class='ocr_line' id='line_1_115' title="bbox 1391 2011 2452 2054; baseline 0.005 -13"><span class='ocrx_word' id='word_1_842' title='bbox 1391 2012 1511 2042; x_wconf 86' lang='lat' dir='ltr'><strong>stantia</strong></span> <span class='ocrx_word' id='word_1_843' title='bbox 1528 2011 1711 2042; x_wconf 81' lang='lat' dir='ltr'><strong>individua:</strong></span> <span class='ocrx_word' id='word_1_844' title='bbox 1736 2021 1806 2042; x_wconf 90' lang='lat' dir='ltr'><strong>eam</strong></span> <span class='ocrx_word' id='word_1_845' title='bbox 1822 2022 1896 2042; x_wconf 91' lang='lat' dir='ltr'><strong>vero</strong></span> <span class='ocrx_word' id='word_1_846' title='bbox 1914 2022 1995 2052; x_wconf 89' lang='lat' dir='ltr'><strong>quae</strong></span> <span class='ocrx_word' id='word_1_847' title='bbox 2011 2013 2158 2043; x_wconf 90' lang='lat' dir='ltr'><strong>convenit</strong></span> <span class='ocrx_word' id='word_1_848' title='bbox 2181 2013 2238 2044; x_wconf 89' lang='lat' dir='ltr'><strong>sibi</strong></span> <span class='ocrx_word' id='word_1_849' title='bbox 2262 2014 2452 2054; x_wconf 89' lang='lat' dir='ltr'><strong>inquantum</strong></span> 
     </span>
     <span class='ocr_line' id='line_1_116' title="bbox 1392 2055 2452 2098; baseline 0.005 -13"><span class='ocrx_word' id='word_1_850' title='bbox 1392 2055 1548 2095; x_wconf 90' lang='lat' dir='ltr'><strong>singulare</strong></span> <span class='ocrx_word' id='word_1_851' title='bbox 1567 2055 1726 2086; x_wconf 88' lang='lat' dir='ltr'><strong>rationalis</strong></span> <span class='ocrx_word' id='word_1_852' title='bbox 1746 2062 1884 2092; x_wconf 87' lang='lat' dir='ltr'><strong>naturae,</strong></span> <span class='ocrx_word' id='word_1_853' title='bbox 1902 2056 2046 2096; x_wconf 85' lang='lat' dir='ltr'><strong>explanat</strong></span> <span class='ocrx_word' id='word_1_854' title='bbox 2061 2066 2117 2097; x_wconf 91' lang='lat' dir='ltr'><strong>per</strong></span> <span class='ocrx_word' id='word_1_855' title='bbox 2130 2057 2163 2098; x_wconf 95' lang='lat' dir='ltr'><strong>ly</strong></span> <span class='ocrx_word' id='word_1_856' title='bbox 2178 2058 2345 2089; x_wconf 85' lang='lat' dir='ltr'><strong>rationalis</strong></span> <span class='ocrx_word' id='word_1_857' title='bbox 2361 2065 2452 2089; x_wconf 86' lang='lat' dir='ltr'><strong>natu-</strong></span> 
     </span>
     <span class='ocr_line' id='line_1_117' title="bbox 1392 2099 2452 2133; baseline 0.003 -3"><span class='ocrx_word' id='word_1_858' title='bbox 1392 2109 1458 2130; x_wconf 84' lang='lat' dir='ltr'><strong>rae.</strong></span> <span class='ocrx_word' id='word_1_859' title='bbox 1484 2099 1570 2130; x_wconf 91' lang='lat' dir='ltr'><strong>Cum</strong></span> <span class='ocrx_word' id='word_1_860' title='bbox 1587 2099 1672 2129; x_wconf 90' lang='lat' dir='ltr'><strong>enim</strong></span> <span class='ocrx_word' id='word_1_861' title='bbox 1688 2099 1888 2130; x_wconf 89' lang='lat' dir='ltr'><strong>individuum</strong></span> <span class='ocrx_word' id='word_1_862' title='bbox 1912 2099 2064 2130; x_wconf 89' lang='lat' dir='ltr'><strong>inferioris</strong></span> <span class='ocrx_word' id='word_1_863' title='bbox 2082 2100 2120 2131; x_wconf 93' lang='lat' dir='ltr'><strong>sit</strong></span> <span class='ocrx_word' id='word_1_864' title='bbox 2141 2101 2234 2131; x_wconf 88' lang='lat' dir='ltr'><strong>etiarn</strong></span> <span class='ocrx_word' id='word_1_865' title='bbox 2253 2101 2452 2133; x_wconf 90' lang='lat' dir='ltr'><strong>individuum</strong></span> 
     </span>
     <span class='ocr_line' id='line_1_118' title="bbox 1392 2143 2451 2184; baseline 0.004 -11"><span class='ocrx_word' id='word_1_866' title='bbox 1392 2143 1572 2184; x_wconf 90' lang='lat' dir='ltr'><strong>superioris,</strong></span> <span class='ocrx_word' id='word_1_867' title='bbox 1589 2143 1753 2184; x_wconf 90' lang='lat' dir='ltr'><strong>utriusque</strong></span> <span class='ocrx_word' id='word_1_868' title='bbox 1777 2143 1974 2174; x_wconf 90' lang='lat' dir='ltr'><strong>conditiones</strong></span> <span class='ocrx_word' id='word_1_869' title='bbox 1993 2144 2106 2175; x_wconf 88' lang='lat' dir='ltr'><strong>habere</strong></span> <span class='ocrx_word' id='word_1_870' title='bbox 2123 2152 2258 2184; x_wconf 88' lang='lat' dir='ltr'><strong>oportet.</strong></span> <span class='ocrx_word' id='word_1_871' title='bbox 2278 2146 2319 2176; x_wconf 91' lang='lat' dir='ltr'><strong>Et</strong></span> <span class='ocrx_word' id='word_1_872' title='bbox 2334 2156 2451 2183; x_wconf 86' lang='lat' dir='ltr'><strong>rursus,</strong></span> 
     </span>
     <span class='ocr_line' id='line_1_119' title="bbox 1392 2187 2452 2230; baseline 0.003 -12"><span class='ocrx_word' id='word_1_873' title='bbox 1392 2198 1467 2218; x_wconf 91' lang='lat' dir='ltr'><strong>cum</strong></span> <span class='ocrx_word' id='word_1_874' title='bbox 1493 2187 1659 2218; x_wconf 89' lang='lat' dir='ltr'><strong>individuo</strong></span> <span class='ocrx_word' id='word_1_875' title='bbox 1690 2188 1755 2218; x_wconf 91' lang='lat' dir='ltr'><strong>duo</strong></span> <span class='ocrx_word' id='word_1_876' title='bbox 1787 2188 2007 2224; x_wconf 86' lang='lat' dir='ltr'><strong>attribuantur,</strong></span> <span class='ocrx_word' id='word_1_877' title='bbox 2039 2188 2155 2220; x_wconf 89' lang='lat' dir='ltr'><strong>scilicet</strong></span> <span class='ocrx_word' id='word_1_878' title='bbox 2182 2199 2248 2219; x_wconf 91' lang='lat' dir='ltr'><strong>esse</strong></span> <span class='ocrx_word' id='word_1_879' title='bbox 2277 2197 2307 2221; x_wconf 91' lang='lat' dir='ltr'><strong>et</strong></span> <span class='ocrx_word' id='word_1_880' title='bbox 2330 2191 2452 2230; x_wconf 87' lang='lat' dir='ltr'><strong>operari</strong></span> 
     </span>
     <span class='ocr_line' id='line_1_120' title="bbox 1391 2229 2452 2274; baseline 0.002 -12"><span class='ocrx_word' id='word_1_881' title='bbox 1391 2229 1592 2274; x_wconf 90' lang='lat' dir='ltr'><strong>(universalia</strong></span> <span class='ocrx_word' id='word_1_882' title='bbox 1615 2231 1700 2261; x_wconf 91' lang='lat' dir='ltr'><strong>enim</strong></span> <span class='ocrx_word' id='word_1_883' title='bbox 1724 2238 1873 2262; x_wconf 90' lang='lat' dir='ltr'><strong>neutrum</strong></span> <span class='ocrx_word' id='word_1_884' title='bbox 1896 2230 2040 2274; x_wconf 84' lang='lat' dir='ltr'><strong>habent);</strong></span> <span class='ocrx_word' id='word_1_885' title='bbox 2064 2242 2120 2272; x_wconf 89' lang='lat' dir='ltr'><strong>per</strong></span> <span class='ocrx_word' id='word_1_886' title='bbox 2143 2239 2324 2274; x_wconf 90' lang='lat' dir='ltr'><strong>utrumque,</strong></span> <span class='ocrx_word' id='word_1_887' title='bbox 2349 2234 2452 2274; x_wconf 91' lang='lat' dir='ltr'><strong>primo</strong></span> 
     </span>
     <span class='ocr_line' id='line_1_121' title="bbox 1392 2275 2451 2317; baseline 0.002 -11"><span class='ocrx_word' id='word_1_888' title='bbox 1392 2275 1508 2306; x_wconf 90' lang='lat' dir='ltr'><strong>scilicet</strong></span> <span class='ocrx_word' id='word_1_889' title='bbox 1531 2284 1586 2315; x_wconf 91' lang='lat' dir='ltr'><strong>per</strong></span> <span class='ocrx_word' id='word_1_890' title='bbox 1605 2285 1680 2311; x_wconf 91' lang='lat' dir='ltr'><strong>esse,</strong></span> <span class='ocrx_word' id='word_1_891' title='bbox 1698 2275 1838 2305; x_wconf 90' lang='lat' dir='ltr'><strong>secundo</strong></span> <span class='ocrx_word' id='word_1_892' title='bbox 1854 2285 1910 2316; x_wconf 90' lang='lat' dir='ltr'><strong>per</strong></span> <span class='ocrx_word' id='word_1_893' title='bbox 1928 2276 2060 2315; x_wconf 90' lang='lat' dir='ltr'><strong>operari,</strong></span> <span class='ocrx_word' id='word_1_894' title='bbox 2077 2276 2238 2307; x_wconf 90' lang='lat' dir='ltr'><strong>individua</strong></span> <span class='ocrx_word' id='word_1_895' title='bbox 2253 2277 2451 2317; x_wconf 85' lang='lat' dir='ltr'><strong>dignificavit.</strong></span> 
     </span>
    </p>

    <p class='ocr_par' dir='ltr' id='par_1_19' title="bbox 1392 2319 2452 2482">
     <span class='ocr_line' id='line_1_122' title="bbox 1449 2319 2452 2363; baseline 0.002 -13"><span class='ocrx_word' id='word_1_896' title='bbox 1449 2319 1532 2350; x_wconf 90' lang='lat' dir='ltr'><strong>XIII.</strong></span> <span class='ocrx_word' id='word_1_897' title='bbox 1557 2319 1592 2348; x_wconf 92' lang='lat' dir='ltr'><strong>In</strong></span> <span class='ocrx_word' id='word_1_898' title='bbox 1612 2319 1817 2359; x_wconf 89' lang='lat' dir='ltr'><strong>responsione</strong></span> <span class='ocrx_word' id='word_1_899' title='bbox 1842 2319 1881 2349; x_wconf 88' lang='lat' dir='ltr'><strong>ad</strong></span> <span class='ocrx_word' id='word_1_900' title='bbox 1900 2319 2040 2359; x_wconf 89' lang='lat' dir='ltr'><strong>primum</strong></span> <span class='ocrx_word' id='word_1_901' title='bbox 2056 2327 2086 2350; x_wconf 91' lang='lat' dir='ltr'><strong>et</strong></span> <span class='ocrx_word' id='word_1_902' title='bbox 2101 2321 2237 2357; x_wconf 86' lang='lat' dir='ltr'><strong>tertium,</strong></span> <span class='ocrx_word' id='word_1_903' title='bbox 2253 2321 2348 2352; x_wconf 90' lang='lat' dir='ltr'><strong>habes</strong></span> <span class='ocrx_word' id='word_1_904' title='bbox 2364 2322 2452 2363; x_wconf 92' lang='lat' dir='ltr'><strong>quod</strong></span> 
     </span>
     <span class='ocr_line' id='line_1_123' title="bbox 1393 2363 2452 2406; baseline 0.004 -14"><span class='ocrx_word' id='word_1_905' title='bbox 1393 2363 1512 2403; x_wconf 88' lang='lat' dir='ltr'><strong>aliquid</strong></span> <span class='ocrx_word' id='word_1_906' title='bbox 1528 2363 1619 2399; x_wconf 88' lang='lat' dir='ltr'><strong>reale,</strong></span> <span class='ocrx_word' id='word_1_907' title='bbox 1636 2363 1752 2393; x_wconf 88' lang='lat' dir='ltr'><strong>scilicet</strong></span> <span class='ocrx_word' id='word_1_908' title='bbox 1771 2363 1886 2393; x_wconf 90' lang='lat' dir='ltr'><strong>modus</strong></span> <span class='ocrx_word' id='word_1_909' title='bbox 1911 2363 2108 2400; x_wconf 89' lang='lat' dir='ltr'><strong>subsistendi,</strong></span> <span class='ocrx_word' id='word_1_910' title='bbox 2126 2364 2207 2395; x_wconf 89' lang='lat' dir='ltr'><strong>ultra</strong></span> <span class='ocrx_word' id='word_1_911' title='bbox 2222 2372 2366 2396; x_wconf 89' lang='lat' dir='ltr'><strong>naturam</strong></span> <span class='ocrx_word' id='word_1_912' title='bbox 2382 2370 2452 2406; x_wconf 86' lang='lat' dir='ltr'><strong>spe-</strong></span> 
     </span>
     <span class='ocr_line' id='line_1_124' title="bbox 1393 2406 2452 2444; baseline 0.003 -7"><span class='ocrx_word' id='word_1_913' title='bbox 1393 2406 1524 2443; x_wconf 89' lang='lat' dir='ltr'><strong>cificam,</strong></span> <span class='ocrx_word' id='word_1_914' title='bbox 1549 2407 1696 2438; x_wconf 88' lang='lat' dir='ltr'><strong>convenit</strong></span> <span class='ocrx_word' id='word_1_915' title='bbox 1718 2407 1888 2437; x_wconf 89' lang='lat' dir='ltr'><strong>individuis</strong></span> <span class='ocrx_word' id='word_1_916' title='bbox 1912 2408 2118 2444; x_wconf 88' lang='lat' dir='ltr'><strong>substantiae,</strong></span> <span class='ocrx_word' id='word_1_917' title='bbox 2143 2415 2179 2439; x_wconf 92' lang='lat' dir='ltr'><strong>ut</strong></span> <span class='ocrx_word' id='word_1_918' title='bbox 2200 2409 2293 2440; x_wconf 88' lang='lat' dir='ltr'><strong>latius</strong></span> <span class='ocrx_word' id='word_1_919' title='bbox 2317 2410 2452 2440; x_wconf 88' lang='lat' dir='ltr'><strong>declara-</strong></span> 
     </span>
     <span class='ocr_line' id='line_1_125' title="bbox 1392 2451 1888 2482; baseline 0.002 -1"><span class='ocrx_word' id='word_1_920' title='bbox 1392 2451 1497 2482; x_wconf 91' lang='lat' dir='ltr'><strong>vimus</strong></span> <span class='ocrx_word' id='word_1_921' title='bbox 1519 2451 1553 2481; x_wconf 91' lang='lat' dir='ltr'><strong>in</strong></span> <span class='ocrx_word' id='word_1_922' title='bbox 1575 2451 1847 2482; x_wconf 84' lang='lat' dir='ltr'><strong>Praedicamentis</strong></span> <span class='ocrx_word' id='word_1_923' title='bbox 1861 2451 1888 2482; x_wconf 91' lang='lat'><strong>*.</strong></span> 
     </span>
    </p>

    <p class='ocr_par' dir='ltr' id='par_1_20' title="bbox 1392 2495 2452 3017">
     <span class='ocr_line' id='line_1_126' title="bbox 1447 2495 2451 2537; baseline 0.004 -13"><span class='ocrx_word' id='word_1_924' title='bbox 1447 2495 1495 2525; x_wconf 88' lang='lat' dir='ltr'><strong>Ex</strong></span> <span class='ocrx_word' id='word_1_925' title='bbox 1518 2495 1724 2535; x_wconf 90' lang='lat' dir='ltr'><strong>responsione</strong></span> <span class='ocrx_word' id='word_1_926' title='bbox 1747 2505 1821 2525; x_wconf 93' lang='lat' dir='ltr'><strong>vero</strong></span> <span class='ocrx_word' id='word_1_927' title='bbox 1855 2495 1894 2525; x_wconf 90' lang='lat' dir='ltr'><strong>ad</strong></span> <span class='ocrx_word' id='word_1_928' title='bbox 1925 2496 2115 2532; x_wconf 90' lang='lat' dir='ltr'><strong>secundum,</strong></span> <span class='ocrx_word' id='word_1_929' title='bbox 2139 2496 2235 2526; x_wconf 91' lang='lat' dir='ltr'><strong>habes</strong></span> <span class='ocrx_word' id='word_1_930' title='bbox 2263 2497 2351 2537; x_wconf 93' lang='lat' dir='ltr'><strong>quod</strong></span> <span class='ocrx_word' id='word_1_931' title='bbox 2379 2498 2451 2528; x_wconf 89' lang='lat' dir='ltr'><strong>sub-</strong></span> 
     </span>
     <span class='ocr_line' id='line_1_127' title="bbox 1393 2538 2452 2579; baseline 0.004 -11"><span class='ocrx_word' id='word_1_932' title='bbox 1393 2539 1504 2569; x_wconf 87' lang='lat' dir='ltr'><strong>stantia</strong></span> <span class='ocrx_word' id='word_1_933' title='bbox 1528 2538 1690 2568; x_wconf 90' lang='lat' dir='ltr'><strong>individua</strong></span> <span class='ocrx_word' id='word_1_934' title='bbox 1722 2548 1787 2569; x_wconf 94' lang='lat' dir='ltr'><strong>non</strong></span> <span class='ocrx_word' id='word_1_935' title='bbox 1816 2538 1951 2569; x_wconf 88' lang='lat' dir='ltr'><strong>sumitur</strong></span> <span class='ocrx_word' id='word_1_936' title='bbox 1973 2539 2041 2575; x_wconf 90' lang='lat' dir='ltr'><strong>hic,</strong></span> <span class='ocrx_word' id='word_1_937' title='bbox 2066 2546 2102 2570; x_wconf 90' lang='lat' dir='ltr'><strong>ut</strong></span> <span class='ocrx_word' id='word_1_938' title='bbox 2120 2540 2321 2579; x_wconf 90' lang='lat' dir='ltr'><strong>distinguitur</strong></span> <span class='ocrx_word' id='word_1_939' title='bbox 2344 2549 2452 2572; x_wconf 86' lang='lat' dir='ltr'><strong>contra</strong></span> 
     </span>
     <span class='ocr_line' id='line_1_128' title="bbox 1393 2582 2451 2623; baseline 0.003 -10"><span class='ocrx_word' id='word_1_940' title='bbox 1393 2582 1601 2613; x_wconf 90' lang='lat' dir='ltr'><strong>substantiam</strong></span> <span class='ocrx_word' id='word_1_941' title='bbox 1626 2582 1850 2612; x_wconf 89' lang='lat' dir='ltr'><strong>universalem:</strong></span> <span class='ocrx_word' id='word_1_942' title='bbox 1876 2583 1930 2612; x_wconf 90' lang='lat' dir='ltr'><strong>sed</strong></span> <span class='ocrx_word' id='word_1_943' title='bbox 1946 2589 1982 2613; x_wconf 93' lang='lat' dir='ltr'><strong>ut</strong></span> <span class='ocrx_word' id='word_1_944' title='bbox 1997 2583 2199 2623; x_wconf 88' lang='lat' dir='ltr'><strong>distinguitur</strong></span> <span class='ocrx_word' id='word_1_945' title='bbox 2218 2591 2325 2614; x_wconf 92' lang='lat' dir='ltr'><strong>contra</strong></span> <span class='ocrx_word' id='word_1_946' title='bbox 2349 2595 2451 2616; x_wconf 83' lang='lat' dir='ltr'><strong>essen·-</strong></span> 
     </span>
     <span class='ocr_line' id='line_1_129' title="bbox 1394 2626 2451 2667; baseline 0.004 -11"><span class='ocrx_word' id='word_1_947' title='bbox 1394 2627 1469 2657; x_wconf 82' lang='lat' dir='ltr'><strong>tiam</strong></span> <span class='ocrx_word' id='word_1_948' title='bbox 1486 2627 1692 2662; x_wconf 80' lang='lat' dir='ltr'><strong>substantiae,</strong></span> <span class='ocrx_word' id='word_1_949' title='bbox 1706 2633 1771 2656; x_wconf 88' lang='lat' dir='ltr'><strong>tam</strong></span> <span class='ocrx_word' id='word_1_950' title='bbox 1785 2626 1992 2656; x_wconf 87' lang='lat' dir='ltr'><strong>universalem</strong></span> <span class='ocrx_word' id='word_1_951' title='bbox 2007 2637 2104 2667; x_wconf 90' lang='lat' dir='ltr'><strong>quam</strong></span> <span class='ocrx_word' id='word_1_952' title='bbox 2120 2628 2347 2667; x_wconf 87' lang='lat' dir='ltr'><strong>particularem.</strong></span> <span class='ocrx_word' id='word_1_953' title='bbox 2365 2629 2451 2660; x_wconf 87' lang='lat' dir='ltr'><strong>Haec</strong></span> 
     </span>
     <span class='ocr_line' id='line_1_130' title="bbox 1394 2670 2450 2713; baseline 0.003 -13"><span class='ocrx_word' id='word_1_954' title='bbox 1394 2671 1478 2700; x_wconf 90' lang='lat' dir='ltr'><strong>enim</strong></span> <span class='ocrx_word' id='word_1_955' title='bbox 1501 2676 1626 2701; x_wconf 91' lang='lat' dir='ltr'><strong>tantum</strong></span> <span class='ocrx_word' id='word_1_956' title='bbox 1648 2677 1780 2700; x_wconf 90' lang='lat' dir='ltr'><strong>vocatur</strong></span> <span class='ocrx_word' id='word_1_957' title='bbox 1801 2670 1977 2701; x_wconf 81' lang='lat' dir='ltr'><strong>substantia</strong></span> <span class='ocrx_word' id='word_1_958' title='bbox 1998 2673 2116 2710; x_wconf 85' lang='lat' dir='ltr'><strong>prima,</strong></span> <span class='ocrx_word' id='word_1_959' title='bbox 2140 2673 2354 2712; x_wconf 81' lang='lat' dir='ltr'><strong>suppositum,</strong></span> <span class='ocrx_word' id='word_1_960' title='bbox 2373 2683 2450 2713; x_wconf 82' lang='lat' dir='ltr'><strong>per-</strong></span> 
     </span>
     <span class='ocr_line' id='line_1_131' title="bbox 1392 2714 2451 2755; baseline 0.004 -11"><span class='ocrx_word' id='word_1_961' title='bbox 1392 2724 1491 2751; x_wconf 86' lang='lat' dir='ltr'><strong>sona,</strong></span> <span class='ocrx_word' id='word_1_962' title='bbox 1517 2721 1574 2745; x_wconf 91' lang='lat' dir='ltr'><strong>etc.</strong></span> <span class='ocrx_word' id='word_1_963' title='bbox 1599 2731 1618 2738; x_wconf 89' lang='lat'><strong>·-</strong></span> <span class='ocrx_word' id='word_1_964' title='bbox 1643 2714 1729 2751; x_wconf 91' lang='lat' dir='ltr'><strong>Quid</strong></span> <span class='ocrx_word' id='word_1_965' title='bbox 1752 2720 1859 2744; x_wconf 88' lang='lat' dir='ltr'><strong>autem</strong></span> <span class='ocrx_word' id='word_1_966' title='bbox 1883 2715 1976 2755; x_wconf 85' lang='lat' dir='ltr'><strong>addat</strong></span> <span class='ocrx_word' id='word_1_967' title='bbox 1998 2725 2092 2754; x_wconf 88' lang='lat' dir='ltr'><strong>supra</strong></span> <span class='ocrx_word' id='word_1_968' title='bbox 2114 2716 2198 2746; x_wconf 85' lang='lat' dir='ltr'><strong>hanc</strong></span> <span class='ocrx_word' id='word_1_969' title='bbox 2223 2717 2451 2748; x_wconf 81' lang='lat' dir='ltr'><strong>humanitatem</strong></span> 
     </span>
     <span class='ocr_line' id='line_1_132' title="bbox 1393 2758 2452 2799; baseline 0.003 -11"><span class='ocrx_word' id='word_1_970' title='bbox 1393 2758 1566 2789; x_wconf 90' lang='lat' dir='ltr'><strong>substantia</strong></span> <span class='ocrx_word' id='word_1_971' title='bbox 1581 2758 1682 2798; x_wconf 88' lang='lat' dir='ltr'><strong>prima</strong></span> <span class='ocrx_word' id='word_1_972' title='bbox 1698 2768 1753 2788; x_wconf 91' lang='lat' dir='ltr'><strong>seu</strong></span> <span class='ocrx_word' id='word_1_973' title='bbox 1769 2758 1981 2799; x_wconf 87' lang='lat' dir='ltr'><strong>suppositum,</strong></span> <span class='ocrx_word' id='word_1_974' title='bbox 1996 2769 2069 2789; x_wconf 90' lang='lat' dir='ltr'><strong>cum</strong></span> <span class='ocrx_word' id='word_1_975' title='bbox 2084 2760 2264 2790; x_wconf 87' lang='lat' dir='ltr'><strong>tractabitur</strong></span> <span class='ocrx_word' id='word_1_976' title='bbox 2280 2761 2318 2790; x_wconf 93' lang='lat' dir='ltr'><strong>de</strong></span> <span class='ocrx_word' id='word_1_977' title='bbox 2334 2761 2452 2791; x_wconf 90' lang='lat' dir='ltr'><strong>unione</strong></span> 
     </span>
     <span class='ocr_line' id='line_1_133' title="bbox 1393 2801 2452 2845; baseline 0.003 -13"><span class='ocrx_word' id='word_1_978' title='bbox 1393 2802 1488 2833; x_wconf 92' lang='lat' dir='ltr'><strong>Verbi</strong></span> <span class='ocrx_word' id='word_1_979' title='bbox 1513 2812 1587 2832; x_wconf 89' lang='lat' dir='ltr'><strong>cum</strong></span> <span class='ocrx_word' id='word_1_980' title='bbox 1610 2808 1720 2832; x_wconf 90' lang='lat' dir='ltr'><strong>natura</strong></span> <span class='ocrx_word' id='word_1_981' title='bbox 1743 2801 1900 2838; x_wconf 90' lang='lat' dir='ltr'><strong>humana,</strong></span> <span class='ocrx_word' id='word_1_982' title='bbox 1930 2802 2112 2833; x_wconf 91' lang='lat' dir='ltr'><strong>discutietur</strong></span> <span class='ocrx_word' id='word_1_983' title='bbox 2127 2803 2152 2834; x_wconf 90' lang='lat'><strong>*.</strong></span> <span class='ocrx_word' id='word_1_984' title='bbox 2177 2804 2228 2834; x_wconf 91' lang='lat' dir='ltr'><strong>Ad</strong></span> <span class='ocrx_word' id='word_1_985' title='bbox 2250 2805 2452 2845; x_wconf 90' lang='lat' dir='ltr'><strong>propositum</strong></span> 
     </span>
     <span class='ocr_line' id='line_1_134' title="bbox 1394 2845 2452 2886; baseline 0.003 -10"><span class='ocrx_word' id='word_1_986' title='bbox 1394 2853 1501 2876; x_wconf 88' lang='lat' dir='ltr'><strong>autem</strong></span> <span class='ocrx_word' id='word_1_987' title='bbox 1515 2845 1629 2876; x_wconf 89' lang='lat' dir='ltr'><strong>sufficit</strong></span> <span class='ocrx_word' id='word_1_988' title='bbox 1652 2845 1738 2882; x_wconf 89' lang='lat' dir='ltr'><strong>scire,</strong></span> <span class='ocrx_word' id='word_1_989' title='bbox 1755 2846 1843 2886; x_wconf 93' lang='lat' dir='ltr'><strong>quod</strong></span> <span class='ocrx_word' id='word_1_990' title='bbox 1859 2845 1945 2876; x_wconf 90' lang='lat' dir='ltr'><strong>addit</strong></span> <span class='ocrx_word' id='word_1_991' title='bbox 1968 2847 2189 2877; x_wconf 91' lang='lat' dir='ltr'><strong>omnimodam</strong></span> <span class='ocrx_word' id='word_1_992' title='bbox 2204 2847 2452 2879; x_wconf 83' lang='lat' dir='ltr'><strong>incommunica-</strong></span> 
     </span>
     <span class='ocr_line' id='line_1_135' title="bbox 1393 2889 2451 2931; baseline 0.003 -12"><span class='ocrx_word' id='word_1_993' title='bbox 1393 2890 1555 2926; x_wconf 90' lang='lat' dir='ltr'><strong>bilitatem,</strong></span> <span class='ocrx_word' id='word_1_994' title='bbox 1570 2889 1613 2920; x_wconf 91' lang='lat' dir='ltr'><strong>ita</strong></span> <span class='ocrx_word' id='word_1_995' title='bbox 1632 2890 1720 2930; x_wconf 91' lang='lat' dir='ltr'><strong>quod</strong></span> <span class='ocrx_word' id='word_1_996' title='bbox 1738 2899 1796 2920; x_wconf 90' lang='lat' dir='ltr'><strong>nec</strong></span> <span class='ocrx_word' id='word_1_997' title='bbox 1819 2890 2000 2920; x_wconf 87' lang='lat' dir='ltr'><strong>communis</strong></span> <span class='ocrx_word' id='word_1_998' title='bbox 2023 2900 2089 2921; x_wconf 88' lang='lat' dir='ltr'><strong>esse</strong></span> <span class='ocrx_word' id='word_1_999' title='bbox 2112 2898 2225 2931; x_wconf 90' lang='lat' dir='ltr'><strong>potest,</strong></span> <span class='ocrx_word' id='word_1_1000' title='bbox 2243 2902 2300 2922; x_wconf 91' lang='lat' dir='ltr'><strong>nec</strong></span> <span class='ocrx_word' id='word_1_1001' title='bbox 2316 2892 2451 2922; x_wconf 89' lang='lat' dir='ltr'><strong>assumi:</strong></span> 
     </span>
     <span class='ocr_line' id='line_1_136' title="bbox 1394 2933 2451 2973; baseline 0.003 -10"><span class='ocrx_word' id='word_1_1002' title='bbox 1394 2933 1514 2964; x_wconf 91' lang='lat' dir='ltr'><strong>ratione</strong></span> <span class='ocrx_word' id='word_1_1003' title='bbox 1538 2933 1624 2963; x_wconf 88' lang='lat' dir='ltr'><strong>enim</strong></span> <span class='ocrx_word' id='word_1_1004' title='bbox 1647 2933 1741 2973; x_wconf 90' lang='lat' dir='ltr'><strong>primi</strong></span> <span class='ocrx_word' id='word_1_1005' title='bbox 1765 2933 1876 2970; x_wconf 85' lang='lat' dir='ltr'><strong>deitas,</strong></span> <span class='ocrx_word' id='word_1_1006' title='bbox 1901 2934 2021 2964; x_wconf 90' lang='lat' dir='ltr'><strong>ratione</strong></span> <span class='ocrx_word' id='word_1_1007' title='bbox 2043 2945 2119 2965; x_wconf 92' lang='lat' dir='ltr'><strong>vero</strong></span> <span class='ocrx_word' id='word_1_1008' title='bbox 2142 2936 2270 2965; x_wconf 89' lang='lat' dir='ltr'><strong>secundi</strong></span> <span class='ocrx_word' id='word_1_1009' title='bbox 2293 2936 2370 2966; x_wconf 89' lang='lat' dir='ltr'><strong>haec</strong></span> <span class='ocrx_word' id='word_1_1010' title='bbox 2391 2936 2451 2966; x_wconf 85' lang='lat' dir='ltr'><strong>hu-</strong></span> 
     </span>
     <span class='ocr_line' id='line_1_137' title="bbox 1394 2977 1935 3017; baseline 0.002 -10"><span class='ocrx_word' id='word_1_1011' title='bbox 1394 2977 1538 3013; x_wconf 87' lang='lat' dir='ltr'><strong>manitas,</strong></span> <span class='ocrx_word' id='word_1_1012' title='bbox 1563 2977 1766 3017; x_wconf 88' lang='lat' dir='ltr'><strong>suppositum</strong></span> <span class='ocrx_word' id='word_1_1013' title='bbox 1790 2987 1855 3008; x_wconf 89' lang='lat' dir='ltr'><strong>non</strong></span> <span class='ocrx_word' id='word_1_1014' title='bbox 1880 2985 1935 3009; x_wconf 88' lang='lat' dir='ltr'><strong>est.</strong></span> 
     </span>
    </p>

    <p class='ocr_par' dir='ltr' id='par_1_21' title="bbox 1394 3021 2452 3107">
     <span class='ocr_line' id='line_1_138' title="bbox 1451 3021 2452 3064; baseline 0.004 -13"><span class='ocrx_word' id='word_1_1015' title='bbox 1451 3021 1534 3052; x_wconf 91' lang='lat' dir='ltr'><strong>XIV.</strong></span> <span class='ocrx_word' id='word_1_1016' title='bbox 1560 3021 1595 3051; x_wconf 93' lang='lat' dir='ltr'><strong>In</strong></span> <span class='ocrx_word' id='word_1_1017' title='bbox 1618 3021 1825 3061; x_wconf 89' lang='lat' dir='ltr'><strong>responsione</strong></span> <span class='ocrx_word' id='word_1_1018' title='bbox 1853 3022 1893 3051; x_wconf 92' lang='lat' dir='ltr'><strong>ad</strong></span> <span class='ocrx_word' id='word_1_1019' title='bbox 1916 3022 2084 3062; x_wconf 91' lang='lat' dir='ltr'><strong>quintum,</strong></span> <span class='ocrx_word' id='word_1_1020' title='bbox 2117 3023 2241 3054; x_wconf 89' lang='lat' dir='ltr'><strong>adverte</strong></span> <span class='ocrx_word' id='word_1_1021' title='bbox 2269 3024 2357 3064; x_wconf 90' lang='lat' dir='ltr'><strong>quod</strong></span> <span class='ocrx_word' id='word_1_1022' title='bbox 2379 3023 2452 3055; x_wconf 90' lang='lat' dir='ltr'><strong>hinc</strong></span> 
     </span>
     <span class='ocr_line' id='line_1_139' title="bbox 1394 3064 2452 3107; baseline 0.003 -12"><span class='ocrx_word' id='word_1_1023' title='bbox 1394 3065 1489 3095; x_wconf 91' lang='lat' dir='ltr'><strong>habes</strong></span> <span class='ocrx_word' id='word_1_1024' title='bbox 1506 3065 1594 3105; x_wconf 90' lang='lat' dir='ltr'><strong>quod</strong></span> <span class='ocrx_word' id='word_1_1025' title='bbox 1613 3075 1649 3095; x_wconf 89' lang='lat' dir='ltr'><strong>ex</strong></span> <span class='ocrx_word' id='word_1_1026' title='bbox 1664 3064 1723 3095; x_wconf 93' lang='lat' dir='ltr'><strong>hac</strong></span> <span class='ocrx_word' id='word_1_1027' title='bbox 1746 3065 1848 3096; x_wconf 89' lang='lat' dir='ltr'><strong>Boetii</strong></span> <span class='ocrx_word' id='word_1_1028' title='bbox 1872 3065 2052 3096; x_wconf 89' lang='lat' dir='ltr'><strong>definitione</strong></span> <span class='ocrx_word' id='word_1_1029' title='bbox 2069 3077 2134 3097; x_wconf 93' lang='lat' dir='ltr'><strong>non</strong></span> <span class='ocrx_word' id='word_1_1030' title='bbox 2158 3067 2298 3107; x_wconf 90' lang='lat' dir='ltr'><strong>sequitur</strong></span> <span class='ocrx_word' id='word_1_1031' title='bbox 2314 3067 2452 3098; x_wconf 89' lang='lat' dir='ltr'><strong>animam</strong></span> 
     </span>
    </p>
   </div>
   <div class='ocr_carea' id='block_1_12' title="bbox 1395 3109 2488 3149">
    <p class='ocr_par' dir='ltr' id='par_1_22' title="bbox 1395 3109 2488 3149">
     <span class='ocr_line' id='line_1_140' title="bbox 1395 3109 2488 3149; baseline 0.004 -11"><span class='ocrx_word' id='word_1_1032' title='bbox 1395 3119 1461 3139; x_wconf 90' lang='lat' dir='ltr'><strong>esse</strong></span> <span class='ocrx_word' id='word_1_1033' title='bbox 1484 3117 1673 3149; x_wconf 89' lang='lat' dir='ltr'><strong>personam;</strong></span> <span class='ocrx_word' id='word_1_1034' title='bbox 1703 3116 1738 3139; x_wconf 94' lang='lat' dir='ltr'><strong>ut</strong></span> <span class='ocrx_word' id='word_1_1035' title='bbox 1761 3109 1893 3146; x_wconf 89' lang='lat' dir='ltr'><strong>Scotus,</strong></span> <span class='ocrx_word' id='word_1_1036' title='bbox 1918 3109 1949 3140; x_wconf 91' lang='lat' dir='ltr'><strong>in</strong></span> <span class='ocrx_word' id='word_1_1037' title='bbox 1975 3110 2001 3146; x_wconf 82' lang='lat'><strong>1,</strong></span> <span class='ocrx_word' id='word_1_1038' title='bbox 2027 3109 2096 3141; x_wconf 92' lang='lat' dir='ltr'><strong>dist.</strong></span> <span class='ocrx_word' id='word_1_1039' title='bbox 2114 3121 2186 3140; x_wconf 87' lang='lat' dir='ltr'><strong>xxm</strong></span> <span class='ocrx_word' id='word_1_1040' title='bbox 2201 3111 2226 3146; x_wconf 91' lang='lat'><strong>*,</strong></span> <span class='ocrx_word' id='word_1_1041' title='bbox 2251 3111 2361 3147; x_wconf 91' lang='lat' dir='ltr'><strong>voluit,</strong></span> <span class='ocrx_word' id='word_1_1042' title='bbox 2386 3121 2451 3142; x_wconf 92' lang='lat' dir='ltr'><strong>non</strong></span> <span class='ocrx_word' id='word_1_1043' title='bbox 2480 3122 2488 3131; x_wconf 67' lang='lat'><strong><em>³</em></strong></span> 
     </span>
    </p>
   </div>
   <div class='ocr_carea' id='block_1_13' title="bbox 1392 3152 2453 3257">
    <p class='ocr_par' dir='ltr' id='par_1_23' title="bbox 1392 3152 2453 3257">
     <span class='ocr_line' id='line_1_141' title="bbox 1393 3152 2453 3195; baseline 0.004 -13"><span class='ocrx_word' id='word_1_1044' title='bbox 1393 3160 1560 3193; x_wconf 92' lang='lat' dir='ltr'><strong>penetrans</strong></span> <span class='ocrx_word' id='word_1_1045' title='bbox 1584 3152 1661 3194; x_wconf 92' lang='lat' dir='ltr'><strong>quid</strong></span> <span class='ocrx_word' id='word_1_1046' title='bbox 1683 3153 1835 3193; x_wconf 88' lang='lat' dir='ltr'><strong>importat</strong></span> <span class='ocrx_word' id='word_1_1047' title='bbox 1853 3154 2025 3184; x_wconf 88' lang='lat' dir='ltr'><strong>substantia</strong></span> <span class='ocrx_word' id='word_1_1048' title='bbox 2048 3154 2159 3194; x_wconf 90' lang='lat' dir='ltr'><strong>prima,</strong></span> <span class='ocrx_word' id='word_1_1049' title='bbox 2176 3164 2256 3195; x_wconf 91' lang='lat' dir='ltr'><strong>quae</strong></span> <span class='ocrx_word' id='word_1_1050' title='bbox 2275 3154 2325 3186; x_wconf 91' lang='lat' dir='ltr'><strong>hic</strong></span> <span class='ocrx_word' id='word_1_1051' title='bbox 2340 3155 2453 3186; x_wconf 89' lang='lat' dir='ltr'><strong>dicitur</strong></span> 
     </span>
     <span class='ocr_line' id='line_1_142' title="bbox 1392 3197 1564 3227; baseline -0.006 0"><span class='ocrx_word' id='word_1_1052' title='bbox 1392 3197 1564 3227; x_wconf 91' lang='lat' dir='ltr'><strong>individua.</strong></span> 
     </span>
     <span class='ocr_line' id='line_1_143' title="bbox 1551 3245 1554 3257; baseline 0 0"><span class='ocrx_word' id='word_1_1053' title='bbox 1551 3245 1554 3257; x_wconf 96' lang='grc'>1</span> 
     </span>
    </p>
   </div>
   <div class='ocr_carea' id='block_1_14' title="bbox 2483 392 2597 420">
    <p class='ocr_par' dir='ltr' id='par_1_24' title="bbox 2483 392 2597 420">
     <span class='ocr_line' id='line_1_144' title="bbox 2483 392 2597 420; baseline 0 -6"><span class='ocrx_word' id='word_1_1054' title='bbox 2483 393 2491 402; x_wconf 85' lang='grc'><em>·</em></span> <span class='ocrx_word' id='word_1_1055' title='bbox 2507 392 2564 420; x_wconf 85' lang='lat' dir='ltr'><strong>Cap.</strong></span> <span class='ocrx_word' id='word_1_1056' title='bbox 2574 399 2597 414; x_wconf 86' lang='lat' dir='ltr'><strong>v.</strong></span> 
     </span>
    </p>
   </div>
   <div class='ocr_carea' id='block_1_15' title="bbox 2481 1093 2661 1116">
    <p class='ocr_par' dir='ltr' id='par_1_25' title="bbox 2481 1093 2661 1116">
     <span class='ocr_line' id='line_1_145' title="bbox 2481 1093 2661 1116; baseline 0 -1"><span class='ocrx_word' id='word_1_1057' title='bbox 2481 1095 2490 1102; x_wconf 90' lang='grc'>·</span> <span class='ocrx_word' id='word_1_1058' title='bbox 2505 1093 2541 1116; x_wconf 85' lang='lat' dir='ltr'><strong>Cf.</strong></span> <span class='ocrx_word' id='word_1_1059' title='bbox 2555 1099 2619 1115; x_wconf 73' lang='lat' dir='ltr'><strong>num.</strong></span> <span class='ocrx_word' id='word_1_1060' title='bbox 2634 1101 2661 1116; x_wconf 86' lang='lat' dir='ltr'><strong>n.</strong></span> 
     </span>
    </p>
   </div>
   <div class='ocr_carea' id='block_1_16' title="bbox 2481 1357 2666 1385">
    <p class='ocr_par' dir='ltr' id='par_1_26' title="bbox 2481 1357 2666 1385">
     <span class='ocr_line' id='line_1_146' title="bbox 2481 1357 2666 1385; baseline 0.005 -6"><span class='ocrx_word' id='word_1_1061' title='bbox 2481 1359 2490 1369; x_wconf 79' lang='grc'><em>·</em></span> <span class='ocrx_word' id='word_1_1062' title='bbox 2505 1357 2562 1384; x_wconf 82' lang='lat' dir='ltr'><strong>Cap.</strong></span> <span class='ocrx_word' id='word_1_1063' title='bbox 2577 1363 2593 1385; x_wconf 85' lang='lat'><strong>1,</strong></span> <span class='ocrx_word' id='word_1_1064' title='bbox 2608 1364 2631 1380; x_wconf 87' lang='lat' dir='ltr'><strong>n.</strong></span> <span class='ocrx_word' id='word_1_1065' title='bbox 2643 1358 2666 1380; x_wconf 86' lang='lat'><strong>6.</strong></span> 
     </span>
    </p>
   </div>
   <div class='ocr_carea' id='block_1_17' title="bbox 2481 1715 2615 1737">
    <p class='ocr_par' dir='ltr' id='par_1_27' title="bbox 2481 1715 2615 1737">
     <span class='ocr_line' id='line_1_147' title="bbox 2481 1715 2615 1737; baseline 0.007 -1"><span class='ocrx_word' id='word_1_1066' title='bbox 2481 1716 2488 1724; x_wconf 83' lang='grc'><strong>”</strong></span> <span class='ocrx_word' id='word_1_1067' title='bbox 2506 1715 2541 1737; x_wconf 83' lang='lat' dir='ltr'><strong>Cf.</strong></span> <span class='ocrx_word' id='word_1_1068' title='bbox 2557 1715 2615 1737; x_wconf 87' lang='lat' dir='ltr'><strong>ibid.</strong></span> 
     </span>
    </p>
   </div>
   <div class='ocr_carea' id='block_1_18' title="bbox 2478 2458 2691 2585">
    <p class='ocr_par' dir='ltr' id='par_1_28' title="bbox 2478 2458 2691 2585">
     <span class='ocr_line' id='line_1_148' title="bbox 2479 2458 2690 2484; baseline -0.005 -4"><span class='ocrx_word' id='word_1_1069' title='bbox 2479 2459 2487 2468; x_wconf 87' lang='grc'>·</span> <span class='ocrx_word' id='word_1_1070' title='bbox 2509 2458 2565 2484; x_wconf 74' lang='lat' dir='ltr'><strong>cap.</strong></span> <span class='ocrx_word' id='word_1_1071' title='bbox 2581 2458 2610 2479; x_wconf 81' lang='lat' dir='ltr'><strong>de</strong></span> <span class='ocrx_word' id='word_1_1072' title='bbox 2630 2458 2690 2479; x_wconf 82' lang='lat' dir='ltr'><strong>Sub-</strong></span> 
     </span>
     <span class='ocr_line' id='line_1_149' title="bbox 2479 2485 2690 2512; baseline 0.005 -7"><span class='ocrx_word' id='word_1_1073' title='bbox 2479 2485 2582 2510; x_wconf 79' lang='lat' dir='ltr'><strong>stantia,</strong></span> <span class='ocrx_word' id='word_1_1074' title='bbox 2599 2488 2690 2512; x_wconf 87' lang='lat' dir='ltr'><strong>quaest.</strong></span> 
     </span>
     <span class='ocr_line' id='line_1_150' title="bbox 2479 2510 2690 2538; baseline 0.005 -7"><span class='ocrx_word' id='word_1_1075' title='bbox 2479 2510 2595 2538; x_wconf 79' lang='lat' dir='ltr'><strong>Quidnam</strong></span> <span class='ocrx_word' id='word_1_1076' title='bbox 2631 2511 2690 2538; x_wconf 78' lang='lat' dir='ltr'><strong>defi-</strong></span> 
     </span>
     <span class='ocr_line' id='line_1_151' title="bbox 2478 2537 2689 2564; baseline 0 -6"><span class='ocrx_word' id='word_1_1077' title='bbox 2478 2537 2559 2558; x_wconf 85' lang='lat' dir='ltr'><strong>niatur</strong></span> <span class='ocrx_word' id='word_1_1078' title='bbox 2568 2543 2618 2558; x_wconf 84' lang='lat' dir='ltr'><strong>cum</strong></span> <span class='ocrx_word' id='word_1_1079' title='bbox 2632 2537 2689 2564; x_wconf 77' lang='lat' dir='ltr'><strong>defi-</strong></span> 
     </span>
     <span class='ocr_line' id='line_1_152' title="bbox 2479 2564 2691 2585; baseline -0.005 0"><span class='ocrx_word' id='word_1_1080' title='bbox 2479 2564 2691 2585; x_wconf 71' lang='lat' dir='ltr'><strong>nitursubstantia.</strong></span> 
     </span>
    </p>
   </div>
   <div class='ocr_carea' id='block_1_19' title="bbox 2478 2814 2690 2867">
    <p class='ocr_par' dir='ltr' id='par_1_29' title="bbox 2478 2814 2690 2867">
     <span class='ocr_line' id='line_1_153' title="bbox 2478 2814 2689 2840; baseline -0.005 -5"><span class='ocrx_word' id='word_1_1081' title='bbox 2478 2814 2489 2825; x_wconf 74' lang='lat'><strong>¹*</strong></span> <span class='ocrx_word' id='word_1_1082' title='bbox 2499 2814 2530 2835; x_wconf 86' lang='lat'><strong>111</strong></span> <span class='ocrx_word' id='word_1_1083' title='bbox 2539 2814 2608 2840; x_wconf 60' lang='lat' dir='ltr'><strong>Part„</strong></span> <span class='ocrx_word' id='word_1_1084' title='bbox 2619 2819 2657 2840; x_wconf 92' lang='lat' dir='ltr'><strong>qu.</strong></span> <span class='ocrx_word' id='word_1_1085' title='bbox 2665 2819 2689 2840; x_wconf 87' lang='lat'><strong>11,</strong></span> 
     </span>
     <span class='ocr_line' id='line_1_154' title="bbox 2479 2840 2690 2867; baseline -0.005 -6"><span class='ocrx_word' id='word_1_1086' title='bbox 2479 2843 2546 2867; x_wconf 64' lang='lat' dir='ltr'><strong>arta,</strong></span> <span class='ocrx_word' id='word_1_1087' title='bbox 2557 2840 2690 2862; x_wconf 76' lang='lat' dir='ltr'><strong>Commeat.</strong></span> 
     </span>
    </p>
   </div>
   <div class='ocr_carea' id='block_1_20' title="bbox 2479 3121 2671 3175">
    <p class='ocr_par' dir='ltr' id='par_1_30' title="bbox 2479 3121 2671 3175">
     <span class='ocr_line' id='line_1_155' title="bbox 2510 3121 2671 3149; baseline 0.006 -7"><span class='ocrx_word' id='word_1_1088' title='bbox 2510 3121 2535 3142; x_wconf 89' lang='lat' dir='ltr'><strong>In</strong></span> <span class='ocrx_word' id='word_1_1089' title='bbox 2557 3127 2617 3149; x_wconf 85' lang='lat' dir='ltr'><strong>resp.</strong></span> <span class='ocrx_word' id='word_1_1090' title='bbox 2641 3121 2671 3143; x_wconf 86' lang='lat' dir='ltr'><strong>ad</strong></span> 
     </span>
     <span class='ocr_line' id='line_1_156' title="bbox 2479 3151 2567 3175; baseline 0.011 -6"><span class='ocrx_word' id='word_1_1091' title='bbox 2479 3151 2567 3175; x_wconf 84' lang='lat' dir='ltr'><strong>quaest.</strong></span> 
     </span>
    </p>
   </div>
  </div>
 </body>
</html>
