2768 4178
124 1199 140 1229 fl

1 2187 4 2190 ,
23 2153 34 2164 ·
47 2152 76 2176 D.
91 2157 155 2181 105⁹·

914 272 1181 318 QUAESTIO
1211 272 1390 318 XXXIII,
1420 271 1715 309 ARTICULUS
1745 271 1796 308 IV

262 357 469 398 utrumque
498 350 622 398 simul,
652 350 790 388 scilicet
812 350 918 399 quod
946 351 1057 387 Pater
1076 363 1098 387 a
1122 351 1225 387 nullo
1255 358 1323 397 est,

266 410 302 440 et
338 404 443 452 quod
481 411 536 440 est
571 404 797 453 principium
834 403 1017 449 aliorum;
1050 404 1112 440 vel
1150 403 1329 452 importat

265 456 522 494 universalem
542 457 820 502 auctoritatem;
835 456 898 494 vel
919 456 1032 493 etiam
1051 456 1232 492 fontalem
1251 456 1327 504 ple-

266 509 487 547 nitudinem.
508 530 532 536 -
554 509 631 546 Sed
659 510 734 546 hoc
762 521 840 546 non
867 508 1018 546 videtur
1043 521 1192 545 verum.
1228 509 1329 555 Quia

266 562 319 599 sic
347 561 614 599 innascibilitas
642 574 721 598 non
750 569 847 599 esset
874 561 946 598 alia
973 561 1183 609 proprietas
1212 574 1234 597 a
1262 574 1328 610 pa-

265 615 437 652 ternitate
466 622 502 651 et
530 615 746 663 spiratione,
771 614 839 652 sed
867 614 1076 650 includeret
1104 626 1179 660 eas,
1205 614 1300 650 sicut
1319 620 1328 634 Β

266 668 468 704 includitur
494 667 691 715 proprium
712 667 750 703 in
776 667 991 704 communi:
1021 679 1111 705 narn
1139 667 1328 714 fontalitas

267 728 303 757 et
317 720 518 757 auctoritas
538 720 628 756 nihil
650 719 751 756 aliud
771 719 982 769 significant
999 720 1038 756 in
1057 719 1194 756 divinis
1213 732 1329 768 quam

264 773 492 822 principium
521 771 684 819 originis.
705 793 730 799 -
750 773 800 809 Et
827 773 913 810 ideo
939 772 1146 810 dicendum
1176 781 1242 819 est,
1272 786 1329 809 se-

266 825 434 863 cundum
449 825 717 872 Augustinum,
734 826 769 862 V
783 826 829 863 de
847 827 883 862 T
879 826 950 862 rin.
966 825 997 872 ²¹⁴,
1019 826 1124 874 quod
1144 827 1330 875 ingenitus

264 878 507 926 negationem
535 878 788 925 generationis
815 878 991 927 passivae
1014 878 1212 927 importat:
1243 879 1331 916 dicit

267 930 368 968 enim
398 931 504 979 quod
532 937 675 967 tantum
702 931 803 968 valet
833 932 934 979 quod
959 932 1094 968 dicitur
1125 932 1328 981 ingenitus,

265 989 447 1032 quantum
474 983 575 1021 valet
600 984 701 1032 quod
725 984 860 1021 dicitur
884 996 958 1021 non
982 985 1111 1021 Filzus.
1134 985 1218 1021 Nec
1242 997 1330 1033 pro-

264 1043 349 1086 pter
366 1037 441 1073 hoc
461 1036 630 1085 sequitur
650 1037 755 1085 quod
775 1037 962 1087 ingenitus
987 1050 1064 1074 non
1086 1037 1223 1074 debeat
1237 1038 1329 1086 poni

263 1089 419 1139 propria
438 1090 543 1127 notio
571 1090 709 1127 Patris:
740 1090 827 1138 quia
854 1091 980 1138 prima
999 1098 1036 1127 et
1059 1090 1244 1139 simplicia
1262 1103 1331 1139 per

265 1142 485 1190 negationes
522 1143 779 1188 notificantur;
815 1143 910 1190 sicut
946 1143 1107 1180 dicimus
1143 1151 1329 1192 punctum

267 1207 349 1232 esse
378 1196 484 1232 cuius
512 1195 526 1222 ζ
546 1208 642 1244 pars
670 1208 744 1234 non
773 1201 836 1232 est.

319 1250 377 1285 AD
407 1261 597 1291 SECUNDUM
625 1261 809 1286 DICENDUM
837 1248 943 1298 quod
976 1248 1182 1297 ingenitum
1212 1260 1329 1296 quan-

267 1300 413 1350 doque.
433 1302 595 1338 sumitur
630 1301 805 1349 negative
842 1309 1000 1338 tantum.
1030 1301 1080 1337 Et
1115 1301 1329 1338 secundum

223 1372 239 1405 Ἴ
264 1354 341 1391 hoc
369 1354 626 1403 Hieronymus
655 1354 743 1391 dicit
769 1354 790 1376 ’⁸
818 1353 999 1402 Spiritum
1034 1354 1217 1390 Sanctum
1247 1366 1329 1391 esse

2372 271 2444 307 363

1384 350 1429 386 sit
1457 351 1505 387 ab
1534 350 1625 387 alio:
1657 358 1692 386 et
1719 362 1798 386 non
1826 351 1951 387 solum
1979 351 2084 398 quod
2112 362 2190 386 non
2223 349 2269 386 sit
2297 349 2344 385 ab
2373 349 2445 385 alio

1383 415 1452 451 per
1479 403 1762 451 generationem
1786 401 1809 440 λ.
1841 403 1903 440 Sic
1932 403 2033 440 enim
2067 415 2137 439 nec
2172 402 2325 451 Spiritui
2354 403 2447 438 San-

1385 463 1444 492 cto
1475 456 1654 493 convenit
1673 468 1755 492 esse
1775 455 2002 504 ingenitum,
2028 456 2091 504 qui
2122 463 2176 492 est
2204 456 2251 491 ab
2277 455 2349 492 alio
2379 467 2448 503 per

1383 509 1669 557 processionem
1703 510 1745 545 ut
1771 521 1937 557 persona
1969 509 2195 546 subsistens:
2229 521 2299 545 nec
2333 508 2446 544 etiam

1385 562 1535 598 divinae
1570 562 1773 608 essentiae,
1810 562 1856 599 de
1890 574 1964 610 qua
1996 570 2121 610 potest
2155 561 2226 598 dici
2253 560 2359 609 quod
2393 568 2448 597 est

1384 614 1422 651 in
1451 615 1544 651 Filio
1572 616 1635 652 vel
1663 615 1699 651 in
1729 615 1868 663 Spiritu
1897 615 2036 651 Sancto
2066 616 2114 651 ab
2143 615 2228 661 alio,
2259 614 2398 650 scilicet
2425 626 2447 650 a

1384 668 1494 704 Patre
1519 674 1548 704 μ.
2570 671 2589 695 ‘²

1437 722 1496 756 AD
1525 732 1684 757 TERT1UM
1712 732 1896 757 DICENDUM
1925 719 2040 768 quod,
2072 720 2283 756 secundum
2304 721 2446 756 Dama-

1361 785 1542 810 ·scenum
1570 773 1603 820 ²⁸,
1624 773 1832 822 ingenitum
1866 785 1944 809 uno
1975 772 2093 809 modo
2131 773 2314 820 significat
2342 772 2445 809 idem

1386 826 1491 874 quod
1524 827 1756 863 increatum.-
1791 833 1827 862 et
1861 825 1912 862 sic
1950 825 2161 862 secundum
2198 825 2446 862 substantiam

2475 774 2484 784 ¹
2494 774 2530 796 De
2539 774 2598 796 Fide
2609 775 2686 802 Orth„

2474 801 2514 822 lib.
2529 801 2546 828 1,
2563 807 2614 829 cap.
2624 807 2672 823 vm.

1386 879 1536 925 dicitur;
1566 891 1634 928 per
1661 879 1736 915 hoc
1756 878 1858 915 enim
1886 878 2009 915 differt
2028 878 2235 915 substantia
2255 885 2378 914 creata
2397 879 2445 915 ab

1383 932 1559 968 increata.
1593 931 1679 968 Alio
1714 931 1832 968 modo
1862 931 2046 979 signifieat
2079 931 2114 968 id
2144 931 2249 979 quod
2285 943 2364 967 non
2393 938 2447 967 est

1385 985 1565 1032 genitum.
1602 985 1651 1021 Et
1678 984 1731 1021 sic
1764 984 1917 1021 relative
1947 984 2100 1031 dicitur,
2140 997 2187 1021 eo
2222 983 2340 1020 modo
2371 996 2446 1032 quo

1385 1038 1532 1085 negatio
1575 1037 1766 1074 reducitur
1801 1038 1849 1075 ad
1883 1049 2001 1085 genus
2039 1036 2319 1084 affirmationis,
2353 1036 2448 1073 sicut

1385 1103 1459 1127 non
1488 1092 1600 1127 homo
1630 1090 1678 1127 ad
1707 1102 1826 1138 genus
1855 1090 2102 1138 substantiae,
2138 1098 2175 1127 et
2206 1102 2280 1127 non
2318 1089 2445 1126 album

1386 1144 1435 1180 ad
1461 1155 1580 1190 genus
1609 1143 1807 1191 qualitatis.
1838 1143 1960 1189 Unde,
1983 1156 2071 1180 cum
2089 1144 2257 1193 genitum
2286 1142 2325 1179 in
2354 1142 2446 1179 divi-

1385 1196 1442 1232 nis
1471 1196 1693 1232 relationem
1721 1196 1911 1244 importet,
1935 1197 2142 1246 ingenitum
2172 1196 2284 1232 etiam
2313 1195 2361 1232 ad
2389 1208 2445 1232 re-

1385 1249 1563 1285 lationem
1583 1249 1754 1297 pertinet.
1785 1249 1833 1285 Et
1852 1248 1905 1285 sic
1925 1261 2003 1285 non
2024 1249 2192 1297 sequitur
2211 1248 2316 1297 quod
2334 1249 2446 1284 Pater

1384 1301 1571 1348 ingenitus
1610 1301 1857 1348 distinguatur
1889 1314 1912 1338 a
1944 1301 2039 1338 Filio
2074 1301 2200 1349 genito
2234 1302 2445 1338 secundum

1385 1354 1654 1398 substantiam;
1693 1354 1761 1390 sed
1789 1354 1914 1391 solum
1952 1355 2164 1391 secundum
2202 1354 2444 1400 relationem,

264 1406 485 1455 ingenitum,
505 1407 603 1444 idest
620 1419 694 1444 non
713 1407 894 1457 genitum.
915 1427 939 1434 -
960 1405 1046 1443 Alio
1066 1406 1185 1443 modo
1205 1414 1330 1455 potest
1367 1406 1610 1455 ‘inquantum
1639 1406 1777 1443 scilicet
1806 1407 1934 1443 relatio
1963 1407 2043 1443 Filii
2072 1414 2230 1455 negatur
2255 1407 2302 1444 de
2322 1408 2443 1444 Patre.

266 1459 339 1497 dici
358 1460 564 1510 ingenitum
584 1460 712 1507 aliquo
733 1460 852 1496 modo
878 1459 1080 1508 privative:
1102 1471 1181 1496 non
1200 1467 1329 1497 tamen

265 1513 432 1562 aliquam
459 1513 787 1562 imperfectionem
815 1513 994 1561 importat
1020 1517 1045 1548 η.
1071 1512 1330 1560 Multipliciter

265 1565 367 1602 enim
387 1565 520 1603 dicitur
546 1566 720 1614 privatio.
742 1566 828 1603 Uno
849 1565 981 1612 modo,
1007 1565 1161 1613 quando
1186 1565 1328 1614 aliquid

263 1629 344 1656 non
382 1618 499 1656 habet
535 1619 642 1666 quod
674 1627 807 1655 natum
846 1627 901 1655 est
942 1618 1073 1655 haberi
1102 1616 1114 1638 ⁰
1142 1619 1190 1655 ab
1229 1618 1326 1666 alio,

264 1670 409 1708 etiamsi
437 1672 562 1720 ipsum
591 1684 670 1709 non
699 1672 744 1708 sit
768 1679 898 1708 natum
925 1672 1067 1708 habere
1096 1671 1203 1708 illud:
1233 1672 1329 1708 sicut

263 1723 293 1761 si
320 1724 415 1773 lapis
434 1725 580 1763 dicatur
607 1737 667 1762 res
686 1732 849 1771 mortua,
872 1725 960 1773 quia
980 1731 1082 1761 caret
1099 1724 1189 1772 vita,
1210 1737 1327 1774 quam

264 1778 456 1825 quaedam
477 1790 536 1814 res
564 1786 675 1815 natae
704 1786 790 1814 sunt
808 1778 961 1815 habere.
982 1777 1067 1814 Alio
1097 1777 1217 1814 modo
1239 1778 1328 1815 dici-

264 1837 324 1867 tur
349 1831 525 1880 privatio,
546 1831 702 1879 quando
723 1831 863 1880 aliquid
886 1843 965 1867 non
992 1831 1108 1867 habet
1135 1831 1240 1878 quod
1260 1843 1327 1867 na-

263 1891 346 1920 tum
374 1891 431 1920 est
457 1883 590 1920 haberi
618 1890 625 1904 ‘
654 1884 702 1920 ab
737 1884 863 1931 aliquo
897 1884 954 1920 sui
983 1883 1146 1931 generis;
1173 1883 1268 1920 sicut
1296 1884 1326 1920 si

263 1937 364 1986 talpa
384 1936 528 1974 dicatur
557 1949 682 1973 caeca.
703 1937 835 1973 Tertio
864 1936 996 1983 modo,
1021 1937 1176 1985 quando
1203 1937 1328 1986 ipsum

263 2002 342 2027 non
360 1990 475 2026 habet
494 1990 599 2039 quod
627 1997 759 2027 natum
780 1997 835 2026 est
862 1990 1021 2026 habere:
1050 1997 1086 2026 et
1111 1989 1186 2026 hoc
1205 1990 1325 2027 modo

262 2042 425 2092 privatio
453 2043 782 2091 imperfectionem
810 2042 1001 2091 importat.
1024 2043 1085 2079 Sic
1114 2050 1242 2079 autem
1271 2043 1326 2080 in-

262 2096 432 2146 genitum
461 2109 539 2133 non
569 2096 703 2133 dicitur
729 2095 914 2144 privative
944 2096 991 2132 de
1020 2096 1142 2143 Patre,
1173 2096 1240 2133 sed
1269 2109 1326 2133 se-

264 2149 390 2186 cundo
410 2149 530 2186 modo
545 2149 584 2196 ²¹²,
611 2156 724 2198 prout
743 2149 882 2185 scilicet
906 2148 1061 2197 aliquod
1086 2149 1325 2198 suppositum

264 2202 415 2239 divinae
453 2209 610 2239 naturae
647 2214 727 2238 non
759 2209 815 2238 est
842 2202 1028 2250 genitum,
1055 2201 1161 2238 cuius
1198 2210 1327 2240 tamen

263 2262 419 2292 naturae
449 2255 607 2303 aliquod>
632 2254 871 2303 suppositum
900 2262 955 2291 est
981 2254 1163 2303 genitum.
1193 2276 1216 2282 -
1248 2256 1324 2293 Sed

263 2308 474 2345 secundum
492 2309 592 2345 hanc
611 2308 808 2355 rationem,
831 2307 946 2344 etiam
963 2308 1010 2344 de
1027 2307 1167 2356 Spiritu
1184 2309 1323 2345 Sancto

261 2368 387 2410 potest
406 2361 479 2398 dici
506 2361 726 2411 ingenitum.
748 2361 858 2398 Unde
883 2361 932 2398 ad
951 2361 1027 2397 hoc
1046 2361 1151 2409 quod
1171 2361 1217 2397 sit
1236 2373 1325 2410 pro-

260 2413 390 2463 prium
418 2414 488 2451 soli
515 2414 629 2461 Patri,
658 2422 808 2463 oportet
834 2414 989 2450 ulterius
1017 2413 1055 2451 in
1083 2414 1241 2451 nomine
1270 2415 1326 2452 in-

246 2466 380 2518 'geniti
404 2467 622 2515 intelligere,
643 2467 748 2515 quod
777 2467 981 2504 conveniat
999 2467 1110 2504 alicui
1137 2472 1324 2515 personae

263 2520 416 2558 divinae
444 2533 542 2569 quae
571 2520 616 2557 sit
643 2520 871 2569 principium
898 2520 1049 2557 alterius
1075 2532 1264 2569 personae
1291 2527 1323 2566 ’‘;

261 2581 304 2610 ut
340 2573 394 2621 sic
429 2573 653 2620 intelligatur
680 2573 885 2621 importare
923 2573 1165 2620 negationem
1196 2573 1235 2610 in
1262 2585 1324 2620 ge-

262 2638 353 2663 nere
380 2626 553 2675 principii
578 2626 826 2675 personaliter
845 2625 932 2663 dicti
950 2626 988 2662 in
1013 2626 1160 2663 divinis.
1181 2626 1263 2673 Vel,
1284 2634 1325 2663 ut

261 2679 486 2726 intelligatur
504 2679 543 2715 in
571 2679 727 2716 nomine
747 2679 913 2728 ingeniti,
934 2679 1040 2727 quod
1066 2679 1224 2716 omnino
1245 2691 1323 2716 non

315 2793 338 2826 ε)
357 2794 434 2818 sicut.
452 2807 471 2813 -
488 2793 631 2818 secundum
650 2793 722 2825 quod
739 2793 794 2818 BD.

314 2828 340 2861 ζ)
359 2829 442 2854 cuius.
460 2842 480 2847 -
497 2829 541 2854 cui
557 2828 633 2853 ACE.

313 2864 340 2897 η)
360 2872 411 2889 non
432 2867 519 2889 tamen
570 2864 706 2895 importat.
723 2877 743 2882 -
761 2870 812 2888 non
833 2866 920 2888 tamen
939 2864 1045 2896 quod
1061 2864 1186 2895 importet
1203 2865 1232 2888 Β.

315 2898 339 2932 θ)
358 2900 458 2924 haberi.
476 2913 495 2919 —·
512 2899 608 2924 habere
627 2899 655 2923 P.

315 2935 333 2967 ι)
353 2935 454 2960 haberi.
472 2948 490 2953 -
507 2935 603 2959 habere
622 2935 650 2959 P.

314 2971 339 3002 κ)
354 2977 497 3002 personae.
514 2984 532 2990 —-
552 2970 658 2994 divinae
676 2969 772 2994 addunt
790 2969 911 2994 ABCDE.

313 3004 342 3038 λ)
361 3005 571 3039 generationem.
587 3019 606 3024 —
623 3005 670 3030 sed
683 3012 765 3037 neque
773 3012 825 3037 per
834 3005 1030 3036 processionem
1044 3005 1113 3029 addit
1127 3004 1156 3029 F.
1168 3016 1188 3024 ·-
1199 3005 1249 3029 Pro
1262 3011 1324 3029 con-

262 3041 341 3071 venit,
359 3041 497 3066 conveniet
514 3040 636 3065 ACEF-G.

1436 1461 1496 1496 AD
1526 1471 1699 1502 QUARTUM
1726 1471 1909 1496 DtCENDUM
1939 1460 2059 1507 quod,
2090 1460 2184 1496 sicut
2211 1460 2249 1496 in
2278 1460 2447 1509 quolibet

1383 1525 1521 1560 genere
1550 1520 1700 1561 oportet
1727 1524 1870 1560 ponere
1898 1525 2019 1549 unum
2049 1513 2226 1561 primum,
2248 1512 2297 1549 ita
2325 1513 2363 1549 in
2393 1513 2446 1550 di-

1383 1566 1474 1602 vina
1510 1574 1644 1602 natura
1681 1573 1830 1613 oportet
1863 1578 2008 1614 ponere
2037 1579 2158 1603 unum
2186 1566 2414 1614 principium
2434 1571 2446 1585 ¹'
2572 1571 2585 1587 ν

1384 1619 1488 1666 quod
1526 1631 1605 1655 non
1633 1618 1677 1655 sit
1705 1619 1752 1655 ab
1782 1618 1875 1664 alio,
1912 1619 2016 1667 quod
2054 1619 2260 1668 ingenitum
2299 1619 2444 1656 dicitur.

1383 1673 1532 1708 Ponere
1561 1672 1671 1719 igitur
1699 1671 1796 1708 duos
1824 1671 2074 1719 innascibiles,
2096 1679 2151 1708 est
2178 1684 2321 1720 ponere
2350 1673 2446 1709 duos

1383 1726 1509 1772 Deos,
1546 1733 1582 1761 et
1611 1725 1706 1761 duas
1743 1732 1896 1761 naturas
1934 1724 2092 1761 divinas.
2131 1724 2243 1762 Unde
2281 1724 2445 1761 Hilarius

1384 1778 1482 1825 dicit,
1512 1777 1550 1814 in
1578 1778 1673 1814 libro
1702 1778 1748 1814 de
1775 1778 1938 1825 Synodis
1956 1777 1993 1814 *ε
2028 1778 2122 1814 Cum
2144 1790 2239 1814 unus
2258 1778 2361 1814 Deus
2387 1778 2445 1824 sit,

1383 1831 1456 1867 duo
1485 1830 1720 1868 innascibiles
1748 1843 1826 1867 esse
1854 1843 1928 1867 non
1957 1836 2125 1878 possunt.
2160 1831 2208 1867 Et
2235 1831 2310 1867 hoc
2337 1843 2446 1879 prae-

1383 1884 1492 1932 cipue
1521 1884 1621 1932 quia,
1651 1883 1681 1920 si
1712 1891 1837 1920 essent
1865 1883 1942 1920 duo
1972 1883 2227 1929 innascibiles,
2255 1896 2354 1920 unus
2383 1896 2447 1920 eo-

1383 1949 1466 1975 rum
1487 1949 1566 1974 non
1586 1944 1684 1973 esset
1703 1937 1750 1973 ab
1772 1936 1866 1973 alio:
1897 1943 1933 1972 et
1961 1936 2014 1972 sic
2034 1949 2111 1972 non
2132 1936 2445 1984 distinguerentur

1383 1990 1622 2039 oppositione
1652 1989 1827 2026 relativa:
1858 1996 2049 2037 oporteret
2067 1989 2177 2037 igitur
2197 1989 2301 2038 quod
2321 1989 2446 2026 distin-

1381 2051 1583 2091 guerentur
1602 2040 1615 2066 t
1644 2042 1856 2080 diversitate
1886 2050 2053 2079 naturae.
2576 2036 2589 2068 ξ

1434 2097 1496 2133 Ad
1524 2107 1686 2138 QUtNTUM
1715 2107 1898 2132 DICENDUM
1936 2095 2041 2143 quod
2078 2095 2288 2143 proprietas
2323 2095 2443 2132 Patris

1381 2157 1495 2197 prout
1522 2161 1601 2186 non
1630 2156 1685 2185 est
1713 2149 1760 2185 ab
1790 2148 1874 2193 alio,
1899 2148 2025 2196 potius
2046 2148 2275 2196 significatur
2301 2160 2371 2196 per
2389 2161 2446 2184 re-

1381 2202 1591 2238 motionem
1620 2201 1821 2238 nativitatis
1842 2201 1934 2248 Filii,
1955 2213 2071 2249 quarn
2097 2213 2166 2249 per
2194 2201 2444 2237 remotionem

1379 2254 1635 2303 processionis
1655 2254 1815 2303 Spiritus
1841 2254 1980 2291 Sancti.
2010 2254 2114 2290 Tum
2143 2253 2232 2302 quia
2250 2253 2444 2302 processio

1382 2307 1542 2356 Spiritus
1572 2308 1698 2344 Sancti
1723 2319 1802 2344 non
1830 2307 1945 2343 habet
1963 2319 2107 2343 nomen
2127 2307 2303 2355 speciale,
2323 2315 2364 2343 ut
2384 2319 2446 2343 su-

2475 1786 2484 1794 ''
2490 1784 2523 1806 Su
2528 1790 2570 1812 per
2576 1790 2690 1806 can.xxv1.

2473 2363 2482 2372 '¹
2498 2362 2545 2389 Qu.
2560 2368 2632 2389 xxvn,
2643 2366 2686 2385 art.

1379 2373 1448 2410 pra
1466 2360 1486 2382 '¹‘
1511 2361 1654 2398 dictum
1675 2367 1740 2397 est.
1771 2361 1874 2397 Tum
1894 2360 1982 2408 quia
2002 2360 2114 2396 etiam
2136 2359 2269 2396 ordine
2288 2368 2444 2396 naturae
2470 2395 2486 2415 4
2509 2388 2538 2410 ad
2551 2395 2572 2417 3·

1378 2413 1653 2463 praesupponit
1679 2413 1964 2461 generationem
1994 2413 2086 2449 Filii.
2117 2413 2240 2459 Unde,
2262 2421 2409 2450 remoto
2433 2418 2445 2433 ⁰
2488 2405 2494 2415 ’
2572 2425 2586 2442 ο

1380 2479 1402 2503 a
1421 2468 1532 2503 Patre
1554 2466 1659 2515 quod
1678 2479 1757 2503 non
1776 2467 1821 2503 sit
1840 2466 1997 2514 genitus,
2021 2478 2107 2502 curn
2128 2474 2256 2502 tamen
2276 2466 2322 2502 sit
2339 2466 2443 2514 prin-

1381 2519 1523 2568 cipium
1551 2519 1815 2567 generationis,
1837 2518 2006 2566 sequitur
2034 2526 2309 2567 consequenter
2338 2519 2443 2566 quod

1379 2585 1458 2609 non
1495 2573 1541 2609 sit
1576 2572 1789 2621 procedens
1820 2571 2065 2620 processione
2101 2572 2259 2620 Spiritus
2295 2572 2442 2608 Sancti:

1379 2625 1468 2674 quia
1497 2625 1656 2674 Spiritus
1685 2626 1844 2661 Sanctus
1873 2637 1951 2661 non
1981 2632 2036 2661 est
2063 2624 2314 2672 generationis
2341 2625 2442 2674 prin-

1379 2678 1532 2727 cipium,
1563 2678 1630 2715 sed
1659 2690 1680 2714 a
1708 2678 1832 2725 genito
1861 2678 2086 2726 procedens.

1435 2793 1463 2826 μ.)
1482 2800 1500 2817 a
1518 2793 1607 2817 Patre.
1624 2805 1645 2812 —
1662 2793 1743 2817 Patre
1761 2791 1883 2816 ACEFG.

1433 2829 1457 2860 ν)
1477 2836 1558 2852 unum
1572 2828 1744 2860 principium.
1762 2840 1782 2846 -
1801 2834 1881 2852 unum
1904 2827 2022 2858 primum
2038 2827 2200 2859 principium
2220 2827 2322 2855 ABCE.
2339 2827 2441 2858 princi-

1398 2864 1452 2888 ium
1471 2864 1500 2888 P.

1374 2871 1396 2895 p
1434 2897 1456 2931 ξ)
1476 2901 1612 2930 oporteret
1630 2898 1715 2931 igitur
1732 2897 1804 2930 quod
1825 2897 2062 2930 distinguerentur.
2080 2911 2099 2916 —
2116 2897 2164 2922 sed
2181 2898 2216 2928 B;
2236 2905 2283 2930 pro
2307 2900 2442 2928 oporteret

1381 2934 1473 2967 igitur,
1486 2941 1551 2966 ergo
1564 2937 1670 2966 oportet
1687 2934 1736 2966 pA.
1755 2940 1820 2966 ergo
1835 2936 1970 2964 oporteret
1986 2934 2030 2963 sA,
2045 2936 2151 2964 oportet
2164 2940 2228 2965 ergo
2241 2933 2361 2962 CDEFG,
2382 2933 2440 2957 ideo

1380 2972 1515 3001 oporteret
1533 2969 1591 2993 edd.
1609 2976 1626 2993 a
1637 2969 1660 2993 b.

1432 3004 1457 3037 o)
1477 3008 1586 3029 remoto.
1604 3018 1623 3022 -
1641 3004 1801 3028 removendo
1820 3003 1874 3028 BG.

933 3119 1266 3152 Commentaria
1288 3118 1537 3151 Oardjnalis
1559 3118 1759 3151 Caietam

293 3217 313 3237 N
332 3207 436 3243 titulo,
454 3209 624 3248 proprium
649 3207 851 3247 distinguitur
873 3214 982 3237 contra
1005 3217 1181 3238 commune.
1206 3207 1247 3237 Et
1271 3217 1322 3237 ex-

266 3219 406 3287 Icludit,
430 3258 467 3282 ut
488 3251 522 3281 in
550 3251 757 3292 responsione
781 3251 821 3281 ad
844 3251 1021 3281 secundum
1035 3251 1053 3270 *
1075 3251 1225 3287 habetur,
1257 3261 1323 3281 non

265 3295 372 3326 solum
395 3295 471 3325 alias
494 3305 644 3335 personas
669 3295 799 3331 divinas,
823 3295 878 3325 sed
901 3295 996 3326 etiam
1019 3302 1164 3325 naturam
1183 3295 1295 3335 ipsam.

320 3340 358 3370 II.
384 3339 419 3369 In
443 3349 574 3379 corpore
597 3339 691 3370 unica
718 3346 765 3370 est
792 3339 971 3375 conclusio,
1001 3349 1067 3369 non
1091 3339 1150 3369 nisi
1174 3339 1324 3379 implicite

262 3383 445 3424 responsiva
460 3383 603 3424 quaesito
619 3394 655 3414 ac
670 3383 786 3424 posita:
812 3383 991 3423 Ingenitum
1015 3393 1081 3413 esse
1098 3390 1143 3414 est
1158 3383 1324 3423 proprium

262 3428 371 3458 Patris.
389 3445 408 3449 -
425 3427 579 3457 Probatur
594 3427 647 3458 sic.
667 3428 758 3458 Pater
772 3435 802 3458 et
818 3427 916 3458 Filius
931 3427 964 3457 in
981 3427 1094 3457 divinis
1117 3434 1191 3458 sunt
1200 3428 1324 3467 princi-

256 3473 348 3512 pium
374 3481 436 3501 non
460 3471 499 3502 de
515 3472 686 3511 principio,
704 3478 735 3502 et
746 3473 943 3512 principium
967 3471 1007 3502 de
1024 3472 1196 3511 principio,
1213 3481 1323 3512 quem-

262 3516 439 3546 admodum
462 3515 494 3545 in
519 3515 665 3545 creaturis
693 3515 769 3546 haec
793 3522 838 3546 est
868 3515 1059 3555 principium
1082 3515 1241 3555 primurn,
1271 3515 1325 3545 illa

262 3560 454 3600 principium
471 3559 664 3590 secundum:
690 3569 764 3599 ergo
784 3566 871 3599 pater
890 3559 1055 3600 dupliciter
1074 3559 1250 3595 innotescit,
1268 3559 1325 3590 sci-

261 3604 333 3635 licet
360 3604 551 3645 inquantum
569 3603 771 3644 principium,
791 3604 975 3643 paternitate
991 3611 1021 3634 et
1038 3604 1203 3634 communi
1227 3603 1324 3644 spira-

1377 3206 1482 3243 tione;
1513 3213 1543 3236 et
1570 3206 1761 3247 inquantum
1784 3216 1850 3236 non
1873 3207 1912 3236 de
1935 3206 2109 3246 principio,
2141 3216 2196 3246 per
2219 3216 2284 3236 non
2309 3216 2375 3236 esse
2399 3206 2437 3236 ab

1378 3250 1458 3280 alio:
1484 3260 1558 3290 ergo
1582 3260 1637 3290 per
1660 3260 1726 3281 esse
1749 3250 1935 3290 ingenitum.
1966 3251 2006 3281 Et
2028 3251 2053 3280 si
2078 3250 2322 3281 subintellexeris
2350 3250 2439 3290 quod

1378 3305 1444 3324 esse
1468 3294 1660 3334 principium
1683 3305 1750 3325 non
1774 3295 1812 3325 de
1835 3294 2009 3335 principio,
2035 3305 2089 3325 seu
2113 3304 2179 3324 non
2203 3304 2269 3324 esse
2293 3294 2331 3324 ab
2355 3294 2435 3330 alio,

1378 3345 1424 3369 est
1439 3338 1605 3378 proprium
1628 3338 1720 3375 Patri,
1745 3339 1915 3369 concludes
1938 3349 2003 3369 non
2027 3338 2134 3369 solum
2149 3339 2238 3379 quod
2257 3339 2435 3379 ingenitum

1378 3382 1524 3412 convenit
1547 3382 1640 3419 Patri,
1665 3383 1753 3423 quod
1775 3383 1809 3412 in
1831 3382 1932 3413 littera
1956 3382 2142 3422 explicatur;
2168 3383 2223 3412 sed
2239 3382 2333 3412 etiam
2349 3382 2438 3422 quod

1378 3433 1424 3457 est
1441 3428 1610 3466 proprium
1634 3426 1734 3462 Patri,
1759 3427 1847 3467 quod
1871 3427 2050 3467 quaesitum
2073 3434 2150 3462 erat,
2175 3433 2205 3456 et
2227 3426 2316 3466 quod
2339 3426 2437 3456 deter-

1378 3471 1496 3500 minare
1519 3471 1699 3501 intendebat
1721 3470 1831 3501 littera.

1434 3514 1630 3544 Antecedens
1655 3514 1843 3545 declaratur:
1869 3514 1942 3555 quia
1961 3514 1994 3544 in
2013 3514 2155 3554 personis
2179 3514 2291 3544 divinis
2307 3524 2372 3544 non
2393 3520 2439 3544 est

1377 3559 1464 3599 prius
1481 3566 1511 3589 et
1526 3558 1691 3598 posterius,
1713 3565 1748 3588 ut
1763 3558 1892 3588 inferius
1906 3558 1923 3577 *
1938 3558 2064 3598 patebit.
2074 3576 2100 3583 »-
2115 3557 2351 3598 Consequentia
2362 3568 2436 3588 vero
2465 3559 2595 3587 ‘Qu.n.n‚
2608 3562 2678 3588 «ιη-3·

1378 3603 1479 3643 prima
1503 3603 1669 3643 probatur:
1694 3602 1769 3643 quia
1792 3602 1983 3643 principium
2006 3602 2147 3642 primum
2162 3602 2195 3632 in
2210 3602 2355 3633 creaturis
2379 3602 2436 3632 du-
