2768 4178
292 268 369 315 438
985 262 1251 311 QUAEsTlo
1281 249 1402 310 an,
1431 256 1728 298 ARTICULUS'
1758 261 1791 296 11

295 347 435 378 secundo
459 353 566 377 autem
589 344 698 381 modo,
714 344 747 374 in
764 344 830 374 aliis
845 345 950 375 rebus.
969 343 1099 374 Falsum
1118 349 1164 373 est
1183 342 1277 378 enim,
1290 341 1357 372 imo
1411 351 1519 372 veram
1534 341 1765 382 aequalitatem,
1783 347 1814 371 et
1828 339 2008 380 perfectam,
2025 345 2055 370 et
2069 338 2215 379 primam,
2227 349 2396 376 summam,
2408 346 2476 376 etc„

294 390 499 442 impossibile,
513 390 601 430 quod
618 389 757 419 secundo
774 388 872 418 modo
889 387 1065 418 inveniatur
1081 387 1113 416 in
1129 386 1256 416 divinis:
1277 395 1357 426 quo-

294 436 380 466 niam
397 441 442 465 est
456 434 560 464 forma
573 432 844 472 imperfectionem
860 432 1033 471 coexigens,
1051 430 1167 461 scilicet
1185 429 1358 460 distinctio-

295 489 369 510 nem
391 478 587 508 numeralem
610 476 841 507 absolutorum.

1413 392 1448 416 ut
1462 386 1496 416 in
1508 395 1641 426 corpore
1657 384 1779 416 articuli
1799 384 1969 425 probatum
1988 389 2051 414 est:
2072 383 2126 414 sed
2142 393 2208 413 non
2223 383 2413 424 inquantum
2432 389 2478 414 est

1412 429 1521 460 relatio
1545 429 1654 465 realis,
1686 435 1722 459 ut
1743 428 1776 459 in
1799 427 2007 468 responsione
2031 427 2070 457 ad
2093 433 2242 468 quartum
2266 426 2387 458 dicitur.
2412 428 2478 457 Nec

1413 473 1537 510 fallaris,
1558 473 1761 513 digrediendo
1785 473 1824 503 ab
1848 471 2034 512 aequalitate
2053 481 2119 502 uno
2139 471 2248 508 modo,
2268 471 2308 501 ad
2327 481 2397 502 earn
2415 471 2478 501 alio

354 522 421 553 XII.
437 522 478 552 Et
493 521 595 552 bene'
587 531 620 551 1n
642 531 676 551 re
699 521 758 551 hac
780 521 931 555 advertas,
949 525 979 549 et
1003 518 1166 554 concedas,
1187 517 1220 548 in
1245 517 1358 547 divinis
1412 518 1523 548 modo.

1065 670 1383 713 ARTICULUS
1413 670 1711 712 SECUNDUS

487 775 643 807 UTRUM
666 774 863 806 PERSONA
885 772 1141 804 PROCEDENS
1164 772 1231 803 SIT
1257 771 1523 803 coAETERNA
1547 771 1631 802 SUo
1654 771 1880 808 PRINCIPIO,
1905 772 1966 803 UT
1990 770 2126 802 F1L1Us
2152 770 2281 801 PATRI

781 861 813 886 111
832 861 915 891 Sent„
935 860 993 884 dist.
1011 867 1044 891 xi,
1064 865 1152 890 art.1;
1173 858 1214 883 De
1232 858 1299 888 Por„
1320 866 1364 891 qu.
1382 866 1419 890 m,
1436 863 1484 882 art.
1503 857 1547 888 13;
1569 858 1713 890 compend.
1730 857 1827 887 Theol„
1847 865 1902 890 cap.
1919 865 1996 890 xmu

1113 895 1143 919 In
1164 894 1342 923 Decretal.1,·
1361 894 1443 924 Ioan„
1463 888 1518 925 cap.
1536 900 1560 923 ι,
1579 894 1638 918 lect.
1656 901 1674 918 1.

339 1020 362 1033 fl
510 999 533 1024 D
549 997 738 1024 SECUNDUM
753 997 806 1022 Sic
822 995 1061 1021 Paocamrua.
1081 982 1241 1020 Videtur
1255 982 1359 1031 quod

327 1016 488 1101 ’ζῗὶιήσ
510 1051 675 1089 persona
710 1037 924 1097 procedens
961 1049 1040 1073 non
1077 1035 1123 1073 sit
1159 1043 1361 1072 coaeterna

317 1075 424 1173 ,wilm
415 1078 471 1137 ζ
511 1105 580 1130 suo
622 1091 806 1141 principio
823 1119 832 1137 ,
869 1097 911 1134 ut
945 1089 1061 1126 Filius
1095 1088 1208 1125 Patri.
1246 1088 1360 1126 Arius

441 1138 613 1182 &enim
643 1143 847 1181 duodecim
872 1142 1012 1180 modos
1031 1141 1284 1190 generationis
1303 1154 1361 1179 as—

299 1162 440 1247 signat.
459 1198 610 1235 Primus
639 1197 778 1234 modus
806 1203 823 1218 ‘³‘
852 1203 907 1233 est
934 1196 1036 1232 iuxta
1064 1196 1213 1233 fluxum
1240 1195 1360 1232 lineae

299 1264 321 1289 a
349 1259 508 1301 puncto:
538 1251 604 1288 ubi
632 1251 738 1288 deest
765 1249 970 1299 aequalitas
999 1247 1255 1298 simplicitatis.
1295 1248 1362 1285 Se-

300 1305 448 1342 cundus
475 1305 616 1342 modus
646 1311 701 1341 est
727 1303 828 1340 iuxta
861 1301 1105 1339 emissionem
1125 1301 1319 1338 radiorum
1340 1313 1363 1338 a

300 1358 397 1395 sole:
417 1357 483 1395 ubi
503 1358 609 1395 deest
628 1356 834 1406 aequalitas
852 1363 1020 1393 naturae.
1050 1354 1203 1392 Tertius
1223 1354 1363 1391 modus

301 1418 356 1448 est
374 1411 476 1448 iuxta
495 1411 765 1458 characterem,
781 1421 850 1446 seu
867 1408 1161 1457 impressionem
1181 1420 1203 1445 a
1223 1407 1362 1456 sigillo:

299 1463 366 1500 ubi
384 1462 401 1492 β
422 1464 527 1501 deest
546 1462 911 1500 consubstantialitas
932 1469 968 1498 et
985 1460 1176 1510 potentiae
1197 1460 1363 1498 efficien-

300 1517 361 1554 tia.
384 1517 551 1564 Quartus
570 1516 711 1554 modus
731 1523 787 1553 est
804 1515 907 1552 iuxta
929 1514 1208 1552 immissionem
1238 1514 1364 1551 bonae

300 1569 504 1607 voluntatis
532 1582 555 1606 a
582 1571 685 1607 Deo:
715 1569 780 1606 ubi
809 1568 922 1606 etiarn
943 1567 1048 1605 deest
1066 1566 1365 1604 consubstantia-

300 1623 393 1660 litas.
424 1623 588 1670 Quintus
607 1622 748 1660 modus
768 1629 824 1659 est
842 1621 944 1658 iuxta
964 1620 1104 1658 exitum
1125 1620 1328 1657 accidentis
1343 1632 1365 1657 a

302 1676 524 1713 substantia:
545 1675 612 1713 sed
631 1674 815 1713 accidenti
834 1675 940 1712 deest
958 1673 1207 1711 subsistentia.
1230 1674 1366 1710 Sextus

302 1729 441 1766 modus
475 1737 530 1766 est
553 1729 654 1765 iuxta
682 1728 974 1765 abstractionem
994 1726 1134 1776 speciei
1152 1739 1175 1763 a
1195 1726 1364 1772 materia,

302 1782 397 1819 sicut
432 1794 565 1819 sensus
598 1781 732 1830 accipit
767 1781 934 1830 speciem
962 1793 984 1817 a
1013 1792 1052 1816 re
1085 1779 1270 1816 sensibili:
1299 1778 1366 1816 ubi

303 1835 409 1872 deest
423 1835 627 1884 aequalitas
642 1841 656 1862 ⁷
675 1833 920 1883 simplicitatis
939 1832 1150 1882 spiritualis.
1172 1831 1366 1881 Septimus

303 1888 442 1926 modus
476 1896 531 1925 est
557 1888 658 1924 iuxta
696 1887 992 1924 excitationem⁰
1020 1885 1224 1923 voluntatis
1252 1898 1274 1922 a
1303 1897 1366 1922 co-

302 1941 627 1990 gitatione1quae
656 1940 811 1990 quidem
850 1939 1021 1976 excitatio
1049 1938 1270 1987 temporalis
1298 1945 1364 1975 est.

304 1995 473 2032 Octavus
501 1994 642 2031 modus
676 2001 731 2030 est
767 1993 869 2030 iuxta
905 1991 1295 2040 transfigurationem,
1324 1999 1366 2028 ut

304 2060 348 2084 ex
377 2059 462 2084 aere
495 2047 538 2084 fit
569 2046 716 2094 imago:
753 2058 852 2095 quae
889 2044 1093 2082 materIalis
1122 2052 1188 2082 est.
1227 2045 1366 2082 Nonus

303 2101 442 2138 modus
472 2107 527 2137 est
558 2107 685 2137 motus
704 2105 715 2120 ²
743 2112 765 2136 a
793 2106 996 2136 movente:
1027 2097 1145 2135 ethic
1165 2097 1277 2135 etiam
1295 2110 1365 2146 po-

303 2153 402 2190 nitur
431 2153 586 2190 effectus
607 2161 643 2189 et
663 2165 788 2189 causa.
822 2151 1006 2189 Decimus
1025 2151 1165 2188 modus
1190 2158 1246 2188 est
1263 2150 1365 2202 iuxta

304 2206 545 2243 eductionem
565 2205 777 2254 specierum
806 2217 828 2242 a
855 2217 1011 2253 genere:
1041 2204 1106 2253 qui
1125 2216 1203 2241 non
1223 2203 1237 2230 ζ
1261 2216 1365 2241 corn-

302 2260 395 2308 petit
422 2259 460 2295 in
489 2258 642 2305 divinis,
673 2258 760 2307 quia
795 2259 908 2294 Pater
944 2270 1022 2294 non
1050 2256 1289 2305 praedicatur
1317 2257 1365 2293 de

304 2312 398 2349 Filio
428 2311 522 2348 sicut
549 2323 668 2359 genus
698 2311 744 2348 de
773 2309 910 2359 specie.
940 2309 1174 2347 Undecimus
1194 2309 1333 2347 modus
1351 2314 1366 2332 ²⁷

305 2372 360 2402 est
391 2364 492 2401 iuxta
515 2364 755 2411 ideationem,
775 2370 818 2400 ut
835 2375 922 2400 arca
948 2362 1108 2399 exterior
1135 2362 1183 2399 ab
1203 2374 1249 2399 ea
1267 2374 1365 2411 quae

306 2425 361 2454 est
387 2417 425 2454 in
454 2424 593 2454 mente.
623 2416 886 2454 Duodecimus
906 2415 1046 2453 modus
1067 2423 1122 2452 est
1140 2412 1153 2436 ⁰
1180 2415 1282 2452 iuxta
1300 2427 1365 2452 na-

306 2470 508 2516 scentiam,
542 2477 584 2506 ut
615 2470 733 2506 homo
771 2477 827 2506 est
858 2481 880 2505 a
907 2475 1033 2517 patre:
1071 2468 1137 2504 ubi
1172 2475 1227 2504 est
1259 2467 1363 2517 prius

306 2531 341 2560 et
367 2522 554 2572 posterius
583 2522 794 2559 secundum
814 2529 976 2570 tempus.
1006 2522 1115 2557 Patet
1142 2532 1231 2569 ergo
1260 2521 1364 2570 quod

304 2576 342 2613 in
371 2576 476 2612 omni
510 2575 629 2612 modo
653 2582 660 2595 ¹
693 2587 770 2623 quo
807 2574 947 2623 aliquid
977 2581 1032 2610 est
1060 2586 1105 2610 ex
1133 2574 1271 2621 altero,
1301 2581 1366 2611 aut

305 2629 411 2666 deest
429 2628 635 2677 aequalitas
653 2635 821 2674 naturae,
837 2635 901 2664 aut
919 2626 1124 2676 aequalitas
1144 2626 1363 2664 durationis.

306 2682 346 2719 Si
373 2682 481 2730 igitur
513 2681 628 2718 Filius
662 2688 716 2718 est
743 2693 766 2718 a
794 2682 926 2728 Patre,
960 2687 1111 2728 oportet
1142 2679 1266 2717 dicere
1301 2680 1364 2717 vel

305 2747 394 2772 eum
415 2747 497 2771 esse
525 2734 713 2771 minorem
743 2735 864 2782 Patre,
894 2740 957 2770 aut
981 2733 1244 2782 posteriorem,
1274 2739 1365 2770 aut*

303 2795 518 2836 utrumque.

359 2852 393 2877 2.
414 2842 645 2886 PRAETEREA,
667 2851 783 2876 omne
812 2838 918 2888 quod
947 2845 1002 2876 est
1030 2851 1075 2875 ex
1099 2838 1229 2886 altero,
1250 2839 1365 2876 habet

302 2893 542 2943 principium.
574 2892 650 2930 Sed
679 2893 823 2929 nullum
857 2899 1055 2930 aeternum
1087 2891 1203 2928 habet
1228 2891 1365 2940 princi-

303 2946 420 2996 pium.
451 2947 552 2994 Ergo
582 2945 697 2982 Filius
726 2957 804 2982 non
833 2953 889 2982 est
917 2952 1104 2992 aeternus,
1125 2957 1251 2993 neque
1280 2945 1363 2994 Spi-

303 2999 393 3036 ritus
423 3000 593 3036 Sanctus.

359 3053 393 3090 3.
422 3053 654 3098 PRAETEREA,
676 3062 792 3087 omne
812 3050 918 3099 quod
947 3049 1208 3099 corrumpitur,
1230 3050 1366 3088 desinit

306 3117 398 3142 esse.
437 3106 538 3152 Ergo
568 3116 682 3140 omne
718 3103 824 3152 quod
851 3111 1072 3151 generatur,
1102 3103 1231 3152 incipit
1260 3116 1363 3141 esse:

305 3158 353 3195 ad
371 3158 446 3195 hoc
470 3157 571 3195 enirn
600 3163 809 3205 generatur,
838 3164 880 3193 ut
907 3156 963 3194 sit.
995 3156 1072 3194 Sed
1091 3155 1208 3194 Filius
1228 3163 1283 3194 est
1301 3169 1363 3205 ge-

332 1003 460 1039 »μνη

358 3288 385 3321 α)
405 3288 507 3314 modus.
524 3301 543 3307 -
561 3287 622 3312 Om.
641 3287 762 3312 ABCDE.

358 3322 382 3356 β)
403 3324 454 3348 ubi.
471 3337 490 3342 -
508 3323 587 3348 etiam
606 3322 703 3347 addunt
719 3322 841 3347 ABCDE.
857 3336 877 3343 -
894 3323 945 3347 Pro
954 3323 1091 3354 potentiae
1103 3323 1253 3356 efficientia,
1269 3326 1363 3355 poten-

305 3359 358 3383 tiae
379 3358 498 3392 efficacia
520 3359 592 3388 BsA,
606 3358 720 3389 ponitur
742 3357 884 3391 efficientia
909 3358 987 3383 ceteri
1005 3363 1030 3382 et
1049 3358 1090 3383 ed.
1106 3365 1137 3387 a,
1156 3361 1183 3383 et
1195 3358 1319 3391 potentia
1337 3362 1364 3384 et

305 3393 444 3427 efficientia
462 3394 502 3418 ed.
522 3393 545 3418 b.

277 3426 281 3431 '
356 3429 382 3461 γ)
397 3429 552 3460 aequalitas.
570 3442 589 3447 —
606 3428 722 3461 qualitas
736 3429 777 3454 ed.
791 3428 815 3453 b.
828 3442 847 3448 -
859 3428 909 3453 Pro
923 3428 1100 3460 simplicitatis
1114 3428 1270 3461 spiritualis,
1284 3429 1363 3462 spiri-

306 3463 436 3488 tualitatis
455 3463 565 3488 codices.

358 3497 383 3530 ὃ)
396 3498 593 3523 excitationem.
610 3511 629 3517 -
646 3498 813 3523 exactionem
828 3499 858 3528 B,
873 3503 899 3523 et
911 3498 945 3523 ita
959 3506 1018 3523 mox
1033 3499 1140 3524 exactio
1145 3506 1154 3528 ,·
1172 3507 1262 3532 margo
1273 3500 1297 3524 Α
1309 3499 1364 3525 alia

306 3533 396 3558 littera
414 3533 600 3566 cognitionem,
617 3533 672 3558 alia
690 3534 781 3558 littera
799 3533 975 3561 exactionem.
995 3539 1020 3559 et
1039 3541 1098 3559 mox
1116 3534 1233 3560 exactio.

360 3568 382 3600 ε)
402 3571 496 3593 motus.
514 3581 533 3586 -
552 3572 580 3593 ut
599 3572 684 3594 motus
702 3570 733 3599 Α,
751 3576 805 3593 om.
823 3569 854 3594 F.

359 3603 384 3635 ζ)
404 3610 465 3628 ηοη.
482 3617 500 3622 -
518 3603 578 3628 Om.
598 3604 637 3628 ed.
652 3604 675 3628 ὸ.
695 3617 710 3622 -
730 3604 756 3629 in
776 3604 873 3629 divinis
894 3612 947 3629 om.
966 3605 1118 3637 BCDEFpA
1137 3609 1162 3630 et
1181 3605 1221 3630 ed.
1239 3612 1264 3630 a.

1415 981 1513 1018 nitus
1542 994 1564 1018 a
1592 982 1715 1018 Patre.
1746 982 1849 1029 Ergo
1878 980 2009 1030 incipit
2037 994 2132 1030 esse,
2162 990 2198 1019 et
2225 994 2304 1020 non
2333 990 2388 1020 est
2416 995 2479 1020 co-

1415 1042 1590 1071 aeternus
1618 1034 1732 1071 Patri.

1467 1099 1505 1135 4.
1534 1089 1768 1134 PRAETEREA,
1789 1087 1819 1123 si
1838 1086 1952 1124 Filius
1981 1087 2128 1135 genitus
2158 1095 2213 1124 est
2232 1100 2254 1124 a
2272 1088 2396 1135 Patre,
2417 1095 2482 1125 aut

1415 1153 1568 1190 semper
1595 1148 1816 1189 generatur,
1847 1147 1911 1177 aut
1945 1148 2001 1177 est
2029 1141 2118 1178 dare
2156 1140 2311 1189 aliquod
2338 1140 2481 1178 instans

1415 1206 1507 1231 suae
1526 1193 1789 1242 generationis.
1820 1193 1860 1230 Si
1879 1205 2032 1242 semper
2054 1201 2273 1242 generatur;
2303 1193 2396 1230 dum
2416 1206 2482 1230 au-

1416 1255 1494 1284 tem
1514 1246 1656 1295 aliquid
1677 1254 1732 1284 est
1750 1247 1788 1283 in
1808 1247 1993 1295 generari,
2015 1254 2071 1283 est
2088 1246 2367 1295 imperfectum,
2387 1246 2484 1284 sicut

1416 1308 1519 1350 patet
1546 1300 1585 1338 in
1612 1299 1855 1347 successivis,
1885 1311 1986 1348 quae
2023 1307 2110 1337 sunt
2138 1312 2292 1348 semper
2318 1300 2358 1336 in
2385 1299 2490 1346 fieri,

1416 1361 1458 1391 ut
1476 1361 1628 1402 tempus
1649 1360 1686 1390 et
1704 1361 1853 1390 motus:
1882 1353 2052 1402 sequitur
2070 1353 2177 1401 quod
2196 1352 2312 1390 Filius
2330 1364 2485 1402 semper

1418 1407 1464 1444 sit
1490 1407 1755 1466 imperfectus;
1784 1406 1890 1455 quod
1919 1413 1974 1443 est
1991 1405 2278 1443 inconveniens.
2309 1407 2378 1443 Est
2392 1417 2482 1454 ergo

1418 1460 1509 1497 dare
1537 1459 1693 1508 aliquod
1720 1459 1862 1496 instans
1881 1451 2133 1507 generationis
2152 1459 2247 1496 Filii.
2275 1460 2375 1496 Ante
2392 1458 2484 1496 illud

1418 1525 1508 1562 ergo
1536 1513 1679 1550 instans
1707 1512 1822 1549 Filius
1850 1524 1930 1550 non
1958 1519 2048 1550 erat.

1473 1567 1548 1604 SED
1576 1577 1723 1603 CONTRA
1741 1577 1808 1602 EST
1826 1565 1932 1614 quod
1950 1565 2180 1603 Athanasius
2209 1564 2298 1602 dicit
2315 1565 2347 1613 ²⁸,
2377 1565 2484 1615 quod
2508 1573 2520 1620 J

1419 1625 1517 1657 totae
1544 1625 1618 1656 tres
1635 1629 1826 1668 personae
1852 1625 2075 1656 coaeternae
2100 1619 2173 1655 sibi
2192 1623 2289 1655 sunt.

1473 1673 1699 1709 REsponm-:o
1727 1683 1911 1709 mcaNDUM
1943 1672 2049 1720 quod
2082 1683 2238 1708 necesse
2274 1678 2330 1708 est
2357 1672 2484 1709 dicere

1420 1725 1557 1763 Filium
1586 1737 1670 1762 esse
1699 1731 1944 1768 coaeternum
1972 1724 2085 1762 Patri.
2115 1724 2177 1762 Ad
2203 1723 2309 1761 cuius
2329 1724 2484 1762 eviden-

1419 1778 1529 1826 tiam,
1569 1778 1890 1815 considerandum
1919 1785 1976 1815 est
2002 1778 2108 1827 quod
2141 1777 2280 1826 aliquid
2309 1789 2356 1822 ex
2381 1777 2484 1826 prin-

1420 1831 1519 1880 cipio
1549 1831 1710 1868 existens
1737 1830 1926 1880 posterius
1950 1843 2033 1868 esse
2052 1842 2122 1867 suo
2141 1829 2339 1879 principio,
2359 1837 2486 1880 potest

1420 1884 1637 1932 contingere
1657 1896 1703 1921 ex
1732 1884 1902 1921 duobus:
1930 1896 2010 1920 uno
2029 1883 2162 1930 modo,
2183 1895 2229 1920 ex
2246 1891 2353 1933 parte
2372 1895 2486 1932 agen-

1419 1937 1481 1983 tis;
1502 1937 1575 1975 alio
1595 1937 1727 1985 modo,
1749 1949 1794 1974 ex
1813 1944 1919 1986 parte
1938 1936 2108 1974 actionis.
2138 1936 2196 1973 Ex
2215 1943 2322 1986 parte
2342 1936 2485 1985 agentis

1420 1991 1589 2040 quidem,
1619 1990 1726 2028 aliter
1752 1989 1791 2027 in
1820 1989 2017 2038 agentibus
2045 1989 2283 2038 voluntariis,
2313 1989 2419 2027 aliter
2445 1989 2485 2027 in

1420 2044 1616 2093 agentibus
1631 2043 1876 2081 naturalibus.
1899 2044 1941 2080 In
1960 2042 2159 2092 agentibus
2177 2042 2335 2092 quidem
2348 2043 2486 2081 volun-

1419 2097 1541 2145 tariiS,
1570 2104 1727 2146 propter
1759 2096 1985 2134 electionem
2017 2095 2222 2145 temporis:
2260 2096 2356 2133 sicut
2384 2096 2487 2134 enim

1419 2151 1458 2188 in
1486 2151 1630 2198 agentis
1649 2149 1853 2187 voluntarii
1880 2157 2066 2198 potestate
2087 2157 2143 2186 est
2166 2149 2301 2198 eligere
2320 2149 2486 2187 formam

1420 2216 1537 2252 quam
1575 2203 1726 2240 effectui
1763 2203 1952 2250 conferat,
1985 2210 2026 2239 ut
2054 2214 2169 2251 supra
2186 2202 2207 2225 '⁸‘
2235 2202 2380 2240 dictum
2409 2209 2501 2251 est,

1419 2257 1470 2293 ita
1496 2256 1535 2293 in
1563 2255 1643 2293 eius
1680 2263 1865 2304 potestate
1903 2263 1959 2292 est
1994 2255 2129 2303 eligere
2162 2263 2314 2305 tempus
2341 2255 2380 2293 in
2408 2268 2485 2306 quo

1421 2309 1600 2346 effectum
1615 2308 1812 2357 producat.
1834 2309 1876 2345 In
1892 2307 2089 2356 agentibus
2109 2315 2239 2346 autem
2254 2308 2487 2347 naturalibus

1419 2363 1494 2399 hoc
1523 2361 1714 2410 contingit,
1735 2361 1824 2410 quia
1851 2373 1967 2409 agens
1986 2360 2141 2410 aliquod
2160 2373 2239 2399 non
2259 2374 2282 2398 a
2299 2362 2485 2411 principio

1419 2416 1535 2452 habet
1562 2414 1834 2463 perfectionem
1859 2414 2005 2451 virtutis
2026 2412 2037 2435 λ
2065 2414 2282 2452 naturaliter
2301 2416 2349 2452 ad
2370 2427 2483 2463 agen-

1420 2468 1526 2515 dum,
1556 2468 1624 2504 sed
1652 2467 1687 2504 ei
1715 2467 1870 2505 advenit
1896 2475 1983 2516 post
2011 2466 2165 2515 aliquod
2191 2475 2366 2516 tempus;
2391 2468 2487 2506 sicut

1419 2522 1539 2558 homo
1559 2533 1637 2557 non
1657 2533 1679 2557 a
1697 2520 1882 2569 principio
1902 2532 2083 2568 generare
2101 2528 2238 2569 potest.
2258 2541 2282 2548 -
2303 2521 2361 2557 Ex
2379 2529 2486 2570 parte

1420 2581 1547 2611 autem
1568 2579 1586 2599 μ
1609 2573 1778 2621 actionis,
1799 2573 2005 2623 impeditur
2023 2585 2071 2610 ne
2086 2573 2125 2610 id
2144 2573 2251 2622 quod
2271 2581 2327 2611 est
2345 2586 2368 2610 a
2385 2574 2486 2624 prin-

1420 2626 1518 2676 cipio
1547 2626 1657 2663 simul
1693 2626 1739 2663 sit
1767 2639 1855 2664 cum
1885 2639 1955 2663 suo
1989 2625 2198 2675 principio,
2227 2633 2384 2676 propter
2410 2628 2487 2665 hoc

1420 2680 1524 2729 quod
1553 2679 1650 2716 actio
1680 2687 1736 2716 est
1763 2679 1990 2717 successiva.
2021 2679 2143 2727 Unde,
2174 2679 2263 2717 dato
2292 2680 2398 2729 quod
2422 2680 2486 2718 ali-

1420 2733 1525 2782 quod
1561 2745 1677 2780 agens
1714 2732 1776 2769 tali
1813 2732 1962 2770 actione
1997 2744 2109 2781 agere
2145 2732 2326 2783 inciperet
2359 2733 2485 2771 statim

1420 2798 1510 2823 curn
1525 2793 1591 2833 est,
1612 2798 1691 2823 non
1710 2785 1834 2823 statim
1854 2785 1994 2823 eodem
2022 2785 2174 2823 instanti
2194 2793 2292 2823 esset
2316 2786 2484 2836 effectus,

1419 2839 1486 2877 sed
1514 2838 1553 2876 in
1580 2838 1730 2876 instanti
1758 2840 1806 2877 ad
1835 2839 1940 2888 quod
1968 2838 2190 2876 terminatur
2216 2839 2327 2876 actio.
2370 2876 2375 2880 ,

1473 2891 1719 2930 Manifestum
1747 2899 1803 2929 est
1830 2899 1958 2929 autem
1987 2889 2199 2930 secundum
2223 2891 2435 2941 praemissa
2452 2892 2484 2940 *,

1419 2945 1526 2994 quod
1554 2946 1666 2982 Pater
1699 2957 1779 2982 non
1812 2953 1967 2993 generat
2003 2945 2141 2982 Filium
2168 2946 2385 2993 voluntate,
2415 2947 2485 2984 sed

1419 3006 1563 3035 natura.
1593 2999 1642 3035 Et
1669 2998 1818 3046 iterum,
1839 2998 1945 3047 quod
1966 3005 2099 3036 natura
2118 2998 2238 3035 Patris
2259 2998 2307 3035 ab
2327 3006 2483 3036 aeterno

1418 3051 1584 3101 perfecta
1612 3051 1690 3088 fuit.
1729 3052 1778 3088 Et
1810 3051 1967 3099 iterum,
2006 3050 2113 3100 quod
2141 3050 2238 3088 actio
2268 3063 2345 3100 qua
2371 3053 2486 3091 Pater

1418 3104 1593 3152 producit
1621 3104 1768 3152 Filium,
1788 3117 1867 3142 non
1895 3112 1951 3142 est
1970 3103 2204 3142 successiva:
2234 3104 2324 3153 quia
2351 3105 2405 3142 sic
2424 3105 2484 3142 Fi-

1418 3157 1488 3194 lius
1525 3157 1597 3194 Dei
1633 3157 1848 3195 successive
1885 3165 2144 3206 generaretur,
2181 3165 2217 3194 et
2246 3165 2345 3195 esset
2362 3163 2375 3178 ‘
2403 3157 2483 3196 eius

1470 3288 1497 3321 η)
1518 3289 1621 3314 modus.
1638 3302 1657 3308 —
1675 3289 1737 3314 Om.
1756 3289 1815 3320 BD;
1835 3289 1928 3314 modus
1946 3291 1986 3314 est
2003 3295 2057 3313 om.
2076 3288 2149 3313 CEF.

1471 3321 1495 3356 θ)
1515 3323 1609 3349 modus
1627 3327 1675 3349 est.
1692 3337 1711 3344 —-
1729 3324 1790 3349 Om.
1810 3324 1954 3353 ABCEFa:
1973 3323 2067 3348 modus
2085 3331 2138 3349 om.
2156 3324 2189 3350 D.
2206 3339 2225 3344 —
2243 3325 2294 3350 Pro
2310 3325 2482 3355 nascentiam,

1419 3359 1555 3384 nascentia
1573 3359 1644 3384 PGa.
1661 3372 1680 3379 -
1699 3360 1759 3392 Seq.
1778 3363 1818 3385 est
1835 3367 1888 3384 om.
1904 3359 2015 3384 codices.

1472 3394 1490 3426 ι)
1510 3394 1582 3426 quod
1600 3394 1626 3419 in
1646 3395 1719 3420 omni
1737 3395 1824 3420 modo.
1841 3408 1861 3413 -
1878 3394 1950 3427 quod
1967 3394 2041 3419 omni
2059 3395 2139 3420 modo
2153 3396 2275 3422 ABCDE.
2292 3408 2312 3415 —
2328 3396 2397 3421 Ante
2410 3397 2483 3422 deest

1418 3429 1471 3454 Pub
1489 3429 1611 3454 omittunt
1629 3433 1685 3455 aut.

1471 3464 1497 3497 κ)
1515 3467 1571 3490 aut.
1588 3478 1608 3484 —
1626 3466 1666 3491 vel
1684 3464 1846 3494 ABDEFGa,
1865 3465 1903 3490 ad
1921 3465 1961 3490 ed.
1981 3464 2005 3490 b.

1471 3498 1498 3531 λ)
1514 3499 1704 3532 perfectionem
1724 3500 1840 3525 virtutis.
1857 3513 1876 3519 ·—
1890 3499 2053 3532 principium
2069 3501 2243 3535 perfectionis
2261 3502 2292 3527 Α.

1471 3535 1499 3568 μ.)
1518 3538 1616 3560 autem.
1633 3548 1653 3554 -
1670 3535 1750 3560 etiam
1769 3536 1799 3565 Β,
1817 3542 1871 3560 om.
1890 3535 1920 3560 Ρ.

1471 3570 1494 3602 ν)
1512 3573 1702 3602 generaretur,
1721 3573 1748 3595 et
1766 3573 1841 3596 esset.
1858 3583 1878 3590 -·
1895 3574 2039 3603 generatus
2057 3574 2125 3597 esset
2142 3574 2169 3597 et
2187 3571 2279 3601 PGab.
2302 3574 2482 3605 generaretur

1418 3607 1485 3630 esset
1503 3608 1529 3630 et
1547 3605 1580 3635 F;
1600 3608 1667 3630 esset
1686 3610 1746 3638 post
1765 3605 1912 3631 materialis
1931 3606 2000 3631 addit
2018 3606 2056 3636 G.
2075 3612 2135 3640 post
2153 3610 2226 3632 motu
2245 3607 2308 3632 Pab.

2533 1573 2560 1596 ln
2575 1573 2702 1602 Symbola.

2512 2206 2525 2219 ⁴
2535 2206 2585 2235 Qu.
2593 2212 2641 2235 ιιι,
2653 2210 2697 2229 m.
2705 2212 2730 2229 ι-

2511 2895 2523 2907 “
2537 2895 2596 2918 ibid.

2764 2955 2768 2965 -
2766 2903 2768 2906 .
2759 2339 2768 2882 ..*..-«-.—2.1.—--..-..--—-.—
2759 2290 2762 2295 ·

2763 3626 2768 3639 -
2766 3612 2768 3614 .
2760 3510 2768 3599 ,Α-..ὺ
2760 3418 2768 3502 ...4..-.
2764 3399 2768 3404 .
2764 3335 2768 3384 h...
2766 3278 2768 3282 .
2764 3238 2768 3257 ff.
2764 3219 2768 3225 .
2766 3191 2768 3194 .
