2768 4178
67 679 85 690 ⁴·
94 678 122 700 D.
138 684 191 699 1122.

61 2263 72 2275 ⁸
92 2264 143 2285 Art.
163 2269 183 2290 ι,
206 2263 279 2285 Com-

62 2293 134 2311 ment.
150 2296 215 2312 num.
225 2296 263 2312 ιιι.

70 2884 180 2909 ·.,ISent
191 2883 243 2905 dist.
255 2889 280 2907 ιι

104 2917 188 2937 .v1,vn;
197 2910 280 2938 Quodl.

82 2941 174 2966 ,art3.

70 3190 118 3211 'De
125 3189 236 3217 Synodis,
243 3195 283 3210 su—

70 3222 112 3244 per
126 3222 209 3238 canon.
218 3222 282 3237 xxiv.

311 280 385 316 316

309 371 406 408 quae
435 358 473 395 in
502 365 635 405 agente
656 363 825 393 manent.
857 356 1090 394 Huiusmodi
1114 365 1243 394 autem
1263 357 1377 394 actio-

310 425 377 450 nes
406 412 443 449 in
474 419 610 448 natura
638 408 876 447 intellectuali
898 417 933 446 et
954 410 1083 447 divina
1102 422 1181 446 non
1201 418 1288 446 sunt
1307 410 1376 447 nisi

310 466 429 512 duae,
459 464 598 501 scilicet
630 463 837 511 intelligere
872 470 908 500 et
934 463 1044 500 velle.
1085 464 1188 499 Nam
1218 464 1375 510 sentire,

308 519 414 568 quod
433 516 447 540 ὅ
476 518 589 555 etiam
616 517 769 554 videtur
798 528 880 553 esse
910 516 1081 564 operatio
1111 516 1150 552 in
1179 516 1376 563 sentiente,

310 580 364 609 est
394 579 496 609 extra
525 578 699 607 naturam
725 570 1037 606 intellectualem:
1069 581 1194 617 neque
1215 569 1379 607 totaliter

310 633 364 662 est
401 632 593 661 remotum
623 636 645 660 a
673 635 810 671 genere
848 622 1042 659 actionum
1076 634 1175 671 quae
1213 630 1300 659 sunt
1328 623 1377 660 ad

310 687 414 716 extra
432 677 467 724 ’²⁶3
498 689 589 714 nam
617 677 753 713 sentire
782 676 977 725 perficitur
995 687 1064 723 per
1084 675 1273 712 actionem
1294 688 1378 713 sen-

309 732 426 770 sibilis
454 731 493 768 in
521 743 689 767 sensum.
721 730 959 779 Relinquitur
992 728 1103 776 igitur
1137 729 1241 778 quod
1275 730 1378 766 nulla

309 786 380 822 alia
408 784 602 834 processio
631 783 751 832 possit
778 795 861 819 esse
889 782 928 819 in
957 783 1042 818 Deo
1062 787 1083 828 ⁵,
1114 782 1184 818 nisi
1212 782 1320 818 verbi
1342 790 1378 819 et

310 838 463 876 amoris.

362 894 421 928 Αι)
450 902 587 928 Panium
625 901 724 927 ERGO
752 901 937 926 DICENDUM
975 882 1082 936 quod
1115 888 1285 936 potentia
1323 895 1378 925 est

307 945 535 994 principium
564 943 700 991 agendi
728 943 765 979 in
795 942 918 979 aliud:
947 942 1049 978 unde
1075 941 1289 978 secundum
1308 954 1377 990 po-

307 999 464 1036 tentiam
493 997 674 1045 accipitur
702 996 799 1033 actio
829 996 879 1032 ad
908 1003 1021 1032 extra.
1053 995 1102 1031 Et
1130 994 1183 1030 sic
1202 993 1216 1020 ς
1244 1006 1377 1032 secun-

309 1053 402 1089 dum
431 1051 651 1087 attributum
671 1048 863 1098 potentiae
883 1061 962 1085 non
984 1047 1164 1096 accipitur
1182 1048 1377 1096 processio

309 1105 459 1142 divinae
494 1115 704 1153 personae,
741 1102 808 1155 sed
838 1103 963 1138 solum
997 1101 1193 1150 processio
1233 1109 1377 1138 creatu-

309 1170 450 1195 rarum.

359 1272 384 1305 ὃ)
403 1273 474 1297 Nam
493 1271 601 1301 sentire,
621 1272 700 1304 quod.
717 1285 737 1290 —
755 1271 826 1296 Haec
845 1276 870 1296 et
889 1270 1024 1303 sequentia
1043 1278 1128 1303 usque
1147 1270 1179 1295 ad
1197 1270 1328 1295 sensibilis
1347 1270 1373 1295 in

306 1316 410 1334 sensum
431 1307 568 1338 inclusive,
593 1315 646 1331 om.
660 1307 761 1332 codices
772 1315 779 1338 ;
799 1307 824 1331 in
843 1307 864 1331 Β
884 1311 1019 1331 annotator
1038 1314 1069 1331 ea
1087 1306 1204 1339 margine
1223 1306 1309 1337 addit,
1329 1306 1376 1330 sed

306 1345 364 1369 dein
384 1343 452 1368 tollit
470 1350 516 1376 per
536 1346 622 1368 vacat.

360 1380 382 1412 ε)
403 1379 469 1404 Deo.
487 1392 506 1398 -
524 1378 622 1403 divinis
641 1378 752 1403 codices.

983 277 1251 324 QUAESTIO
1282 279 1440 325 XXVII,
1471 278 1770 316 ARTICULUS
1798 279 1834 316 V

1485 360 1545 395 An
1574 370 1764 395 SECUNDUM
1788 370 1972 396 DICENDUM
1992 358 2098 407 quod
2117 359 2278 407 bonurn,
2299 360 2395 397 sicut
2414 361 2503 398 dicit

1432 411 1588 448 Boetius
1617 412 1655 448 in
1684 412 1779 449 libro
1815 412 1861 448 de
1886 412 2012 449 Hebd.
2033 411 2072 459 ⁵¹⁸,
2103 412 2265 461 pertinet
2297 413 2346 450 ad
2376 426 2502 451 essen-

1432 464 1546 511 tiam,
1577 472 1614 501 et
1642 477 1720 502 non
1756 465 1805 502 ad
1843 465 2129 514 operationem,
2164 465 2235 502 nisi
2271 466 2368 503 forte
2406 467 2502 504 sicut

1433 518 1627 555 obiectum
1645 518 1862 555 voluntatis.
1893 519 2018 566 Unde,
2049 531 2138 556 cum
2162 519 2427 568 processiones
2448 519 2502 557 di-

1431 570 1540 607 vinas
1570 573 1782 608 secundum
1811 572 1955 621 aliquas
1984 572 2152 609 actiones
2181 584 2338 609 necesse
2366 572 2413 609 sit
2440 585 2501 609 ac-

1432 623 1568 673 cipere,
1599 625 1813 662 secundum
1843 625 2052 662 bonitatem
2080 632 2115 661 et
2143 625 2365 662 huiusmodi
2393 625 2466 662 alia
2484 634 2500 657 η

1433 677 1609 714 attributa
1637 690 1715 715 non
1744 678 1980 727 aCCIpiuntur
2012 678 2107 715 aliae
2135 677 2402 727 processiones
2431 678 2502 715 nisi

1431 730 1540 766 verbi
1561 738 1596 767 et
1615 731 1769 778 amoris,
1799 733 2012 768 secundum
2041 732 2146 781 quod
2174 733 2281 768 Deus
2310 744 2420 768 suam
2445 744 2501 768 es-

1432 783 1607 830 sentiam,
1633 784 1833 821 veritatem
1853 792 1891 822 et
1909 785 2118 822 bonitatem
2142 784 2311 833 intelligit
2330 792 2366 821 et
2384 792 2500 822 amat.

1486 837 1544 872 Αι)
1573 847 1734 874 τΕιιτιυΜ
1762 849 1947 875 memnon
1976 839 2098 887 quod,
2129 838 2225 875 sicut
2253 850 2367 887 supra
2386 837 2407 860 *
2434 838 2501 875 ha-

1433 888 1556 925 bitum
1586 897 1658 935 est,
1689 890 1795 926 Deus
1825 902 1902 927 uno
1931 891 2093 940 simplici
2122 899 2208 928 actu
2237 891 2369 928 omnia
2395 891 2501 928 intel-

1432 941 1528 989 ligit,
1560 949 1596 978 et
1623 942 1792 979 similiter
1819 943 1950 980 omnia
1977 945 2058 981 vult
2075 942 2099 981 ⁰.
2138 944 2251 982 Unde
2279 944 2318 982 in
2347 957 2393 981 eo
2422 957 2502 982 non

1431 1002 1559 1043 potest
1574 1007 1656 1031 esse
1675 995 1871 1044 processio
1891 996 2002 1033 verbi
2027 1009 2071 1034 ex
2090 995 2224 1044 verbo,
2247 1010 2373 1047 neque
2393 1010 2501 1035 amo-

1434 1048 1482 1084 ris
1512 1060 1557 1084 ex
1581 1061 1731 1086 amore:
1762 1049 1830 1086 sed
1851 1057 1907 1086 est
1926 1049 1964 1086 in
1985 1061 2031 1086 eo
2052 1051 2177 1087 solum
2196 1062 2319 1087 unum
2336 1052 2501 1088 verbum

1433 1102 1667 1150 perfectum,
1698 1109 1734 1139 et
1761 1114 1859 1139 unus
1897 1115 2008 1139 amor
2043 1103 2244 1152 perfectus.
2284 1105 2333 1140 Et
2360 1103 2399 1141 in
2426 1105 2503 1141 hoc

1434 1155 1516 1192 eius
1544 1155 1710 1204 perfecta
1738 1155 1948 1193 fecunditas
1977 1156 2249 1193 manifestatur.

1483 1269 1509 1303 ζ)
1528 1271 1573 1295 sic.
1592 1285 1610 1289 -
1628 1271 1752 1296 similiter
1770 1271 1846 1296 ACE.

1483 1306 1510 1338 η)
1529 1305 1592 1331 alia.
1610 1320 1629 1325 —
1649 1307 1710 1331 Orn.
1725 1307 1836 1332 codices.

1431 1339 1554 1402 Bogget
1572 1342 1696 1367 similiter
1720 1342 1811 1367 omnia
1839 1343 1903 1367 vult.
1922 1357 1941 1362 —
1958 1346 1985 1368 et
2002 1350 2086 1375 supra
2110 1343 2202 1371 omnia
2220 1345 2276 1369 vult
2295 1344 2378 1376 ΑΘΕ,
2402 1347 2428 1369 et
2446 1344 2504 1370 vult

988 1457 1322 1490 Commentaria
1344 1456 1596 1490 Cat-‹linalis
1618 1456 1819 1490 Caietam

367 1558 473 1578 nutus
497 1557 534 1578 ex
557 1546 723 1587 praedictis
747 1553 793 1577 est
821 1546 932 1576 clarus.
955 1563 975 1568 -
998 1545 1033 1575 In
1057 1555 1189 1585 corpore
1213 1544 1307 1575 unica
1333 1551 1380 1576 est

308 1561 530 1624 Tconclusio
554 1591 738 1631 responsiva
767 1590 930 1631 quaesito:
960 1590 1058 1621 Nulla
1085 1589 1245 1630 processio
1274 1595 1380 1629 potest

306 1648 373 1668 esse
397 1637 429 1667 in
450 1636 573 1672 divinis,
594 1635 654 1666 nisi
669 1635 756 1666 verbi
773 1642 803 1666 et
823 1635 950 1666 amoris.

361 1683 517 1712 Probatur
540 1680 593 1711 sic.
627 1679 847 1710 Processiones
877 1679 1002 1709 divinae
1029 1688 1096 1709 non
1119 1686 1255 1718 possunt
1278 1678 1378 1718 accipi

306 1726 366 1757 nisi
390 1726 568 1756 secundum
583 1725 722 1755 actiones
746 1724 973 1755 immanentes:
998 1733 1073 1764 ergo
1098 1733 1165 1754 non
1184 1723 1245 1754 nisi
1264 1733 1377 1754 secun—

306 1772 384 1802 dum
408 1769 579 1810 intelligere
603 1776 634 1800 et
656 1769 750 1799 velle:
776 1779 850 1809 ergo
875 1778 941 1799 non
965 1768 1025 1798 nisi
1048 1767 1134 1798 verbi
1158 1774 1189 1798 et
1203 1767 1330 1798 amoris.

361 1815 467 1846 Prima
486 1813 712 1855 consequentia
730 1814 883 1853 probatur
906 1812 1082 1853 dupliciter.
1109 1808 1229 1848 Primo,
1249 1812 1325 1853 quia
1344 1812 1376 1842 in

305 1867 416 1891 natura
429 1858 632 1890 intellectuali
649 1868 715 1888 non
732 1865 779 1888 est
794 1858 881 1888 aliud
895 1867 995 1897 genus
1008 1857 1140 1888 actionis
1154 1856 1375 1887 immanentis:

306 1911 430 1935 constat
452 1903 538 1934 enim
561 1903 668 1933 Deum
691 1909 820 1933 naturae
845 1912 911 1932 esse
924 1912 1014 1942 vpure
1037 1901 1266 1932 intellectualis.
1283 1918 1304 1923 —
1321 1901 1374 1931 Se-

306 1949 422 1984 cundo,
438 1947 514 1989 quia
532 1947 655 1983 sentire,
674 1947 762 1987 quod
778 1946 907 1978 tertium
931 1954 977 1977 est
1000 1956 1100 1986 genus
1118 1945 1374 1982 immanentium,

306 2003 372 2023 non
396 1999 442 2024 est
465 1992 599 2023 omnino
623 1998 708 2022 extra
724 1991 924 2032 operationes
948 1997 1155 2026 transeuntes,
1171 1999 1230 2030 pro
1254 1997 1375 2031 quanto

304 2037 340 2069 fit
363 2038 402 2068 ab
426 2037 550 2067 obiecto
575 2036 758 2067 extrinseco.

360 2083 396 2113 11.
415 2081 508 2113 Circa
530 2081 734 2117 antecedens,
757 2080 847 2121 quod
870 2087 916 2111 est
939 2079 1186 2110 fundamentum
1217 2078 1376 2109 dictorum

306 2133 336 2157 et
358 2126 567 2157 dicendorum
590 2126 623 2156 in
646 2125 776 2156 materia
799 2125 837 2155 de
860 2124 1032 2160 Trinitate,
1055 2124 1181 2154 adverte
1204 2123 1294 2164 quod
1318 2124 1374 2153 du-

306 2171 426 2211 pliciter
442 2170 621 2211 impugnari
638 2177 752 2210 potest.
773 2169 890 2206 Primo,
907 2179 926 2199 a
942 2168 1130 2208 negantibus
1149 2168 1376 2208 productiones

306 2215 339 2246 in
363 2215 476 2245 divinis
499 2224 566 2245 esse
585 2214 668 2254 ipsas
688 2213 827 2244 actiones
851 2214 1071 2244 immanentes.
1096 2213 1131 2242 In
1147 2213 1206 2243 hac
1222 2212 1308 2242 enim
1322 2222 1375 2242 ne-

306 2259 409 2300 gativa
432 2259 626 2290 conveniunt
650 2258 763 2289 Scotus
787 2265 818 2288 et
841 2258 1022 2293 Durundus,
1047 2263 1084 2287 ut
1099 2257 1244 2297 superius
1260 2255 1279 2274 θ
1302 2257 1375 2286 alle-

307 2312 417 2344 gatum
432 2303 500 2334 fuit.
519 2303 560 2334 Et
575 2310 684 2333 contra
700 2302 834 2333 Scotum
857 2302 988 2343 quidem
1007 2308 1157 2341 argutum
1173 2307 1228 2337 est,
1250 2300 1377 2331 recitata

308 2349 375 2379 eius
399 2347 552 2389 opinione
567 2347 593 2378 *.
618 2347 711 2378 Unde
730 2357 815 2377 nunc
834 2353 928 2377 restat
951 2345 1094 2376 Durandi
1120 2345 1203 2375 dicta
1225 2344 1375 2375 refellere.

364 2393 416 2423 ΙΙΙ.
442 2393 511 2432 Ipse
535 2401 674 2432 namque
689 2391 723 2422 in
738 2401 759 2422 x
773 2390 973 2422 distinctione
992 2390 1090 2420 Primi
1103 2389 1130 2426 *,
1151 2399 1217 2420 non
1233 2399 1376 2420 annuens

308 2437 382 2468 huic
401 2436 524 2473 rationi,
541 2436 582 2466 ad
595 2446 627 2466 Vt
643 2435 904 2466 distinctionem*
918 2445 951 2465 se
966 2433 1105 2470 remittit,
1123 2433 1156 2464 in
1172 2444 1236 2475 qua
1251 2440 1282 2464 et
1297 2434 1378 2464 hanc

307 2482 443 2512 litteram
466 2480 674 2522 impugnavit,
699 2487 729 2511 et
752 2489 843 2510 suam
868 2479 1012 2510 fundavit
1035 2478 1233 2518 opinionem.
1264 2478 1378 2518 Arguit

309 2536 383 2566 ergo
409 2526 497 2566 quod
520 2525 738 2565 processiones
761 2524 885 2554 divinae
908 2533 974 2554 non
991 2523 1197 2554 attenduntur
1220 2532 1316 2563 penes
1331 2522 1377 2552 in-

308 2570 445 2610 telligere
459 2577 488 2600 et
500 2570 595 2600 velle:
611 2569 686 2610 quia
701 2569 778 2599 haec
793 2575 867 2599 sunt
883 2566 1058 2598 essentialia
1075 2567 1260 2597 communia
1277 2566 1378 2597 omni-

310 2616 368 2645 bus
392 2614 547 2650 Personis,
571 2621 600 2645 et
624 2614 708 2644 idern
732 2613 872 2648 realiter;
899 2611 1125 2653 productiones
1153 2618 1260 2642 autem
1284 2618 1376 2647 sunt,

309 2659 485 2690 secundum
509 2668 639 2694 omnes,
665 2665 751 2688 actus
782 2657 981 2692 nodonales,
1009 2666 1066 2686 nec
1085 2654 1236 2686 omnibus
1262 2665 1378 2686 conve-

309 2703 410 2739 niunt,
437 2710 466 2734 et
490 2702 727 2742 distinguuntur
750 2701 881 2732 realiter.

366 2748 417 2778 lv.
443 2747 601 2787 Opinatur
617 2753 723 2777 autem
738 2747 807 2786 ipse
822 2745 1041 2786 processiones
1056 2743 1178 2776 divinas
1196 2744 1315 2775 attendi
1329 2754 1377 2775 se-

310 2792 452 2822 cundum
475 2798 562 2822 actus
586 2798 724 2827 naturae,
750 2789 895 2830 praecisis
919 2789 1080 2820 intellectu
1105 2795 1135 2819 et
1157 2789 1322 2819 voluntate
1348 2796 1379 2820 et

309 2836 459 2867 omnibus
483 2835 602 2866 actibus
626 2846 748 2866 eorum.
765 2835 806 2866 Et
820 2834 853 2864 in
877 2834 938 2865 hoc
955 2834 1050 2864 etiam
1071 2843 1088 2864 a
1103 2833 1200 2864 Scoto
1225 2833 1376 2870 dissentit,

309 2887 447 2921 ponente
463 2879 480 2899 ’⁶‘
503 2890 554 2910 eas
579 2879 697 2910 attendi
721 2879 897 2910 secundum
922 2886 1008 2909 actus
1028 2878 1204 2908 intellectus
1220 2884 1250 2908 et
1264 2878 1376 2908 volun-

308 2925 388 2962 tatis,
405 2924 552 2966 quamvis
574 2924 646 2956 illos
669 2932 757 2955 actus
781 2923 952 2963 distinguat
975 2923 1014 2953 ab
1037 2922 1210 2962 intelligere
1234 2929 1265 2953 et
1287 2922 1376 2953 velle.

308 2969 497 3010 Fundatque
521 2966 691 3000 Durandus
715 2968 902 3009 opinionem
925 2977 1016 2998 suam
1040 2966 1094 2998 sic.
1117 2965 1378 2997 Communicatio

310 3021 438 3045 naturae
462 3013 607 3054 provenit
631 3023 667 3044 ex
690 3012 880 3044 fecunditate
906 3012 1004 3053 ipsius
1036 3018 1184 3047 naturae,
1213 3020 1288 3051 ergo
1312 3017 1378 3042 non

309 3057 456 3098 provenit
471 3068 507 3088 ex
526 3057 686 3088 intellectu
711 3064 742 3088 et
756 3058 932 3088 voluntate:
958 3055 1087 3087 seclusis
1103 3055 1198 3096 igitur
1218 3054 1277 3091 his,
1298 3055 1380 3086 sicut

309 3109 451 3133 remanet
473 3109 602 3139 natura,
626 3102 669 3133 ita
696 3108 836 3132 remanet
859 3108 890 3131 et
913 3100 1098 3136 fecunditas,
1125 3106 1156 3130 et
1178 3106 1267 3130 actus
1290 3109 1378 3130 com-

310 3146 520 3178 municativus
540 3154 685 3178 naturae:
711 3156 797 3186 ergo,
813 3153 870 3176 etc.
887 3163 907 3168 -
923 3145 1120 3176 Ante-:edens
1137 3150 1168 3175 et
1183 3151 1269 3184 patet
1284 3143 1377 3175 indu-

310 3191 405 3227 ctive;
430 3198 461 3222 et
477 3198 523 3222 est
538 3201 594 3232 per
609 3201 642 3222 se
656 3198 785 3226 notum,
810 3197 840 3221 et
856 3189 998 3220 firmatur
1022 3188 1207 3220 auctoritate
1223 3187 1336 3219 Hilarii
1349 3187 1376 3224 *,

310 3236 455 3267 omnibus
474 3236 632 3267 creaturis
654 3235 863 3266 substantiam
882 3234 1030 3265 voluntas
1044 3233 1163 3271 attulit,
1186 3240 1244 3264 etc.
1257 3250 1276 3255 -
1290 3231 1376 3264 Con-

311 3279 473 3320 sequentia
496 3289 571 3310 vero
595 3280 747 3320 probatur
770 3289 806 3310 ex
830 3289 868 3309 eo
893 3278 992 3319 quod,
1010 3277 1111 3318 qualis
1131 3283 1178 3308 est
1201 3276 1281 3308 ordo
1298 3276 1380 3308 inter

311 3324 416 3365 aliqua
446 3334 519 3355 cum
551 3323 787 3364 distinguuntur
819 3321 956 3359 realiter,
983 3321 1094 3352 similis
1119 3328 1165 3352 est
1195 3321 1275 3352 ordo
1299 3320 1380 3351 inter

311 3368 364 3398 illa
388 3377 461 3398 cum
486 3368 724 3408 distinguunt-ur
746 3367 884 3398 ratione:
911 3373 996 3407 patet
1020 3373 1127 3397 autem
1155 3365 1244 3407 quod
1268 3371 1378 3395 natura

312 3412 397 3452 prior
420 3419 466 3443 est
490 3413 648 3444 intellectu
673 3419 703 3444 et
718 3412 901 3447 voluntate,
926 3418 956 3442 et
980 3410 1123 3441 similiter
1138 3417 1227 3441 actus
1249 3416 1378 3440 naturae

312 3456 432 3487 actibus
455 3467 578 3488 eorum.
594 3475 613 3480 -
628 3457 669 3488 Et
692 3456 913 3488 confirmatur:
933 3455 1008 3496 quia
1032 3454 1057 3485 si
1077 3455 1162 3486 calor
1185 3461 1266 3485 esset
1289 3453 1378 3484 intel-

310 3500 410 3540 ligens
435 3507 464 3531 et
488 3500 606 3537 volens,
624 3511 689 3531 non
714 3500 894 3532 calefaceret
917 3499 1109 3540 inquantum
1132 3497 1308 3538 intelligens
1325 3504 1380 3528 aut

311 3545 432 3580 volens,
449 3545 503 3575 sed
527 3555 563 3575 ex
587 3553 715 3581 natura,
738 3545 819 3576 sicut
842 3554 936 3575 nunc.
962 3544 1021 3574 Per
1036 3553 1068 3574 se
1092 3543 1187 3583 igitur
1210 3549 1240 3573 et
1263 3541 1378 3582 primo,

313 3588 548 3620 communicare
565 3597 710 3620 naturam
733 3596 779 3620 est
797 3596 885 3620 actus
902 3595 1042 3624 naturae,
1059 3587 1149 3618 omni
1165 3586 1228 3618 alio
1245 3586 1378 3617 secluso.

314 3633 399 3663 Haec
424 3639 470 3663 est
492 3633 537 3663 vis
561 3633 727 3673 positionis
752 3633 904 3664 Durandi.

1492 1546 1531 1577 V.
1554 1546 1606 1577 Ad
1629 1546 1821 1578 evidentiam
1844 1547 1940 1577 huius
1964 1546 2166 1583 difficultatis,
2191 1554 2267 1578 nota
2280 1549 2390 1588 primo
2413 1548 2503 1589 quod

1433 1596 1545 1621 natura
1568 1591 1695 1622 nullum
1719 1598 1826 1622 actum
1850 1591 1964 1622 habere
1988 1598 2103 1632 potest,
2129 1591 2187 1622 nisi
2210 1592 2263 1622 ille
2284 1592 2324 1623 sit
2343 1592 2425 1624 actio
2440 1593 2502 1624 im—

1433 1644 1565 1666 manens
1581 1642 1636 1666 aut
1651 1636 1814 1667 transiens.
1831 1636 2032 1676 Impossibile
2047 1646 2188 1677 namque
2199 1643 2246 1667 est
2257 1636 2384 1668 tertium
2401 1647 2503 1677 genus
2558 1667 2564 1671 ,

1433 1679 1643 1720 operationis,
1669 1690 1724 1711 seu
1749 1680 1988 1721 productionis,
2012 1680 2169 1718 invenire,
2194 1681 2290 1711 etiam
2313 1681 2339 1712 si
2361 1680 2502 1722 fingendi

1432 1724 1524 1755 detur
1546 1724 1685 1756 licentia:
1711 1735 1749 1755 eo
1773 1725 1863 1765 quod
1887 1731 2014 1766 oportet
2036 1735 2169 1756 omnem
2193 1733 2300 1757 actum
2323 1726 2502 1757 secundum

1432 1778 1499 1798 esse
1515 1768 1724 1809 perfectivum
1748 1779 1815 1799 esse
1830 1768 1848 1787 θ’
1871 1769 1991 1808 agentis
2006 1777 2070 1800 -aut
2089 1769 2159 1800 acti.
2184 1770 2225 1801 Et
2239 1770 2421 1801 inducendo
2437 1770 2501 1801 sin-

1431 1813 1521 1852 gulas
1538 1813 1676 1844 universi
1691 1821 1829 1849 naturas,
1847 1813 2005 1843 sufficiens
2028 1813 2103 1843 huic
2126 1814 2340 1854 propositioni
2358 1814 2500 1846 testimo-

1431 1857 1522 1887 nium
1541 1857 1733 1898 perhibetur,
1751 1858 1846 1889 etiarn
1870 1857 1895 1888 si
1914 1858 2050 1888 adducta
2069 1858 2148 1888 ratio
2168 1859 2299 1889 deesset.

1488 1901 1574 1932 Nota
1595 1902 1747 1938 secundo,
1773 1902 1863 1943 quod
1885 1901 2062 1933 fecunditas
2085 1912 2152 1932 non
2172 1909 2219 1934 est
2237 1902 2379 1934 conditio
2396 1903 2503 1934 omnis

1431 1953 1578 1977 naturae:
1604 1956 1670 1976 non
1695 1946 1781 1976 enim
1804 1945 1910 1977 omnis
1934 1953 2045 1978 natura
2069 1953 2174 1987 potest
2198 1947 2435 1978 communicare
2455 1957 2502 1979 se-

1430 1990 1532 2031 ipsam
1558 1991 1736 2021 secundum
1759 1991 1895 2022 eandem
1917 1990 2084 2027 rationem,
2101 2001 2158 2022 seu
2178 1991 2330 2028 univoce;
2354 1991 2400 2023 sic
2415 1992 2503 2023 enim

1431 2035 1531 2065 modo
1554 2035 1728 2076 loquimur.
1755 2035 1890 2066 Constat
1913 2045 2052 2076 namque
2075 2036 2178 2066 solem
2201 2046 2268 2066 non
2291 2046 2385 2078 posse
2407 2045 2503 2077 gene-

1431 2089 1499 2110 rare
1531 2079 1632 2110 alium
1655 2080 1774 2110 solem:
1799 2087 1830 2110 et
1853 2079 1996 2111 similiter
2020 2080 2134 2121 procul
2157 2087 2204 2112 est
2227 2081 2265 2111 ab
2289 2080 2503 2121 intelligentiis

1430 2131 1518 2155 actus
1543 2124 1830 2155 communicativus
1859 2124 2007 2165 propriae
2038 2132 2168 2156 naturae
2192 2123 2306 2168 (euius
2329 2125 2409 2157 ratio
2432 2125 2503 2156 red-

1431 2167 1516 2199 ditur
1535 2168 1675 2205 inferius,
1700 2179 1754 2210 qu.
1771 2179 1842 2205 xnv,
1863 2176 1920 2200 art.
1941 2170 1969 2205 5,
1989 2169 2029 2199 ad
2052 2167 2092 2211 ι).

1490 2213 1576 2244 Nota
1598 2214 1703 2250 tertio,
1728 2213 1818 2254 quod
1836 2213 1870 2243 in
1885 2213 1939 2244 illa
1958 2220 2069 2244 natura
2086 2213 2137 2244 cui
2154 2213 2302 2246 convenit
2317 2213 2500 2251 fecunditas,

1431 2266 1470 2287 eo
1494 2257 1594 2287 modo
1618 2257 1778 2289 invenitur
1805 2257 2043 2288 communicare
2066 2268 2113 2294 se,
2138 2267 2205 2299 quo
2228 2258 2388 2290 invenitur
2410 2267 2503 2299 agere

1432 2301 1472 2331 ad
1498 2301 1826 2332 communicationem
1850 2301 1909 2332 sui.
1935 2301 2022 2332 Cum
2045 2309 2153 2333 autem
2178 2302 2211 2332 in
2239 2302 2424 2333 definitione
2447 2312 2502 2334 na-

1431 2352 1530 2381 turae,
1555 2345 1581 2376 11
1598 2345 1727 2386 Parsic.
1739 2344 1768 2382 θ’,
1793 2353 1932 2386 ponatur
1948 2347 2106 2386 primum,
2123 2356 2189 2376 non
2202 2347 2391 2387 proximum
2415 2346 2501 2388 prin-

1432 2389 1563 2430 cipium,
1588 2399 1654 2420 non
1678 2397 1725 2421 est
1747 2389 1781 2420 in
1804 2399 2009 2431 quacumque
2027 2397 2139 2421 natura
2161 2391 2388 2432 requirendum
2411 2391 2502 2432 quod

1432 2433 1489 2470 sit,
1520 2433 1641 2464 seclusa
1664 2433 1806 2475 qualibet
1817 2434 1988 2485 potentia,
2018 2434 2203 2475 proximum
2226 2442 2256 2466 et
2279 2434 2502 2466 immediatum

1431 2477 1626 2528 principium
1647 2478 1858 2518 operationis:
1882 2479 1938 2509 sed
1955 2485 2002 2510 sat
2017 2486 2064 2510 est
2087 2479 2177 2520 quod
2196 2479 2236 2509 sit
2253 2479 2396 2519 primum
2415 2478 2502 2510 illius

1432 2522 1625 2564 principium
1648 2522 1806 2553 mediante
1830 2523 1972 2563 potentia
1991 2523 2059 2554 eius
2075 2523 2220 2560 naturali,
2239 2530 2274 2554 ut
2289 2523 2322 2554 in
2339 2523 2502 2555 elementis

1432 2573 1464 2598 et
1486 2566 1676 2597 animalibus
1701 2574 1795 2608 patet.

1490 2611 1542 2642 VI.
1568 2611 1614 2641 Ex
1638 2611 1686 2641 his
1710 2618 1834 2647 autem,
1866 2611 2026 2643 inductive
2058 2611 2231 2643 manifestis
2261 2619 2357 2652 atque
2388 2611 2503 2643 rationi

1433 2654 1593 2692 consonis,
1618 2655 1783 2686 deducitur
1805 2655 1910 2696 primo
1935 2656 2035 2696 quod,
2052 2656 2078 2686 si
2094 2666 2159 2697 qua
2174 2663 2220 2687 est
2236 2662 2348 2687 natura
2367 2655 2503 2687 fecunda

1433 2699 1707 2730 communicabilis
1731 2710 1787 2740 per
1810 2710 1902 2730 suam
1926 2700 2086 2732 actionem
2108 2707 2334 2737 transeuntem,
2356 2700 2412 2731 illa
2435 2710 2502 2731 non

1431 2743 1625 2786 inquantum
1657 2743 1853 2784 intelligens,
1882 2745 1993 2776 volens
2021 2751 2078 2776 aut
2109 2744 2264 2781 sentiens,
2294 2745 2350 2775 sed
2373 2744 2503 2776 seclusis

1433 2788 1583 2819 omnibus
1606 2788 1674 2825 his,
1704 2789 1799 2819 habet
1822 2796 1928 2819 actum
1957 2789 2006 2820 sui
2031 2789 2338 2820 communicativum
2365 2799 2422 2829 per
2444 2798 2502 2829 po-

1433 2833 1565 2865 tentiam
1588 2842 1690 2870 suam,
1716 2833 1772 2874 qui
1789 2840 1835 2864 est
1851 2833 1932 2864 actio
1948 2833 2112 2865 transiens.
2138 2833 2170 2864 Si
2186 2843 2249 2874 qua
2265 2839 2372 2864 autem
2391 2839 2503 2864 natura

1434 2884 1480 2908 est
1495 2877 1640 2914 fecunda,
1658 2877 1708 2908 cui
1730 2885 1883 2918 repugnet
1908 2877 2137 2908 communicari
2157 2887 2213 2918 per
2230 2877 2389 2908 actionem
2404 2883 2503 2909 trans-

1433 2929 1582 2959 euntem,
1614 2921 1718 2963 qualis
1746 2929 1792 2953 est
1815 2922 1921 2953 omnis
1944 2930 2057 2954 natura
2080 2931 2159 2963 pure
2180 2921 2420 2958 intellectualis,
2449 2920 2503 2953 ina

1433 2966 1537 3002 habet,
1554 2976 1610 3007 per
1632 2966 1810 3007 potentiam
1834 2967 1883 2997 vel
1906 2966 2064 3007 potentias
2088 2976 2171 3002 suas,
2189 2972 2296 2997 actum
2320 2964 2502 2997 communi-

1434 3009 1572 3042 cativum
1596 3010 1645 3042 sui
1676 3011 1715 3041 de
1738 3020 1851 3051 genere
1882 3010 2046 3042 actionum
2076 3009 2331 3041 immanentium.
2362 3009 2404 3041 Et
2426 3016 2503 3040 cum

1433 3054 1619 3086 huiusmodi
1650 3054 1789 3086 actiones
1820 3054 1852 3085 in
1882 3063 1994 3086 natura
2024 3053 2227 3086 intellectuali
2259 3063 2326 3084 non
2356 3053 2420 3086 sint
2440 3053 2502 3085 nisi

1433 3105 1522 3130 actus
1545 3099 1722 3130 intellectus
1738 3106 1769 3130 et
1783 3099 1957 3130 voluntatis
1981 3097 2081 3141 (solae
2104 3107 2244 3139 namque
2267 3098 2344 3130 istae
2361 3105 2436 3129 sunt
2449 3107 2503 3130 na-

1433 3143 1548 3174 turales
1574 3143 1734 3184 potentiae
1759 3143 1906 3184 propriae
1933 3150 2063 3175 naturae
2087 3152 2167 3183 pure
2193 3140 2437 3185 intellectualis),
2458 3151 2504 3174 se·

1433 3187 1542 3229 quitur
1561 3188 1660 3229 quod,
1685 3187 1710 3218 si
1734 3197 1798 3228 qua
1821 3195 1933 3219 natura
1956 3197 2035 3229 pure
2057 3187 2279 3218 intellectualis
2295 3193 2342 3218 est
2356 3186 2501 3224 fecunda,

1433 3239 1521 3262 actus
1545 3231 1831 3263 communicativus
1859 3232 1959 3274 ipsius
1983 3239 2029 3263 est
2051 3238 2139 3262 actus
2168 3231 2344 3262 intellectus
2368 3237 2424 3262 aut
2445 3239 2501 3261 vo·

1433 3275 1576 3313 luntatis,
1600 3276 1651 3307 vel
1674 3283 1817 3327 uterque.
1841 3276 1882 3307 Et
1905 3276 1982 3307 haec
2005 3282 2052 3306 est
2074 3275 2153 3306 ratio
2176 3275 2295 3307 litterae
2319 3274 2430 3311 huius,
2454 3273 2501 3305 in·

1434 3320 1546 3351 choata
1580 3319 1644 3350 iam
1673 3330 1691 3350 a
1718 3320 1823 3360 primo
1857 3320 1990 3352 articulo
2020 3319 2116 3351 huius
2146 3319 2359 3385 quaestionis,
2393 3325 2501 3350 contra

1433 3364 1556 3400 Arium,
1582 3371 1640 3396 etc.

1492 3409 1558 3440 Vll.
1593 3408 1644 3439 Ad
1675 3409 1869 3440 obiectiones
1895 3408 1992 3449 igitur
2021 3408 2054 3439 in
2085 3408 2274 3449 oppositum
2305 3407 2439 3443 dicitur,
2469 3413 2502 3438 et

1434 3452 1539 3494 primo
1565 3453 1603 3483 ad
1628 3453 1796 3494 primam*
1798 3476 1806 3490 ,
1830 3453 1919 3494 quod
1940 3462 1978 3484 ex
1993 3452 2143 3484 omnibus
2166 3452 2226 3484 illis
2250 3452 2329 3483 nihil
2344 3450 2431 3482 aliud
2445 3450 2501 3482 ha-

1434 3497 1539 3531 betur,
1570 3496 1629 3527 nisi
1653 3497 1742 3538 quod
1765 3495 1983 3547 processiones
2007 3507 2062 3527 seu
2087 3495 2315 3538 productiones
2338 3505 2404 3526 non
2428 3500 2502 3525 sunt

1435 3540 1573 3571 actiones
1589 3541 1798 3571 immanentes
1811 3542 1979 3581 praecise:
1998 3542 2087 3582 quod
2104 3551 2163 3574 nos
2179 3541 2343 3578 docemus,
2359 3545 2501 3570 tenentes

1435 3584 1523 3625 quod
1540 3592 1613 3616 sunt
1629 3584 1800 3625 intelligere
1824 3586 2033 3625 exprimendo
2057 3586 2199 3623 verbum,
2217 3592 2247 3616 et
2265 3583 2407 3616 similiter
2422 3582 2501 3613 velle

1434 3629 1598 3668 spirando,
1625 3636 1654 3660 et
1678 3628 1720 3659 sic
1745 3629 1783 3659 de
1807 3628 1884 3665 aliis,
1910 3637 1945 3660 ut
1967 3629 2098 3660 inferius
2113 3629 2131 3649 '⁸‘
2153 3629 2246 3660 latius
2270 3627 2398 3668 patebit.

2526 422 2537 434 '⁴
2554 422 2579 444 S.
2590 422 2635 444 Th.
2645 422 2698 445 lect.
2708 429 2740 445 tv.

2528 842 2538 852 ⁸
2549 841 2597 869 Qu.
2606 847 2654 868 xiv,
2662 845 2706 864 m.
2714 848 2740 870 75

2529 874 2570 896 qu.
2584 874 2632 896 xlx,
2647 871 2690 890 art.
2700 875 2720 897 5.

2527 1767 2539 1779 ⁴
2560 1768 2636 1789 acum
2659 1773 2742 1789 seeun-

2529 1793 2582 1815 dum
2597 1795 2673 1816 acum
2688 1800 2742 1816 esse

2528 1819 2565 1843 ed.
2575 1826 2630 1848 ¹⁵¹4·

2528 2353 2538 2362 ·
2549 2350 2607 2380 Cap.
2617 2357 2633 2379 ι,
2643 2357 2708 2374 ιιιιιιι.
2719 2357 2741 2374 2.

2529 3453 2592 3476 ·Cf.
2605 3445 2671 3476 nuni.
2686 3459 2721 3476 m.
2766 3464 2768 3469 .

2528 3576 2741 3604 'Qu.xxx=v,ar11

2529 3602 2600 3652 :ea
2606 3609 2647 3632 ψ’
2654 3607 2741 3630 mm
