2768 4178
314 288 391 335 234

312 375 450 403 naturae,
476 367 667 408 inquantum
691 366 837 407 perfecta,
862 368 962 399 tendit
984 368 1017 398 in
1038 369 1161 399 bonum
1177 369 1313 405 alterius,
1335 369 1380 399 fa-

312 412 444 442 tendum
469 419 514 442 est
537 412 625 452 quod
649 411 811 442 inclinatio
839 413 1068 453 apprehensiva
1097 413 1205 443 tendat
1228 413 1324 443 etiam
1347 413 1380 443 in

311 457 435 486 bonum
450 456 585 486 alterius.
602 455 746 487 Secunda
765 466 913 497 quoque,
939 457 1023 498 quia,
1045 457 1070 487 si
1085 456 1148 487 hoc
1170 456 1329 488 invenitur
1347 457 1380 488 in

311 500 416 541 aliqua
438 500 610 536 voluntate,
631 500 798 541 praecipue
817 501 850 531 in
875 501 989 537 divina,
1008 507 1119 541 utpote
1142 500 1378 540 perfectissima,

311 551 342 575 et
365 554 446 585 quae
469 544 568 584 magis
589 544 662 575 facit
681 544 739 575 sibi
762 544 863 576 simile
888 555 986 586 quarn
1010 555 1232 586 quaecumque
1253 545 1311 576 alia
1325 555 1379 576 vo-

309 588 423 625 luntas,
448 596 478 619 et
500 588 729 630 quodcumque
753 599 848 629 agens
876 589 1067 629 perfectum;
1093 589 1247 630 quoniam
1264 590 1318 629 >ab
1343 600 1379 620 ea

310 633 414 663 omnis
439 633 596 664 derivatur
618 633 780 674 perfectio.
800 634 835 664 In
859 634 921 664 hoc
938 641 1044 664 autem
1068 643 1217 674 processu
1242 632 1286 664 sic
1306 633 1378 664 fun-

308 677 393 713 dato,
414 677 488 708 latet
510 677 587 708 haec
610 678 788 718 propositio
817 677 903 714 falsa,
921 678 1052 713 scilicet,
1076 678 1182 708 Deum
1208 679 1288 709 velle
1311 679 1377 709 alia

308 727 356 752 est
372 721 532 762 perfectio
545 722 702 762 quaedam
726 732 806 753 suae
819 723 1002 754 voluntatis.
1020 722 1105 762 Ergo
1122 731 1289 762 processus
1311 732 1377 753 ma-

308 765 368 796 lus.
382 783 402 788 -
415 766 514 804 Quod
532 766 619 796 enim
637 766 696 797 ista
715 766 892 807 propositio
909 767 942 796 in
958 766 1019 797 hoc
1035 766 1199 797 claudatur
1214 776 1374 806 processu,

308 817 408 850 patet:
434 810 518 851 quia,
543 810 569 840 si
591 810 754 841 inclinatio
778 811 811 841 in
839 811 962 841 bonum
986 810 1122 847 alterius,
1143 810 1293 850 perfectio
1310 821 1376 841 non

308 862 549 894 supponeretur,
567 865 633 885 non
657 856 773 886 valeret
796 865 972 895 processus,
999 865 1078 896 ergo
1095 855 1248 895 ponenda
1273 860 1319 885 est
1343 856 1375 885 in

308 899 481 937 voluntate,
500 906 539 936 et,
557 909 637 940 ergo
653 901 686 930 in
702 900 811 930 divina
821 900 1015 940 praesertim
1021 909 1036 937 ;
1057 899 1146 940 quod
1162 898 1272 929 omnia
1294 909 1375 939 quae

307 943 377 973 Deo
402 950 432 974 et
463 943 610 974 creaturis
642 944 827 974 communia
851 951 942 980 sunt,
965 951 1002 974 ut
1031 944 1178 974 voluntas
1202 950 1233 973 et
1255 943 1376 973 intelle—

307 994 385 1023 ctus,
403 994 471 1024 etc„
492 988 531 1018 ad
547 988 664 1028 ipsum,
685 987 775 1018 omni
798 988 1037 1028 imperfectione
1061 988 1191 1024 sublata,
1218 987 1375 1018 transferri

306 1031 510 1072 intelligimus
527 1033 635 1072 quoad
654 1032 686 1062 id
702 1032 791 1072 quod
814 1032 1015 1072 perfectionis
1039 1038 1095 1063 est.
1111 1050 1131 1054 -
1146 1032 1245 1069 Quod
1268 1038 1376 1062 autem

307 1075 360 1106 illa
382 1076 549 1116 proposito
573 1076 613 1107 sit
636 1075 722 1112 falsa,
741 1082 843 1117 patet:
868 1076 953 1117 quia,
979 1076 1004 1106 si
1027 1077 1115 1107 Deus
1139 1076 1266 1107 nullum
1289 1076 1375 1106 aliud

306 1130 323 1150 a
347 1130 379 1150 se
395 1120 498 1156 vellet,
516 1127 596 1151 esset
619 1130 718 1161 aeque
734 1120 890 1160 perfectus
914 1120 996 1151 sicut
1010 1121 1109 1151 modo
1134 1127 1196 1157 est;
1220 1120 1302 1151 velle
1315 1120 1374 1161 igi-

305 1171 356 1194 tur
379 1164 439 1194 alia
458 1164 579 1195 nullam
603 1164 631 1194 ei
654 1164 882 1205 perfectionem
905 1165 1001 1196 addit.

359 1208 411 1239 III.
427 1209 478 1239 Ad
494 1209 555 1239 hoc
571 1215 676 1249 potest
700 1209 866 1249 dupliciter
884 1208 1077 1249 responderi,
1098 1209 1184 1240 iuxta
1207 1209 1289 1240 duos
1306 1219 1375 1240 sen-

305 1263 358 1283 sus
382 1253 498 1294 quibus
521 1260 626 1293 potest
649 1253 780 1294 intelligi
804 1254 910 1284 Deum
938 1253 1018 1284 velle
1042 1254 1120 1284 alia:
1146 1253 1268 1294 primo,
1294 1253 1375 1284 velle

305 1298 477 1328 actualiter
500 1297 559 1328 alia
583 1306 668 1334 esse;
693 1298 844 1334 secundo,
864 1298 944 1328 velle
962 1298 1185 1339 potentialiter
1208 1297 1277 1334 alia,
1295 1298 1375 1329 idest

305 1351 372 1372 esse
387 1341 556 1372 volitivum
573 1342 719 1378 aliorum,
740 1342 804 1373 sive
823 1342 898 1373 velit
921 1342 981 1373 alia
1004 1342 1069 1373 sive
1093 1352 1169 1373 non.
1194 1342 1235 1373 Et
1259 1342 1284 1372 si
1304 1342 1374 1384 qui-

305 1386 379 1416 dem
401 1386 592 1426 intelligatur
623 1386 786 1417 conclusio
819 1386 879 1417 ista
902 1387 1043 1418 secundo
1074 1387 1192 1423 modo,
1217 1386 1305 1417 nulla
1328 1394 1375 1418 est

304 1430 510 1470 ambiguitas:
535 1430 691 1471 quoniam
714 1441 781 1462 esse
804 1431 973 1462 volitivum
993 1431 1129 1462 aliorum
1153 1437 1200 1462 est
1222 1430 1373 1471 perfectio

303 1475 336 1505 in
360 1475 439 1512 Deo,
460 1475 541 1506 sicut
564 1485 630 1506 esse
654 1474 805 1506 factivum
828 1475 965 1506 aliorum
989 1482 1035 1506 est
1057 1475 1208 1516 perfectio
1233 1482 1372 1507 naturae.

304 1520 370 1550 Nec
386 1519 492 1560 potuit
507 1520 594 1550 Deus
609 1530 676 1550 non
692 1530 758 1551 esse
774 1519 924 1551 volitivus
940 1520 1087 1557 aliorum,
1106 1519 1251 1561 quamvis
1267 1520 1374 1560 potuit

305 1574 372 1594 non
395 1564 476 1594 velle
499 1564 569 1595 alia.

360 1608 392 1639 Si
414 1618 490 1639 vero
514 1608 706 1648 intelligatur
725 1608 888 1639 conclusio
913 1608 1008 1639 etiam
1030 1608 1135 1649 primo
1160 1608 1270 1645 modo,
1291 1608 1372 1639 diffi-

304 1652 361 1683 cile
386 1659 432 1683 est
455 1653 586 1684 solvere.
618 1653 799 1683 Dicendum
822 1660 927 1684 tamen
952 1652 1030 1683 mihi
1053 1653 1178 1684 videtur
1200 1653 1308 1694 quod,
1334 1654 1372 1684 de

302 1697 466 1728 voluntate
489 1697 521 1727 in
546 1697 711 1728 communi
735 1697 910 1738 loquendo,
931 1698 1157 1738 consequentia
1177 1704 1224 1728 est
1239 1697 1371 1738 optima.

304 1741 467 1779 Quoniam
500 1742 540 1772 ad
567 1741 795 1782 perfectionem
826 1748 912 1772 actus
944 1742 1116 1773 voluntatis
1140 1748 1260 1783 spectat
1282 1752 1373 1772 amor

304 1786 468 1822 amicitiae,
486 1793 516 1816 et
530 1786 708 1822 liberalitas,
726 1793 795 1823 etc„
815 1786 932 1827 quibus
949 1786 1086 1817 aliorum
1101 1787 1187 1817 bona
1202 1786 1370 1817 volumus:

304 1830 425 1861 deesset
457 1830 543 1861 enim
573 1830 759 1861 huiusmodi
791 1830 943 1871 perfectio
975 1831 1096 1861 actibus
1118 1830 1301 1862 voluntatis.
1336 1831 1372 1861 In

303 1874 394 1905 cuius
414 1875 551 1914 signum,
569 1875 678 1905 caritas
694 1875 850 1906 voluntati
874 1874 1065 1905 infunditur:
1090 1875 1188 1915 gratia
1204 1874 1290 1905 enim
1305 1885 1372 1905 non

303 1925 406 1950 mutat
421 1926 567 1950 naturam
582 1919 724 1955 subiecti,
737 1919 792 1949 sed
808 1918 930 1960 perficit
943 1919 1022 1949 illud
1037 1929 1093 1959 per
1108 1919 1245 1950 modum
1261 1919 1371 1959 ipsiuS.

302 1963 350 1994 De
374 1963 538 1995 voluntate
562 1970 670 1994 autem
700 1963 806 1993 divina
828 1963 1008 2004 loquendo,
1037 1963 1263 2004 consequentia
1287 1963 1372 1994 bona

302 2014 357 2043 est,
379 2007 433 2038 sed
452 2006 731 2048 proportionalitas
746 2007 837 2038 valde
857 2007 1071 2047 ponderanda.
1097 2007 1129 2038 Si
1152 2007 1315 2039 inclinatio
1339 2007 1372 2038 in

302 2052 426 2082 bonum
445 2051 582 2082 aliorum
606 2059 652 2082 est
671 2051 822 2092 perfectio
846 2058 975 2082 naturae
999 2062 1055 2092 per
1070 2052 1207 2082 modum
1231 2058 1370 2088 naturae,

301 2106 499 2137 consequens
519 2103 565 2127 est
585 2097 674 2137 quod
692 2095 836 2127 inclinari
859 2096 892 2126 in
915 2097 1040 2127 bonum
1058 2096 1195 2127 aliorum
1219 2096 1277 2127 erit
1299 2106 1371 2136 per-

302 2141 396 2171 fectio
419 2141 592 2171 voluntatis
615 2150 679 2181 per
701 2141 830 2171 modum
855 2141 1048 2178 voluntatis,
1072 2140 1152 2172 idest
1176 2142 1369 2172 voluntaria.

301 2185 342 2216 Et
365 2185 390 2215 si
414 2185 556 2215 inclinari
579 2185 612 2215 in
635 2185 760 2215 bonum
787 2184 925 2215 aliorum
949 2194 1005 2225 per
1028 2185 1164 2215 modum
1187 2185 1369 2221 voluntatis,

302 2236 348 2260 est
371 2229 522 2270 perfectio
545 2228 734 2265 voluntatis;
759 2239 834 2268 ergo
858 2228 1000 2259 inclinari
1030 2229 1063 2259 in
1086 2229 1210 2259 bonum
1233 2229 1372 2259 aliorum

302 2283 358 2314 per
380 2273 516 2304 modum
531 2273 703 2304 voluntatis
723 2273 857 2308 divinae,
883 2272 941 2303 erit
963 2272 1114 2313 perfectio
1138 2273 1310 2304 voluntatis
1325 2273 1371 2303 di—

301 2317 402 2348 vinae.
427 2317 488 2348 Sed
513 2327 587 2348 cum
604 2317 680 2348 dicis
694 2327 757 2357 per
780 2317 908 2348 modum
934 2317 1109 2348 voluntatis
1130 2317 1270 2355 divinae,
1292 2318 1370 2347 duas

302 2361 506 2393 limitationes
530 2362 618 2392 addis
646 2360 850 2402 perfectioni:
876 2361 971 2391 altera
995 2368 1050 2397 est,
1075 2362 1163 2402 quod
1188 2368 1234 2392 est
1256 2362 1370 2392 volun-

302 2406 394 2442 taria;
419 2406 515 2436 altera
539 2413 593 2442 est,
619 2406 708 2447 quod
732 2405 866 2436 omnino
891 2405 988 2436 libera
1011 2415 1046 2436 ac
1069 2405 1295 2446 independens,
1321 2412 1371 2436 ut-

301 2457 377 2491 pote
391 2450 511 2491 primae
527 2450 698 2481 voluntatis
715 2457 843 2480 naturae
860 2449 1044 2480 conformis.
1065 2449 1248 2480 Concedere
1264 2458 1371 2481 autern

302 2495 391 2535 quod
414 2494 520 2525 Deum
544 2495 623 2525 velle
648 2494 708 2525 alia
731 2501 777 2524 est
800 2493 951 2534 perfectio
974 2493 1153 2525 voluntaria
1183 2501 1213 2525 et
1236 2494 1371 2524 omnino

302 2539 408 2575 libera,
429 2539 555 2570 nullum
577 2538 802 2569 inconveniens
826 2544 881 2569 est.
907 2538 1019 2579 Neque
1036 2538 1122 2568 enim
1139 2548 1175 2569 ex
1192 2538 1254 2569 hoc
1269 2538 1372 2579 sequi-

1009 289 1276 336 QUAESTIO
1307 289 1409 337 X1x,
1439 290 1736 329 ARTICULUS
1767 291 1815 328 111

1436 369 1558 400 tionem
1574 369 1786 410 perfectionis,
1803 378 1946 411 respectu
1972 369 2038 402 eius
2062 370 2095 401 in
2120 380 2186 411 quo
2211 378 2274 402 est:
2299 372 2454 413 quoniam
2469 371 2507 402 si-

1435 413 1563 454 gnificat
1586 424 1683 445 suum
1706 415 1894 455 oppositum
1919 425 1984 445 non
2009 425 2075 445 esse
2099 415 2384 455 imperfectionem.

1492 458 1543 489 IV.
1569 458 1661 489 Circa
1690 459 1823 489 eandem
1856 459 2128 495 deductionem*,

1435 502 1571 533 dubium
1595 503 1739 534 occurrit.
1765 503 1929 540 Quoniam
1952 514 1989 534 ex
2012 504 2074 534 hoc
2098 513 2247 544 processu
2272 504 2362 545 sequi
2381 505 2506 536 videtur

1435 547 1524 587 quod
1547 547 1634 577 Deus
1665 557 1731 577 non
1764 548 1870 578 solum
1893 547 1968 578 velit
1991 548 2065 584 alia,
2091 549 2145 578 sed
2175 548 2264 589 quod
2293 548 2369 579 velit
2395 549 2505 579 omnia

1435 600 1516 631 quae
1532 591 1612 621 velle
1628 598 1742 631 potest.
1767 592 1808 623 Et
1822 592 1884 623 hoc
1908 592 1941 622 in
1959 592 2060 623 littera
2085 592 2277 633 exprimitur,
2295 592 2374 623 dum
2392 592 2505 623 dicitur

1434 635 1523 676 quod
1547 635 1587 665 ad
1611 635 1751 666 divinam
1766 643 1886 676 spectat
1907 637 2106 667 voluntatem
2130 644 2166 668 ut
2179 637 2303 667 bonum
2327 636 2394 667 aliis
2419 646 2505 667 corn-

1434 679 1584 716 municet‚
1601 680 1775 711 secundum
1795 681 1880 721 quod
1897 681 2049 721 possibile
2073 687 2128 712 est.
2146 682 2219 712 Hoc
2243 688 2351 712 autem
2374 688 2421 711 est
2444 681 2502 711 fal-

1433 732 1522 753 sum:
1548 724 1704 764 quoniam
1727 725 1828 755 multa
1851 732 1959 765 posset
1982 725 2068 756 Deus
2091 725 2171 756 velle
2185 749 2192 762 ,
2219 735 2301 766 quae
2325 735 2391 756 non
2414 725 2501 761 vult,

1432 773 1469 797 ut
1491 774 1586 807 patet.

1488 812 1540 842 Ad
1562 811 1625 842 hoc
1647 812 1781 843 breviter
1804 813 1917 844 dicitur
1933 815 2032 855 quod,
2057 824 2131 845 cum
2147 815 2254 845 Deum
2276 814 2356 844 velle
2380 813 2450 849 alia,
2467 820 2503 844 ut

1431 854 1464 884 in
1488 855 1633 896 sequenti
1647 856 1779 887 articulo
1803 857 1930 897 patebit,
1948 858 1987 889 sit
2002 858 2136 889 omnino
2160 859 2306 895 liberum,
2322 868 2379 888 nec
2402 858 2503 888 ullam

1432 899 1545 930 habeat
1575 908 1722 936 causam;
1747 910 1814 931 non
1837 908 1943 941 potest
1971 902 2030 933 nisi
2059 910 2133 943 post
2156 902 2292 939 factum,
2317 909 2372 933 aut
2395 912 2432 932 ex
2455 911 2502 932 re-

1431 942 1603 980 velatione,
1629 944 1778 984 cognosci
1802 946 1892 986 quod
1914 946 2002 977 Deus
2024 947 2093 978 vult
2116 947 2192 983 alia;
2218 954 2248 978 et
2272 953 2503 987 consequenter

1432 987 1520 1028 quod
1536 987 1606 1018 vult
1621 987 1698 1018 haec
1713 988 1763 1018 vel
1779 987 1841 1019 illa.
1866 989 1933 1020 Nec
1949 990 1988 1020 ad
2003 990 2064 1021 hoc
2084 991 2318 1021 ostendendum
2338 990 2438 1021 factus
2455 997 2501 1021 est

1431 1031 1550 1062 litterae
1573 1031 1669 1062 huius
1698 1041 1879 1071 processus:
1905 1034 1959 1064 sed
1983 1034 2022 1064 ad
2046 1035 2280 1066 ostendendum
2308 1035 2398 1076 quod
2420 1035 2500 1065 velle

1431 1076 1491 1106 alia
1515 1076 1555 1106 ad
1573 1075 1812 1116 perfectionem,
1828 1077 2041 1108 voluntariam
2057 1085 2173 1115 tamen,
2188 1079 2360 1110 voluntatis
2376 1078 2500 1109 divinae

1431 1127 1559 1161 spectat.
1585 1120 1703 1152 Omnia
1719 1128 1827 1151 autem
1842 1121 1892 1151 vel
1911 1122 2077 1162 quaedam,
2094 1122 2172 1153 haec
2186 1123 2237 1153 vel
2251 1123 2305 1153 illa
2319 1123 2410 1160 velle,
2426 1122 2500 1153 hinc

1430 1174 1497 1195 non
1521 1164 1672 1201 habetur,
1697 1175 1755 1196 nec
1778 1165 1885 1196 haberi
1909 1173 2022 1206 potest.
2047 1166 2230 1204 Quoniam,
2255 1177 2331 1198 cum
2353 1167 2403 1198 hic
2423 1177 2500 1198 con—

1431 1209 1576 1240 cludatur
1591 1209 1742 1249 perfectio
1758 1209 1945 1246 voluntaria,
1963 1217 1994 1241 et
2010 1209 2115 1241 divina
2130 1210 2279 1241 voluntas
2303 1210 2362 1241 sibi
2383 1210 2444 1251 ipsi
2461 1211 2500 1242 sit

1430 1253 1479 1284 lex
1494 1260 1525 1284 et
1539 1253 1630 1290 ratio,
1647 1253 1726 1284 nihil
1749 1253 1835 1284 aliud
1854 1254 2079 1285 rationabiliter
2093 1254 2154 1286 dici
2170 1254 2244 1286 hinc
2267 1261 2381 1295 potest,
2401 1264 2500 1295 quam

1430 1298 1519 1339 quod
1542 1297 1575 1328 in
1598 1298 1701 1329 littera
1724 1298 1853 1335 dicitur,
1878 1299 1968 1339 quod
2001 1298 2117 1330 scilicet
2139 1299 2179 1329 ad
2203 1309 2274 1330 eam
2297 1305 2417 1339 spectat
2439 1298 2500 1330 alia

1429 1343 1525 1378 velle,
1551 1342 1728 1373 secundum
1751 1343 1840 1383 quod
1864 1342 2014 1383 possibile
2038 1350 2100 1379 est,
2127 1343 2285 1374 sumendo
2302 1342 2458 1383 possibile
2481 1352 2500 1373 a

1423 1387 1570 1427 potentia
1594 1387 1756 1424 ordinata,
1779 1393 1810 1417 et
1833 1397 1899 1417 non
1916 1397 1934 1417 a
1947 1387 2090 1427 potentia
2113 1387 2306 1428 simpliciter.
2329 1387 2414 1418 Nam
2436 1387 2499 1418 hoc

1429 1431 1618 1462 tantundem
1642 1438 1688 1462 est
1711 1441 1747 1462 ac
1767 1431 1792 1461 si
1812 1431 1974 1468 diceretur,
1994 1432 2170 1463 secundum
2190 1432 2275 1473 quod
2297 1432 2366 1472 ipsa
2389 1431 2499 1463 divina

1430 1476 1579 1507 voluntas
1602 1476 1679 1506 vult.

1484 1520 1523 1551 V.
1545 1519 1662 1557 Quoad
1685 1519 1859 1550 secundum
1875 1519 1901 1555 *,
1922 1519 2126 1560 distinguitur
2148 1519 2266 1560 duplex
2289 1519 2406 1550 modus
2429 1529 2497 1561 quo

1429 1564 1549 1605 aliquid
1572 1570 1620 1594 est
1642 1563 1797 1594 volitum:
1822 1563 1939 1594 scilicet
1967 1569 2003 1595 ut
2019 1564 2121 1605 finis,
2147 1571 2178 1595 et
2201 1569 2237 1595 ut
2259 1564 2303 1595 ad
2315 1564 2432 1605 finem.
2457 1563 2499 1595 Et

1429 1608 1543 1639 dicitur
1566 1608 1655 1649 quod
1678 1608 1766 1639 Deus
1788 1608 1857 1639 vult
1879 1618 1912 1638 se
1936 1615 1972 1639 ut
1994 1607 2101 1645 finem,
2123 1608 2184 1639 alia
2206 1615 2243 1639 ut
2261 1608 2301 1638 ad
2324 1607 2432 1639 finem.
2457 1607 2499 1639 Et

1429 1653 1590 1693 probatur,
1608 1662 1663 1683 seu
1687 1652 1914 1688 manifestatur,
1932 1653 2100 1693 quomodo
2117 1660 2290 1693 utrumque
2313 1652 2432 1683 horum
2447 1651 2496 1688 sit,

1429 1707 1504 1728 cum
1528 1697 1651 1733 dicitur,
1668 1698 1858 1738 inquantum
1883 1697 2033 1728 condecet
2051 1697 2193 1728 divinam
2214 1697 2384 1728 bonitatem
2402 1697 2496 1727 etiam

1427 1742 1493 1772 alia
1509 1742 1609 1782 ipsam
1624 1742 1835 1782 participare.
1859 1741 2049 1781 Experimur
2063 1741 2221 1782 siquidem
2236 1741 2269 1771 in
2288 1740 2381 1771 nobis
2397 1740 2495 1782 quod,

1428 1795 1503 1816 cum
1526 1785 1675 1826 nosipsos
1699 1785 1835 1825 perfecte
1859 1795 2017 1821 amamus,
2042 1795 2108 1815 non
2132 1785 2239 1816 solum
2261 1785 2413 1816 volumus
2437 1794 2497 1815 nos

1428 1840 1505 1865 esse,
1522 1829 1636 1866 vivere,
1654 1836 1723 1865 etc.,
1739 1830 1794 1860 sed
1810 1829 1905 1860 etiam
1921 1829 2072 1860 volumus
2096 1829 2189 1860 nobis
2203 1829 2293 1870 quod
2309 1839 2369 1860 nos
2388 1829 2495 1860 decet:

1427 1881 1458 1905 et
1481 1884 1517 1904 ex
1540 1874 1603 1904 hoc
1625 1874 1777 1904 volumus
1799 1872 1930 1904 benefici
1955 1883 2032 1910 esse,
2049 1883 2115 1904 non
2134 1872 2347 1913 principaliter
2370 1880 2406 1904 ut
2428 1873 2497 1904 aliis

1426 1919 1511 1948 bona
1533 1917 1685 1954 velimus;
1711 1917 1776 1953 sed,
1796 1917 1871 1958 quia
1887 1918 2038 1948 volumus
2055 1917 2144 1958 quod
2161 1927 2220 1948 nos
2236 1917 2334 1954 decet,
2354 1916 2498 1958 sequitur

1426 1962 1564 1993 aliorum
1587 1962 1721 1992 bonurn.
1751 1961 1838 1993 Cum
1868 1969 1976 1993 autem
2009 1962 2117 1992 deceat
2149 1961 2290 1992 divinam
2321 1960 2498 1992 bonitatem

1426 2006 1615 2047 participari,
1639 2006 1727 2037 Deus
1752 2005 1819 2036 aliis
1842 2006 1911 2037 vult
1933 2006 2028 2042 bona,
2049 2005 2124 2047 quia
2146 2006 2237 2037 decet
2260 2015 2302 2042 se,
2325 2015 2380 2036 seu
2404 2004 2496 2036 boni—

1425 2058 1523 2082 tatem
1547 2060 1648 2081 suam.
1679 2051 1720 2081 Et
1744 2057 1974 2091 consequenter
1997 2060 2029 2081 se
2052 2050 2122 2081 vult
2145 2057 2181 2081 ut
2203 2048 2317 2086 finem,
2342 2056 2374 2081 et
2396 2049 2455 2080 alia
2478 2058 2497 2080 a

1425 2106 1458 2127 se
1481 2102 1518 2126 ut
1541 2095 1580 2126 ad
1603 2094 1717 2131 finem;
1742 2094 1817 2135 quia
1841 2102 1972 2135 propter
1994 2104 2036 2130 se,
2062 2094 2162 2125 modo
2186 2093 2281 2125 dicto.

1481 2141 1546 2171 Nec
1570 2139 1632 2170 hoc
1648 2146 1695 2170 est
1710 2139 1854 2169 minuere
1873 2139 2091 2170 liberalitatem
2114 2145 2169 2170 aut
2183 2147 2327 2169 amorem
2347 2137 2408 2168 Dei
2423 2147 2496 2178 erga

1424 2194 1494 2221 nos,
1511 2184 1592 2214 adeo
1609 2183 1886 2214 commendatum:
1911 2183 1966 2214 sed
1990 2190 2037 2214 est
2059 2183 2179 2224 aperire
2197 2192 2297 2224 quam
2321 2182 2496 2213 immensae

1424 2227 1624 2259 amabilitatis
1648 2227 1687 2258 sit
1711 2227 1816 2257 divina
1835 2227 1969 2263 bonitas,
1987 2227 2215 2268 ostendereque
2231 2233 2406 2258 creaturam
2429 2235 2497 2257 non

1424 2282 1491 2303 esse
1523 2271 1593 2302 talis
1625 2271 1714 2302 modi
1746 2271 1946 2302 amabilitatis
1975 2281 2131 2312 capacem.
2158 2270 2245 2302 Nihil
2276 2270 2362 2301 enim
2390 2269 2496 2301 minus

1424 2317 1527 2352 habet,
1545 2316 1634 2357 quod
1658 2325 1696 2346 eo
1720 2325 1787 2356 quo
1811 2325 1877 2345 non
1901 2322 2006 2355 potest
2028 2316 2128 2346 modo
2152 2315 2269 2351 amari,
2295 2325 2312 2345 a
2335 2315 2405 2346 Deo
2429 2324 2496 2345 non

1425 2367 1558 2391 amatur.
1583 2359 1739 2397 Quinimo
1765 2369 1856 2390 amor
1885 2359 2121 2390 liberalissimus
2148 2368 2257 2390 versus
2281 2368 2340 2389 nos
2364 2358 2496 2390 manife-

1425 2411 1533 2441 statur,
1551 2414 1626 2435 cum
1648 2403 1774 2434 videtur
1796 2403 1886 2444 quod
1902 2403 2042 2434 divinam
2065 2403 2240 2434 bonitatem
2259 2403 2303 2433 sic
2318 2402 2496 2443 participari

1425 2449 1524 2486 decet,
1542 2449 1631 2490 quod
1654 2448 1842 2488 oppositum
1866 2458 1933 2478 non
1957 2448 2099 2484 dedecet;
2125 2448 2167 2478 sic
2187 2448 2285 2483 decet,
2308 2447 2398 2488 quod
2417 2446 2497 2477 nihil

1426 2493 1494 2530 sibi,
1512 2493 1567 2524 sed
1582 2492 1674 2523 nobis
1690 2499 1815 2523 tantum
1832 2491 1963 2523 confert.
1980 2492 2064 2522 Hinc
2081 2491 2166 2522 enim
2183 2498 2268 2532 patet
2285 2491 2374 2532 quod
2389 2491 2497 2522 Deum

1425 2538 1506 2568 velle
1527 2537 1623 2568 libere
1647 2537 1728 2567 hanc
1751 2536 1942 2572 decentiam,
1970 2543 2016 2567 est
2043 2543 2190 2567 nostrum
2213 2535 2326 2575 eligere
2354 2535 2494 2566 bonum:

302 2590 353 2614 tur
370 2583 458 2624 quod
483 2584 552 2614 Deo
576 2582 682 2624 potuit
704 2583 811 2613 deesse
835 2582 941 2622 aliqua
965 2581 1125 2623 perfectio,
1152 2582 1269 2613 scilicet
1291 2582 1372 2613 velle
1426 2582 1502 2623 quia
1526 2588 1572 2612 est
1595 2581 1674 2612 velle
1705 2581 1748 2611 sic
1777 2590 1869 2611 suam
1893 2580 2084 2616 bonitatem,
2111 2587 2146 2611 ut
2170 2580 2263 2611 etiam
2296 2589 2356 2610 nos
2386 2579 2494 2610 simus.

302 2627 380 2658 alia:
406 2628 460 2658 sed
489 2628 576 2668 quod
600 2627 706 2667 potuit
731 2627 838 2657 deesse
867 2627 978 2667 aliqua
1002 2626 1163 2667 perfectio
1187 2628 1371 2658 voluntaria
1426 2627 1553 2657 Poterat
1569 2625 1665 2661 enim,
1683 2626 1804 2666 absque
1821 2625 1887 2655 ullo
1905 2625 2024 2655 damno
2048 2634 2118 2661 suo,
2135 2625 2215 2655 velle
2238 2623 2333 2655 etiam
2355 2623 2398 2654 sic
2415 2632 2495 2659 eam,

302 2682 343 2703 ac
365 2673 494 2702 omnino
518 2672 628 2702 libera.
661 2672 748 2702 Haec
773 2670 857 2702 enim
882 2678 927 2702 est
951 2671 1093 2702 conditio
1117 2671 1299 2702 diminuens
1323 2681 1373 2701 ra—

1426 2671 1515 2712 quod
1539 2669 1618 2701 nihil
1642 2679 1711 2700 earn
1737 2669 1948 2710 participaret,
1970 2676 2004 2700 ut
2027 2669 2059 2699 in
2078 2668 2221 2710 sequenti
2244 2674 2330 2708 patet
2353 2667 2496 2699 articulo.

1114 2833 1432 2876 ARTICULUS
1461 2831 1690 2875 TERTIUS

779 2925 935 2956 UTRUM
959 2925 1173 2963 QUIDQUID
1199 2925 1310 2957 DEUS
1334 2925 1463 2961 vum,
1489 2925 1546 2955 EX
1569 2923 1864 2955 NECESSITATE
1891 2924 2018 2955 VELir

484 3006 493 3030 Ι
515 3006 591 3031 Cont.
613 3006 700 3033 Gent„
721 3011 775 3036 cap.
795 3011 858 3028 Lxxx
877 3011 952 3036 sqq.;
973 3004 1012 3034 ΙΙΙ,
1032 3011 1087 3036 cap.
1107 3011 1189 3034 xcvu;
1211 3003 1252 3029 De
1276 3003 1365 3033 Verit„
1386 3011 1431 3037 qu.
1450 3010 1519 3033 xxm,
1539 3007 1585 3027 art.
1604 3009 1635 3034 4;
1656 3002 1698 3027 De
1717 3002 1783 3031 Por„
1805 3010 1849 3035 qu.
1869 3010 1885 3031 ι,
1906 3008 1951 3027 art.
1974 3002 2001 3033 5;
2022 3010 2066 3036 qu.
2084 3010 2108 3032 x,
2128 3006 2174 3027 art.
2195 3008 2218 3031 2,
2238 3001 2269 3026 ad
2288 3000 2314 3026 6.

357 3115 385 3143 t=
421 3111 478 3143 γάρ
500 3107 539 3132 D
567 3106 726 3132 TERTmM
755 3106 808 3130 src
828 3105 1066 3131 pnoeemwa.
1087 3093 1248 3131 Videtur
1267 3093 1372 3142 quod

332 3129 489 3208 ἔᾼὲῥ
518 3147 703 3197 quidquid
723 3148 830 3184 Deus
849 3147 941 3193 vult,
964 3159 1007 3183 ex
1031 3146 1254 3184 necessitate
1268 3146 1370 3183 velit.

324 3198 372 3258 {5
428 3222 434 3225 s
460 3198 649 3242 (Omne
669 3200 771 3237 enim
801 3207 999 3236 aeternum
1020 3207 1075 3237 est
1100 3199 1369 3237 necessarium.

363 3267 373 3280 ⁸
396 3255 451 3281 ἶν’
475 3246 597 3292 &Sed
631 3253 815 3304 quidquid
854 3254 966 3294 Deus
992 3253 1093 3300 vult,
1133 3253 1181 3290 ab
1215 3260 1370 3290 aeterno

305 3308 405 3344 vult:
436 3307 546 3355 alias,
579 3308 756 3345 voluntas
791 3306 871 3343 eius
906 3313 1003 3343 esset
1035 3305 1237 3343 mutabilis.
1269 3306 1370 3354 Ergo

306 3361 491 3409 quidquid
518 3362 610 3407 vult,
642 3373 686 3398 ex
716 3359 936 3397 necessitate
965 3360 1056 3396 vult.

361 3426 395 3451 2.
417 3415 648 3461 PRAETEREA‚
670 3415 775 3450 Deus
803 3413 883 3450 vult
912 3412 983 3449 alia
1011 3425 1033 3449 a
1062 3425 1114 3459 se,
1144 3411 1370 3460 inquantum

307 3467 387 3503 vult
400 3467 608 3504 bonitatem
625 3479 746 3504 suam.
765 3466 841 3503 Sed
853 3467 958 3503 Deus
974 3465 1184 3502 bonitatem
1200 3477 1309 3502 suam
1326 3476 1371 3501 ex

307 3520 526 3557 necessitate
546 3521 637 3557 vult.
660 3521 762 3569 Ergo
782 3519 854 3557 alia
874 3531 895 3556 a
915 3531 955 3556 se
977 3531 1021 3555 ex
1037 3518 1257 3556 necessitate
1276 3517 1369 3555 vult.

359 3650 386 3681 α)
403 3657 453 3682 per
472 3657 498 3675 se
518 3657 619 3676 necesse
637 3657 701 3675 esse.
718 3664 736 3669 -
751 3658 802 3682 per
819 3658 847 3675 se
866 3651 1042 3676 necessarium
1062 3657 1117 3676 esse
1136 3651 1165 3675 B.

1483 3093 1517 3130 3.
1539 3092 1781 3137 PRAETEREA,
1813 3091 1996 3140 quidquid
2026 3099 2082 3128 est
2109 3091 2194 3128 Deo
2223 3092 2410 3136 naturale,
2442 3098 2498 3129 est

1426 3145 1702 3182 necessarium:
1733 3144 1821 3193 quia
1841 3145 1947 3182 Deus
1967 3152 2022 3182 est
2041 3156 2110 3194 per
2129 3156 2169 3181 se
2189 3156 2347 3182 necesse
2367 3157 2451 3182 esse
2465 3150 2494 3191 ⁶³,

1427 3206 1463 3235 et
1482 3197 1710 3247 principium
1731 3197 1856 3234 omnis
1876 3197 2118 3243 necessitatis,
2133 3205 2175 3234 ut
2195 3210 2310 3246 supra
2329 3197 2350 3220 *
2369 3205 2494 3235 osten·
2524 3211 2533 3220 ·
2549 3209 2597 3238 Qu.
2612 3215 2644 3238 n,
2658 3214 2702 3233 m.
2715 3215 2735 3239 ³-

1427 3263 1511 3288 sum
1543 3258 1609 3288 est.
1642 3250 1719 3288 Sed
1739 3252 1909 3288 naturale
1939 3258 1995 3288 est
2013 3250 2047 3287 ei
2066 3251 2164 3287 velle
2185 3250 2368 3301 quidquid
2393 3251 2492 3288 vult:

1426 3304 1513 3353 quia
1542 3304 1580 3341 in
1609 3305 1693 3341 Deo
1723 3304 1814 3342 nihil
1842 3311 1968 3353 potest
1996 3315 2079 3340 esse
2116 3311 2268 3352 praeter
2296 3311 2492 3351 naturam,

1426 3365 1467 3394 ut
1496 3357 1630 3395 dicitur
1658 3357 1696 3394 in
1719 3358 1754 3394 V
1776 3358 1993 3406 Metaphys.
2014 3356 2035 3378 *
2055 3357 2156 3405 Ergo
2187 3356 2371 3406 quidquid
2398 3357 2492 3404 vult,

1427 3423 1472 3448 ex
1500 3410 1723 3448 necessitate
1753 3411 1845 3448 vult.

1479 3476 1516 3511 4.
1538 3465 1780 3510 PRAETEREA,
1810 3475 1888 3500 non
1916 3475 2071 3499 neeesse
2108 3475 2211 3510 esse,
2243 3470 2278 3500 et
2311 3461 2492 3512 possibile

1427 3529 1504 3554 non
1534 3529 1628 3563 esse,
1657 3516 1924 3565 aequipollent.
1948 3516 1986 3553 Si
2016 3516 2125 3564 igitur
2147 3529 2226 3554 non
2255 3527 2409 3554 necesse
2439 3522 2493 3552 est

2153 459 2220 490 imo
2244 461 2338 490 verba
2365 461 2485 491 litterae
2497 484 2504 497 ‚
2537 470 2546 478 ·
2563 467 2599 490 Cf.
2614 473 2680 490 num.
2695 474 2711 490 ι.

2525 1530 2698 1554 ‘mumma

2522 3365 2530 3374 ·
2547 3362 2626 3386 8.·ΙΊι.
2639 3363 2692 3386 lect.
2702 3369 2734 3387 vt.
2766 3369 2768 3375 ⁴

2522 3401 2533 3406 -
2554 3389 2608 3412 nid.
2629 3389 2669 3413 nu.
2687 3389 2736 3418 iv,

2521 3421 2573 3445 cap.
2584 3422 2607 3443 v,
2622 3422 2646 3439 n.
2657 3417 2679 3438 6.
