2768 4178
0 1191 36 1227 J*
49 1189 111 1214 Did.
125 1195 186 1212 ven.
200 1195 237 1217 ²4·

23 1090 37 1103 0
49 1088 118 1112 Vm.
132 1088 170 1111 2⁶.

22 2568 115 2592 *Sem
138 2545 216 2591 αδ.Ρο

14 2583 219 2622 Ἰιπινιι(ιί.ιιενεν
234 2583 240 2617 1

125 2623 240 2649 xxxvml,

953 236 1217 280 QUAESTIO
1247 239 1337 287 XII,
1366 239 1662 278 ARTICULUS
1691 242 1759 279 VII

2381 253 2451 290 127

1051 433 1370 476 ARTICULUS
1400 434 1666 478 SEPTIMUS

619 545 776 576 UTRUM
798 543 1014 575 VIDENTES
1037 544 1161 575 DEUM
1183 544 1267 575 PER
1289 544 1531 577 ESSENTIAM
1554 546 1682 578 IPSUM
1705 546 2094 580 COMPREHENDANT

478 643 510 668 111
528 642 611 671 Sem„
631 641 690 666 dist.
707 648 758 672 x1v,
777 645 825 666 art.
845 647 869 670 2,
888 642 935 673 qu·
956 648 964 664 ι
975 647 982 671 ;
1002 640 1062 665 dist.
1074 647 1150 671 xxvn,
1170 647 1215 672 qu.
1233 647 1271 671 111,
1291 645 1338 666 art.
1359 648 1387 671 2;
1407 641 1448 672 IV,
1469 642 1527 667 dist.
1546 650 1612 674 xux,
1631 650 1676 676 qu.
1694 651 1722 675 11,
1742 649 1790 669 art.
1810 643 1839 675 33
1859 644 1889 669 111
1912 645 1988 670 Cont.
2010 645 2096 674 Gent„
2116 653 2172 678 cap.
2186 653 2232 676 ιη

327 678 377 712 Qq.
397 678 473 711 disp..
493 678 526 702 de
549 677 638 707 Verit„
659 684 703 709 qu.
722 683 750 707 ιι,
769 681 817 701 art.
834 683 855 707 1,
875 676 907 701 ad
928 675 954 706 33
974 682 1018 715 qu.
1037 682 1091 704 νιιι,
1111 679 1157 700 art.
1179 682 1208 706 2;
1227 683 1272 707 qu,
1291 683 1330 707 xx,
1350 682 1396 701 art.
1418 675 1446 707 5;
1465 677 1498 702 de
1522 677 1626 708 Virtut„
1646 686 1690 711 qu.
1709 686 1736 709 ιι,
1757 684 1802 704 art.
1820 687 1858 709 ιο,
1878 680 1909 704 ad
1930 679 1960 711 55
1983 680 2125 712 compend.
2145 681 2241 712 Theol„
2263 689 2318 714 cap.
2331 674 2387 713 cvr}

984 718 1009 734 m
1030 710 1113 740 loun„
1134 717 1189 742 cap.
1208 717 1225 735 ι.
1245 711 1302 735 lect.
1320 718 1361 741 x13
1382 711 1485 743 Ephes„
1506 720 1561 746 cap.
1579 721 1604 744 v,
1623 714 1681 738 lect.
1699 721 1738 739 ιιι.

348 840 357 850 .
445 830 453 842 r
475 822 498 846 D
517 820 698 847 SEPTIMUM
716 820 770 845 stc
790 819 1029 846 Paocsm‘ruk.
1050 807 1210 845 Videtur
1228 809 1332 858 quod

291 854 299 867 ⁷
405 860 417 878 ²
450 862 648 901 videntes
689 863 818 899 Deum
854 874 924 911 per
962 861 1164 898 essentiam
1205 861 1332 911 ipsum

355 991 359 992 ν
494 974 506 988 ’
534 969 633 1017 ilipp.
651 980 686 1005 111
705 968 741 1005 *ε
762 980 900 1017 sequor
926 974 1052 1004 autem
1075 969 1109 1004 si
1127 980 1200 1016 quo
1220 968 1332 1005 modo

265 1022 592 1071 comprehendam.
622 1022 715 1058 Non
747 1029 876 1058 autem
909 1021 1045 1058 frustra
1086 1021 1331 1069 sequebatur:

266 1075 352 1114 dicit
380 1075 480 1113 enim
508 1075 601 1124 ipse,
628 1076 641 1111 I
668 1075 755 1112 Cor.
778 1087 812 1112 1x
835 1074 874 1111 *z
893 1075 947 1111 sic
966 1086 1092 1120 curro,
1123 1086 1197 1111 non
1226 1075 1336 1123 quasi

266 1129 304 1166 in
332 1129 527 1166 incertum.
558 1129 660 1176 Ergo
689 1128 769 1177 ipse
799 1127 1104 1177 comprehendit:
1131 1134 1168 1163 et
1195 1127 1332 1164 eadem

265 1182 410 1220 ratione
430 1181 500 1229 alii,
522 1194 619 1231 quos
639 1181 689 1218 ad
707 1181 782 1218 hoc
800 1181 947 1228 invitat,
969 1179 1097 1217 dicens
1116 1179 1156 1216 *ε
1176 1180 1229 1216 sic
1248 1192 1333 1217 cur-

266 1236 346 1284 rite,
377 1241 417 1279 ut
443 1234 776 1283 comprehendatis.

321 1301 356 1326 2.
386 1289 626 1335 PRAETEREA,
655 1295 697 1324 ut
726 1286 811 1324 dicit
838 1285 1071 1334 Augustinus
1098 1285 1136 1322 in
1164 1285 1260 1323 libro
1289 1286 1335 1322 de

230 1363 236 1369 ·
273 1342 437 1381 Videndo
458 1343 582 1379 Deum
602 1340 652 1378 ad
670 1339 871 1377 Paulinam
886 1339 918 1387 ²¹⁸,
943 1339 1036 1376 illud
1053 1339 1333 1387 comprehendi-

266 1400 338 1441 tur,
373 1395 475 1444 quod
501 1394 553 1430 ita
585 1399 702 1431 totum
729 1392 893 1439 videtur,
923 1397 964 1428 ut
996 1392 1089 1429 nihzl
1116 1392 1195 1428 eius
1223 1392 1337 1429 lateat

264 1448 461 1486 videntem.
483 1446 561 1484 Sed
580 1447 610 1483 si
629 1447 735 1483 Deus
749 1458 819 1495 per
839 1445 1041 1482 essentiam
1055 1445 1216 1492 videtur,
1233 1452 1333 1485 totus

263 1500 426 1548 videtur,
457 1507 493 1537 et
519 1499 609 1537 nihil
639 1499 719 1536 eius
747 1499 836 1536 latet
861 1498 1078 1545 videntem;
1109 1510 1198 1535 cum
1227 1499 1333 1535 Deus

265 1553 311 1595 sit
346 1553 517 1603 simplex.
557 1553 660 1601 Ergo
695 1565 718 1589 a
753 1563 999 1601 quocumque
1031 1557 1048 1572 ³
1082 1551 1234 1589 videtur
1265 1564 1334 1601 per

266 1606 479 1653 essentiam,
507 1605 856 1655 comprehenditur.

320 1661 356 1697 3.
377 1659 419 1697 Si
441 1659 586 1697 dicatur
612 1659 718 1708 quod
736 1658 887 1696 videtur
905 1665 1017 1706 totus,
1038 1657 1106 1694 sed
1134 1670 1213 1695 non
1239 1665 1335 1694 tota-

264 1712 358 1762 liter,
389 1719 536 1750 contra:
566 1712 727 1751 totaliter
753 1712 816 1748 vel
845 1711 933 1749 dicit
963 1711 1124 1748 modum
1153 1710 1333 1758 videntis,

263 1766 327 1803 vel
355 1766 517 1804 modum
545 1765 598 1802 rei
625 1765 743 1802 visae.
783 1765 859 1802 Sed
888 1764 949 1801 ille
978 1764 1042 1813 qui
1070 1764 1175 1801 videt
1205 1765 1334 1801 Deum

263 1831 333 1869 per
361 1819 576 1867 essentiam,
605 1818 709 1856 videt
738 1830 827 1855 eum
856 1817 1029 1865 totaliter,
1050 1817 1080 1853 si
1105 1817 1335 1865 significetur

264 1873 404 1911 modus
433 1872 485 1910 rei
513 1872 637 1910 visae:
672 1871 761 1920 quia
788 1871 893 1908 videt
922 1882 1011 1907 eum
1047 1870 1154 1907 sicuti
1189 1878 1264 1918 est,
1294 1877 1336 1907 ut

266 1925 410 1963 dictum
431 1925 527 1963 esta&
549 1924 729 1962 Similiter
746 1924 852 1962 videt
872 1935 961 1960 eum
980 1923 1152 1971 totaliter,
1174 1923 1205 1960 si
1225 1923 1335 1972 signi-

265 1980 400 2017 ficetur
441 1978 582 2016 modus
620 1977 801 2015 videntis:
832 1977 920 2026 quia
949 1983 1027 2013 tota
1054 1976 1189 2013 virtute
1227 1989 1296 2014 sua
1318 1974 1336 2004 Ρ

266 2033 475 2070 intellectus
494 2031 566 2069 Dei
586 2031 790 2068 essentiam
803 2030 960 2068 videbit.
982 2029 1150 2077 Quilibet
1169 2041 1258 2078 ergo
1279 2030 1335 2067 vi-

267 2085 363 2124 dens
382 2087 509 2123 Deum
527 2097 597 2134 per
617 2084 830 2132 essentiam,
848 2083 1013 2120 totaliter
1037 2094 1127 2119 eum
1146 2082 1290 2120 videbit
1308 2088 1332 2120 ⁷.

266 2139 369 2188 Ergo
399 2151 490 2176 eum
519 2137 830 2187 comprehendet.

321 2192 396 2229 SED
425 2203 572 2229 CONTRA
605 2203 671 2228 EST
706 2190 811 2239 quod
845 2189 979 2227 dicitur
1007 2189 1142 2224 Ierem.
1173 2201 1268 2226 xxxu
1294 2189 1333 2226 *ε

265 2245 495 2291 Fortissime,
526 2256 680 2295 magne,
702 2249 854 2293 potens,
884 2242 1072 2280 Dominus
1101 2243 1335 2279 exercituum

266 2300 403 2336 nomen
424 2297 506 2343 tibi,·
529 2309 695 2347 magnus
715 2296 882 2342 consilio,
903 2302 938 2332 et
956 2295 1337 2342 incomprehensibilis

267 2352 445 2402 cogitatu.
475 2351 578 2399 Ergo
609 2349 885 2400 comprehendi
913 2361 992 2386 non
1019 2354 1156 2398 potest.

320 2405 547 2442 Responnzo
558 2415 744 2442 DICENDUM
754 2403 860 2453 quod
869 2402 1199 2451 comprehendere
1209 2403 1335 2439 Deum

267 2457 499 2507 impossibile
520 2464 575 2494 est
595 2457 821 2506 cuicumque
844 2456 1045 2493 intellectui
1066 2463 1208 2493 creato:
1229 2455 1337 2492 attin-

265 2523 359 2562 gere
390 2522 481 2548 vero
515 2515 638 2547 mente
669 2511 795 2547 Deum
824 2509 1163 2558 qualitercumque,
1193 2520 1337 2558 magna

267 2570 323 2602 est
347 2563 546 2610 beatitudo,
575 2570 618 2600 ut
645 2562 732 2600 dicit
759 2562 992 2611 Augustinus
1010 2562 1041 2599 ²¹².

321 2617 385 2655 Ad
413 2616 519 2654 cuius
549 2616 790 2664 evidentiam,
820 2615 1018 2653 sciendum
1039 2622 1094 2652 est
1122 2615 1227 2665 quod
1247 2614 1338 2651 illud

269 2669 605 2720 comprehenditur
619 2666 645 2716 ὃ,
666 2671 772 2717 quod
790 2669 955 2718 perfecte
976 2668 1228 2717 cognoscitur.
1248 2669 1338 2704 Per-

268 2724 364 2761 fecte
393 2731 521 2760 autern
552 2722 802 2771 cognoscitur,
832 2723 937 2772 quod
964 2729 1111 2759 tantum
1141 2721 1337 2770 cognosci-

268 2785 340 2825 tur,
370 2783 555 2827 quantum
585 2782 640 2812 est
669 2775 933 2824 cognoscibile.
969 2775 1080 2812 Unde
1109 2775 1140 2812 si
1167 2775 1204 2812 id
1233 2774 1338 2823 quod

269 2837 326 2868 est
362 2829 616 2878 cognoscibile
654 2841 724 2878 per
751 2828 946 2866 scientiam
976 2828 1336 2875 demonstrativam,

270 2883 452 2934 opinione
471 2890 644 2920 teneatur
664 2894 709 2919 ex
732 2881 856 2930 aliqua
875 2882 1020 2919 ratione
1039 2880 1227 2931 probabili
1248 2893 1337 2918 con-

270 2944 391 2987 cepta,
412 2948 492 2974 non
517 2935 864 2984 comprehenditur.
885 2936 992 2983 Puta,
1014 2934 1044 2972 si
1063 2935 1138 2971 hoc
1158 2935 1262 2984 quod
1282 2941 1338 2971 est

269 2990 498 3038 triangulum
535 2989 678 3026 habere
715 2995 790 3025 tres
830 2989 989 3036 angulos
1028 2988 1205 3036 aequales
1244 2987 1337 3024 duo-

270 3043 342 3080 bus
371 3042 493 3091 rectis,
523 3042 654 3092 aliquis
688 3041 780 3079 sciat
806 3053 876 3091 per
910 3040 1277 3079 demonstrationem
1304 3048 1336 3088 Ξ,

271 3095 562 3146 comprehendit
579 3095 689 3134 illud:
710 3095 740 3132 si
759 3107 854 3132 vero
869 3094 1004 3143 aliquis
1019 3095 1100 3132 eius
1116 3094 1338 3143 opinionem

271 3148 428 3198 accipiat
455 3148 711 3198 probabiliter,
741 3160 810 3198 per
837 3148 911 3185 hoc
939 3148 1046 3198 quod
1064 3161 1087 3185 a
1106 3147 1339 3198 sapientibus

271 3203 333 3240 vel
347 3202 518 3252 pluribus
532 3202 584 3240 ita
598 3202 742 3249 dicitur,
764 3214 843 3239 non
859 3201 1160 3251 comprehendet
1170 3201 1184 3227 ζ
1199 3201 1337 3250 ipsum,

325 3352 353 3385 α)
372 3357 544 3392 quocumque.
562 3366 583 3372 -
600 3351 806 3385 quibuscumque
824 3351 946 3376 ABCDE.

293 3459 299 3465 ⁶
325 3387 352 3457 ἓξ
371 3394 432 3448 {2522
451 3387 566 3447 „1353ss
567 3404 594 3441 ‘-
611 3421 711 3448 videbit
729 3422 828 3454 Anco,
842 3429 901 3448 eum
915 3422 988 3448 videt
1006 3422 1085 3452 Foa‚·
1106 3421 1248 3452 Quilibet...
1267 3421 1340 3446 vide-

273 3460 311 3484 ’Μ
326 3458 506 3526 ἕῖῃὲεῐιὲηᾱιιηι
525 3496 566 3517 est
583 3493 654 3525 quod
673 3493 739 3518 illud
757 3494 999 3526 comprehenditur.
1017 3507 1035 3512 -
1053 3492 1188 3518 sciendum
1211 3495 1251 3518 est
1269 3492 1340 3525 quod

274 3530 340 3555 illud
358 3527 547 3561 comprehendi
565 3527 665 3553 dicitur
682 3528 825 3554 ABCDEF.

273 3601 294 3625 B
296 3565 362 3625 (1133
369 3565 437 3590 sciat
452 3570 504 3595 per
527 3563 790 3589 demonstrationem.
808 3578 828 3584 ·-
842 3571 894 3597 per
913 3564 1167 3590 demonstrationem
1185 3563 1301 3596 accipiat
1318 3563 1341 3587 A

1388 809 1476 858 quia
1504 822 1583 847 non
1616 810 1790 859 pertingit
1827 811 1875 848 ad
1902 812 2007 849 illum
2043 813 2254 861 perfectum
2290 814 2451 852 modum

1389 863 1622 911 cognitionis,
1651 876 1730 912 quo
1760 864 2021 912 cognoscibilis
2050 873 2116 903 est.

1441 916 1591 953 Nullus·
1606 924 1734 954 autem
1762 916 1968 954 intellectus
1989 926 2135 956 creatus
2154 919 2365 968 pertingere
2383 932 2453 968 po-

1388 975 1459 1005 test
1473 969 1522 1006 ad
1536 969 1640 1007 illum
1655 970 1867 1018 perfectum
1888 970 2049 1007 modum
2066 972 2284 1020 cognitionis
2301 972 2452 1010 divinae

1389 1021 1589 1070 essentiae,
1619 1035 1696 1072 quo
1726 1023 1989 1071 cognoscibilis
2017 1031 2084 1061 est.
2115 1025 2232 1072 Quod
2260 1025 2311 1062 sic
2338 1033 2450 1075 patet.

1387 1075 1701 1125 Unumquodque
1722 1075 1825 1113 enim
1846 1081 1862 1101 η
1882 1076 1934 1113 sic
1955 1078 2207 1125 cognoscibile
2229 1085 2294 1126 est,
2320 1091 2452 1115 secun-

1389 1127 1481 1164 dum
1509 1129 1615 1176 quod
1645 1137 1700 1166 est
1728 1141 1796 1166 ens
1824 1137 1921 1166 actu.
1951 1131 2058 1167 Deus
2084 1130 2204 1179 igitur,
2234 1131 2340 1168 euius
2369 1144 2452 1168 esse

1390 1188 1445 1217 est
1475 1180 1684 1229 infinitum,
1713 1189 1755 1218 ut
1783 1194 1897 1230 supra
1921 1182 1941 1204 ³²
1970 1190 2166 1220 ostensum
2200 1191 2272 1231 est,
2308 1184 2452 1221 infinite

1389 1234 1653 1281 cognoscibilis
1673 1242 1739 1272 est.
1769 1236 1907 1272 Nullus
1927 1243 2055 1272 autem
2081 1236 2287 1273 intellectus
2307 1244 2453 1274 creatus

1387 1294 1513 1335 potest
1540 1288 1667 1324 Deum
1696 1287 1841 1324 infinite
1862 1300 2104 1336 cognoscere.
2135 1290 2325 1326 Intantum
2351 1290 2453 1326 enim

1388 1340 1598 1377 intellectus
1617 1339 1630 1361 θ
1651 1348 1796 1377 creatus
1821 1340 1991 1378 divinam
2021 1342 2224 1379 essentiam
2251 1342 2453 1391 perfectius

1388 1394 1450 1430 vel
1478 1393 1605 1430 minus
1632 1394 1798 1442 perfecte
1827 1394 2032 1441 cognoscit,
2063 1395 2289 1443 inquantum
2318 1395 2453 1432 maiori

1387 1447 1450 1484 vel
1470 1446 1607 1484 minori
1627 1446 1770 1483 lumine
1790 1447 1929 1494 gloriae
1948 1447 2196 1495 perfunditur.
2225 1447 2324 1484 Cum
2343 1447 2453 1496 igitur

1388 1500 1519 1536 lumen
1546 1499 1687 1548 gloriae
1717 1506 1899 1547 creatum,
1928 1499 1966 1536 in
1990 1512 2238 1549 quocumque
2265 1500 2454 1538 intellectu

1389 1560 1514 1590 creato
1544 1560 1757 1602 receptum,
1787 1565 1866 1590 non
1893 1553 2014 1602 possit
2041 1565 2123 1590 esse
2151 1553 2358 1602 infinitum,
2386 1554 2455 1590 im-

1387 1606 1564 1655 possibile
1585 1613 1642 1643 est
1660 1605 1766 1654 quod
1785 1606 1919 1655 aliquis
1938 1606 2147 1643 intellectus
2163 1614 2310 1643 creatus
2324 1608 2451 1644 Deum

1388 1659 1533 1696 infinite
1545 1667 1760 1707 cognoscat.
1773 1659 1885 1697 Unde
1899 1659 2133 1708 impossibile
2145 1661 2315 1708 estquod
2326 1660 2453 1697 Deum

1389 1713 1690 1761 comprehendat
1717 1712 1749 1749 *.

1442 1767 1500 1802 Αι)
1530 1778 1666 1803 PRlMUM
1694 1776 1792 1802 ERGO
1826 1777 2009 1802 DiCENDuM
2038 1765 2144 1814 quod
2176 1766 2454 1814 comprehensio

1390 1818 1524 1856 dicitur
1553 1818 1761 1868 dupliciter.
1792 1818 1879 1856 Uno
1908 1818 2045 1866 modo,
2075 1818 2198 1855 stricte
2227 1826 2263 1855 et
2289 1818 2454 1867 proprie,

1390 1871 1603 1908 secundum
1624 1872 1730 1920 quod
1758 1871 1900 1920 aliquid
1927 1870 2130 1909 includitur
2148 1871 2186 1908 in
2206 1872 2454 1920 comprehen-

1391 1926 1515 1962 dente.
1546 1925 1594 1961 Et
1614 1925 1667 1962 sic
1686 1925 1790 1961 nullo
1819 1924 1939 1961 modo
1967 1926 2073 1961 Deus
2103 1924 2453 1974 comprehenditur,

1390 1990 1461 2015 nec
1491 1977 1680 2014 intellectu
1709 1989 1779 2014 nee
1808 1976 1934 2026 aliquo
1964 1977 2054 2014 alio:
2084 1977 2184 2026 quia,
2216 1989 2304 2014 cum
2330 1977 2376 2014 sit
2399 1977 2454 2014 in-

1391 2031 1531 2078 finitus,
1552 2031 1656 2068 nullo
1675 2030 1782 2067 finito
1811 2029 1951 2067 includi
1978 2037 2122 2079 potest,
2152 2038 2194 2067 ut
2212 2030 2352 2079 aliquid
2372 2030 2455 2067 fini—

1391 2091 1472 2121 tum
1503 2096 1592 2121 eum
1620 2083 1766 2121 infinite
1795 2083 1932 2132 capiat,
1956 2083 2055 2120 'sicut
2082 2083 2163 2132 ipse
2191 2083 2362 2120 infinite‘
2387 2090 2454 2120 est.

1392 2138 1441 2174 Et
1469 2138 1522 2174 sic
1542 2137 1589 2174 de
1616 2136 1959 2186 comprehensione
1979 2148 2081 2173 nunc
2101 2136 2304 2184 quaeritur.
2325 2157 2349 2164 —
2369 2136 2455 2173 Alio

1392 2190 1510 2227 modo
1540 2190 1820 2238 comprehensio
1845 2189 1981 2237 largius
2001 2196 2013 2209 '²
2042 2189 2214 2237 sumitur,
2245 2188 2456 2226 secundum

1392 2242 1498 2292 quod
1540 2242 1833 2292 comprehensio
1871 2242 2091 2279 insecutioni
2126 2242 2340 2291 opponitur.
2380 2241 2456 2289 Qui

1393 2296 1493 2333 enim
1523 2295 1666 2344 attingit
1693 2295 1870 2345 aliquem,
1896 2295 2050 2344 quando
2079 2295 2156 2332 iam
2184 2302 2286 2332 tenet
2313 2295 2456 2345 ipsum,

1394 2349 1721 2399 comprehendere
1746 2361 1835 2386 eum
1857 2348 2002 2386 dicitur.
2019 2349 2068 2385 Et
2086 2348 2139 2385 sic
2158 2349 2264 2385 Deus
2284 2360 2457 2397 compre-

1392 2402 1570 2440 henditur
1589 2415 1611 2439 a
1630 2402 1760 2450 beatis,
1777 2403 1989 2439 secundum
2009 2401 2101 2438 illud
2125 2401 2230 2438 Cant.
2252 2413 2287 2438 111
2301 2400 2337 2438 *z
2359 2401 2462 2438 tenui

1392 2468 1497 2502 eum,
1527 2467 1595 2492 nec
1622 2456 1816 2492 dimittam.
1847 2456 1896 2492 Et
1924 2454 1976 2491 sic
2010 2454 2263 2502 intelliguntur
2298 2454 2458 2491 auctori-

1392 2517 1486 2546 tates
1500 2507 1512 2529 ³
1532 2509 1705 2558 Apostoli
1721 2508 1768 2545 de
1785 2507 2139 2556 comprehensione.
2151 2528 2175 2535 -
2187 2507 2236 2543 Et
2249 2507 2324 2543 hoc
2339 2507 2456 2544 modo

1394 2562 1674 2611 comprehensio
1703 2569 1758 2598 est
1785 2573 1861 2597 una
1890 2560 1937 2597 de
1965 2560 2085 2597 tribus
2114 2559 2264 2597 dotibus
2293 2559 2456 2608 animae,

1394 2627 1492 2664 quae
1520 2614 1726 2664 respondet
1753 2613 1850 2663 spei;
1880 2614 1976 2650 sicut
2002 2613 2100 2651 visio
2129 2612 2238 2660 fidei,
2269 2620 2305 2650 et
2332 2612 2457 2650 fruitio

1395 2668 1546 2706 caritati.
1569 2668 1661 2704 Non
1681 2666 1795 2714 enirn,
1812 2666 1915 2715 apud
1934 2678 2018 2713 nos,
2039 2678 2154 2703 omne
2174 2666 2281 2715 quod
2294 2666 2456 2714 videtur,

1393 2722 1469 2758 iam
1493 2728 1641 2758 tenetur
1658 2721 1720 2757 vel
1741 2720 1917 2756 habetur:
1948 2719 2034 2768 quia
2062 2719 2241 2757 videntur
2267 2718 2457 2756 interdum

1394 2774 1577 2821 distantia,
1606 2774 1669 2810 vel
1699 2785 1796 2822 quae
1825 2785 1904 2810 non
1933 2779 2021 2811 sunt
2048 2772 2087 2810 in
2110 2779 2295 2821 potestate
2315 2779 2456 2809 nostra.

1394 2828 1531 2876 Neque
1558 2826 1694 2864 iterum
1723 2825 1902 2863 omnibus
1931 2837 2030 2875 quae
2053 2825 2253 2873 habemus,
2278 2825 2457 2862 fruimur:

1392 2881 1454 2918 vel
1483 2879 1571 2929 quia
1603 2891 1682 2916 non
1720 2878 1952 2916 delectamur
1988 2878 2026 2916 in
2056 2878 2129 2924 eis;
2167 2879 2229 2915 vel
2263 2877 2352 2927 quia
2379 2890 2458 2915 non

1394 2940 1480 2970 sunt
1499 2932 1653 2969 ultimus
1680 2931 1767 2969 finis
1795 2931 1970 2970 desiderii
1994 2931 2131 2978 nostri,
2161 2938 2203 2968 ut
2227 2930 2457 2968 desiderium

1394 2994 1567 3023 nostrum
1595 2985 1778 3034 impleant
1806 2992 1842 3022 et
1870 2984 2049 3034 quietent.
2079 2983 2157 3021 Sed
2184 2984 2280 3020 haec
2303 2983 2373 3022 tria
2391 2983 2456 3020 ha-

1394 3040 1484 3076 bent
1511 3038 1611 3076 beati
1638 3038 1676 3075 in
1704 3039 1807 3075 Deo:
1845 3038 1933 3087 quia
1954 3045 1990 3075 et
2007 3037 2139 3075 vident
2166 3036 2307 3086 ipsum3
2338 3043 2374 3073 et
2401 3035 2458 3073 vi-

1395 3092 1534 3140 dendo,
1550 3099 1679 3129 tenent
1697 3091 1768 3128 sibi
1784 3098 2038 3140 praesentem,
2057 3090 2096 3127 in
2109 3097 2294 3139 potestate
2313 3089 2456 3126 haben-

1393 3154 1448 3184 tes
1477 3157 1629 3194 semper
1657 3157 1746 3182 eum
1774 3144 1923 3190 videre;
1953 3151 1990 3181 et
2022 3151 2191 3180 tenentes
2219 3149 2255 3189 μ,
2284 3142 2457 3179 fruuntur

1395 3199 1490 3236 sicut
1507 3198 1640 3236 ultimo
1661 3198 1738 3235 fine
1758 3197 1990 3235 desiderium
2009 3197 2201 3245 implente.
2226 3231 2231 3235 .

1445 3350 1471 3381 ζ)
1490 3347 1700 3380 comprehendet.
1713 3360 1732 3367 »-
1745 3346 1945 3379 comprehendit
1959 3346 2019 3379 BpF
2033 3350 2058 3370 et
2076 3345 2134 3370 edd.
2152 3351 2170 3369 a
2180 3344 2204 3369 b.
2215 3357 2234 3363 -
2249 3343 2300 3368 Pro
2315 3344 2456 3378 pertingit,

1392 3385 1527 3417 pertinget
1545 3383 1725 3408 ACDEFGab.

1447 3421 1473 3451 η)
1493 3419 1571 3444 enim.
1590 3432 1610 3437 —
1627 3418 1690 3443 Om.
1704 3418 1757 3442 BD.
1775 3431 1794 3436 -
1811 3418 1849 3442 sic
1867 3425 1921 3442 om.
1938 3416 2039 3442 codices
2059 3421 2084 3440 et
2102 3416 2151 3441 ab.

1446 3453 1470 3487 θ)
1491 3455 1645 3480 intellectus.
1663 3467 1682 3472 -
1699 3453 1795 3486 aliquis
1815 3453 1961 3478 intellectus
1979 3451 2091 3476 ACDEF
2094 3451 2125 3476 G.

1448 3491 1466 3523 ι)
1487 3489 1597 3522 infinite.
1615 3502 1634 3507 -
1652 3488 1771 3522 infinitus
1789 3488 1854 3513 PsF.

1448 3526 1472 3558 κ)
1492 3525 1604 3557 largius.
1622 3538 1640 3543 -
1659 3524 1735 3557 large
1753 3524 1863 3548 codices.

1448 3560 1477 3593 λ)
1497 3560 1684 3593 intelliguntur
1701 3559 1882 3584 auctoritates.
1900 3572 1919 3576 -
1937 3557 2096 3590 intelligitur
2113 3556 2260 3582 auctoritas
2279 3556 2334 3581 BG.

1450 3598 1477 3629 μ)
1498 3598 1623 3620 tenentes.
1641 3609 1660 3614 -
1678 3602 1736 3620 eum
1757 3594 1853 3619 addunt
1872 3594 1925 3618 BD.

2578 1087 2593 1110 η

2479 1191 2490 1202 “
2506 1190 2554 1218 Qu.
2563 1196 2604 1218 vn,
2619 1194 2663 1212 art.
2674 1196 2691 1212 ι.

2482 1717 2490 1726 ·
2505 1716 2534 1738 D.
2548 1716 2599 1744 366,
2614 1716 2668 1738 668.

2486 2414 2494 2422 ·
2510 2412 2578 2434 Vers.
2592 2418 2616 2438 4.

2583 2509 2601 2534 λ
