2768 4178
186 729 200 754 δ

87 786 95 795 ·
113 784 169 812 Cap.
185 790 214 811 11,
235 790 257 806 n.
272 790 297 832 ἧς

85 817 116 837 xi,
131 817 154 832 n.
166 811 272 833 6.-S.·1·
292 826 297 832 .

87 838 138 859 lect.
150 844 175 864 11,
190 843 222 859 ιι.

89 893 96 900 ·
113 891 198 912 Psalm.
213 897 234 918 v,
249 897 270 919 7.

85 1054 96 1064 ⁶
110 1053 178 1076 Vers.
196 1060 230 1082 ²5·

85 1432 94 1440 ”
106 1430 155 1458 Qu.
164 1437 211 1458 xix,
223 1434 264 1452 art.
273 1437 296 1458 4.

326 281 404 326 254

324 360 362 396 in
391 361 488 396 Deo.
519 360 620 406 Ergo
646 360 752 395 Deus
772 364 788 379 α
817 370 896 395 non
916 367 1019 396 amat
1039 371 1084 395 ea
1104 358 1171 395 nisi
1196 358 1233 394 in
1253 358 1389 406 seipso.

327 413 403 450 Sed
432 413 643 449 secundum
671 412 776 460 quod
805 419 891 448 sunt
919 411 958 448 in
987 424 1044 458 eo,
1075 424 1153 448 non
1182 419 1268 447 sunt
1292 411 1391 448 aliud

327 467 374 502 ab
405 478 462 502 e0.
493 466 595 512 Ergo
625 466 730 501 Deus
759 477 837 501 non
867 473 970 502 amat
997 465 1067 501 alia
1085 463 1102 492 β
1131 477 1153 501 3
1181 464 1318 512 seipso.

382 519 416 555 3.
447 520 679 565 PRAETEREA,
702 518 841 566 duplex
868 526 922 555 est
950 530 1072 565 amor,
1103 517 1241 554 scilicet
1259 522 1274 543 ⁷
1304 529 1392 553 con-

327 571 595 620 cupiscentiae,
617 579 652 608 et
672 571 870 608 amicitiae.
903 572 979 608 Sed
1007 573 1113 608 Deus
1134 578 1323 607 creaturas
1346 570 1392 607 ir-

326 625 527 662 rationales
548 637 627 661 non
647 633 751 661 amat
770 637 901 661 amore
924 624 1273 673 concupiscentiae,
1304 624 1392 672 quia

326 678 461 714 nullius
500 685 602 714 extra
631 690 671 714 se
706 686 807 725 eget:
846 691 917 715 nec
947 677 1060 714 etiam
1099 689 1230 714 amore
1265 677 1392 714 amici-

325 731 416 777 tiae,
445 730 534 779 quia
554 728 567 752 ὃ
596 743 674 767 non
702 739 827 779 potest
851 731 898 768 ad
919 743 977 767 res
996 730 1228 767 irrationales
1247 731 1391 777 haberi,

325 792 366 821 ut
393 791 496 833 patet
519 796 588 832 per
605 784 894 833 Philosophum,
924 784 962 820 in
990 784 1077 821 VIII
1101 784 1220 821 Ethic.
1242 783 1262 805 '¹‘
1290 785 1391 832 Ergo

326 838 432 874 Deus
461 849 540 874 non
568 837 699 874 omnia
728 846 842 874 amat.

377 902 415 938 4.
437 891 670 937 PRAETEREA,
686 890 725 927 in
744 890 929 927 Psalmo*
944 890 1089 927 dicitur:
1122 890 1239 927 Odisti
1264 902 1393 927 omnes

325 944 391 992 qui
408 949 614 992 operantur
632 944 874 992 iniquitatem.
900 943 1001 980 Nihil
1021 951 1149 980 autem
1170 943 1280 980 simul
1301 943 1391 980 odio

325 997 486 1034 habetur
515 1004 550 1033 et
579 1004 738 1033 amatur.
769 998 872 1044 Ergo
902 998 1008 1033 Deus
1037 1009 1116 1033 non
1145 996 1248 1033 omia
1277 1005 1390 1034 amat.

380 1051 454 1086 SED
483 1061 629 1086 CONTRA
647 1062 714 1086 EST
741 1050 846 1098 quod
875 1050 1009 1086 dicitur
1027 1051 1115 1098 Sap.
1136 1049 1224 1086 X1*:
1253 1050 1393 1100 Diligis

325 1103 453 1140 omnia
482 1114 579 1151 quae
604 1108 709 1149 sunt,
743 1108 779 1139 et
805 1103 898 1140 nihil
924 1103 1034 1139 odisti
1060 1115 1191 1139 eorum
1220 1115 1316 1152 quae
1329 1105 1393 1152 fe-

325 1156 414 1193 cisti.

379 1210 605 1245 RESPONDEO
643 1220 827 1245 DICENDUM
865 1208 971 1257 quod
1007 1209 1113 1246 Deus
1151 1209 1280 1246 omnia
1319 1210 1393 1246 exi-

324 1262 457 1299 stentia
486 1269 598 1298 amat.
630 1262 732 1298 Nam
767 1262 898 1299 omnia
931 1261 1139 1310 existentia,
1165 1263 1392 1312 inquantum

325 1323 422 1362 sunt,
453 1315 555 1352 bona
584 1322 687 1352 sunt:
716 1315 843 1364 ipsum
873 1315 975 1352 enim
1005 1328 1088 1353 esse
1118 1316 1316 1353 cuiuslibet
1339 1316 1392 1353 rei

325 1369 521 1418 quoddam
549 1369 697 1405 bonum
728 1376 793 1415 est,
826 1376 861 1405 et
889 1368 1057 1406 similiter
1088 1369 1278 1419 quaelibet
1309 1383 1393 1419 per-

324 1422 434 1465 fectio
463 1422 591 1471 ipsius.
623 1422 830 1459 Ostensum
859 1430 915 1459 est
943 1430 1072 1459 autem
1099 1435 1215 1471 supra
1237 1423 1258 1444 '¹‘
1286 1423 1392 1472 quod

324 1476 501 1513 voluntas
539 1474 611 1512 Dei
649 1483 705 1512 est
738 1487 851 1512 causa
884 1475 1060 1512 omniurn
1090 1489 1240 1513 rerum:
1277 1484 1313 1513 et
1341 1477 1393 1513 sic

324 1536 473 1578 oportet
501 1529 606 1578 quod
634 1528 821 1566 intantum
849 1529 990 1566 habeat
1017 1528 1160 1578 aliquid
1189 1541 1291 1577 esse,
1329 1538 1394 1567 aut

324 1583 598 1631 quodcumque
632 1582 802 1630 bonum,
836 1582 1062 1631 inquantum
1098 1590 1153 1619 est
1179 1583 1341 1620 volitum
1371 1596 1393 1620 a

324 1637 421 1673 Deo.
452 1635 616 1672 Cuilibet
644 1635 753 1683 igitur
786 1635 955 1672 existenti
983 1637 1089 1673 Deus
1125 1637 1208 1673 vult
1237 1636 1392 1686 aliquod

324 1690 484 1726 bonum.
524 1689 656 1736 Unde,
692 1701 780 1726 cum
810 1701 940 1726 amare
978 1689 1028 1726 nil
1062 1689 1164 1726 aliud
1192 1689 1238 1726 sit
1275 1702 1391 1738 quam

323 1743 420 1780 velle
449 1743 596 1779 bonum
627 1742 755 1789 alicui,
786 1742 1031 1779 manifestum
1061 1751 1117 1780 est
1145 1743 1251 1791 quod
1285 1744 1392 1781 Deus

325 1796 455 1833 omnia
493 1807 590 1844 quae
625 1803 730 1842 sunt,
762 1803 876 1832 amat.

378 1850 470 1886 Non
489 1856 619 1886 tamen
644 1861 689 1885 eo
710 1849 829 1886 modo
850 1848 945 1885 sicut
964 1861 1046 1886 nos.
1078 1849 1179 1896 Quia
1201 1849 1303 1886 enim
1323 1862 1392 1886 vo-

324 1904 447 1944 luntas
485 1909 613 1939 nostra
642 1914 721 1938 non
755 1910 810 1939 est
839 1914 954 1939 causa
973 1902 1148 1939 bonitatis
1168 1915 1308 1950 rerum,
1326 1904 1393 1940 sed

325 1957 372 1993 ab
395 1968 439 1992 ea
458 1963 637 1992 movetur
656 1955 751 1991 sicut
771 1955 819 1991 ab
841 1955 1004 2002 obiecto,
1027 1968 1136 1992 amor
1155 1963 1294 2003 noster,
1316 1968 1392 2005 quo

325 2009 471 2046 bonum
505 2008 614 2045 alicui
646 2009 847 2056 volumus,
877 2021 955 2045 non
985 2016 1041 2045 est
1069 2021 1183 2046 causa
1217 2009 1394 2047 bonitatis

324 2062 462 2111 ipsius:
497 2062 565 2099 sed
586 2074 605 2098 e
626 2074 813 2098 converso
844 2061 994 2099 bonitas
1015 2062 1105 2109 eius,
1130 2062 1193 2099 vel
1211 2074 1304 2099 vera
1332 2063 1394 2100 vel

325 2116 533 2162 aestimata,
554 2122 740 2164 provocat
763 2127 949 2162 amorem,
970 2128 1047 2164 quo
1070 2115 1103 2152 ei
1122 2117 1303 2153 volumus
1322 2124 1333 2140 ε
1360 2124 1395 2153 et

325 2169 472 2206 bonum
494 2168 711 2205 conservari
731 2169 835 2216 quod
860 2169 987 2216 habet,
1009 2176 1045 2205 et
1065 2168 1153 2206 addi
1181 2169 1287 2218 quod
1316 2182 1394 2206 non

324 2223 460 2259 habet:
491 2229 527 2258 et
555 2222 603 2259 ad
631 2222 706 2258 hoc
735 2234 951 2270 operamur.
988 2221 1066 2259 Sed
1099 2234 1209 2259 arnor
1237 2222 1310 2259 Dei
1339 2230 1395 2260 est

325 2274 557 2312 infundensg
577 2282 613 2311 et
642 2287 774 2311 creans
801 2275 1010 2312 bonitatem
1039 2274 1078 2311 in
1106 2276 1232 2325 rebus.

1016 279 1283 326 QUAESTIO
1313 279 1402 326 XX,
1433 278 1729 315 ARTICULUS
1759 279 1791 314 ΙΙ

1448 365 1551 394 extra
1579 370 1620 394 se
1653 357 1691 393 in
1725 365 1896 394 amatum
1921 358 2139 405 translatus,
2177 359 2400 407 inquantum
2432 360 2515 396 vult

1447 418 1575 447 amato
1606 411 1766 457 bonum,
1796 419 1832 448 et
1865 419 2043 460 operatur
2074 424 2144 460 per
2173 424 2282 449 suam
2311 412 2514 461 providen-

1446 463 1549 510 tiam,
1566 463 1660 500 sicut
1676 471 1712 500 et
1726 463 1806 502 sibi.
1823 465 1934 502 Unde
1951 472 1987 501 et
2006 464 2212 513 Dionysius
2229 464 2317 502 dicit
2334 473 2362 512 η,
2379 477 2415 502 1v
2430 478 2512 515 cap.

1447 516 1493 552 de
1517 517 1603 553 Div.
1624 517 1741 554 Nom.
1757 516 1794 554 *ε
1823 518 2050 555 Audendum
2079 523 2134 554 est
2158 524 2283 555 autem
2303 523 2339 554 et
2354 519 2426 555 hoc
2437 530 2512 567 pro

1446 570 1602 606 veritate
1638 570 1779 616 dicere,
1808 572 1910 619 quod
1935 577 1971 608 et
1988 571 2064 619 ipse
2092 571 2262 608 omnium
2290 582 2418 617 causa,
2441 583 2528 620 per¹

1447 623 1719 660 abundantiam
1747 624 1937 661 amativae
1960 625 2144 670 bonitatis,
2165 630 2274 662 extra
2293 624 2454 672 seipsum
2463 626 2517 673 fit

1447 676 1499 713 ad
1524 677 1652 714 omnia
1681 677 1875 714 existentia
1897 678 2155 726 providentiis.

1501 731 1560 766 AD
1590 742 1780 767 SECUNDUM
1803 742 1987 768 DICENDUM
2007 732 2126 779 quod,
2146 731 2232 767 licet
2252 738 2445 768 creaturae
2465 731 2513 768 ab

1448 789 1603 820 aeterno
1631 795 1710 819 non
1739 783 1876 820 fuerint
1903 784 1974 821 nisi
2001 784 2039 821 in
2067 786 2165 832 Deo,
2186 791 2316 821 tamen
2343 796 2414 833 per
2439 784 2515 821 hoc

1449 835 1553 883 quod
1591 835 1639 872 ab
1677 843 1832 873 aeterno
1869 837 1907 874 in
1944 838 2029 874 Deo
2063 838 2232 885 fuerunt,
2272 838 2320 874 ab
2359 845 2514 874 aeterno

1447 889 1554 925 Deus
1584 889 1761 936 cognovit
1789 902 1847 926 res
1871 890 1910 927 in
1937 890 2098 939 propriis
2126 890 2285 928 naturis:
2317 898 2353 928 et
2378 891 2514 928 eadem

1448 941 1592 979 ratione
1622 942 1776 979 amavit.
1807 942 1911 980 Sicut
1940 950 1976 979 et
1999 955 2070 980 nos
2089 956 2159 992 per
2177 943 2438 981 similitudines
2458 957 2515 981 re-

1448 1007 1554 1041 rum,
1584 1007 1684 1044 quae
1720 995 1759 1032 in
1796 996 1907 1033 nobis
1940 1003 2047 1044 sunt,
2079 997 2345 1045 cognoscimus
2382 1009 2442 1035 res
2477 998 2515 1034 in

1448 1048 1581 1097 seipsis
1610 1048 1821 1088 existentes.

1502 1104 1560 1138 AD
1588 1114 1748 1139 TERTmM
1773 1114 1958 1140 mCENDUM
1985 1103 2091 1152 quod
2111 1102 2275 1140 amicitia
2294 1115 2373 1141 non
2390 1111 2517 1153 potest

1447 1155 1579 1192 haberi
1607 1155 1677 1192 nisi
1701 1155 1751 1192 ad
1770 1156 1970 1193 rationales
1991 1164 2192 1203 creaturas,
2208 1156 2247 1193 in
2267 1156 2404 1205 quibus
2424 1169 2516 1194 con-

1448 1208 1555 1256 tingit
1576 1221 1658 1246 esse
1679 1209 1996 1256 reclamationem,
2013 1215 2049 1246 et
2071 1208 2458 1247 communicationem
2476 1210 2516 1247 in

1449 1262 1628 1311 operibus
1645 1261 1764 1310 vitae,
1791 1270 1828 1299 et
1841 1260 1854 1283 ⁰
1872 1262 2011 1310 quibus
2038 1262 2218 1311 contingit
2242 1263 2341 1300 bene
2361 1263 2515 1300 evenire

1447 1316 1510 1353 vel
1530 1316 1642 1363 male,
1663 1315 1877 1353 secundum
1898 1316 2090 1353 fortunam
2112 1323 2147 1353 et
2170 1315 2401 1353 felicitatem:
2422 1315 2518 1354 sicut

1449 1376 1485 1406 et
1504 1369 1552 1406 ad
1572 1381 1636 1406 eas
1655 1369 1807 1418 proprie
1829 1369 2098 1406 benevolentia
2127 1377 2193 1407 est.
2224 1369 2430 1407 Creaturae
2449 1382 2516 1407 au-

1448 1429 1525 1459 tem
1545 1422 1780 1459 irrationales
1804 1435 1883 1459 non
1901 1430 2062 1471 possunt
2080 1422 2293 1472 pertingere
2313 1423 2364 1460 ad
2383 1434 2516 1461 aman-

1449 1475 1540 1512 dum
1569 1477 1710 1522 Deum,
1739 1488 1867 1524 neque
1888 1476 1936 1513 ad
1957 1476 2348 1513 communicationem
2373 1476 2516 1513 intelle-

1449 1529 1578 1566 ctualis
1599 1537 1634 1565 et
1654 1529 1787 1566 beatae
1807 1529 1919 1576 vitae,
1941 1542 2017 1578 qua
2045 1530 2151 1567 Deus
2179 1529 2285 1567 vivit.
2317 1529 2379 1567 Sic
2405 1529 2516 1578 igitur

1448 1583 1566 1630 Deus,
1595 1582 1750 1631 proprie
1778 1582 1987 1631 loquendo,
2017 1595 2095 1620 non
2124 1590 2227 1620 amat
2251 1591 2440 1620 creaturas
2468 1583 2516 1620 ir-

2639 477 2654 500 η

2540 531 2550 542 ”
2566 530 2592 553 S.
2599 530 2645 553 Th.
2655 532 2708 555 lect.
2718 538 2742 554 x.

1448 1635 1649 1673 rationales
1669 1648 1801 1673 amore
1830 1635 2028 1683 amicitiae,
2051 1636 2118 1673 sed
2138 1648 2270 1674 amore
2294 1636 2404 1684 quasi
2424 1648 2516 1674 con·
2571 1637 2574 1639 ’

1449 1689 1701 1738 cupiscentiae
1716 1695 1736 1734 ‘3
1753 1688 1980 1737 inquantum
2001 1689 2150 1727 ordinat
2170 1702 2234 1727 eas
2249 1690 2298 1727 ad
2313 1690 2515 1728 rationales

1448 1749 1650 1789 creaturas,
1682 1750 1718 1779 et
1747 1742 1858 1779 etiarn
1888 1743 1937 1780 ad
1966 1743 2156 1792 seipsum3
2187 1756 2265 1780 non
2294 1743 2403 1792 quasi
2426 1751 2441 1768 ²⁸
2461 1743 2515 1781 eis

1447 1795 1623 1844 indigeat,
1644 1796 1711 1833 sed
1730 1804 1887 1844 propter
1915 1808 2024 1833 suam
2052 1796 2261 1834 bonitatem
2290 1804 2326 1833 et
2343 1804 2515 1834 nostram

1447 1849 1656 1886 utilitatem.
1687 1849 2007 1898 Concupiscimus
2036 1849 2138 1886 enim
2166 1849 2307 1899 aliquid
2337 1858 2374 1887 et
2404 1850 2516 1888 nobis

1449 1910 1486 1939 et
1513 1901 1605 1939 aliis.
2442 1942 2447 1947 ,

1502 1957 1560 1992 AD
1577 1966 1750 1998 QUARTUM
1769 1967 1953 1993 mcENDUM
1968 1955 2075 2004 quod
2090 1955 2180 1993 nihil
2198 1955 2377 2006 prohibet
2394 1967 2517 1994 unum

1450 2016 1487 2046 et
1514 2008 1616 2046 idern
1646 2009 1860 2046 secundum
1898 2009 2040 2058 aliquid
2069 2009 2208 2058 amari,
2239 2017 2275 2047 et
2303 2010 2518 2048 secundum

1450 2061 1594 2110 aliquid
1611 2061 1624 2083 λ
1643 2061 1732 2099 odio
1762 2061 1903 2099 haberi.
1934 2063 2040 2100 Deus
2060 2070 2188 2100 autem
2208 2070 2441 2112 peccatores,
2461 2062 2519 2101 in-

1450 2122 1638 2164 quantum
1658 2122 1746 2152 sunt
1764 2123 1923 2153 naturae
1943 2116 2148 2164 quaedam,
2165 2124 2270 2154 amat
2287 2116 2319 2154 *t
2340 2116 2394 2154 sic
2413 2116 2517 2154 enim

1451 2177 1487 2206 et
1506 2176 1603 2215 sunt,
1634 2176 1671 2205 et
1698 2169 1746 2206 ab
1772 2168 1855 2217 ipso
1876 2176 1974 2206 sunt.
2005 2171 2235 2218 Inquantum
2262 2182 2358 2207 vero
2383 2181 2519 2220 pecca-

1449 2230 1551 2259 tores
1580 2229 1678 2270 sunt,
1708 2234 1787 2259 non
1816 2230 1923 2269 sunt,
1959 2222 2026 2259 sed
2055 2223 2103 2260 ab
2133 2235 2215 2261 esse
2246 2223 2446 2262 deficiunt:
2483 2230 2520 2261 et

1449 2276 1523 2312 hoc
1551 2274 1591 2312 in
1620 2274 1672 2312 eis
1701 2287 1723 2312 a
1751 2275 1836 2312 Deo
1862 2287 1941 2312 non
1969 2283 2034 2313 est.
2064 2276 2177 2314 Unde
2206 2277 2420 2315 secundum
2443 2277 2520 2314 hoc

379 2330 437 2365 An
466 2340 606 2365 PR1MUM
630 2339 728 2365 ERGO
762 2339 946 2365 DlOENDUM
975 2328 1079 2377 quod
1108 2340 1242 2365 amans
1271 2329 1324 2365 sie
1352 2328 1395 2366 fit
1449 2329 1498 2365 ab
1527 2328 1610 2377 ipso
1640 2328 1730 2366 odio
1759 2328 1958 2366 habentur.

379 2462 405 2494 α)
426 2461 509 2486 Deus.
526 2474 545 2479 -
563 2461 625 2486 Om.
645 2460 756 2485 codices.

378 2496 404 2530 β)
422 2497 486 2522 alia.
504 2510 523 2515 -
540 2496 617 2521 aliud
635 2496 777 2521 ABCDEF.

378 2533 404 2566 γ)
423 2532 530 2558 scilicet.
547 2546 567 2551 —
585 2532 646 2557 Om.
666 2532 846 2557 ACDEFGab.

378 2567 402 2601 ὃ)
422 2569 493 2601 quia.
511 2581 530 2586 -
548 2567 594 2600 qui
611 2568 640 2597 Β,
660 2574 728 2600 quae
747 2567 831 2593 ceteri.

379 2605 400 2636 ε)
421 2604 550 2629 volumus.
561 2617 580 2623 -
593 2603 702 2628 velimus
722 2603 839 2636 DEFpA.
848 2618 867 2623 -
880 2604 931 2629 Pro
950 2610 1102 2637 operamur,
1117 2611 1258 2638 operemur
1272 2604 1392 2634 ACDEF,

325 2647 499 2673 operaremur
517 2639 550 2664 G.

378 2674 403 2707 ζ)
424 2675 575 2708 infundens.
593 2688 611 2693 -
625 2675 792 2708 perfundens
817 2675 852 2705 E,
872 2676 1042 2710 profundens
1067 2677 1154 2701 ceteri.
1171 2689 1190 2696 —
1210 2675 1260 2700 Pro
1284 2683 1392 2705 creans,

325 2718 440 2736 causans
458 2710 580 2735 ABCDE.

1499 2461 1527 2494 η)
1551 2465 1577 2487 et
1602 2461 1752 2495 Dionysius
1771 2462 1844 2487 dicit.
1868 2475 1887 2483 —·
1911 2465 1940 2487 ut
1965 2462 2113 2496 Dionysius
2133 2462 2198 2488 dicit
2223 2463 2304 2494 CFG,
2328 2463 2394 2489 dicit
2413 2463 2519 2498 Diony-

1446 2497 1501 2522 sius
1520 2497 1585 2522 Pab-
1601 2511 1621 2516 —
1639 2497 1667 2522 ln
1685 2502 1754 2522 textu
1774 2497 1850 2522 citato
1867 2501 1957 2523 autem
1981 2501 2008 2523 et
2026 2499 2074 2524 hoc
2094 2505 2149 2531 pro
2172 2498 2286 2524 veritate
2309 2499 2432 2524 omittunt
2449 2499 2518 2525 Act)

1445 2533 1522 2558 EFG.

1500 2566 1525 2601 0)
1544 2572 1578 2594 et.
1596 2582 1615 2587 —
1633 2568 1694 2593 Om.
1713 2568 1835 2594 ABCDE.

1465 2640 1470 2646 ²
1501 2605 1519 2637 ι)
1539 2605 1616 2637 quasi
1633 2604 1869 2636 concupiscentiae.
1887 2621 1907 2626 -
1925 2605 1998 2639 quod
2020 2605 2248 2637 concupiscentiae
2275 2605 2310 2636 F.
2333 2605 2518 2638 concupiscen-

1449 2640 1633 2708 tmexleiiasi.
1651 2689 1670 2695 -
1687 2675 1759 2708 quod
1777 2676 1924 2703 ABCDEG.

1500 2710 1529 2744 λ)
1549 2711 1660 2744 aliquid.
1678 2726 1697 2731 -
1714 2712 1791 2737 aliud
1810 2713 1935 2738 ACDEG.
1953 2726 1973 2732 -
1990 2713 2041 2738 Pro
2059 2714 2157 2742 autem,
2179 2711 2264 2745 igitur
2282 2711 2404 2738 ABCDE.

1004 2800 1339 2834 Commentaria
1361 2800 1613 2834 Gar-dinatus
1635 2801 1837 2834 Caietam

388 2898 495 2918 rrimus
521 2894 567 2918 est
595 2888 705 2919 clarus.
730 2906 750 2910 -
775 2889 810 2919 In
842 2898 989 2929 corpore,
1019 2889 1112 2920 unica
1134 2887 1187 2931 {est
1217 2889 1398 2920 conclusio:

388 2932 474 2962 Deus
507 2938 592 2963 amat
624 2932 733 2962 omnia
768 2933 947 2969 existentia;
980 2943 1046 2964 non
1084 2940 1190 2964 tamen
1222 2943 1260 2964 eo
1297 2934 1397 2964 modo

327 2976 407 3007 sicut
430 2986 498 3007 nos.

384 3021 470 3051 Haec
501 3020 679 3056 conclusio,
704 3021 812 3061 quoad
835 3021 971 3061 primam
995 3028 1132 3062 partem,
1162 3022 1205 3053 sic
1236 3023 1396 3063 probatur.

329 3064 447 3095 Omnia
469 3065 639 3101 existentia,
656 3064 847 3106 inquantum
864 3073 947 3102 sunt,
965 3067 1049 3097 bona
1070 3073 1159 3103 sunt;
1185 3073 1215 3098 et
1238 3067 1291 3103 sic,
1309 3067 1396 3108 quod

328 3109 390 3139 hoc
414 3109 530 3140 habent
557 3109 749 3150 inquantum
780 3117 854 3140 sunt
876 3110 974 3141 volita
1004 3121 1022 3141 a
1051 3111 1139 3141 Deo:
1172 3121 1247 3151 ergo
1271 3110 1398 3142 cuilibet

331 3153 471 3184 existenti
488 3154 574 3184 Deus
590 3154 659 3184 vult
675 3153 806 3194 aliquod
823 3154 962 3185 bonum:
989 3165 1062 3194 ergo
1080 3155 1167 3185 Deus
1187 3155 1295 3186 omnia
1314 3165 1396 3196 quae

331 3204 415 3234 sunt,
434 3205 528 3229 amat.
540 3216 560 3221 -
575 3198 783 3235 Antecedens,
801 3199 908 3239 quoad
926 3199 1062 3239 primam
1079 3206 1210 3240 partem,
1228 3199 1394 3240 probatur:

1453 2889 1528 2931 quia
1543 2889 1650 2930 ipsum
1667 2899 1742 2926 esse,
1761 2897 1791 2920 et
1806 2890 1965 2930 quaelibet
1980 2891 2024 2921 rei
2041 2890 2202 2931 perfectio,
2219 2890 2344 2922 bonitas
2359 2891 2518 2933 quaedam

1454 2940 1508 2965 est.
1535 2934 1652 2971 Quoad
1675 2934 1847 2965 secundam
1870 2944 1965 2966 vero:
1997 2935 2073 2976 quia
2100 2935 2247 2966 voluntas
2270 2934 2330 2966 Dei
2353 2942 2400 2966 est
2424 2945 2518 2967 causa

1453 2988 1568 3009 rerum.
1594 2977 1831 3020 Consequentia
1854 2989 1929 3010 vero
1949 2979 2050 3021 prima
2073 2979 2260 3020 probatione
2280 2989 2345 3010 non
2362 2986 2442 3020 eget.
2462 2980 2518 3012 Se-

1453 3023 1557 3053 cunda
1579 3030 1687 3054 autem
1710 3023 1862 3063 probatur
1886 3033 1922 3054 ex
1946 3034 1999 3061 eo,
2020 3023 2109 3065 quod
2131 3033 2236 3054 amare
2260 3023 2338 3054 nihil
2362 3024 2448 3055 aliud
2471 3031 2518 3056 est

1451 3077 1550 3108 quam
1572 3067 1652 3098 velle
1676 3067 1769 3098 alicui
1793 3068 1927 3099 bonum.

1509 3111 1626 3149 Quoad
1642 3111 1814 3154 segundam
1833 3119 1939 3143 autern
1958 3119 2090 3153 partem,
2106 3111 2324 3143 manifestatur
2341 3112 2515 3144 conclusio.

1451 3155 1535 3193 Quia
1563 3165 1729 3194 amamus,
1758 3156 1838 3187 moti
1855 3167 1872 3187 a
1888 3157 2028 3188 bonitate
2053 3156 2097 3187 rei
2124 3163 2265 3187 amatae:
2297 3157 2384 3188 Deus
2409 3163 2517 3189 autem

1451 3206 1544 3236 amat,
1563 3200 1697 3231 creando
1719 3207 1749 3231 et
1767 3200 1967 3232 infundendo
1986 3200 2161 3232 bonitatem
2180 3210 2278 3242 quam
2298 3208 2392 3233 amat.

2544 2122 2600 2146 Ἰ).
2615 2123 2655 2152 96.
