2768 4178
97 959 108 970 ⁸
123 959 159 981 Cf.
174 964 239 980 num.
253 964 292 980 xn.

99 1356 176 1378 *Loco
184 1362 264 1378 nurn.v
270 1356 309 1378 cit.

98 1490 107 1499 '¹
124 1488 160 1511 Cf.
174 1495 238 1510 num.
248 1495 298 1510 xm.

101 2506 110 2515 ·
125 2504 195 2526 Num.
210 2510 245 2533 39.

342 263 418 307 426

341 339 474 369 intendit
498 338 659 369 excludere
676 347 693 367 a
701 338 866 377 proposito
883 344 913 367 et
929 337 1084 367 rationali
1106 343 1253 367 naturam
1271 336 1404 367 identice

340 390 370 413 et
394 382 564 418 causaliter,
585 382 639 411 sed
658 388 694 411 ut
709 381 752 411 sic
769 381 950 411 formaliter.
977 381 1020 411 Ut
1043 380 1136 411 etiam
1156 383 1278 410 Auctor
1293 380 1326 410 in
1342 380 1404 411 hoc

340 427 470 457 articulo
490 425 628 456 distinxit
642 425 839 455 voluntatem
855 432 963 455 contra
980 431 1143 454 naturam:
1169 430 1199 454 et
1214 430 1321 454 tamen
1337 434 1403 454 non

340 470 495 510 sequitur,
520 479 599 510 ergo
627 474 673 499 est
700 469 766 499 alia
790 470 935 509 potentia
943 478 957 506 ;
982 469 1053 504 sed,
1079 477 1158 508 ergo
1189 473 1235 498 est
1258 468 1325 498 alia
1343 478 1402 508 po-

339 515 437 544 tentia
454 514 503 544 vel
517 513 584 543 alia
601 514 684 543 ratio
700 513 839 543 eiusdem
851 514 1023 552 potentiae.
1040 530 1060 534 -
1079 512 1189 542 Posset
1204 518 1310 542 tamen
1325 512 1403 542 haec

338 557 467 588 materia
495 557 589 587 unico
614 557 710 587 verbo
734 557 871 593 absolvi,
897 556 1031 586 dicendo
1057 556 1147 596 quod
1169 556 1316 586 voluntas
1341 556 1404 586 dis-

338 601 490 641 tinguitur
514 608 622 631 contra
645 607 791 631 naturam
809 601 978 641 praecise:
1001 607 1030 630 et
1046 609 1111 629 non
1132 606 1242 630 contra
1256 606 1403 630 naturam

337 646 517 675 intraneam
542 645 708 682 voluntati,
734 654 815 685 quae
839 651 885 675 est
908 644 1002 674 simul
1026 650 1137 673 natura
1160 650 1191 674 et
1213 644 1372 675 voluntas.

394 689 445 719 Ad
461 688 555 719 aliam
570 698 645 719 vero
666 688 939 719 confirmationem
956 687 1078 723 dicitur,
1097 687 1186 727 quod
1205 687 1316 717 eadem
1331 687 1401 728 qui-

337 733 410 763 dem
433 739 479 763 est
501 733 642 772 potentia
665 733 819 772 attingens
842 731 939 762 finem
958 738 989 762 et
1001 731 1137 761 referens
1161 731 1193 761 in
1214 730 1322 767 finem,
1347 732 1402 762 sed

337 787 401 807 non
426 777 540 807 eodem
563 777 673 807 modo·
702 777 789 807 Sicut
812 776 907 807 etiam
930 776 1015 805 idem
1044 782 1090 805 est
1112 775 1288 805 intellectus
1317 775 1402 815 prin-

337 820 493 860 cipiorum
517 827 547 851 et
570 821 828 856 conclusionum,
859 830 924 850 non
948 826 1054 850 tamen
1079 819 1193 849 eodem
1216 819 1326 850 modo.
1356 819 1401 849 Ita

337 865 422 895 enim
446 875 478 895 se
501 865 618 895 habent
635 865 770 895 liberum
790 871 819 895 et
838 864 978 894 naturale
993 863 1026 893 in
1042 863 1213 899 voluntate,
1239 863 1320 893 sicut
1338 863 1400 893 dis-

337 919 458 939 currere
482 915 513 939 et
535 909 684 939 naturalis
708 908 819 939 notitia
841 908 874 938 in
897 908 1068 938 intellectu.

395 953 492 983 XVII.
516 953 567 983 Ad
590 953 684 982 aliam
707 962 782 982 vero
802 952 957 982 rationem
971 952 997 988 *,
1023 950 1283 990 distinguendum
1301 957 1348 981 est
1362 951 1401 981 de

337 997 518 1027 necessitate
534 1003 589 1027 aut
603 997 798 1036 simpliciter,
816 1002 870 1026 aut
885 996 1158 1026 immutabilitatis.
1175 995 1215 1025 Et
1229 995 1401 1025 dicendum

336 1041 425 1081 quod
452 1040 535 1071 actui
557 1040 670 1076 libero,
695 1046 731 1070 ut
753 1040 811 1076 sic,
836 1046 991 1079 repugnat
1014 1039 1179 1070 necessitas
1208 1038 1399 1078 simpliciter,

337 1085 375 1114 de
391 1094 454 1124 qua
471 1091 516 1115 est
536 1094 650 1120 sermo,
674 1094 738 1124 qua
754 1083 888 1124 Spiritus
905 1083 1037 1114 Sanctus
1057 1083 1231 1114 necessario
1248 1083 1399 1123 procedit,

336 1128 379 1158 ita
403 1128 491 1169 quod
518 1128 585 1158 eius
609 1128 796 1168 oppositum
819 1127 962 1167 implicat
985 1127 1267 1158 contradictionem
1291 1137 1400 1158 secun-

337 1172 414 1202 dum
439 1182 480 1202 se.
505 1172 680 1203 Necessitas
696 1178 803 1202 autem
822 1171 1084 1202 immutabilitatis
1100 1178 1146 1202 est
1160 1170 1301 1207 firmitas,
1319 1181 1400 1212 quae

336 1222 395 1247 stat
418 1226 492 1247 cum
515 1216 665 1252 libertate,
690 1223 721 1247 et
743 1215 864 1256 perficit
887 1216 1106 1256 operationem
1129 1215 1270 1246 liberam.

394 1261 434 1291 Et
458 1271 513 1300 per
535 1261 596 1291 hoc
619 1267 705 1300 patet
732 1260 896 1300 responsio
921 1260 960 1290 ad
984 1259 1249 1290 confirmationes.
1275 1259 1401 1299 Suppo-

336 1311 416 1335 nunt
439 1305 525 1335 enim
546 1305 722 1335 libertatem
745 1314 811 1335 esse
835 1304 1095 1344 compossibilem
1118 1303 1292 1334 necessitati
1324 1303 1399 1333 sim-

335 1349 456 1389 pliciter
472 1349 604 1379 alicuius
624 1355 721 1385 actus,
742 1355 778 1379 ut
796 1348 855 1379 sic:
881 1349 979 1389 quod,
1005 1355 1041 1379 ut
1064 1358 1101 1378 ex
1125 1348 1167 1378 IX
1182 1348 1366 1388 Metaphys.
1382 1347 1400 1365 ἰ’

335 1400 436 1433 patet,
461 1393 576 1424 falsum
600 1399 662 1429 est;
687 1399 813 1433 oportet
841 1392 926 1423 enim
956 1392 1132 1423 libertatem
1160 1401 1227 1422 esse
1257 1398 1400 1432 respectu

335 1437 467 1467 alicuius
491 1437 714 1477 oppositionis.

390 1481 502 1512 XVIII.
522 1481 572 1511 Ad
589 1481 760 1511 secundam
784 1480 1015 1511 dubitationem
1029 1479 1056 1516 *‚
1082 1490 1163 1520 quae
1180 1486 1226 1510 est
1242 1480 1280 1510 ad
1296 1479 1400 1509 homi-

335 1535 427 1561 nem,
453 1525 565 1556 dicitur
592 1525 680 1565 quod
707 1525 797 1555 labor
821 1530 867 1555 est
888 1524 921 1554 in
945 1524 1131 1564 aequivoco.
1161 1524 1244 1554 Nam
1268 1523 1401 1563 Spiritus

336 1569 466 1600 Sanctus
490 1569 632 1609 procedit
656 1579 673 1599 a
695 1569 858 1599 voluntate
889 1575 925 1599 ut
947 1567 1119 1608 principio,
1145 1574 1175 1598 et
1198 1578 1216 1598 a
1238 1568 1401 1598 voluntate

335 1620 371 1644 ut
393 1613 556 1650 voluntas,
582 1613 738 1644 sumendo
762 1612 934 1643 voluntatis
958 1621 1077 1642 nomen
1100 1622 1159 1652 pro
1178 1613 1322 1652 potentia
1347 1622 1400 1643 vo-

336 1658 433 1688 litiva.
451 1675 469 1680 —
489 1658 530 1688 Et
558 1658 620 1688 hoc
644 1657 840 1688 concludunt
870 1666 983 1686 omnes
1006 1656 1209 1686 obiectioues.
1240 1655 1290 1686 Sic
1314 1656 1399 1686 enim

334 1701 532 1732 voluntatem
555 1701 748 1741 accipiendo,
773 1710 884 1731 verum
904 1707 950 1730 est
969 1700 1058 1741 quod
1080 1699 1248 1740 productio
1265 1699 1399 1740 Spiritus

336 1745 440 1776 Sancti
464 1752 510 1776 est
533 1756 550 1775 a
573 1746 735 1776 voluntate
759 1751 796 1776 ut
817 1744 989 1785 principie,
1015 1751 1046 1775 et
1069 1751 1105 1775 ut
1128 1744 1272 1775 distincta
1291 1750 1400 1774 contra

1034 258 1301 305 QUAESTIO
1330 259 1433 305 XLI,
1463 259 1759 295 ARTICULUS
1790 260 1838 295 III

1461 344 1615 373 naturam,
1636 337 1715 367 idest
1734 337 1942 367 substantiam
1959 337 2109 368 volentis:
2135 347 2201 368 non
2220 345 2328 369 autem
2346 346 2454 370 contra
2470 349 2528 370 na-

1460 387 1574 417 turam,
1590 381 1670 411 idest
1685 381 1842 411 rationem
1858 388 1986 412 naturae
2001 381 2034 411 in
2047 392 2079 411 se
2095 382 2185 422 quasi
2199 382 2426 423 participatam,
2446 383 2527 414 idest

1460 432 1568 455 contra
1583 425 1719 455 modum
1734 425 1886 464 operandi
1902 432 2042 456 naturae.
2061 426 2103 456 Et
2117 427 2206 466 quod
2218 436 2314 466 penes
2330 427 2525 458 intellectum

1459 475 1490 499 et
1514 469 1712 499 voluntatem
1736 469 1872 499 sumitur
1895 479 2047 500 numerus
2070 469 2312 509 processionum
2335 470 2524 501 divinarum.

1458 512 1499 543 Et
1522 513 1611 553 quod
1634 513 1768 552 Spiritus
1792 513 1924 543 Sanctus
1943 513 2086 553 procedit
2108 523 2164 554 per
2186 514 2322 544 modum
2337 514 2523 545 voluntatis:

1458 566 1495 586 ex
1517 556 1579 587 hoc
1604 556 1689 586 enim
1712 557 1802 597 quod
1825 558 1966 597 procedit
1985 567 2041 597 per
2064 557 2283 597 operationem
2300 558 2447 588 volitivae
2466 568 2524 598 po-

1457 600 1581 636 tentiae,
1606 601 1700 631 habet
1718 601 1785 631 illas
1801 607 1862 631 tres
1878 601 2076 632 conditiones
2099 601 2132 631 in
2155 601 2272 642 quibus
2289 601 2389 632 differt
2407 602 2524 632 modus

1456 644 1628 675 voluntatis
1644 655 1663 675 a
1678 645 1778 675 modo
1798 651 1936 682 naturae,
1961 655 2040 686 quas
2063 645 2134 675 vide
2150 645 2183 675 in
2203 645 2266 685 Qq.
2281 646 2393 685 Dispp.
2410 646 2451 676 de
2464 646 2524 676 Po-

1456 689 1556 718 tentia
1579 689 1652 726 Dei,
1678 698 1732 729 qu.
1749 699 1783 725 x,
1808 695 1864 720 art.
1884 699 1901 719 2
1927 689 1967 719 ad
1996 700 2043 719 ιι.
2069 689 2155 720 Cum
2178 689 2227 719 his
2251 689 2401 720 omnibus
2417 696 2523 720 tamen

1456 738 1516 762 stat
1539 733 1628 772 quod
1651 732 1846 763 conveniunt
1867 732 1900 763 in
1924 733 1986 763 hoc
2010 733 2106 764 unico
2122 734 2232 769 modo,
2250 733 2368 764 scilicet
2389 739 2523 764 natura-

1455 775 1540 812 liter,
1565 775 1652 806 utin
1675 776 1776 806 littera
1799 777 1905 807 habes.

1511 819 1707 859 Accipiendo
1731 826 1838 850 autem
1854 820 2025 851 voluntatis
2049 831 2168 851 nomen
2192 831 2251 861 pro
2273 821 2393 851 ratione
2409 821 2522 851 volun-

1455 862 1525 893 tatis
1550 864 1739 903 inquantum
1764 869 1812 894 est
1834 864 1946 902 libera,
1963 864 2007 895 sic
2025 871 2157 904 negatur
2171 865 2261 905 quod
2277 865 2436 905 processio
2453 865 2522 905 Spi-

1455 906 1532 937 ritus
1556 906 1661 937 Sancti
1677 906 1716 937 sit
1731 917 1750 937 a
1764 907 1943 938 voluntate:
1969 914 2000 938 et
2015 908 2128 939 dicitur
2147 909 2236 949 quod
2253 916 2299 940 est
2315 919 2333 939 a
2347 906 2527 945 voluntate,
2576 935 2583 943 .

1455 960 1521 980 non
1534 950 1727 991 inquantum
1741 951 1898 988 voluntas,
1913 952 1966 982 sed
1981 951 2174 992 inquantum
2189 959 2310 989 namra,
2324 959 2354 983 et
2370 953 2493 984 similia.
2502 970 2522 976 -

1455 995 1547 1025 Unde
1567 995 1616 1025 hic
1633 1001 1761 1034 oportet
1776 995 1934 1026 advertere
1951 996 2118 1036 quomodo
2138 1002 2246 1026 utatur
2261 996 2332 1037 quis
2347 997 2520 1037 vocabulis.

1513 1039 1597 1069 XIX.
1621 1039 1729 1069 Restat
1752 1049 1855 1069 unum
1878 1039 2027 1075 dubium,
2052 1049 2093 1069 an
2111 1039 2259 1070 voluntas
2275 1040 2447 1081 aequivoce
2471 1051 2522 1072 su-

1454 1089 1559 1113 matur
1574 1082 1607 1113 in
1622 1083 1724 1123 prima
1743 1089 1773 1113 et
1792 1084 1930 1114 secunda
1949 1083 2155 1114 conclusione
2170 1083 2188 1102 *
2206 1081 2302 1125 (quae
2325 1091 2431 1115 tamen
2448 1091 2523 1116 sunt

1455 1136 1643 1157 communes
1668 1127 1818 1157 omnibus
1842 1127 2010 1167 theologis,
2035 1134 2067 1158 et
2089 1127 2312 1159 determinatae
2334 1128 2368 1158 in
2391 1128 2520 1167 ISent.,

1454 1171 1525 1201 dist.
1544 1181 1577 1201 v1
1592 1169 1635 1213 θ’).
1660 1171 1692 1202 Si
1717 1170 1803 1201 enim
1826 1171 1963 1202 sumitur
1990 1171 2135 1207 univoce,
2161 1171 2303 1212 sequitur
2326 1172 2416 1212 quod
2431 1172 2523 1204 Pater

1453 1215 1617 1246 voluntate
1645 1215 1878 1246 concomitante
1902 1216 1942 1246 ad
1965 1215 2164 1251 utrumlibet,
2189 1215 2264 1246 velit
2286 1216 2524 1255 generationem

1454 1259 1541 1290 Filii:
1567 1260 1605 1289 de
1629 1259 1687 1289 hac
1710 1259 1796 1289 enim
1819 1266 1866 1290 est
1889 1269 1993 1290 sermo
2016 1259 2049 1290 in
2065 1259 2212 1290 secunda.
2238 1259 2271 1290 Si
2290 1266 2398 1290 autem
2416 1260 2523 1301 aequi—

1453 1313 1541 1339 voce,
1567 1303 1639 1334 satis
1663 1303 1740 1334 levis
1763 1303 1887 1334 videtur
1910 1303 2084 1344 disputatio
2107 1310 2138 1334 et
2161 1303 2343 1334 differentia.

1507 1348 1557 1377 Ad
1574 1348 1635 1378 hoc
1650 1347 1783 1378 breviter
1799 1347 1913 1378 dicitur
1928 1348 2018 1388 quod
2034 1347 2171 1378 sumitur
2189 1347 2325 1378 univoce
2343 1348 2522 1389 utrobique,

1454 1391 1571 1422 scilicet
1594 1401 1652 1432 pro
1675 1391 1818 1431 potentia
1835 1391 1975 1428 volitiva,
2000 1402 2056 1422 seu
2080 1398 2151 1422 actu
2174 1391 2312 1428 volendi,
2332 1392 2476 1423 absolute
2492 1399 2543 1429 et,

1453 1435 1642 1466 indistincte.
1667 1435 1709 1466 Et
1724 1435 1757 1466 in
1773 1435 1876 1476 prima
1895 1436 2072 1466 ostenditur
2089 1436 2178 1476 quod
2197 1442 2285 1466 actus
2300 1436 2439 1473 volendi,
2455 1446 2523 1467 non

1455 1480 1595 1510 curando
1619 1479 1736 1520 qualis,
1760 1480 1886 1520 respicit
1908 1480 2146 1520 generationem
2169 1479 2240 1510 Filii
2259 1480 2324 1510 sive
2347 1481 2522 1520 processio-

1454 1533 1529 1554 nem
1552 1523 1686 1563 Spiritus
1710 1523 1825 1560 Sancn',
1850 1531 1886 1555 ut
1909 1524 2087 1555 obiectum:
2112 1524 2145 1554 in
2169 1524 2308 1554 secunda
2321 1534 2397 1555 vero
2421 1524 2523 1556 deter-

1454 1567 1593 1598 minatur
1615 1568 1705 1608 quod
1724 1568 1814 1604 velle,
1839 1568 1935 1598 etiam
1957 1578 2024 1598 non
2048 1568 2188 1598 curando
2212 1568 2316 1609 quale,
2340 1578 2406 1598 non
2428 1568 2524 1600 habet

1455 1611 1610 1642 rationem
1633 1611 1778 1651 principii
1802 1612 1842 1642 ad
1865 1612 2067 1648 utrumlibet,
2096 1618 2239 1652 respectu
2263 1619 2394 1643 actuum
2416 1612 2522 1643 notio-

1454 1655 1586 1687 nalium.
1617 1656 1756 1692 Verum,
1780 1656 1894 1686 habere
1922 1656 2078 1687 rationem
2101 1656 2247 1696 principii
2270 1656 2310 1686 ad
2337 1656 2523 1687 utrumlibet

1454 1699 1646 1739 significatur
1668 1710 1724 1740 per
1746 1706 1854 1731 actum
1877 1700 2068 1740 procedendi
2092 1706 2123 1730 et
2145 1700 2319 1730 ablativum
2338 1700 2520 1737 voluntatis,

1454 1750 1491 1774 ut
1513 1750 1604 1784 puta,
1627 1745 1742 1785 genuit
1764 1745 1937 1775 voluntate.
1961 1744 2004 1775 Et
2025 1744 2070 1774 sic
2092 1753 2159 1774 non
2182 1750 2228 1774 est
2246 1744 2475 1784 aequivocatio.

2549 1094 2559 1103 '
2574 1092 2611 1116 Cf.
2629 1099 2694 1116 nam.
2707 1099 2736 1116 rt.

2549 1180 2561 1192 '
2573 1180 2627 1203 Art.
2639 1186 2661 1208 2,
2674 1186 2697 1210 3.

2705 1245 2722 1254 κ

1133 1887 1451 1930 ARTICULUS
1480 1887 1709 1930 TERTIUS

918 1972 1073 2003 UTRUM
1097 1971 1239 2002 Acrus
1262 1971 1541 2002 NOTIONALES
1564 1971 1661 2002 SINT
1685 1971 1742 2002 DE
1766 1971 1933 2009 ALIQUO

1101 2049 1208 2078 ISent.,
1229 2049 1287 2075 dist.
1305 2057 1329 2079 v,
1349 2057 1394 2082 qu.
1412 2056 1445 2080 n;
1465 2049 1509 2078 111.
1529 2049 1587 2074 dist.
1606 2057 1646 2080 xi,
1665 2054 1711 2074 art.
1735 2057 1757 2074 1.

455 2166 469 2178 ,,
486 2159 494 2166 2
548 2142 570 2166 D
598 2141 757 2166 Triarium
782 2141 835 2166 stc
854 2141 1092 2166 PROCEDITUR.
1113 2129 1272 2166 Videtur
1291 2129 1396 2177 quod

496 2193 523 2230 J
548 2190 652 2219 actus
689 2182 901 2219 notionales
940 2195 1019 2219 non
1056 2182 1129 2218 sint
1166 2182 1213 2219 de
1256 2182 1395 2231 aliquo

415 2251 470 2269 ψ
496 2241 518 2283 s
532 2234 650 2282 Quia
678 2235 708 2271 si
727 2236 839 2271 Pater
857 2242 1012 2282 generat
1031 2235 1168 2271 Filium
1189 2235 1236 2271 de
1256 2235 1396 2283 aliqUO,

368 2256 518 2322 43)
507 2280 614 2324 aut
647 2287 693 2324 de
729 2287 871 2336 seipso,
901 2295 964 2323 aut
994 2288 1040 2324 de
1075 2287 1202 2335 aliquo
1236 2287 1321 2324 alio.
1358 2287 1398 2324 Si

338 2340 386 2378 de
414 2339 540 2387 aliquo
561 2340 647 2387 alio,
669 2353 757 2377 cum
777 2339 814 2377 id
835 2340 882 2377 de
911 2352 988 2389 quo
1018 2339 1159 2389 aliquid
1187 2347 1398 2388 generatur,

338 2393 384 2430 sit
411 2393 449 2429 in
478 2405 524 2429 eo
553 2393 658 2442 quod
685 2401 900 2441 generatur,
931 2392 1100 2440 sequitur
1125 2393 1232 2442 quod
1260 2392 1399 2440 aliquid

338 2445 505 2482 alienum
535 2458 556 2482 a
585 2447 694 2482 Patre
733 2445 778 2482 sit
810 2446 848 2482 in
877 2445 983 2482 Filio.
1022 2446 1139 2491 Quod
1177 2453 1232 2482 est
1269 2453 1400 2482 contra

340 2498 537 2545 Hilarium,
567 2499 635 2535 VlI
665 2499 710 2535 de
742 2498 778 2535 T
773 2499 844 2535 rin.
866 2498 898 2546 ³⁸,
926 2498 993 2535 ubi
1022 2498 1125 2535 dicit:
1154 2498 1264 2536 Nihil
1287 2499 1323 2535 in
1344 2499 1400 2535 his

338 2552 525 2588 diversum
554 2557 608 2588 est
633 2552 692 2588 vel
710 2558 726 2572 ²
754 2551 931 2588 alienum.
967 2550 1007 2588 Si
1026 2558 1154 2588 autern
1180 2550 1317 2588 Filium
1338 2563 1399 2599 ge-

338 2612 444 2641 nerat
471 2605 583 2641 Pater
612 2604 660 2641 de
688 2604 827 2653 seipso,
856 2604 895 2641 id
923 2611 1052 2641 autem
1082 2603 1130 2641 de
1158 2616 1236 2653 quo
1258 2604 1400 2653 aliquid

338 2665 548 2705 generatur,
579 2657 608 2694 si
638 2657 684 2694 sit
709 2669 953 2706 permanens,
985 2656 1116 2705 recipit
1143 2657 1224 2694 eius
1252 2657 1400 2706 praedi-

340 2710 527 2746 cationem
565 2710 671 2757 quod
708 2717 927 2758 generatur3
966 2709 1062 2746 sicut
1100 2709 1261 2747 dicimus
1295 2710 1399 2758 quod

338 2763 449 2799 homo
478 2768 531 2799 est
556 2762 678 2808 albus,
708 2762 797 2811 quia
829 2764 949 2799 homo
982 2770 1198 2811 permanet,
1235 2774 1323 2799 cum
1353 2764 1399 2800 de

338 2827 416 2852 non
449 2816 534 2852 albo
569 2816 611 2852 fit
645 2816 769 2852 albus:
804 2816 972 2874 sequitur
1005 2815 1115 2864 igitur
1151 2815 1256 2865 quod
1289 2817 1401 2853 Pater

337 2869 398 2905 vel
419 2880 496 2905 non
514 2875 748 2916 permaneat,
777 2869 902 2916 genito
933 2868 1040 2915 Filio,
1069 2869 1132 2906 vel
1161 2868 1266 2917 quod
1289 2869 1401 2906 Pater

338 2920 384 2958 sit
403 2921 517 2958 Filius
532 2919 564 2949 β·
557 2921 692 2969 ‚quod
713 2929 768 2958 est
796 2922 944 2958 falsum.
974 2922 1065 2958 Non
1095 2933 1185 2969 ergo
1206 2922 1318 2959 Pater
1336 2934 1399 2970 ge-

338 2981 443 3010 nerat
471 2950 608 3010 Filium
638 2974 686 3011 de
714 2974 856 3023 aliquo,
887 2974 955 3011 sed
984 2974 1031 3011 de
1060 2974 1190 3011 nihilo.

392 3038 426 3063 2.
447 3027 679 3073 PRAETEREA,
709 3026 747 3064 id
772 3027 818 3063 de
838 3039 914 3075 quo
945 3027 1085 3076 aliquid
1113 3035 1324 3075 generatur,
1346 3034 1401 3064 est

337 3079 565 3128 principium
599 3079 678 3116 eius
711 3079 817 3127 quod
851 3087 1061 3127 generatur.
1097 3080 1136 3117 Si
1171 3091 1261 3128 ergo
1289 3081 1401 3117 Pater

338 3140 490 3179 generat
524 3132 661 3169 Filium
700 3133 748 3170 de
785 3132 946 3169 essentia
974 3133 1035 3169 vel
1063 3140 1198 3170 natura
1225 3145 1311 3180 sua,
1342 3145 1400 3169 se-

338 3185 463 3232 quitur
490 3185 595 3233 quod
623 3184 784 3222 essentia
801 3186 862 3222 vel
883 3192 1015 3222 natura
1040 3185 1162 3222 Patris
1190 3185 1236 3223 sit
1262 3185 1400 3234 princi-

337 3237 443 3285 pium
473 3237 565 3274 Filii.
605 3238 681 3275 Sed
710 3250 788 3275 non
816 3238 1042 3287 principium
1071 3238 1283 3275 materiale:
1313 3237 1401 3287 quia

340 3290 494 3326 materia
531 3291 658 3327 locum
695 3290 733 3327 in
772 3290 908 3327 divinis
942 3303 1020 3328 non
1048 3291 1174 3328 habet.
1214 3292 1316 3339 Ergo
1347 3298 1402 3327 est

339 3341 565 3391 principium
603 3343 709 3392 quasi
729 3348 744 3370 ⁷
772 3343 960 3391 activum,
997 3343 1091 3380 sicut
1127 3355 1312 3392 generans
1347 3350 1402 3380 est

392 3454 418 3486 α)
432 3458 470 3479 est
480 3456 527 3479 vel.
536 3468 556 3474 —
567 3455 634 3480 nihil
644 3456 728 3486 codd„
739 3456 779 3480 vel
793 3457 834 3481 ed.
844 3463 868 3485 a,
882 3464 936 3482 om.
947 3457 988 3482 ed.
998 3457 1027 3485 12,-
1042 3457 1074 3482 cf.
1087 3465 1132 3489 qu.
1141 3465 1207 3489 xxxi,
1217 3463 1264 3483 art.
1277 3465 1300 3488 2,
1313 3462 1367 3482 not.
1377 3465 1398 3481 ε.

1451 2129 1678 2178 principium
1707 2129 1832 2177 geniti.
1872 2130 1921 2166 Et
1949 2129 1999 2166 ita
2027 2129 2198 2179 sequitur
2225 2129 2332 2179 quod
2360 2130 2522 2198 essentia

1452 2190 1626 2230 generet.
1655 2182 1761 2231 quod
1790 2195 1905 2231 supra
1924 2182 1944 2204 *
1971 2182 2232 2231 improbatum
2263 2191 2329 2220 est.

1509 2236 1543 2272 3.
1573 2235 1812 2281 PRAETEREA,
1843 2235 2077 2282 Augustinus
2112 2235 2201 2272 dicit
2229 2232 2244 2257 ⁸
2265 2235 2286 2258 ‘⁸‘
2314 2235 2419 2285 quod
2446 2243 2521 2273 tres
2646 2244 2661 2270 δ

1453 2299 1639 2336 personae
1669 2299 1747 2323 non
1775 2294 1862 2324 sunt
1891 2299 1934 2324 ex
1965 2287 2100 2324 eadem
2130 2288 2301 2335 essentia,
2333 2288 2422 2338 quia
2440 2300 2520 2326 non

1454 2347 1509 2376 est
1537 2339 1639 2376 aliud
1668 2339 1829 2377 essentia
1858 2347 1894 2376 et
1921 2352 2098 2388 persona.
2135 2341 2213 2378 Sed
2246 2353 2411 2390 persona
2438 2341 2520 2380 Filii

1454 2405 1533 2429 non
1568 2399 1624 2429 est
1656 2392 1756 2429 aliud
1789 2393 1838 2429 ab
1871 2392 2034 2430 essentia
2066 2393 2187 2430 Patris
2216 2399 2237 2430 ⁸.
2272 2394 2376 2442 Ergo
2405 2394 2520 2432 Filius
2648 2412 2660 2429 ι

1454 2457 1533 2482 non
1564 2452 1619 2481 est
1647 2445 1694 2482 de
1723 2445 1884 2482 essentia
1912 2445 2044 2482 Patris.

1507 2509 1543 2544 4.
1564 2498 1797 2544 PRAETEREA‚
1819 2498 1945 2535 omnis
1966 2505 2135 2535 creatura
2151 2505 2207 2535 est
2226 2511 2271 2535 ex
2291 2498 2420 2538 nihilo,
2442 2499 2519 2537 Sed

1455 2550 1571 2587 Filius
1600 2550 1639 2587 in
1668 2550 1868 2600 Scripturis
1889 2551 2023 2588 dicitur
2043 2558 2228 2588 creatura:
2258 2551 2394 2589 dicitur
2417 2551 2520 2590 enim

1453 2603 1568 2641 Eccli.
1585 2615 1669 2640 xxw
1683 2603 1714 2650 *,
1732 2616 1778 2640 ex
1793 2616 1860 2641 ore
1877 2603 2091 2653 Sapientiae
2107 2604 2272 2652 genitae:
2287 2605 2375 2654 Ego
2390 2616 2440 2642 ex
2453 2617 2522 2643 ore
2549 2622 2558 2632 ·
2572 2621 2641 2644 ven.
2654 2628 2676 2650 ⁵·

1453 2656 1637 2693 Altissimi
1657 2657 1796 2704 prodii,
1810 2657 2068 2707 primogenita
2091 2662 2179 2694 ante
2203 2669 2354 2695 omnem
2373 2663 2519 2696 creatu-

1455 2721 1563 2751 ram:
1592 2716 1628 2745 et
1655 2716 1790 2758 postea
1818 2722 1863 2747 ex
1892 2722 1959 2747 ore
1989 2709 2160 2747 eiusdem
2189 2710 2405 2759 Sapientiae
2430 2710 2520 2748 dici-

1454 2769 1514 2799 tur
1531 2761 1568 2799 *z
1597 2763 1658 2799 Ab
1678 2763 1793 2808 initio,
1814 2768 1851 2799 et
1866 2768 1954 2800 ante
1970 2763 2133 2809 saecula,
2153 2769 2280 2800 creata
2299 2775 2395 2801 sum.
2416 2764 2518 2812 Ergo
2545 2779 2556 2791 υ

1455 2814 1569 2852 Filius
1598 2827 1676 2852 non
1706 2823 1761 2852 est
1788 2815 1935 2863 genitus
1955 2828 2001 2853 ex
2020 2815 2161 2864 aliquo,
2191 2816 2259 2853 sed
2279 2828 2324 2853 ex
2343 2815 2473 2854 nihilo.
2493 2837 2518 2845 -

1455 2868 1503 2904 Et
1531 2867 1700 2905 similiter
1726 2875 1852 2917 potest
1880 2868 1991 2906 obiici
2020 2868 2066 2906 de
2097 2868 2236 2917 Spiritu
2257 2869 2409 2916 Sancto,
2431 2881 2519 2918 pro-

1453 2928 1537 2969 pter
1563 2921 1639 2958 hoc
1658 2921 1763 2969 quod
1784 2921 1929 2969 dicitur,
1949 2922 2038 2959 Zac.
2058 2933 2106 2958 xii
2125 2921 2162 2958 *z
2191 2922 2302 2959 Dixit
2318 2922 2518 2969 Dominus,

1454 2973 1656 3010 extendens
1688 2974 1834 3011 caelum
1867 2980 1904 3011 et
1921 2975 2099 3023 fundans
2125 2979 2284 3020 terram,
2318 2980 2354 3011 et
2385 2986 2519 3013 creans

1453 3027 1624 3075 spiritum
1652 3027 1813 3064 hominis
1841 3027 1878 3064 in
1907 3039 1951 3064 eo
1962 3041 1975 3070 ‚·
2003 3035 2039 3064 et
2057 3029 2179 3064 Amos
2200 3039 2246 3074 lv,
2266 3027 2286 3049 ²¹²
2306 3027 2518 3065 secundum

1454 3079 1567 3116 aliam
1595 3079 1779 3117 litteram:
1807 3081 1894 3130 Ego
1918 3081 2104 3129 formans
2131 3085 2293 3126 montes,
2323 3086 2360 3118 et
2385 3092 2519 3118 creans

1452 3132 1634 3180 spiritum.

1509 3185 1583 3222 SED
1603 3196 1749 3222 CONTRA
1768 3197 1833 3222 EST
1852 3185 1958 3234 quod
1984 3185 2218 3233 Augustinus
2237 3185 2257 3207 ³⁸
2281 3185 2380 3233 dicit,
2409 3185 2449 3223 in
2475 3185 2517 3223 li-

1455 3238 1523 3274 bro
1551 3238 1597 3274 de
1623 3238 1718 3274 Fide
1744 3238 1795 3275 ad
1819 3239 1973 3275 Petrum
1991 3237 2028 3274 ⁸²:
2056 3239 2170 3275 Pater
2202 3239 2307 3275 Deus
2334 3237 2349 3265 t
2375 3238 2422 3276 de
2446 3250 2517 3276 sua

1455 3296 1592 3327 natura
1619 3291 1700 3327 sine
1727 3291 1830 3327 initio
1858 3291 1991 3341 genuit
2014 3290 2154 3327 Filium
2182 3291 2254 3328 sibi
2279 3291 2488 3340 aequalem.

1509 3343 1733 3380 REsponm-:o
1762 3355 1945 3381 mmmmm
1980 3343 2087 3391 quod
2115 3343 2230 3380 Filius
2264 3355 2345 3381 non
2372 3351 2428 3381 est
2454 3355 2517 3392 ge·

2547 2304 2600 2333 vn.
2615 2311 2667 2334 cap.
2682 2311 2712 2328 vi.

2569 2779 2637 2803 Vera.
2652 2785 2685 2807 14.

2547 2939 2556 2948 ·
2570 2937 2639 2960 νει-ε.
2653 2944 2669 2960 ι.

2547 3045 2555 3055 ·
2570 3043 2638 3067 Vera.
2652 3049 2682 3073 ¹3.

2545 3202 2554 3212 '
2568 3200 2713 3229 Fulgentius.

2545 3255 2554 3264 ·
2568 3253 2626 3282 Gap.
2640 3259 2666 3276 n.

2640 3282 2656 3311 t

1504 3457 1526 3489 ε)
1545 3457 1621 3481 aliud
1643 3458 1677 3482 ab
1701 3457 1815 3482 essentia
1841 3456 1940 3482 Patris.
1960 3470 1978 3474 —
1995 3456 2071 3481 aliud
2089 3456 2122 3482 ab
2140 3457 2254 3482 essentia
2273 3457 2322 3487 Pb,
2347 3456 2381 3482 ab
2403 3455 2516 3482 essentia

392 3487 416 3520 β)
436 3490 507 3522 quod
525 3490 606 3515 Pater
623 3491 659 3515 sit
672 3491 764 3516 Filius.
781 3505 799 3510 -—
817 3491 879 3524 quia
894 3492 975 3517 Pater
990 3492 1074 3517 Htius
1092 3493 1127 3517 sit
1145 3493 1204 3518 edd.
1222 3500 1239 3517 a
1250 3493 1273 3518 b.
1290 3506 1310 3514 -
1327 3491 1399 3525 quod
1450 3492 1526 3516 atiud
1545 3492 1585 3516 ed.
1603 3498 1630 3516 a.

339 3526 378 3548 est
389 3524 491 3557 salsum
510 3532 563 3550 om.
582 3525 652 3550 FGa.

392 3557 419 3591 γ)
438 3560 522 3590 quasi.
540 3574 558 3579 —
577 3560 638 3584 Om.
657 3561 685 3585 B.

392 3592 416 3625 ὃ)
436 3594 508 3618 dicit.
526 3608 544 3613 —
566 3594 619 3619 VII
637 3595 710 3620 Trin.
729 3595 797 3620 addit
816 3597 845 3621 Β.

1504 3526 1529 3558 ζ)
1550 3527 1633 3551 Deus.
1650 3540 1670 3546 -
1689 3526 1762 3551 Deus
1786 3526 1834 3551 sol'
1855 3525 1912 3556 FG,
1938 3525 2011 3551 Deus
2034 3527 2106 3552 solus
2128 3526 2255 3552 editiones
2273 3527 2324 3552 ab.
2349 3526 2423 3551 Deus
2444 3525 2515 3551 solus

1452 3565 1491 3586 est
1510 3561 1538 3586 P.
1556 3575 1575 3582 -
1593 3562 1619 3586 S.
1632 3561 1798 3594 Fulgentius:
1823 3561 1905 3586 Pater
1924 3561 2004 3590 Deus,
2025 3561 2058 3586 de
2076 3561 2148 3587 nu110
2166 3562 2273 3595 genitus
2292 3561 2362 3591 Deo,
2384 3561 2464 3589 semel
2483 3560 2515 3585 de

1451 3603 1500 3621 sua
1519 3600 1618 3621 natura
1637 3602 1684 3621 etc.

2548 2191 2619 2219 'Qm
2629 2196 2707 2218 xxm,
2717 2194 2762 2214 nrt.

2549 2280 2558 2290 '
2573 2278 2610 2301 De
2624 2279 2704 2306 Trtn„
2719 2279 2761 2301 lib.
