2768 4178
941 265 1210 313 QUAESTIO
1239 265 1363 311 XLII,
1392 264 1689 301 ARTICULUS
1717 263 1769 300 Vl

261 347 448 389 generandi;
472 347 516 378 ita
530 347 599 397 ipsa
614 356 680 377 non
696 353 742 378 est
757 346 791 376 in
807 345 912 386 aliqua
927 355 1063 385 persona
1086 355 1124 375 eo
1141 345 1240 375 modo
1264 353 1330 384 quo

262 402 398 433 persona
421 402 485 422 una
508 398 554 421 est
573 391 606 421 in
629 390 700 426 alia,
715 397 746 420 et
768 390 836 430 ipsa
852 396 958 420 tamen
977 390 1010 419 in
1027 389 1171 430 pluribus
1186 394 1232 419 est
1251 387 1329 418 ratio

262 436 412 467 essendi
404 446 437 466 in
456 435 601 466 invicem.

320 480 362 511 Et
385 490 422 510 ex
444 479 493 510 his
515 485 602 519 patet
625 477 729 519 primo
757 477 893 508 efficacia
920 477 1050 508 rationis
1079 477 1218 512 litterae,
1250 485 1331 517 quae

263 535 330 555 non
353 534 390 555 ex
412 523 573 554 identitate
595 522 694 553 Patris
717 528 772 552 aut
789 521 860 552 Filii
884 531 958 552 cum
982 521 1124 557 essentia,
1147 527 1182 551 ut
1201 519 1331 561 quidam

262 568 450 599 intellexisse
464 567 625 603 videntur;
647 567 702 597 sed
718 575 755 596 ex
771 565 890 596 unitate
906 565 1058 595 essentiae
1070 564 1245 605 utriusque,
1258 574 1331 603 pro-

206 632 210 635 ·
263 612 354 644 cedit.
386 612 427 643 Et
450 611 571 651 optime
593 611 655 641 hoc
674 610 851 641 insinuatur
877 609 910 639 in
933 609 1009 649 ipsis
1032 609 1130 639 Patris
1150 615 1180 639 et
1203 608 1274 638 Filii
1297 618 1332 638 ac

264 656 416 689 essentiae
433 654 628 686 nominibus.
641 655 760 685 —Patet
782 653 923 684 secundo
940 653 1059 684 solutio
1082 653 1244 683 rationum
1260 652 1332 682 alla-

264 707 370 732 tarum
382 700 417 730 in
433 710 484 730 xnt
503 698 703 730 distinctione
717 697 815 728 Primi
830 696 858 734 θ,
879 698 965 738 apud
981 697 1186 737 Capreolum.
1210 696 1332 727 Ambae

264 754 403 785 namque
427 742 624 774 conditiones
645 742 744 773 simul
767 742 891 772 iunctae
914 742 1051 772 reddunt
1073 750 1258 782 processum
1280 751 1332 771 va-

263 788 375 819 lidum.

322 832 375 862 111.
387 828 511 862 ⁷Unum
533 837 640 861 tamen
655 836 750 861 restat
772 830 925 861 dubium:
945 840 986 860 an
1004 830 1064 860 ista
1081 829 1161 860 ratio
1176 829 1277 860 valeat
1296 838 1334 859 ex

264 876 384 907 unitate
402 874 553 906 essentiae
577 874 752 915 utriusque,
776 874 819 905 ita
838 875 929 915 quod
950 884 1007 914 par
1029 873 1122 905 fuerit
1143 873 1266 910 dixisse,
1286 883 1333 904 es-

263 921 367 951 sentia
385 920 493 950 Patris
516 924 562 949 est
586 920 618 949 in
635 919 729 956 Filio,
747 928 827 959 ergo
851 926 921 957 etc„
941 925 981 955 et,
1001 919 1138 949 essentia
1157 918 1264 948 Patris
1288 923 1334 948 est

263 964 385 1002 Filius,
415 973 495 1005 ergo
519 969 594 994 etc.:
611 963 702 1001 idest,
718 973 758 993 an
782 963 822 993 ad
844 963 910 992 vim
933 973 1098 1003 processus
1119 962 1258 1002 exigatur
1281 961 1333 991 ille

264 1008 382 1040 modus
406 1009 450 1045 in,
468 1015 504 1039 ut
526 1007 606 1038 iacet
628 1007 661 1037 in
679 1007 791 1043 littera,
809 1007 934 1043 scilicet,
954 1007 1090 1038 essentia
1107 1007 1214 1037 Patris
1238 1011 1285 1036 est
1300 1007 1332 1036 in

264 1051 359 1090 Filio,
375 1061 456 1093 ergo
472 1059 529 1082 etc.
546 1068 565 1074 -
577 1052 619 1082 Et
634 1051 712 1082 ratio
726 1051 812 1082 dubii
835 1058 889 1087 est,
907 1050 982 1091 quia
1001 1050 1033 1092 ly
1050 1052 1081 1081 in
1099 1060 1165 1081 non
1180 1049 1240 1080 nisi
1256 1050 1333 1080 rela-

263 1097 386 1128 tionem
405 1095 535 1127 rationis
559 1095 647 1126 dicit:
671 1096 763 1126 Pater
785 1101 893 1126 autem
917 1102 962 1125 est
985 1095 1018 1125 in
1042 1095 1123 1125 Filio
1156 1095 1334 1125 secundum

263 1151 342 1172 rem.
359 1158 378 1164 -
393 1141 435 1171 Et
450 1150 568 1176 rursuS,
585 1139 718 1170 essentia
733 1139 795 1170 alio
810 1139 910 1170 modo
926 1146 973 1170 est
986 1139 1019 1169 in
1033 1138 1115 1169 Filio
1131 1148 1230 1179 quam
1244 1139 1334 1169 Pater

263 1185 298 1217 in
320 1185 419 1216 Filio:
444 1184 520 1225 quia
542 1184 596 1214 illa
618 1190 655 1215 ut
677 1183 780 1214 forma
802 1183 836 1214 in
859 1183 1040 1223 supposito,
1054 1182 1106 1213 hic
1128 1189 1164 1213 ut
1187 1181 1334 1224 supposi-

265 1235 335 1266 tum
359 1228 563 1260 substantiale
585 1227 618 1258 in
641 1227 703 1258 alio
727 1227 908 1268 supposito.

290 1275 291 1278 ’
317 1273 454 1313 ἶΠΙ.;ᾈιέῐῑ
470 1272 537 1303 hoc
561 1272 676 1303 fficitur
702 1272 810 1312 quod,
835 1271 910 1312 quia
933 1271 973 1301 ad
995 1269 1159 1300 veritatem
1188 1269 1334 1310 proposi-

263 1314 392 1348 ffo‘num
407 1317 524 1347 modus
540 1315 735 1356 significandi
751 1321 876 1346 tantum
891 1320 1019 1355 spectat,
1035 1314 1124 1355 quod
1139 1314 1334 1355 quandoque

264 1361 363 1392 variat
383 1361 566 1397 veritatem,
589 1360 718 1396 idcirco,
743 1359 816 1390 licet
839 1368 1005 1399 processus
1027 1358 1094 1394 iste,
1120 1358 1228 1398 quoad
1250 1367 1333 1394 rem,

263 1410 360 1446 super
375 1405 494 1436 unitate
510 1404 661 1435 essentiae
675 1404 709 1434 in
724 1403 870 1444 pluribus
894 1402 1043 1434 fundetur
1058 1400 1138 1444 (hoc
1155 1402 1240 1432 enim
1259 1412 1334 1432 con-

264 1449 483 1486 substantiales
512 1458 663 1489 personas
693 1447 813 1484 reddit,
846 1454 876 1478 et
906 1457 1005 1478 unam
1035 1446 1278 1477 substantialiter
1301 1446 1334 1476 in

264 1493 326 1530 [alia
348 1492 440 1535 ponit
462 1492 640 1523 secundum
662 1490 765 1534 rem);
789 1498 910 1528 tamen,
935 1490 1043 1532 quoad
1065 1490 1335 1521 manifestandum

260 1532 368 1587 quod
376 1536 504 1578 proprie
519 1534 696 1567 verificatur
719 1536 796 1566 haec
818 1535 949 1571 locutio,
964 1535 1063 1565 Pater
1078 1539 1126 1565 est
1139 1535 1171 1564 in
1190 1534 1285 1572 Filio,
1305 1540 1335 1565 et

265 1591 285 1612 ο
296 1584 460 1618 ὀοιινειεο,
477 1580 629 1611 fundatur
644 1580 739 1611 etiam
762 1590 857 1620 supra
874 1580 907 1620 ly
931 1580 973 1609 in.
994 1579 1042 1609 Ex
1065 1579 1127 1609 hoc
1143 1577 1228 1608 enirn
1244 1579 1335 1619 quod

264 1635 330 1656 una
345 1625 478 1656 essentia
492 1624 635 1665 plurium
659 1634 797 1665 congrue
816 1623 952 1654 admittit
966 1623 1000 1664 ly
1015 1624 1048 1653 in
1065 1629 1208 1663 respectu
1228 1623 1334 1663 singu-

243 1669 369 1701 larum
379 1679 599 1710 personarum,
610 1669 733 1709 optime
744 1668 899 1709 sequitur:
920 1668 1005 1707 Ergo
1017 1667 1177 1708 quaelibet
1188 1677 1333 1707 persona,

263 1713 386 1746 ratione
401 1713 485 1744 illius
502 1713 662 1749 essentiae,
675 1719 779 1753 potest
793 1722 925 1754 quoque
941 1711 1002 1742 dici
1018 1721 1085 1742 esse
1103 1711 1136 1741 in
1153 1710 1222 1742 alia.

264 1784 276 1786 -
321 1757 389 1789 Nec
411 1758 515 1788 obstat
538 1757 698 1788 diversitas
722 1756 828 1787 modi:
850 1756 917 1786 imo
941 1756 980 1786 de
1003 1755 1184 1787 necessitate
1209 1762 1335 1795 oportet

265 1802 426 1834 diversum
448 1811 515 1832 esse
542 1802 676 1832 modum
706 1802 843 1832 rationis
866 1799 992 1831 essendi
1014 1807 1044 1830 et
1067 1801 1165 1837 eneis,
1190 1806 1227 1831 ut
1250 1806 1335 1840 patet

264 1845 433 1877 inductive.
451 1863 470 1868 —
484 1846 551 1876 Nec
575 1844 673 1876 officit
686 1845 784 1886 Quod
806 1844 993 1875 relationem
1012 1843 1165 1884 significat
1188 1843 1333 1874 rationis:

265 1890 421 1932 quoniam
438 1890 568 1921 rationis
585 1899 715 1930 quoque
734 1889 843 1919 relatio
860 1895 915 1925 est,
931 1898 1006 1918 cum
1021 1888 1147 1924 dicitur,
1167 1888 1266 1919 Pater
1288 1893 1335 1918 est

265 1936 298 1966 in
322 1934 418 1972 Filio,
435 1934 517 1965 sicut
539 1944 615 1964 cum
633 1933 756 1970 dicitur,
773 1933 918 1974 aequalis
940 1932 1025 1963 Filio
1032 1942 1047 1970 ‚·
1066 1932 1154 1962 nulla
1177 1932 1335 1973 siquidem

265 1979 300 2011 in
318 1978 431 2010 divinis
455 1985 502 2009 est
525 1978 616 2009 realis
638 1978 748 2009 relatio
771 1984 892 2018 praeter
915 1977 984 2007 illas
1007 1983 1145 2018 quatuor
1168 1976 1335 2007 relationes

265 2022 405 2064 originis.
424 2023 526 2059 Unde,
546 2021 628 2054 sicut
643 2022 682 2053 de
705 2022 892 2063 aequalitate
911 2027 942 2052 et
957 2020 1163 2052 similitudine
1186 2030 1335 2061 persona—

24 2072 83 2096 ’.α
89 2076 158 2100 nrt-1,
167 2073 240 2096 com-
264 2077 338 2099 rum
353 2066 538 2098 distinctum
553 2073 608 2103 est,
625 2067 733 2108 quoad
749 2066 995 2098 fundamentum
1014 2072 1046 2096 et
1063 2071 1210 2103 extrema,
1229 2071 1287 2095 etc.

25 2103 100 2123 Μ’
108 2105 133 2124 ¹¹·
146 2106 172 2122 ⁷¹
185 2106 238 2129 '‘¹‘'
263 2110 307 2143 itt
322 2111 363 2142 de
378 2121 445 2142 esse
460 2111 494 2141 in
516 2110 653 2142 invicem
669 2110 948 2161 proportionaliter
966 2109 1137 2140 dicendum
1152 2116 1215 2140 est:
1235 2109 1335 2139 inclu-

264 2155 314 2187 dit
335 2155 422 2186 enim
445 2155 600 2186 unitatem
623 2155 774 2186 essentiae
797 2161 829 2185 et
851 2154 1087 2185 distinctionem
1110 2163 1334 2193 personarum,

266 2200 348 2232 sicut
367 2199 456 2236 illae,
481 2206 518 2230 ut
540 2209 577 2230 ex
600 2199 690 2230 dictis
705 2199 724 2219 *
742 2205 837 2239 patet.

323 2244 363 2276 V.
391 2243 507 2282 Quoad
532 2244 707 2275 secundam
733 2253 808 2274 vero
831 2248 960 2283 partem
976 2242 1006 2278 *,
1031 2242 1192 2282 probatur.
1225 2242 1337 2272 Unum

266 2287 487 2320 correlativum
511 2294 557 2318 est
579 2287 612 2318 in
636 2288 698 2318 alio
727 2287 904 2318 secundum
932 2286 1143 2317 intellectum:
1173 2296 1248 2326 ergo
1273 2296 1337 2316 una

266 2342 402 2374 persona
425 2332 531 2363 divina
553 2338 600 2363 est
622 2332 655 2362 in
679 2331 739 2362 alia
763 2331 940 2365 secundum
963 2329 1159 2361 relationem.

323 2376 377 2408 Vl.
392 2376 513 2408 Contra
524 2376 606 2407 hanc
621 2376 778 2407 rationem
788 2381 925 2416 arguunt
936 2375 1096 2405 Aureolus
1112 2381 1142 2405 et
1154 2374 1335 2410 Durandus,

267 2421 354 2462 apud
377 2420 574 2461 Capreolum
589 2421 644 2451 ubi
668 2430 763 2460 supra
777 2420 804 2451 *.
821 2420 939 2455 Primo,
957 2419 1032 2460 quia
1051 2428 1154 2449 unum
1170 2418 1337 2448 relativum

267 2475 335 2496 non
349 2471 395 2496 est
409 2466 441 2495 in
457 2465 534 2502 alio,
552 2465 608 2494 sed
624 2465 667 2495 ad
687 2464 790 2502 aliud,
805 2471 836 2494 et
855 2463 1057 2503 distinguitur
1071 2473 1106 2493 ac
1121 2462 1306 2502 opponitur.
1317 2480 1337 2484 -

268 2509 434 2545 Secundo,
463 2508 538 2549 quia
562 2508 606 2539 sic
634 2508 769 2548 Spiritus
786 2508 918 2538 Sanctus
942 2517 1009 2537 non
1033 2513 1113 2536 esset
1135 2506 1170 2536 in
1193 2506 1283 2536 Patre
1307 2512 1338 2536 et

268 2553 361 2589 Filio,
378 2552 454 2593 quia
476 2562 543 2582 non
566 2551 698 2583 refertur
721 2552 760 2582 ad
784 2560 854 2582 eos:
876 2551 930 2581 sed
946 2551 979 2581 in
995 2551 1167 2590 spiratore,
1184 2549 1224 2579 ad
1240 2559 1338 2590 quem

269 2596 411 2628 refertur.

326 2641 395 2672 Vll.
420 2639 482 2671 Sed
505 2639 582 2670 haec
601 2646 631 2670 et
650 2639 764 2670 similia
788 2639 935 2670 facillime
959 2645 1089 2679 apparet
1107 2637 1185 2668 nihil
1202 2638 1336 2673 obstare,

24 2205 38 2218 ⁸
49 2205 123 2229 Nun.
135 2211 164 2228 ιι.

0 2256 2 2278 ς
26 2250 37 2261 ·
51 2249 90 2273 Cf.
103 2255 170 2274 num.
186 2256 203 2272 ι.

28 2427 39 2438 ·
53 2426 91 2451 ef.
105 2432 171 2450 ιιιιιιι.
186 2433 214 2450 ιι.

2372 261 2448 307 443

1385 344 1418 373 in
1435 343 1574 384 solisque
1588 343 1690 374 verbis
1706 342 1913 373 differentiam
1929 352 2005 372 esse.
2018 343 2130 382 Neque
2146 341 2231 371 enim
2247 342 2316 372 vult
2331 344 2452 372 Auctor

1386 388 1511 418 Patrem
1524 398 1590 418 esse
1606 388 1639 418 in
1655 387 1735 417 Filio
1751 387 1928 417 secundum
1946 396 2024 422 rem,
2039 385 2147 427 quoad
2159 386 2343 416 relationem
2357 384 2451 428 (quo-

1387 431 1473 462 niam
1495 432 1595 472 liquet
1616 431 1752 469 Patrem,
1770 437 1805 461 ut
1829 430 1888 467 sic,
1909 431 1948 460 ad
1971 430 2089 461 Filium
2109 440 2184 466 esse,
2205 440 2271 460 non
2290 430 2323 460 in
2339 428 2450 472 Filio):

1386 476 1441 506 sed
1465 476 1641 506 secundum
1663 475 1876 511 intellectum,
1901 484 1957 505 seu
1981 474 2174 504 definitivam
2196 474 2367 505 rationem:
2392 474 2452 504 fre-

1387 520 1595 560 quentissimo
1614 529 1754 560 namque
1771 529 1831 550 usu
1848 519 1982 550 dicimus
2002 528 2105 549 unum
2121 518 2342 549 correlativum
2357 518 2390 548 in
2406 528 2452 548 ra-

1386 564 1473 595 tione
1492 564 1617 603 alterius
1637 573 1713 600 esse,
1734 570 1770 595 ut
1787 563 1982 604 Porphyrius
2000 563 2033 593 in
2051 562 2322 593 Praedicabilibus
2335 563 2352 582 *
2368 563 2451 593 dicit.

1387 609 1428 639 Et
1444 618 1518 639 cum
1531 608 1564 638 in
1580 608 1681 638 littera
1697 607 1839 648 explicite
1854 614 1991 647 ponatur
2006 607 2038 648 ly
2053 607 2228 638 secundum
2245 607 2451 644 intellectum,

1387 652 1506 683 mirum
1526 658 1572 683 est
1590 653 1756 693 quomodo
1775 652 1826 682 isti
1845 658 1978 692 arguant
1996 658 2104 682 contra
2122 650 2195 682 hoc.

1445 697 1586 732 Rursus,
1618 706 1693 727 curn
1723 695 1895 736 unicuique
1926 695 2025 725 modo
2050 702 2096 725 sat
2120 695 2159 726 sit
2190 695 2318 735 propria
2340 695 2454 725 habere

1386 740 1467 771 infra
1490 750 1581 771 suam
1605 740 1760 771 rationem
1790 739 1973 775 formalem,
2005 739 2132 770 nullum
2159 739 2384 769 inconveniens
2408 745 2455 770 est

1388 785 1558 815 concedere
1583 785 1671 825 quod
1695 784 1828 824 Spiritus
1851 784 1983 815 Sanctus
2006 793 2072 813 non
2097 790 2142 814 est
2165 783 2342 814 secundum
2364 783 2454 814 intel-

1386 829 1516 867 lectum,
1536 829 1644 869 quoad
1658 828 1852 862 relationem,
1869 828 1902 858 in
1917 828 2007 858 Patre
2024 835 2054 858 et
2068 827 2162 863 Filio,
2179 827 2239 857 nisi
2254 834 2290 858 ut
2305 834 2379 858 sunt
2393 827 2454 867 spi-

1387 880 1490 904 rantes
1513 873 1630 913 ipsum.
1654 873 1731 903 Non
1754 872 1840 903 enim
1863 882 1881 902 a
1904 872 2047 913 quolibet
2077 871 2176 902 modo
2201 872 2390 911 exigendum
2409 877 2455 902 est

1387 917 1545 958 quidquid
1569 927 1606 947 ex
1629 917 1779 948 omnibus
1812 916 1908 946 simul
1935 916 2040 946 modis
2072 916 2222 952 habetur;
2256 922 2292 946 ut
2321 925 2454 955 arguens

1389 962 1526 992 somniat
1549 961 1645 991 fuisse
1669 961 1707 991 de
1726 960 1900 991 intentione
1923 959 2081 990 Auctoris.
2103 959 2204 995 Unde,
2222 959 2248 989 si
2271 969 2307 990 ex
2329 960 2390 989 hoc
2409 959 2455 989 in-

1388 1005 1527 1041 ferretur,
1553 1014 1633 1046 ergo
1656 1005 1796 1045 Spiritus
1812 1004 1951 1035 Sanctus
1974 1014 2036 1034 non
2062 1009 2108 1034 est
2132 1005 2163 1034 in
2187 1004 2285 1034 Patre
2307 1009 2337 1034 et
2359 1003 2454 1040 Filio,

1387 1049 1447 1085 vel,
1465 1059 1545 1090 ergo
1569 1059 1631 1079 non
1656 1053 1702 1079 est
1726 1049 1758 1079 in
1778 1049 1875 1079 Patre
1899 1054 1929 1079 et
1951 1048 2033 1079 Filio
2050 1049 2110 1078 nisi
2129 1053 2164 1078 ut
2177 1047 2383 1088 spirantibus,
2405 1057 2455 1077 so-

1389 1093 1514 1133 phisma
1533 1100 1579 1124 est
1601 1103 1622 1123 a
1645 1093 1819 1123 secundum
1852 1093 1929 1133 quid
1951 1092 1993 1123 ad
2015 1092 2212 1132 simpliciter.
2237 1092 2294 1122 Est
2317 1101 2455 1132 namque

1388 1138 1421 1168 in
1438 1138 1482 1168 eis
1501 1137 1562 1173 sic;
1583 1143 1614 1168 et
1633 1137 1725 1167 estin
1745 1137 1789 1167 eis
1808 1137 1928 1167 ratione
1943 1136 2103 1172 essentiae,
2120 1143 2155 1167 ut
2170 1135 2454 1174 consubstantialis,

1390 1188 1425 1212 ut
1447 1182 1480 1211 in
1499 1181 1604 1221 primo
1623 1181 1723 1211 modo
1740 1181 1860 1211 dictum
1879 1188 1925 1211 est
1940 1181 1970 1216 *;
1991 1187 2021 1211 et
2044 1180 2140 1211 etiam
2163 1180 2339 1210 secundum
2363 1180 2455 1220 origi-

1389 1235 1473 1261 nem,
1494 1232 1529 1255 ut
1552 1225 1672 1255 dicetur
1686 1224 1715 1255 ⁴¹⁸.
1741 1225 1815 1255 Non
1841 1225 1923 1255 valet
1945 1224 2040 1264 igitur
2063 1230 2296 1264 argumentum,
2317 1224 2456 1264 Spiritus

1389 1268 1529 1299 Sanctus
1551 1269 1725 1300 secundum
1757 1269 1945 1299 relationem
1971 1278 2033 1298 non
2063 1274 2110 1298 est
2138 1269 2170 1298 in
2196 1269 2292 1298 Patre
2320 1273 2350 1298 et
2372 1268 2455 1298 Filio

1391 1314 1452 1343 nisi
1474 1314 1530 1350 sic,
1549 1322 1629 1353 ergo
1652 1313 1791 1353 Spiritus
1815 1313 1953 1343 Sanctus
1976 1322 2037 1342 non
2063 1317 2109 1342 est
2133 1313 2165 1342 in
2190 1313 2236 1342 eis
2259 1313 2322 1342 nisi
2343 1313 2406 1342 sic:
2423 1312 2456 1352 ly

1390 1357 1476 1387 enim
1498 1356 1672 1387 secundum
1698 1357 1884 1396 relationem
1909 1366 1941 1386 se
1961 1356 2054 1386 habet
2073 1363 2109 1386 ut
2125 1356 2300 1387 secundum
2323 1356 2410 1396 quid.

1448 1401 1530 1432 VIII.
1558 1400 1674 1438 Quoad
1690 1402 1816 1431 tertiam
1833 1406 1940 1430 autem
1950 1405 2117 1440 partem,
2091 1400 2108 1419 *
2134 1400 2295 1440 probatur.
2315 1400 2493 1430 Verbum

1390 1455 1457 1476 non
1471 1445 1614 1485 procedit
1637 1451 1721 1476 extra
1737 1445 1903 1480 dicentem,
1915 1451 1946 1474 et
1961 1445 2050 1485 quod
2065 1445 2161 1474 verbo
2174 1444 2295 1480 dicitur,
2313 1443 2346 1474 in
2360 1445 2456 1475 verbo

1390 1489 1584 1520 continetur.
1609 1498 1684 1528 ergo
1707 1498 1771 1519 una
1794 1498 1930 1529 persona
1946 1488 2051 1519 divina
2075 1495 2120 1519 est
2143 1488 2175 1518 in
2199 1487 2259 1518 alia
2282 1488 2458 1518 secundum

1389 1533 1555 1573 originem.

1448 1578 1501 1608 IX.
1526 1577 1646 1608 Contra
1660 1576 1741 1607 hanc
1760 1576 1916 1607 rationem
1936 1577 2038 1616 arguit
2061 1576 2229 1612 Aureolus,
2247 1564 2341 1616 supra
2355 1576 2382 1612 *‚
2400 1576 2457 1606 du-

1390 1622 1520 1662 pliciter.
1543 1621 1664 1659 Primo,
1688 1621 1762 1662 quia
1782 1621 1898 1651 modus
1921 1621 2066 1651 essendi·
2058 1631 2091 1651 in
2108 1621 2170 1651 alio
2195 1621 2275 1651 sicut
2289 1620 2456 1660 principio,

1391 1673 1436 1697 est
1458 1665 1681 1706 imperfectior,
1702 1672 1738 1696 ut
1761 1665 2004 1696 Commentator
2026 1665 2117 1702 vult.‚
2144 1665 2186 1695 IV
2208 1665 2349 1704 Physic„
2371 1674 2459 1694 com-

1390 1717 1487 1741 ment.
1504 1718 1592 1746 xx111;
1618 1716 1737 1741 et-non
1762 1716 1807 1740 est
1830 1709 2018 1749 reciprocus.
2043 1709 2160 1739 Modus
2184 1715 2291 1739 autem
2314 1718 2380 1749 quo
2395 1718 2459 1738 una

1390 1764 1526 1795 persona
1548 1754 1653 1784 divina
1677 1760 1723 1784 est
1741 1753 1774 1784 in
1798 1753 1866 1790 alia,
1887 1760 1933 1784 est
1948 1753 2203 1793 perfectissimus,
2222 1759 2251 1783 et
2266 1752 2456 1792 reciprocus.

1390 1799 1485 1839 Ergo.
1503 1817 1523 1821 —
1539 1798 1697 1836 Secundo,
1715 1798 1790 1839 quia
1805 1798 1981 1828 secundum
2000 1797 2080 1828 hanc
2104 1797 2259 1827 rationem
2274 1797 2365 1827 Pater
2379 1803 2459 1826 esset

1389 1843 1422 1873 in
1434 1843 1550 1878 Verbo,
1562 1842 1643 1873 sicut
1657 1849 1743 1873 totus
1756 1842 1896 1872 mundus
1909 1849 1956 1872 est
1971 1841 2004 1871 in
2016 1841 2132 1872 Verbo.
2146 1841 2301 1872 Probatur
2313 1841 2456 1881 sequela:

1390 1887 1466 1929 quia
1489 1893 1569 1917 esset
1592 1893 1628 1917 ut
1650 1896 1699 1916 res
1723 1886 1821 1923 dicta,
1843 1893 1873 1917 et
1896 1892 2018 1917 constat
2041 1893 2145 1917 totum
2169 1886 2329 1916 mundum
2351 1885 2456 1915 Verbo

1390 1931 1449 1962 Dei
1473 1931 1594 1962 dictum
1618 1940 1694 1961 esse.

1448 1976 1487 2006 X.
1511 1975 1658 2011 Ad'haec
1678 1974 1804 2011 dicitur,
1829 1974 1918 2015 quod
1941 1984 2007 2004 esse
2031 1974 2063 2004 in
2087 1974 2242 2014 principio
2261 1973 2363 2003 activo
2383 1983 2458 2003 con-

1390 2019 1482 2060 tingit
1505 2019 1680 2060 dupliciter,
1701 2019 1818 2049 scilicet
1842 2024 1997 2049 extraneo
2017 2025 2047 2054 et
2070 2019 2227 2055 intraneo,
2245 2017 2325 2048 idest
2348 2027 2457 2047 secun-

1391 2064 1470 2094 dum
1493 2063 1712 2104 operationem
1736 2069 1960 2099 transeuntem,
1982 2069 2012 2093 et
2034 2062 2272 2093 immanentem.
2295 2062 2336 2091 Et
2358 2061 2457 2102 quod,

1391 2108 1463 2139 licet
1485 2118 1552 2138 esse
1575 2107 1608 2138 in
1639 2107 1796 2148 principio
1823 2107 1926 2138 activo
1956 2113 2102 2137 extraneo
2133 2106 2173 2137 sit
2195 2105 2456 2146 imperfectionis,

1391 2153 1473 2183 sicut
1489 2162 1555 2182 esse
1579 2158 1753 2188 causatum,
1771 2161 1838 2182 esse
1861 2158 1967 2181 tamen
1986 2151 2019 2181 in
2035 2150 2192 2190 principio
2215 2150 2368 2185 intraneo,
2386 2149 2459 2180 nul-

1391 2197 1453 2227 lius
1475 2195 1725 2237 imperfectionis
1741 2202 1796 2226 est.
1822 2195 1941 2226 Unde'
1932 2205 1966 2225 in
1981 2195 2082 2225 littera
2098 2188 2244 2235 probatio
2259 2200 2385 2233 sumpta
2402 2200 2458 2231 est,

1392 2241 1467 2282 quia
1489 2241 1623 2271 verbum
1646 2250 1712 2270 non
1735 2239 1878 2280 procedit
1902 2246 1985 2269 extra
2009 2239 2175 2269 dicentem.
2197 2256 2215 2261 -
2239 2238 2458 2277 Reciprocatio

1392 2292 1500 2316 autem
1523 2285 1618 2315 etiam
1641 2284 1674 2314 in
1698 2283 1849 2315 extraneis
1869 2283 2057 2319 admittitur,
2083 2283 2160 2313 dum
2185 2293 2312 2313 causam
2331 2282 2363 2311 in
2387 2281 2459 2311 effe-

1393 2329 1494 2360 ctibus
1518 2338 1585 2359 esse
1614 2338 1669 2369 per
1693 2328 1904 2359 ll'nltationem
1927 2338 1982 2358 Seu
2006 2334 2326 2367 repraesentatlonem
2349 2335 2459 2356 conce·
2488 2342 2492 2345 ·

1393 2371 1509 2403 dimus.

1451 2418 1503 2447 Ad
1526 2417 1702 2447 secundum
1725 2426 1800 2446 vero
1825 2415 2004 2451 dicendum,
2029 2415 2117 2455 quod
2140 2424 2192 2445 res
2215 2414 2299 2445 dicta
2323 2424 2389 2444 non
2413 2419 2460 2443 est

1393 2471 1459 2491 uno
1475 2461 1593 2491 modo:
1619 2460 1776 2501 quaedam
1792 2459 1878 2490 enirn
1894 2466 1939 2489 est
1955 2470 2002 2489 res
2026 2459 2238 2489 essentialiter
2257 2458 2346 2494 dicta,
2364 2467 2459 2498 quae-

1393 2505 1468 2534 dam
1490 2514 1566 2535 vero
1590 2505 1871 2544 repraesentative.
1891 2504 1981 2533 Pater
2003 2503 2098 2542 igitur
2122 2509 2167 2532 est
2190 2502 2222 2532 in
2242 2502 2323 2532 Filio
2352 2509 2387 2531 ut
2410 2511 2458 2531 res

1393 2548 1595 2579 essentialiter
1619 2548 1700 2578 dicta
1716 2548 1838 2578 Verbo:
1867 2554 2024 2577 creaturae
2048 2553 2155 2577 autem
2179 2556 2289 2576 omnes
2314 2546 2460 2575 dicuntur

1393 2592 1666 2632 repraesentative,
1691 2591 1881 2632 inquantum
1905 2591 2021 2621 scilicet
2043 2597 2295 2631 representantur
2322 2590 2355 2619 in
2379 2590 2458 2625 Deo,

1394 2637 1483 2667 cuius
1503 2635 1706 2667 essentialiter
1725 2642 1770 2666 est
1789 2635 1931 2666 Verbum
1949 2642 1985 2665 ut
2003 2634 2077 2665 dicti
2097 2641 2127 2665 et
2146 2634 2286 2665 dicentis.

1461 2723 1514 2731 m

1090 2800 1407 2843 ARTICULUS
1437 2799 1645 2842 SEXTUS

697 2895 853 2926 UTRUM
877 2894 1013 2925 FILIUS
1037 2894 1103 2925 sn*
1126 2892 1344 2930 AEQUALIS
1366 2892 1496 2927 PATRI
1521 2891 1759 2923 SECUNDUM
1782 2890 2039 2921 POTENTIAM

952 2973 962 2997 1
981 2973 1064 3001 Sent„
1084 2971 1142 2996 dist.
1161 2979 1201 3002 xx,
1221 2976 1268 2996 art.
1289 2978 1317 3002 2;
1337 2970 1372 2995 1v
1395 2971 1473 2995 cont.
1488 2955 1575 2999 Gent„
1596 2977 1651 3002 cap.
1664 2976 1707 2999 vn,
1727 2976 1782 2994 vm.

411 3116 707 3219 vspotentiam.
728 3168 874 3205 Dicitur
894 3167 996 3204 enirn
1016 3168 1120 3203 Ioan.
1136 3178 1160 3203 v
1178 3166 1216 3202 *ε
1245 3166 1337 3203 Non

327 3239 341 3254 s
345 3217 414 3264 ff„
462 3242 473 3251 κ
495 3229 604 3260 otest
626 3223 746 3260 Filius
764 3234 788 3258 a
806 3233 846 3258 se
869 3221 1001 3268 facere
1028 3220 1246 3268 quidquam,
1268 3218 1341 3255 nisi

273 3276 375 3325 quod
399 3276 535 3313 viderit
556 3277 707 3313 Patrem
723 3275 945 3324 facientem.
976 3274 1088 3310 Pater
1107 3280 1236 3309 autem
1256 3284 1278 3308 a
1298 3284 1338 3308 se

272 3335 399 3379 potest
426 3329 562 3366 facere.
593 3330 694 3377 Ergo
723 3329 837 3365 Pater
864 3327 987 3364 maior
1016 3333 1071 3363 est
1090 3325 1185 3362 Filio
1206 3337 1339 3362 secun-

275 3383 368 3420 dum
397 3382 619 3431 potentiam.

329 3447 363 3473 2.
385 3437 619 3482 PRAETEREA,
641 3434 765 3472 maior
784 3441 840 3471 est
857 3432 1026 3483 potentia
1047 3431 1127 3468 eius
1147 3430 1213 3479 qui
1232 3443 1340 3480 prae-

275 3489 364 3538 cipit
392 3496 428 3525 et
455 3489 588 3535 docet,
626 3499 744 3536 quam
781 3487 860 3524 eius
898 3486 963 3535 qui
1002 3485 1132 3522 obedit
1161 3492 1196 3521 et
1224 3483 1339 3521 audit.

275 3638 298 3663 d
329 3604 355 3635 α)
375 3603 494 3662 etiagn..
486 3602 583 3627 Ioan.
597 3608 621 3625 v.
635 3614 654 3619 -
671 3600 752 3625 etiam
772 3600 848 3650 docet
866 3600 952 3633 (dedit
964 3600 1028 3632 AC),
1048 3599 1192 3624 secundum
1213 3598 1279 3623 iIIud
1298 3605 1341 3622 co-

293 3646 344 3663 nces
364 3644 389 3663 et
408 3646 421 3663 e
466 3645 494 3663 a.

1394 3058 1471 3095 Sed
1485 3059 1597 3094 Pater
1611 3057 1767 3094 mandat
1782 3056 1890 3104 Filio,
1903 3057 2114 3094 secundum
2130 3056 2220 3093 illud
2237 3057 2459 3094 Ioan.X1v*:

1393 3112 1495 3148 Sicut
1522 3110 1742 3147 mandatum
1763 3110 1862 3146 dedit
1877 3110 1972 3146 mihi
1987 3111 2111 3155 Pater,
2131 3110 2185 3146 sic
2191 3110 2314 3157 facio.
2348 3111 2461 3146 Pater

1395 3164 1508 3201 etiarn
1539 3164 1650 3201 docet
1679 3163 1827 3210 Filium,
1858 3163 2069 3200 secundum
2098 3162 2188 3199 illud
2218 3163 2321 3199 Ioan.
2342 3175 2366 3199 v
2384 3169 2402 3183 ‘²‘
2420 3162 2458 3199 *z

1393 3219 1507 3254 Pater
1534 3216 1657 3266 diligit
1674 3216 1825 3262 Filium,
1846 3222 1883 3253 et
1899 3216 2027 3252 omnia
2047 3215 2277 3252 demonstrat
2302 3216 2338 3251 ei
2363 3227 2461 3264 quae

1395 3272 1472 3320 ipse
1479 3270 1591 3318 facit.
1615 3269 1792 3306 Similiter
1812 3276 1848 3305 et
1867 3269 1985 3306 Filius
2005 3268 2120 3316 audit,
2143 3268 2355 3305 secundum
2370 3268 2460 3305 illud

1396 3326 1500 3360 Ioan.
1522 3335 1545 3359 v
1564 3321 1581 3351 β
1600 3321 1635 3358 *z
1665 3322 1769 3359 Sicut
1794 3322 1928 3367 audio,
1958 3322 2094 3359 iudico.
2134 3322 2236 3369 Ergo
2265 3322 2378 3358 Pater
2407 3329 2461 3358 est

1395 3375 1549 3413 maioris
1576 3375 1768 3424 potentiae
1797 3387 1914 3424 quam
1944 3374 2071 3411 Filius.

1453 3430 1489 3466 3.
1521 3430 1763 3475 PRAETEREA‚
1799 3428 1847 3465 ad
1885 3426 2202 3476 omnipotentiam
2230 3426 2350 3464 Patris
2377 3439 2462 3475 per-

1397 3483 1488 3519 tinet
1512 3481 1616 3530 quod
1644 3481 1764 3530 possit
1793 3481 1929 3518 Filium
1948 3492 2128 3528 generare
2148 3479 2219 3516 sibi
2239 3481 2460 3529 aequalem:

1451 3595 1475 3628 β)
1489 3596 1595 3629 facit...
1611 3595 1683 3620 Ioan.
1702 3602 1726 3619 v.
1745 3608 1763 3613 —
1776 3594 1848 3627 facit
1868 3594 1941 3618 Ioan.
1962 3593 2119 3624 (secundum
2141 3593 2213 3617 Ioan.
2231 3593 2268 3625 B)
2287 3600 2303 3616 v
2322 3593 2406 3617 Filius
2426 3592 2463 3624 (et

1397 3632 1481 3656 Filius
1494 3632 1534 3656 ed.
1545 3631 1572 3663 a)
1588 3630 1672 3659 audit,
1683 3630 1826 3655 secundum
1841 3629 1907 3654 illud
1916 3628 2083 3658 ABCDEFa,
2098 3628 2229 3653 Similiter
2242 3631 2268 3653 et
2280 3636 2333 3653 om.
2343 3629 2419 3652 etiarn
2429 3628 2462 3652 G.

2478 566 2489 577 ⁸
2499 566 2557 594 Cap.
2563 566 2592 588 de
2599 566 2690 594 Specie.

2482 1182 2492 1192 '¹
2507 1181 2578 1203 Num.
2593 1187 2619 1202 ιι.

2484 1232 2492 1240 ”
2506 1230 2579 1252 Νιιιιι.
2595 1236 2645 1258 seq.

2510 1407 2546 1429 Cf.
2565 1413 2629 1429 num.
2645 1413 2660 1428 ι.

2486 1578 2545 1600 ·Cf.
2561 1583 2624 1600 num.
2635 1583 2666 1599 vt.

2488 3073 2496 3081 '
2513 3071 2580 3093 Vers.
2594 3077 2622 3099 3¹.

2488 3196 2496 3204 ·
2512 3194 2582 3216 Vers.
2598 3200 2636 3216 ιο.

2487 3356 2498 3367 ⁴
2512 3355 2583 3378 Vers.
2597 3362 2636 3385 30.
