2768 4178
964 287 1230 334 QUAESTIO
1259 289 1403 336 XXIX,
1431 288 1726 325 ARTICULUS
1756 289 1769 324 1

2371 286 2444 333 327

827 496 1234 572 QUAESTIO
1272 497 1893 553 VIGESIMANONA

938 617 1033 656 DE
1079 615 1440 658 PERSONIS
1487 618 1771 691 pIVINIS

1039 722 1073 747 IN
1112 722 1284 753 QUATUOR
1319 723 1520 748 ARTICULOS
1557 724 1673 749 DIVISA

337 827 518 853 RAEMlSffls
551 822 680 852 autern
713 815 772 852 his
806 827 904 863 quae
942 815 990 852 de
1021 814 1328 863 processionibus

269 827 374 909 pet
398 868 642 905 relationibus
665 868 1027 916 praecognoscenda
1047 874 1064 889 α
1089 868 1327 927 videbantur,

25 929 87 952 ἀ
106 935 144 954 ‘¹⁸¹-
159 934 237 955 mn
265 921 523 959 necessarium
545 929 600 958 est
627 921 779 969 aggredi
799 921 846 957 de
866 921 1043 957 Personis
1062 921 1093 958 *.
1123 922 1172 957 Et
1190 921 1326 970 primo,

25 955 113 978 Imrod

25 1039 36 1050 ⁹
50 1038 101 1067 Qu.
122 981 203 1060 Exmx.

26 1193 39 1203 '
51 1190 102 1220 Qu.
114 1196 199 1214 xxxm-

21 1353 37 1364 ⁴
51 1351 100 1381 Qu.
115 1358 172 1374 xxx.

25 1876 40 1887 ·
54 1874 112 1904 enp.
122 1881 156 1898 ιιι.

126 2461 144 2486 ὃ

0 2560 6 2613 ὲ

0 2766 7 2814 ζἸ
130 2786 144 2803 ε

0 2818 9 2917 ἱ

0 2922 14 2972 ἱ
132 2937 148 2967 ζ

0 2973 17 3087 ἑ

0 3086 17 3113 ,ἑ
130 3101 146 3124 η

29 3152 60 3202 ἒ.
105 3157 188 3201 ,1¹e’ct¹¹
193 3157 246 3200 ιη.

133 3253 148 3279 0

8 3606 19 3647 μ,-
0 3291 24 3593 ,ρἢἲῆωὸῑᾴυᾰ-Ῡῌζςυ
10 3249 14 3254 -
0 3220 17 3235 ἶ

265 974 479 1012 secundum
514 974 856 1011 considerationem
894 974 1129 1019 absolutam3
1161 981 1196 1010 et
1218 972 1236 1002 Ρ
1265 974 1327 1010 de-

264 1027 354 1064 inde
381 1027 593 1064 secundum
615 1027 916 1076 comparativam
937 1026 1281 1064 considerationem
1295 1026 1326 1063 ²¹⁸.

266 1081 428 1129 Oportet
455 1088 583 1117 autern
611 1080 783 1117 absolute
813 1080 859 1117 de
887 1079 1076 1126 Personis,
1097 1079 1221 1128 primo
1247 1079 1328 1127 qui-

267 1133 354 1171 dem
380 1133 419 1170 in
445 1132 640 1170 communi
659 1133 918 1174 considerare;
949 1132 1086 1169 deinde
1108 1132 1154 1169 de
1175 1132 1328 1179 singulis

264 1186 443 1223 Personis
461 1185 493 1223 *.
522 1186 583 1223 Ad
613 1197 861 1222 communem
894 1192 1021 1222 autem
1060 1184 1328 1221 consideratio-

266 1251 356 1276 nem
399 1240 656 1277 Personarum
696 1246 861 1287 quatuor
901 1238 1090 1287 pertinere
1131 1237 1328 1274 videntur:

264 1292 397 1342 primo.
424 1291 585 1340 quidem
601 1321 610 1339 ‚
649 1291 871 1339 significatio
908 1290 1020 1327 huius
1054 1289 1220 1326 nominis
1241 1301 1329 1337 per—

265 1357 358 1382 sona
368 1358 382 1390 ;
423 1345 591 1382 secundo
628 1356 744 1391 ver0,
786 1355 970 1380 numerus
1011 1343 1270 1379 Personarum
1289 1341 1329 1387 *3

1382 815 1503 863 tertio,
1534 828 1577 852 ea
1607 829 1703 864 quae
1733 824 2015 865 consequuntur
2032 822 2047 844 ⁷
2076 830 2278 855 numerum
2304 820 2437 856 Perso-

1383 881 1530 916 narum,
1559 870 1621 905 vel
1651 869 1684 905 ei
1713 877 1970 918 opponuntur,
1998 877 2040 906 ut
2068 870 2263 908 diversitas
2283 878 2319 908 et
2338 872 2438 908 simi-

1382 921 1519 968 litudo,
1557 929 1592 958 et
1627 921 1848 959 huiusmodi
1871 922 1910 967 *ς
1942 930 2074 971 quarto
2106 935 2220 971 vero,
2260 936 2304 961 ea
2340 937 2437 972 quae

1381 974 1571 1022 pertinent
1598 974 1647 1011 ad
1675 974 1847 1011 notitiam
1875 976 2131 1012 Personarum
2150 975 2181 1013 ²³⁸.

1384 1027 1494 1063 Circa
1520 1027 1688 1075 primurn
1717 1036 1950 1075 quaeruntur
1978 1035 2150 1077 quatuor.

1437 1079 1588 1116 Primo:
1618 1080 1665 1117 de
1694 1079 1914 1117 definitione
1943 1093 2142 1129 personae.

1437 1133 1636 1169 Secundo:
1666 1133 1714 1170 de
1739 1134 2022 1181 comparatione
2040 1146 2225 1182 personae
2246 1135 2294 1172 ad
2315 1147 2439 1173 essen-

1489 1186 1592 1232 tiam,
1614 1186 1892 1223 subsistentiam
1912 1194 1947 1222 et
1966 1187 2212 1235 hypostasim.

1436 1237 1588 1274 Tertio:
1622 1246 1749 1275 utrum
1787 1251 1930 1275 nomen
1964 1251 2148 1287 personae
2179 1248 2370 1290 competat
2400 1240 2439 1278 in

1491 1290 1640 1327 divinis.

1439 1342 1606 1388 Quarto:
1636 1343 1727 1392 quid
1754 1343 1806 1379 ibi
1834 1344 2026 1391 significet.

1078 1451 1395 1493 ARTICULUS
1426 1451 1630 1494 PRIMUS

987 1544 1051 1574 DE
1081 1543 1431 1574 DEFINITIONE
1463 1544 1736 1575 PERSONAE

478 1629 553 1659 Infra,
573 1634 619 1654 art.
634 1628 656 1658 3,
676 1628 708 1653 ad
729 1635 752 1659 2,
771 1635 802 1659 43
822 1627 861 1656 111,
880 1635 925 1659 qu.
937 1634 964 1657 11,
984 1631 1030 1651 art.
1045 1633 1074 1657 2;
1094 1626 1103 1651 1
1123 1627 1205 1656 sent„
1225 1626 1283 1652 dist.
1297 1634 1352 1657 παν,
1372 1631 1419 1652 art.
1438 1634 1463 1658 1;
1484 1627 1526 1652 De
1543 1627 1612 1657 Por„
1632 1635 1676 1660 qu.
1689 1611 1722 1657 rx,
1742 1633 1789 1653 art.
1803 1635 1831 1659 2;
1851 1629 1893 1653 De
1915 1629 2015 1654 Um'one
2034 1630 2123 1660 Verbi,
2143 1635 2189 1655 art.
2208 1639 2229 1656 1.

338 1740 367 1779 3
388 1744 456 1793 ζῆ(
478 1731 501 1755 1)
530 1729 667 1755 PRlMUM
697 1729 749 1753 sm
778 1727 1016 1753 paoeamrua.
1046 1714 1203 1752 Videtur
1222 1714 1327 1764 quod

322 1816 338 1830 .
352 1825 361 1828 μ
375 1810 385 1826 φ,
312 1771 742 1876 ⁴·'(,·gicot1.npetens
757 1768 803 1806 sit
818 1768 1327 1858 definitilobpersgnaquulam

290 1859 298 1870 ,
456 1862 458 1865 ,
514 1837 560 1861 oe
578 1836 634 1860 ius
672 1835 745 1859 assi
772 1834 820 1858 na
876 1834 914 1858 1n
970 1834 978 1857 1
1009 1833 1051 1857 ro
1114 1833 1134 1857 e
1210 1833 1259 1857 ua
1287 1833 1328 1857 us

349 1874 415 1906 ’ἴ’“”
439 1848 640 1917 ξΚΝαΐιιήε
657 1875 678 1897 '¹‘
689 1834 825 1924 ,qiiiae
858 1874 940 1911 talis
974 1882 1049 1910 est·
1082 1875 1248 1910 Persona
1277 1879 1331 1910 est

268 1931 463 1969 rationalis
496 1936 655 1967 naturae
689 1905 881 1965 ’individua
915 1928 1129 1964 substantia.
1169 1928 1327 1963 Nullum

269 1984 371 2022 enirn
401 1984 586 2032 singulare
620 1981 808 2019 definitur.
845 1981 922 2018 Sed
949 1992 1113 2030 persona
1146 1980 1331 2028 significat

268 2037 466 2086 quoddam
486 2036 684 2084 singulare.
714 2035 815 2082 Ergo
839 2045 1003 2084 persona
1020 2033 1331 2071 inconvenienter

269 2090 458 2128 definitur.

323 2155 358 2180 2.
388 2144 621 2188 PRAETEREA,
641 2141 857 2187 substantia,
878 2148 992 2190 prout
1019 2142 1172 2190 ponitur
1199 2141 1237 2178 in
1266 2140 1330 2177 de-

268 2196 440 2233 finitione
476 2207 684 2246 personae,
728 2201 792 2231 aut
829 2194 987 2231 sumitur
1017 2207 1088 2243 pro
1125 2193 1331 2232 substantia

266 2249 406 2298 prima,
436 2257 501 2286 aut
527 2260 597 2297 pro
628 2248 834 2284 substantia
863 2247 1041 2284 secunda.
1077 2248 1116 2285 Si
1144 2260 1214 2297 pro
1244 2247 1331 2284 sub-

268 2301 402 2339 stantia
429 2302 574 2351 prima,
604 2300 796 2349 superflue
826 2300 974 2338 additur
1002 2300 1214 2338 individua:
1243 2299 1331 2348 quia

269 2355 476 2392 substantia
495 2354 618 2403 prima
638 2361 694 2390 est
713 2353 921 2391 substantia
939 2353 1146 2391 individua.
1178 2353 1217 2390 Si
1235 2365 1330 2390 vero

269 2414 341 2445 stat
367 2420 438 2468 pro
468 2407 675 2445 substantia
704 2408 884 2453 secunda,
909 2407 1002 2443 falso
1032 2407 1191 2453 additur,
1213 2413 1250 2443 et
1278 2413 1332 2443 est

269 2461 460 2510 oppositio
485 2461 524 2498 in
544 2460 692 2497 adiecto
713 2457 741 2497 ⁸:
772 2472 862 2497 nam
882 2459 1071 2497 secundae
1101 2459 1330 2497 substantiae

269 2514 446 2551 dicuntur
481 2526 619 2562 genera
646 2513 709 2550 vel
746 2513 903 2562 species.
942 2514 1044 2586 Ergo
1078 2512 1247 2551 definitio
1277 2519 1333 2549 est

268 2567 369 2604 male
398 2566 597 2614 assignata.

325 2620 359 2656 3.
395 2621 642 2664 PRAETEREA,
681 2630 825 2655 nomen
861 2618 1078 2671 intentionis
1111 2631 1189 2656 non
1218 2618 1332 2656 debet

269 2671 362 2721 poni
381 2671 420 2708 in
439 2671 659 2709 definitione
689 2671 753 2708 rei.
783 2672 875 2707 Non
904 2671 1006 2708 enirn
1035 2679 1133 2708 esset
1153 2673 1254 2709 bona
1275 2683 1331 2707 as-

270 2725 447 2772 signatio,
482 2724 512 2761 si
540 2723 624 2773 quis
658 2723 818 2770 diceret,
851 2725 963 2761 homo
1000 2731 1054 2762 est
1087 2725 1224 2774 species
1251 2724 1330 2761 ani-

270 2777 398 2815 malis.-
425 2779 537 2814 homo
564 2776 666 2813 enim
696 2784 751 2813 est
779 2788 923 2813 nornen
942 2777 1007 2824 rei,
1030 2786 1066 2815 et
1083 2783 1094 2798 ¹
1121 2778 1258 2826 species
1277 2784 1332 2813 est

271 2842 416 2868 nomen
437 2829 666 2867 intentionis.
697 2830 797 2866 Cum
816 2829 925 2876 igitur
939 2842 1103 2878 persona
1123 2831 1167 2867 sit
1187 2842 1331 2868 nornen

271 2883 325 2920 rei
354 2883 558 2931 (significat
586 2882 689 2919 enim
717 2882 965 2919 substantiam
999 2883 1192 2932 quandam
1221 2882 1332 2919 ratio-

271 2933 365 2973 nalis
393 2943 550 2973 naturae
570 2935 610 2981 ζ),
636 2934 948 2972 inconvenienter
966 2936 1208 2981 individuum,
1229 2935 1331 2983 quod

273 2997 329 3026 est
356 3001 500 3026 nomen
524 2988 752 3034 intentionis,
773 2987 810 3023 in
830 2988 911 3025 eius
931 2988 1148 3026 definitione
1168 2988 1331 3037 ponitur.

325 3053 362 3088 4.
392 3043 629 3088 PRAETEREA,
659 3049 793 3077 natura
823 3049 877 3078 est
898 3042 1127 3090 principium
1156 3047 1276 3078 motus
1300 3047 1335 3077 et

246 3088 247 3091 ¹
273 3095 403 3143 quietis
430 3094 467 3130 in
496 3106 539 3130 eo
569 3095 605 3131 in
634 3105 707 3142 quo
737 3099 791 3130 est
810 3106 882 3142 per
907 3106 947 3130 se
974 3101 1010 3131 et
1029 3099 1043 3117 η
1072 3106 1145 3131 non
1168 3105 1241 3142 per
1271 3105 1332 3130 ac·

274 3148 409 3193 cidens,
437 3153 480 3186 ut
507 3147 641 3184 dicitur
669 3147 707 3183 in
736 3148 766 3182 ΙΙ
787 3147 934 3194 Ρὴγείε.
950 3147 970 3168 '¹‘
999 3147 1076 3184 Sed
1095 3159 1260 3195 persona
1281 3154 1335 3182 est

274 3201 314 3237 in
333 3201 446 3236 rebus
467 3198 745 3245 immobilibus,·
768 3199 862 3235 sicut
889 3199 926 3235 in
954 3201 1038 3236 Deo
1069 3208 1105 3236 et
1124 3199 1160 3236 in
1181 3199 1332 3246 angelis.

274 3254 367 3290 Non
395 3265 485 3300 ergo
523 3252 560 3289 in
589 3251 810 3289 definitione
838 3264 1026 3300 personae
1055 3252 1185 3289 debuit
1211 3252 1302 3300 poni
1322 3249 1335 3272 ⁰

276 3312 433 3351 natura,
464 3305 531 3342 sed
560 3305 680 3352 magis
708 3305 873 3341 essentia.

1440 1716 1472 1752 5.
1498 1716 1731 1762 PRAETEREA,
1753 1716 1880 1753 anima
1900 1725 2072 1766 separata
2092 1726 2147 1755 est
2166 1719 2355 1757 rationalis
2374 1733 2440 1762 na-

1382 1775 1486 1804 turae
1515 1768 1711 1805 individua
1739 1770 1957 1807 substantia.
1993 1771 2084 1808 Non
2117 1779 2244 1809 autem
2274 1780 2329 1810 est
2355 1786 2441 1822 per-

1382 1833 1488 1858 sona.
1519 1822 1836 1859 Inconvenienter
1855 1835 1944 1871 ergo
1963 1836 2127 1872 persona
2147 1825 2199 1861 sic
2219 1825 2403 1863 definitur.

1437 1875 1661 1911 stponnsso
1690 1887 1872 1912 DICENDUM
1900 1878 2022 1924 quod,
2051 1877 2136 1914 licet
2162 1878 2375 1915 universale
2405 1887 2440 1916 et

1383 1928 1606 1975 particulare
1643 1927 1883 1965 inveniantur
1923 1929 1961 1965 in
1999 1931 2176 1967 omnibus
2212 1932 2437 1979 generibus,

1382 1988 1510 2017 tamen
1531 1980 1682 2029 speciali
1708 1981 1875 2030 quodam
1906 1982 2023 2020 modo
2052 1983 2290 2020 individuum
2308 1991 2316 2005 ‘
2335 1985 2439 2022 inve-

1384 2033 1483 2070 nitur
1509 2033 1549 2070 in
1576 2046 1714 2081 genere
1742 2035 1982 2072 substantiae.
2014 2036 2230 2074 Substantia
2258 2037 2358 2074 enim
2383 2038 2437 2074 in-

1385 2086 1599 2124 dividuatur
1618 2099 1686 2136 per
1704 2087 1878 2136 seipsam,
1891 2088 1958 2124 sed
1977 2089 2183 2126 accidentia
2201 2090 2438 2128 individuan-

1384 2148 1445 2177 tur
1471 2153 1540 2189 per
1568 2140 1778 2177 subiectum
1793 2141 1824 2188 ²¹⁶,
1854 2142 1960 2189 quod
1979 2150 2034 2179 est
2053 2144 2278 2180 substantia:
2307 2144 2440 2182 dicitur

1386 2193 1487 2230 enim
1507 2194 1602 2230 haec
1622 2194 1770 2241 albedo,
1791 2194 2014 2242 inquantum
2036 2203 2090 2232 est
2108 2197 2145 2233 in
2165 2198 2238 2233 hoc
2258 2197 2438 2234 subiecto.

1385 2247 1496 2284 Unde
1525 2247 1635 2283 etiarn
1655 2254 1667 2267 ’‘
1693 2248 1962 2285 convenienter
1988 2249 2183 2287 individua
2212 2250 2439 2287 substantiae

1385 2300 1527 2337 habent
1546 2300 1699 2348 aliquod
1728 2300 1889 2349 speciale
1911 2314 2052 2338 nomen
2070 2314 2161 2351 prae
2180 2303 2280 2340 aliis:
2311 2303 2440 2340 dicun-

1385 2361 1446 2390 tur
1474 2352 1575 2390 enim
1603 2354 1835 2401 hypostases,
1864 2355 1926 2391 vel
1948 2355 2098 2402 primae
2124 2357 2358 2394 substantiae.

1441 2406 1517 2442 Sed
1546 2406 1670 2443 adhuc
1706 2406 1874 2455 quodam
1913 2408 2121 2456 specialiori
2158 2416 2194 2445 et
2228 2410 2440 2458 perfectiori

1386 2459 1505 2496 modo
1529 2459 1717 2496 invenitur
1734 2460 1956 2508 particulare
1977 2468 2012 2497 et
2031 2461 2268 2499 individuum
2288 2462 2326 2499 in
2354 2464 2440 2506 sub,-

1385 2511 1527 2548 stantiis
1556 2512 1814 2560 rationalibus,
1845 2525 1943 2560 quae
1975 2515 2116 2551 habent
2144 2515 2354 2552 dominium
2383 2516 2440 2552 sui

1386 2572 1502 2611 actus,
1524 2573 1560 2601 et
1578 2577 1656 2601 non
1678 2566 1801 2601 solum
1820 2574 1991 2613 aguntur,
2013 2567 2106 2603 sicut
2125 2567 2207 2614 alia,
2228 2569 2293 2605 sed
2312 2581 2381 2616 per
2399 2581 2439 2605 se

1386 2625 1515 2665 agunt:
1531 2618 1697 2654 actiones
1713 2626 1840 2655 autern
1860 2618 1897 2655 in
1917 2619 2163 2666 singularibus
2178 2628 2274 2657 sunt.
2291 2622 2339 2658 Et
2352 2621 2439 2658 ideo

1387 2670 1498 2707 etiarn
1519 2670 1614 2707 inter
1633 2678 1774 2707 ceteras
1795 2671 2018 2708 substantias
2038 2673 2233 2721 quoddam
2249 2672 2261 2694 λ
2279 2674 2440 2722 speciale

1386 2735 1529 2760 nomen
1560 2724 1702 2760 habent
1733 2723 1932 2771 singularia
1964 2725 2151 2762 rationalis
2188 2734 2355 2764 naturae.
2393 2728 2442 2763 Et

1385 2777 1459 2812 hoc
1479 2788 1621 2812 nornen
1651 2783 1705 2812 est
1727 2788 1902 2824 persona.
1933 2778 1981 2814 Et
1999 2778 2085 2815 ideo
2106 2778 2144 2815 in
2163 2779 2352 2827 praedicta
2377 2780 2441 2816 de-

1386 2829 1556 2865 finitione
1592 2841 1777 2877 personae
1810 2830 1963 2877 ponitur
1998 2832 2200 2868 substantia
2229 2832 2439 2878 individua,

1385 2882 1607 2929 inquantum
1635 2881 1818 2929 significat
1846 2883 2033 2930 singulare
2056 2883 2093 2920 in
2117 2897 2252 2931 genere
2273 2886 2441 2922 substan-

1386 2934 1475 2971 tiae:
1496 2934 1645 2971 additur
1668 2942 1795 2971 autem
1815 2935 2007 2972 rationalis
2027 2942 2194 2983 naturae,
2219 2938 2441 2986 inquantum

1388 2987 1571 3035 significat
1599 2986 1783 3034 singulare
1812 2987 1850 3024 in
1878 2988 2121 3026 rationalibus
2146 2990 2370 3027 substantiis.

1441 3042 1498 3076 AD
1528 3051 1664 3076 PRIMUM
1692 3051 1790 3077 ERGO
1818 3052 2000 3078 D1CENDUM
2030 3042 2145 3089 quod,
2174 3042 2259 3079 licet
2277 3044 2351 3079 hoc
2370 3043 2443 3080 sin-

1389 3093 1515 3140 gulare
1534 3093 1596 3128 vel
1615 3092 1706 3128 illud
1725 3093 1875 3129 definiri
1893 3106 1971 3130 non
1990 3094 2118 3142 possit,
2140 3102 2266 3131 tamen
2286 3095 2323 3132 id
2338 3096 2442 3144 quod

1388 3145 1549 3194 pertinet
1576 3144 1625 3181 ad
1654 3157 1902 3182 communem
1938 3147 2121 3183 rationem
2158 3147 2441 3195 singularitatis,

1390 3197 1537 3235 definiri
1564 3205 1708 3246 potest:
1738 3205 1775 3234 et
1802 3199 1855 3235 sic
1883 3199 2136 3247 Philosophus
2163 3200 2329 3237 definit*
2357 3202 2443 3237 sub-

1390 3250 1564 3288 stantiam
1591 3250 1765 3298 primam.
1804 3252 1853 3287 Et
1879 3252 1954 3288 hoc
1981 3252 2099 3289 modo
2134 3252 2264 3290 definit
2290 3254 2444 3290 Boetius

1361 3304 1365 3354 Ι
1390 3315 1606 3352 personam.

331 3419 357 3451 α)
373 3418 634 3450 praecognoscenda.
652 3432 671 3436 -
688 3418 871 3451 cognoscenda
889 3418 1013 3443 ABCDE.

330 3453 355 3486 β)
375 3457 409 3478 et.
428 3467 446 3472 —
465 3453 526 3478 Om.
545 3453 620 3478 BFG.

329 3490 356 3522 γ)
376 3491 583 3519 consequuntur.
599 3501 619 3507 —
636 3491 783 3520 sequuntur
801 3489 947 3513 ACDEFG.

330 3523 355 3557 ὅ)
374 3524 487 3548 adiecto.
504 3537 524 3543 -
541 3523 640 3548 obiecto
659 3523 820 3555 BCFGpAD,
839 3523 939 3549 obiecto
958 3524 999 3548 ve!
1017 3524 1120 3548 adiecto
1139 3523 1169 3547 E.

331 3559 353 3592 ε)
373 3562 407 3584 et.
424 3573 442 3578 -
460 3559 507 3583 sed
525 3558 681 3582 ABDFGab.

331 3594 356 3627 ζ)
376 3597 498 3618 naturae.
515 3608 534 3614 -
551 3596 692 3618 creaturae
711 3596 824 3618 naturae
843 3594 882 3618 ed.
898 3601 923 3619 a.
940 3608 959 3613 —
977 3594 1043 3618 Ante
1064 3593 1276 3619 inconvenienter
1295 3593 1338 3618 ad-

276 3631 343 3655 dunt
361 3637 426 3662 ergo
445 3629 508 3654 Pab.

1444 3418 1471 3448 η)
1491 3420 1524 3441 et.
1541 3431 1561 3435 -
1578 3417 1624 3441 sed
1643 3418 1701 3441 edd.
1720 3417 1774 3446 ab,
1793 3425 1845 3442 om.
1865 3418 1920 3444 FG.

1445 3451 1468 3484 θ)
1490 3452 1578 3476 debuit
1592 3452 1666 3483 poni.
1683 3466 1702 3472 -
1715 3453 1828 3484 ponitur
1845 3454 1875 3477 B.

1446 3488 1463 3519 ι)
1484 3487 1659 3512 individuum.
1670 3488 1864 3519 -particulare
1878 3489 1922 3519 sD,
1935 3496 1989 3513 om.
2005 3488 2080 3513 ceteri
2100 3494 2124 3513 et
2141 3496 2158 3513 a
2169 3489 2192 3514 b.
2208 3502 2228 3508 -
2240 3489 2290 3514 Pro
2305 3489 2446 3519 inuenitur,

1394 3522 1565 3548 inveniuntur
1581 3523 1610 3546 B.

1446 3558 1470 3589 κ)
1491 3557 1579 3582 etiam.
1597 3570 1616 3576 —-
1634 3557 1694 3582 Om.
1714 3557 1815 3582 codices
1842 3563 1866 3582 et
1884 3559 1935 3582 ab.

1445 3591 1473 3624 λ)
1492 3592 1635 3624 quoddam.
1653 3606 1672 3611 -
1689 3593 1768 3617 etiam
1788 3593 1921 3625 quoddam
1941 3594 2002 3618 Pab.

2466 932 2477 942 ⁸
2491 931 2537 959 Qu.
2553 938 2618 954 xxxx.

2467 980 2475 989 ·
2491 980 2539 1007 Qu.
2553 986 2625 1001 xxxu.

2465 2146 2476 2157 ⁴
2490 2147 2519 2168 D.
2535 2153 2565 2174 ¹7·

2471 3205 2480 3213 ·
2492 3203 2612 3231 categor„
2627 3210 2678 3231 cap.

2472 3236 2505 3256 111,
2520 3236 2541 3252 n.
2558 3236 2574 3251 ι.
