2768 4178
57 643 67 654 ⁸
80 643 131 664 Art.
146 648 169 664 2.

62 1090 71 1099 ¹
87 1088 122 1110 Cf.
133 1094 197 1110 num.
207 1093 239 1110 ιιι.

67 1531 73 1539 ·
90 1528 147 1556 Cap.
158 1535 180 1554 v,
196 1534 218 1550 n.
229 1534 249 1550 2.

66 1556 88 1566 ⁸*
103 1556 160 1583 Cap.
177 1561 207 1581 ιι,
223 1561 255 1576 ιν.
267 1565 278 1570 -

63 1582 118 1603 Did.
142 1582 182 1603 tib.
206 1581 260 1603 vm
272 1597 277 1608 ,

65 1614 116 1636 cap.
128 1614 151 1634 11,
161 1614 211 1635 n.1;
226 1614 277 1636 cap.

64 1641 87 1661 v,
103 1641 126 1656 n.
136 1641 157 1656 2.

296 290 372 327 238

296 383 367 420 per
396 370 599 407 essentiam
620 382 730 407 suam
760 370 844 418 agit,
866 370 1038 418 sequitur
1066 370 1171 419 quod
1195 377 1280 418 agat
1298 382 1368 419 per

299 423 462 461 modum
491 423 699 460 intellectus
728 431 765 460 et
791 423 1007 460 voluntatis.

352 478 411 513 AD
440 488 599 513 TERTmM
632 488 816 513 mcaNDuM
846 476 952 525 quod
987 477 1134 512 bonum
1174 483 1229 512 est
1262 475 1367 512 obie-

301 537 405 566 ctum
423 529 641 566 voluntatis.
659 530 734 566 Pro
755 537 859 566 tanto
881 542 970 578 ergo
991 529 1137 575 dicitur,
1161 529 1248 576 quia
1264 529 1368 565 Deus

301 583 420 619 bonus
448 588 511 627 est,
530 594 678 628 sumus,
707 582 934 631 inquantum
969 594 1038 619 sua
1071 581 1221 618 bonitas
1250 589 1306 618 est
1334 581 1367 618 ei

301 635 396 671 ratio
424 635 580 672 volendi
609 635 741 672 omnia
769 635 853 683 alia,
873 643 915 672 ut
943 647 1057 684 supra
1077 634 1097 656 ’¹‘
1126 634 1271 672 dietum
1301 642 1367 672 est.

354 690 414 724 An
443 699 617 738 QUARTUM
644 700 829 726 DtCENnuM
858 689 963 737 quod
986 687 1100 724 unius
1130 695 1166 724 et
1198 687 1369 725 eiusdem

302 740 471 788 effectus,
494 741 607 778 etiam
633 741 672 779 in
690 742 814 789 nobis,
836 749 891 778 est
921 753 1034 777 causa
1063 740 1219 777 seientia
1246 748 1287 777 ut
1315 741 1368 777 di-

354 864 381 897 η)
401 865 499 897 operis.
517 878 537 883 -
554 865 719 897 operationis
737 865 833 890 ABDa.
850 878 869 884 —
887 868 914 890 et
931 872 985 889 om.
1004 864 1150 889 ACDEFG.

994 291 1262 338 QUAESTIO
1292 292 1393 338 XIX,
1423 290 1721 328 ARTICULUS
1751 290 1802 326 lV

1422 370 1557 418 rigens,
1579 381 1654 418 qua
1675 368 1886 418 concipitur
1914 368 2039 406 forma
2059 369 2186 418 operis
2205 377 2232 415 η,
2255 376 2291 406 et
2313 369 2491 406 voluntas

1422 431 1463 459 ut
1491 423 1702 471 imperans:
1732 422 1820 470 quia
1840 422 1975 469 forma,
1996 430 2038 458 ut
2058 430 2113 459 est
2141 421 2180 459 in
2199 422 2389 460 intellectu
2412 430 2491 460 tan-

1422 483 1514 522 tum,
1536 488 1615 512 non
1645 475 1916 512 determinatur
1944 474 1992 512 ad
2021 476 2096 512 hoc
2126 475 2231 524 quod
2251 475 2296 514 sit
2322 476 2385 513 vel
2413 488 2492 513 non

1423 529 1467 565 sit
1495 529 1533 565 in
1563 528 1713 575 effectu,
1734 528 1803 565 nisi
1831 541 1901 577 per
1928 529 2179 566 voluntatem.
2210 528 2323 566 Unde
2351 528 2492 566 intelle-

1424 590 1505 619 ctus
1539 581 1795 630 speculativus
1833 581 1925 618 nihil
1963 581 2051 619 dicit
2090 582 2136 619 de
2174 581 2383 631 operando.
2415 582 2493 619 Sed

1423 636 1593 684 potentia
1613 642 1669 672 est
1697 647 1812 672 causa
1830 642 1872 672 ut
1896 647 2099 684 exequens,
2122 635 2212 684 quia
2231 635 2404 672 nominat
2422 634 2493 672 im-

1424 688 1634 725 mediatum
1649 688 1878 737 principium
1898 689 2141 737 operationis.
2161 688 2237 726 Sed
2253 689 2348 727 haec
2364 687 2495 725 omnia

1424 741 1461 777 in
1481 742 1566 778 Deo
1596 754 1716 778 unum
1747 749 1844 779 sunt.

984 952 1319 985 Commentaria
1341 950 1594 983 Cardinalis
1615 950 1817 983 Caietam

363 1051 469 1072 rrums
494 1041 604 1071 clarus.
623 1058 641 1063 -
667 1041 701 1071 In
726 1050 858 1081 corpore
879 1041 961 1071 duo:
986 1040 1102 1080 primo,
1123 1039 1276 1080 proponit
1300 1049 1373 1070 con-

304 1054 554 1121 Tclusionem;
579 1085 734 1121 secundo,
759 1085 872 1125 probat
896 1084 1134 1115 conclusionem
1159 1084 1321 1124 tripliciter
1343 1083 1370 1114 *.

360 1130 476 1167 Quoad
494 1130 650 1169 primum,
665 1129 723 1159 tria
743 1128 826 1160 dicit.
851 1128 968 1165 Primo,
987 1128 1226 1159 conclusionem
1242 1138 1372 1168 respon-

303 1174 403 1205 sivam
422 1173 565 1214 quaesito
589 1172 783 1209 affirmative,
809 1172 940 1203 scilicet:
965 1173 1123 1203 Voluntas
1140 1172 1199 1203 Dei
1216 1180 1263 1203 est
1278 1183 1371 1203 causa

303 1228 418 1249 rerum.
444 1217 603 1254 Secundo,
627 1217 705 1258 quid
728 1217 790 1248 hoc
814 1217 980 1257 importat:
1006 1217 1131 1253 scilicet,
1156 1217 1262 1247 Deum
1282 1226 1372 1257 agere

303 1272 359 1303 per
381 1262 596 1297 voluntatem,
621 1268 651 1292 et
675 1271 740 1291 non
764 1271 821 1301 per
843 1267 973 1292 naturae
996 1261 1225 1292 necessitatem.
1250 1261 1371 1297 Tertio,

303 1306 393 1347 quod
415 1306 547 1347 quidam
571 1305 789 1337 existimarunt
820 1306 927 1336 Deum
957 1315 1048 1345 agere
1078 1315 1134 1345 per
1164 1312 1294 1336 naturae
1317 1315 1372 1336 ne-

304 1351 489 1382 cessitatem.

362 1395 400 1425 11.
424 1394 487 1425 Ubi
515 1394 657 1430 adverte,
683 1394 772 1436 quod
802 1403 893 1434 agere
917 1403 973 1434 per
1003 1393 1220 1424 necessitatem
1243 1401 1372 1424 naturae

305 1439 470 1480 dupliciter
484 1445 589 1479 potest
610 1438 752 1478 intelligi.
772 1438 891 1475 Primo,
908 1444 943 1469 ut
958 1437 1043 1468 idem
1060 1445 1152 1468 sonat
1167 1438 1257 1479 quod
1272 1447 1373 1479 agere

305 1483 518 1521 naturaliter,
543 1492 582 1513 eo
606 1482 706 1512 modo
735 1492 801 1523 quo
832 1482 956 1522 agentia
978 1482 1148 1518 naturalia,
1174 1483 1200 1512 11
1224 1483 1370 1523 Physic.,

305 1534 378 1559 text.
395 1536 438 1567 49
454 1526 482 1563 *,
504 1533 534 1557 et
550 1527 593 1557 IX
611 1527 809 1567 Metaphys„
829 1533 901 1557 text.
923 1527 938 1557 3
956 1533 986 1557 et
1010 1536 1047 1556 10
1062 1525 1109 1562 θ’,
1135 1526 1373 1567 distinguuntur

306 1579 415 1603 contra
439 1570 562 1612 agentia
585 1581 603 1601 a
625 1571 801 1611 proposito.
835 1571 877 1601 Et
906 1570 950 1601 sic
978 1580 1068 1611 agere
1101 1571 1298 1607 naturaliter,
1326 1577 1373 1601 est

305 1625 396 1656 agere
415 1625 482 1646 non
498 1615 574 1656 quia
590 1625 685 1655 agens
700 1615 769 1646 vult
784 1615 856 1652 hoc,
873 1615 947 1646 dato
967 1614 1062 1645 etiam
1078 1616 1166 1656 quod
1182 1615 1257 1646 velit
1276 1615 1371 1651 illud;

306 1660 361 1691 sed
377 1667 423 1690 est
439 1669 529 1700 agere
545 1659 621 1700 quia
636 1666 682 1690 est
697 1659 773 1695 tale;
798 1666 835 1690 ut
849 1666 935 1700 patet
949 1659 983 1689 in
998 1659 1200 1699 generatione
1215 1659 1371 1696 hominis;

306 1704 451 1745 quamvis
475 1703 561 1734 enim
584 1703 727 1734 Socrates
749 1703 823 1734 velit
845 1713 1002 1744 generare,
1027 1713 1093 1733 non
1117 1710 1223 1734 tamen
1247 1710 1374 1746 generat

306 1748 381 1789 quia
396 1748 474 1785 vult,
492 1747 547 1778 sed
566 1747 641 1788 quia
660 1754 707 1778 est
729 1747 799 1778 talis
823 1747 1039 1788 dispositionis
1058 1748 1218 1784 naturalis,
1237 1754 1293 1779 etc.
1319 1748 1372 1779 Se-

307 1792 413 1823 cundo
430 1792 514 1823 sumi
530 1798 643 1832 potest,
669 1798 704 1822 ut
726 1791 812 1822 idem
835 1798 928 1822 sonat
942 1791 1031 1832 quod
1050 1801 1151 1833 agere
1175 1802 1237 1823 non
1263 1793 1372 1830 libere,

306 1847 344 1867 eo
369 1837 469 1867 modo
493 1846 560 1877 quo
577 1836 712 1866 dicimus
726 1836 815 1877 quod
834 1846 900 1866 non
923 1836 1030 1872 libere,
1047 1836 1102 1866 sed
1121 1836 1303 1867 necessitate
1320 1847 1373 1867 na-

305 1881 398 1911 turali
422 1881 508 1911 Deus
531 1881 600 1911 vult
623 1890 670 1916 se,
696 1887 726 1910 et
749 1890 808 1910 nos
831 1880 983 1911 volumus
1007 1881 1140 1911 bonum.
1165 1881 1206 1911 Et
1226 1881 1373 1921 quamvis

306 1932 478 1966 utrumque
498 1925 536 1955 de
560 1925 629 1955 Deo
649 1924 863 1955 existimatum
883 1924 932 1960 sit,
957 1931 987 1955 et
1006 1925 1095 1965 quod
1118 1931 1189 1964 agat
1212 1935 1277 1955 non
1298 1925 1373 1966 quia

304 1969 382 2005 vult,
406 1968 552 2010 quamvis
574 1968 695 2004 volens,
720 1969 775 1998 sed
798 1968 874 2009 quia
897 1975 944 1999 est
966 1968 1036 1999 talis
1060 1975 1205 2007 naturae,
1230 1976 1265 2000 ut
1288 1969 1321 1999 in
1345 1969 1372 2000 11

307 2013 429 2043 Contra
455 2013 560 2051 Gent.,
585 2022 653 2052 cap.
669 2022 752 2049 xxm,
771 2012 899 2048 dicitur;
925 2019 955 2043 et
978 2013 1067 2053 quod
1090 2019 1161 2052 agat
1184 2013 1260 2054 quia
1282 2013 1372 2044 intel-

303 2057 371 2097 ligit
395 2064 424 2088 et
447 2057 531 2093 vult,
556 2056 689 2087 naturali
712 2063 818 2087 tamen
847 2057 1029 2088 necessitate
1058 2057 1118 2087 tale
1141 2056 1313 2097 intelligere
1343 2065 1373 2090 et

304 2102 384 2132 velle
408 2102 536 2137 habens,
562 2108 598 2132 ut
620 2101 748 2137 ibidem,
772 2101 805 2131 in
830 2111 898 2141 cap.
914 2111 986 2131 xxvi
1001 2108 1032 2132 et
1049 2111 1142 2137 xxvn,
1159 2101 1314 2142 tangitur:
1339 2102 1372 2132 in

304 2145 459 2186 praesenti
483 2153 589 2176 tamen
612 2145 722 2181 littera,
739 2145 844 2186 primo
864 2146 964 2176 modo
988 2146 1124 2176 sumitur
1140 2155 1230 2186 agere
1247 2156 1303 2187 per
1319 2156 1372 2177 ne-

305 2189 480 2220 cessitatem
496 2196 644 2226 naturae;
668 2189 711 2220 ita
727 2190 816 2230 quod
832 2189 964 2220 intentio
981 2199 1128 2230 praesens
1145 2198 1191 2222 est
1207 2191 1372 2222 ostendere

305 2234 394 2274 quod
417 2234 503 2264 Deus
527 2233 591 2273 agit
613 2233 688 2274 quia
711 2233 795 2270 vult,
821 2240 851 2264 et
874 2244 941 2264 non
965 2234 1039 2274 quia
1063 2241 1118 2265 est.

362 2278 409 2308 Ex
425 2277 649 2308 coniunctione
666 2283 773 2308 autem
792 2277 1005 2308 conclusionis
1021 2278 1234 2318 praecedentis
1250 2278 1372 2309 articuli

306 2331 380 2353 cum
396 2322 464 2358 hac,
482 2321 671 2352 sufficienter
689 2322 822 2352 habetur
844 2321 962 2352 solutio
986 2322 1142 2352 secundae
1166 2322 1370 2363 quaestionis.

306 2366 400 2404 Quia,
424 2366 450 2396 si
470 2366 533 2406 agit
548 2365 623 2406 quia
638 2366 716 2401 vult,
734 2372 770 2396 ut
784 2365 836 2396 hic
852 2365 1041 2402 ostenditur;
1059 2373 1090 2396 et
1107 2376 1140 2396 se
1163 2373 1288 2398 tantum
1304 2367 1373 2397 vult

305 2410 502 2446 naturaliter,
527 2417 557 2440 et
585 2416 686 2440 cetera
713 2409 824 2446 libere,
849 2417 885 2441 ut
914 2417 1080 2440 ostensum
1110 2417 1171 2442 est:
1197 2421 1271 2451 ergo
1302 2419 1372 2452 aget

305 2454 375 2490 alia,
400 2454 474 2495 quia
497 2454 551 2484 illa
573 2454 642 2484 vult
663 2453 769 2485 libere.

364 2499 415 2529 ΙΙΙ.
441 2498 558 2535 Quoad
580 2498 772 2536 secundum,
797 2498 949 2538 probatur
971 2498 1132 2538 tripliciter
1154 2498 1273 2530 intenta
1297 2509 1371 2530 con-

306 2543 417 2574 clusio.
441 2543 551 2573 Primo
575 2552 611 2572 ex
635 2542 745 2572 ordine
761 2541 933 2582 agentium,
958 2542 1010 2573 sic.
1036 2543 1119 2573 Tam
1143 2550 1254 2574 natura
1273 2553 1371 2584 quam

305 2587 482 2618 intellectus
506 2586 569 2627 agit
591 2593 721 2626 propter
751 2585 869 2616 finem:
904 2596 979 2626 ergo
1010 2587 1113 2626 agenti
1142 2597 1199 2627 per
1226 2595 1371 2618 naturam

306 2631 607 2672 praedeterminatur
622 2629 693 2660 finis
710 2637 740 2662 et
755 2630 899 2661 medium
918 2631 957 2661 ab
973 2631 1081 2672 aliquo
1098 2631 1275 2663 intellectu:
1296 2642 1371 2672 ergo

306 2685 400 2716 agens
424 2685 480 2716 per
498 2675 693 2706 intellectum
717 2682 763 2706 est
785 2675 873 2715 prius
896 2682 1006 2715 agente
1030 2685 1086 2715 per
1110 2683 1271 2707 naturam:
1297 2686 1371 2717 ergo

306 2720 393 2750 Deus
417 2726 463 2750 est
485 2729 580 2759 agens
603 2729 659 2759 per
681 2719 877 2750 intellectum
901 2726 931 2750 et
954 2719 1162 2751 voluntatem.

362 2764 560 2794 Antecedens
583 2764 736 2803 probatur
759 2774 795 2794 ex
819 2763 845 2794 11
865 2764 993 2804 Phssic.
1018 2764 1123 2794 Prima
1146 2764 1372 2806 consequentia

306 2807 524 2838 manifestatur
547 2808 692 2848 exemplo
717 2807 854 2848 sagittae.
884 2808 1028 2838 Secunda
1051 2808 1238 2849 relinquitur
1261 2819 1317 2849 per
1340 2820 1372 2840 se

307 2859 392 2883 nota.
413 2851 519 2882 Tertia
534 2861 609 2882 vero
627 2852 791 2892 probatur:
817 2851 892 2892 quia
910 2852 997 2883 Deus
1014 2859 1060 2883 est
1075 2852 1216 2893 primum
1232 2863 1338 2893 agens.
1352 2871 1372 2876 —

306 2897 372 2927 Nec
395 2902 425 2927 te
448 2903 576 2926 moveat
598 2896 687 2936 quod
714 2896 816 2936 prima
845 2896 1070 2937 consequentia
1094 2897 1137 2928 sic
1161 2897 1269 2928 leviter
1292 2904 1373 2928 tacta

308 2947 363 2971 est.
389 2940 473 2978 Quia
497 2940 678 2971 communis
694 2940 791 2970 animi
809 2941 974 2981 conceptio
1000 2948 1055 2977 est,
1073 2942 1162 2982 quod
1185 2951 1275 2982 agere
1299 2952 1372 2983 pro-

307 2992 375 3025 pter
395 2983 493 3015 finem
517 2984 609 3024 exigit
632 2983 729 3015 finem
753 2985 916 3024 cognosci,
940 2985 989 3015 vel
1013 2986 1050 3016 ab
1074 2986 1145 3026 ipso
1169 2987 1316 3018 tendente
1338 2986 1371 3017 in

306 3028 413 3065 finem,
429 3029 479 3059 vel
499 3028 606 3069 aliquo
631 3028 792 3069 dirigente,
813 3029 895 3059 utin
915 3029 1025 3069 sagitta
1048 3030 1219 3070 contingit:
1244 3037 1275 3061 et
1297 3030 1372 3071 quia

307 3080 428 3104 constat
451 3079 607 3109 naturam,
631 3079 667 3103 ut
690 3072 743 3108 sic,
765 3083 831 3103 non
856 3083 1056 3113 cognoscere,
1072 3074 1144 3105 ideo
1168 3073 1268 3115 liquet
1283 3075 1371 3115 quod

307 3124 433 3157 oportet
447 3127 465 3147 a
485 3123 695 3157 cognoscente
712 3117 812 3157 dirigi.
827 3135 846 3139 -
860 3117 943 3148 Inter
957 3127 1047 3157 agere
1063 3128 1194 3159 quoque
1211 3128 1267 3159 per
1281 3118 1371 3150 intel—

305 3161 424 3192 lectum
444 3168 474 3192 et
492 3171 548 3201 per
566 3162 773 3197 voluntatem,
791 3161 879 3191 nulla
895 3161 1065 3193 differentia
1080 3170 1126 3194 est
1144 3163 1176 3193 in
1193 3163 1369 3203 preposite.

307 3205 471 3242 Quoniam
494 3215 551 3236 nec
574 3205 751 3236 intellectus
775 3205 838 3245 agit
861 3206 980 3246 absque
1003 3207 1182 3243 voluntate,
1213 3216 1295 3248 quae
1325 3214 1372 3238 est

306 3250 464 3290 appetitus
488 3249 712 3280 intellectivus:
738 3259 795 3280 nec
811 3249 958 3280 voluntas
975 3251 1092 3292 absque
1108 3251 1279 3287 intellectu,
1296 3251 1371 3292 quia

306 3294 429 3324 bonurn
458 3294 653 3324 intellectum
683 3300 792 3324 movet
820 3304 900 3324 eam.
934 3295 975 3325 Et
998 3294 1070 3325 ideo
1101 3295 1228 3326 nullum
1257 3295 1371 3326 vitium

307 3338 525 3374 committitur,
547 3348 583 3368 ex
602 3348 668 3368 uno
688 3338 721 3368 in
740 3338 825 3368 aliud
845 3338 1043 3370 declinando.

365 3382 416 3412 IV.
441 3382 587 3413 Secundo
611 3382 762 3422 probatur
786 3392 822 3412 ex
845 3382 966 3413 ratione
991 3383 1140 3414 naturalis
1163 3383 1292 3424 agentis,
1313 3382 1366 3414 sic.

307 3427 412 3464 Agens
437 3436 492 3466 per
510 3433 665 3462 naturam,
690 3426 754 3466 agit
776 3426 851 3467 quia
871 3433 916 3457 est
935 3427 1012 3457 tale:
1038 3437 1112 3467 ergo
1136 3434 1285 3468 operatur
1303 3437 1370 3458 uno

306 3469 420 3499 modo:
453 3480 527 3510 ergo
552 3480 654 3501 unum
678 3470 842 3501 effectum:
873 3480 947 3510 ergo
976 3471 1069 3502 habet
1093 3481 1159 3502 esse
1183 3471 1371 3502 determina—

306 3519 391 3543 tum:
413 3523 486 3553 ergo
505 3514 591 3544 Deus
611 3524 676 3544 non
696 3522 800 3554 potest
819 3524 909 3554 agere
923 3525 979 3554 per
995 3522 1154 3546 naturam:
1179 3525 1254 3556 ergo
1274 3515 1371 3546 deter-

306 3556 417 3587 minati
441 3557 566 3588 effectus
590 3559 628 3588 ab
652 3558 774 3590 infinita
797 3558 880 3589 illius
897 3558 1037 3590 bonitate
1056 3560 1242 3600 procedunt,
1260 3569 1369 3590 secun-

306 3601 385 3631 dum
405 3601 698 3633 determinationem
716 3603 890 3634 intellectus
915 3610 945 3634 et
966 3603 1146 3635 voluntatis.

362 3646 559 3676 Antecedens
582 3647 733 3686 probatur
758 3647 795 3677 ab
820 3647 947 3678 effectu:
973 3647 1048 3688 quia
1071 3648 1212 3689 quandiu
1228 3654 1274 3679 est
1297 3648 1367 3684 tale,

1427 1049 1493 1069 non
1518 1038 1592 1070 facit
1614 1039 1674 1070 nisi
1698 1040 1768 1071 tale.
1785 1057 1804 1063 -
1820 1039 1926 1070 Prima
1945 1041 2180 1082 consequentia,
2206 1051 2280 1073 cum
2304 1044 2441 1074 secunda
2465 1051 2497 1075 et

1427 1083 1525 1119 tertia,
1550 1083 1739 1124 relinquitur
1762 1091 1848 1115 nota.
1873 1084 1915 1115 Et
1937 1084 2039 1124 prima
2067 1085 2216 1125 quidem,
2242 1096 2316 1117 cum
2340 1088 2495 1125 secunda,

1426 1127 1569 1168 procedit
1591 1138 1609 1158 a
1633 1127 1740 1168 priori.
1772 1128 1898 1164 Tertia,
1922 1135 2052 1169 propter
2085 1139 2183 1170 quam
2211 1131 2396 1162 antecedens
2421 1142 2496 1163 cum

1427 1171 1585 1212 prioribus
1604 1179 1651 1203 est
1673 1172 1850 1208 inductum,
1868 1183 1886 1202 a
1901 1173 2069 1213 posteriori
2088 1173 2182 1204 infert
2197 1173 2295 1214 prius,
2313 1181 2348 1206 ut
2363 1182 2458 1216 patet.
2475 1194 2495 1200 -

1427 1216 1547 1253 Quarta
1571 1226 1646 1247 vero
1675 1216 1780 1257 primo
1809 1217 1978 1257 probatur:
2003 1217 2078 1258 quia
2103 1227 2169 1248 esse
2193 1217 2338 1249 divinum
2361 1229 2427 1250 non
2450 1228 2498 1252 est

1427 1260 1681 1291 determinatum.
1703 1261 1801 1298 Quod
1818 1271 1854 1292 ex
1870 1271 1908 1292 eo
1924 1268 2018 1302 patet,
2035 1262 2123 1303 quod
2141 1262 2282 1293 continet
2296 1262 2329 1293 in
2346 1273 2379 1293 se
2394 1270 2496 1295 totam

1427 1304 1550 1335 essendi
1566 1305 1803 1345 perfectionem.
1821 1305 1979 1342 Secundo,
1996 1305 2214 1337 manifestatur
2229 1306 2276 1337 vis
2288 1307 2497 1347 probationis,

1427 1349 1574 1379 ducendo
1590 1350 1630 1379 ad
1652 1349 1864 1390 impossibile:
1889 1350 1915 1380 si
1938 1360 2006 1381 esse
2021 1350 2184 1382 infinitum
2207 1358 2349 1383 causaret
2371 1358 2497 1383 natura-

1426 1392 1505 1429 liter,
1523 1400 1663 1424 causaret
1686 1393 1806 1434 aliquid
1830 1393 1991 1425 infinitum
2005 1394 2038 1424 in
2055 1395 2207 1432 essendo;
2232 1394 2294 1426 hoc
2315 1401 2362 1427 est
2375 1395 2496 1438 impos-

1427 1437 1531 1473 sibile;
1552 1447 1638 1477 ergo.
1651 1455 1671 1460 —
1686 1438 1807 1475 Quinta
1823 1445 1931 1469 autem
1947 1439 2173 1480 consequentia
2188 1449 2225 1471 ex
2239 1440 2271 1470 vi
2287 1439 2496 1472 distinctionis

1427 1481 1588 1522 agentium
1611 1488 1707 1522 patet.

1481 1525 1520 1556 V.
1539 1526 1580 1556 Et
1603 1526 1736 1562 adverte,
1754 1527 1843 1567 quod
1862 1526 1920 1557 ista
1937 1527 2016 1558 ratio
2034 1527 2195 1559 concludit
2218 1529 2308 1570 quod
2326 1529 2413 1560 Deus
2429 1539 2497 1560 non

1427 1576 1532 1610 potest
1547 1570 1728 1601 naturaliter
1742 1580 1833 1611 agere
1849 1571 1990 1612 aliquem
2006 1581 2110 1602 unum
2126 1571 2272 1603 effectum
2285 1583 2341 1613 per
2353 1573 2496 1614 seipsum

1427 1614 1544 1646 solum.
1570 1614 1601 1645 Si
1625 1614 1697 1655 quis
1726 1622 1833 1645 autem
1856 1622 1989 1656 poneret
2011 1616 2118 1647 Deum
2148 1617 2255 1648 solum
2283 1617 2406 1648 nullam
2428 1627 2498 1650 rem

1427 1658 1617 1698 integraliter
1640 1669 1777 1695 causare,
1795 1660 1859 1695 sed,
1880 1660 2144 1691 concausantibus
2168 1661 2236 1692 aliis
2260 1661 2372 1699 causis,
2388 1661 2497 1703 ipsum

1428 1702 1501 1733 dare
1525 1713 1592 1733 esse
1616 1702 1789 1740 effectibus;
1821 1703 1937 1735 diceret
1959 1705 2049 1745 quod
2072 1705 2221 1746 proprius
2245 1704 2372 1737 effectus
2396 1706 2496 1738 divini

1428 1756 1494 1777 esse
1517 1746 1631 1778 infiniti
1656 1755 1702 1778 est
1723 1757 1789 1778 esse
1808 1747 2048 1779 indeterminate
2073 1749 2250 1780 secundum
2266 1759 2308 1786 se,
2325 1750 2379 1781 sed
2396 1750 2496 1782 deter-

1428 1790 1546 1822 minate
1570 1798 1676 1822 tamen
1701 1802 1825 1832 semper
1847 1791 2014 1823 inventum
2042 1800 2173 1834 propter
2195 1794 2349 1824 secundas
2373 1804 2493 1826 causas.

1428 1835 1489 1866 Sed
1513 1835 1574 1866 hoc
1597 1846 1615 1866 a
1639 1836 1744 1876 seipso
1768 1836 1936 1867 discordat.
1961 1837 2135 1874 Quoniam,
2154 1837 2179 1868 si
2195 1847 2262 1868 esse
2285 1838 2431 1869 divinum
2450 1845 2498 1871 est

1428 1879 1604 1916 infinitum,
1629 1887 1756 1920 oportet
1779 1881 1817 1910 ab
1841 1880 1912 1921 ipso
1937 1890 2176 1920 praeemanasse
2199 1891 2267 1912 esse
2290 1882 2439 1914 omnium
2457 1883 2494 1914 il-

1427 1924 1531 1954 larum
1557 1933 1724 1955 causarum
1753 1925 2028 1955 concausantium:
2049 1925 2205 1966 quoniam
2225 1935 2357 1957 omnem
2373 1927 2497 1958 essendi

1427 1968 1564 1998 modum
1588 1968 1626 1999 ab
1649 1967 1774 1999 infinito
1799 1979 1865 1999 esse
1894 1976 2022 2009 oportet
2043 1969 2220 2010 provenire.
2249 1970 2290 2001 Et
2313 1970 2339 2001 si
2363 1970 2406 2002 sic
2430 1978 2494 2008 est,

1427 2022 1502 2052 ergo
1527 2013 1699 2043 concedere
1723 2019 1850 2053 oportet
1871 2014 1961 2054 quod
1990 2014 2077 2044 Deus
2100 2013 2240 2055 aliquem
2268 2013 2415 2046 effectum
2438 2025 2496 2056 per

1427 2056 1569 2097 seipsum
1585 2057 1691 2087 solum
1707 2057 1898 2097 integraliter
1915 2058 2091 2098 producere
2114 2065 2229 2099 potest.
2253 2059 2338 2100 Ergo
2358 2069 2424 2090 non
2439 2069 2498 2100 per

1426 2101 1645 2132 necessitatem
1667 2108 1807 2138 naturae,
1832 2102 1891 2132 nisi
1915 2102 1981 2133 dari
2005 2102 2107 2143 possit
2129 2102 2257 2134 effectus
2280 2102 2394 2135 infiniti
2417 2113 2495 2141 esse,

1427 2152 1463 2176 ut
1480 2145 1514 2176 in
1532 2145 1634 2176 littera
1653 2145 1775 2176 dicitur.
1796 2146 1863 2177 Stat
1882 2156 1957 2186 ergo
1977 2146 2067 2178 ratio.

1481 2190 1533 2220 VI.
1560 2190 1666 2220 Tertio
1682 2191 1834 2230 probatur
1857 2201 1894 2221 ex
1913 2191 2098 2222 habitudine
2115 2191 2286 2224 effectuum
2301 2192 2341 2223 ad
2357 2202 2497 2230 causam,

1427 2234 1480 2264 sic.
1506 2233 1643 2264 Effectus
1662 2234 1876 2274 praeexistunt
1898 2234 1931 2264 in
1955 2244 2048 2265 causa
2072 2236 2250 2267 secundum
2268 2237 2406 2268 modum
2422 2246 2495 2268 cau-

1427 2286 1494 2308 sae:
1525 2287 1599 2317 ergo
1623 2277 1750 2308 effectus
1774 2278 1986 2318 praeexistunt
2008 2279 2040 2309 in
2064 2279 2134 2310 Deo
2159 2281 2335 2311 secundum
2359 2281 2497 2312 modum

1426 2321 1675 2361 intelligibilem:
1708 2331 1783 2361 ergo
1812 2323 1990 2362 procedunt
2019 2320 2058 2354 ab
2083 2333 2121 2354 eo
2151 2325 2328 2355 secundum
2358 2324 2495 2356 modum

1426 2365 1671 2405 intelligibilem:
1697 2375 1772 2406 ergo
1797 2376 1852 2407 per
1875 2367 2012 2398 modum
2034 2367 2223 2398 voluntatis:
2249 2378 2324 2409 ergo
2347 2369 2496 2400 voluntas

1426 2410 1485 2441 Dei
1508 2417 1555 2440 est
1578 2420 1671 2440 causa
1693 2420 1809 2441 rerum.

1461 2461 1465 2468 ¹
1481 2454 1587 2484 Prima
1610 2454 1835 2495 consequentia
1854 2455 2021 2495 probatur:
2046 2455 2121 2496 quia
2145 2466 2211 2487 esse
2226 2456 2286 2487 Dei
2303 2463 2349 2488 est
2364 2456 2431 2488 eius
2447 2457 2495 2488 in-

1426 2498 1573 2538 telligere.
1594 2498 1739 2530 Secunda
1756 2499 1920 2540 probatur:
1942 2499 2017 2540 quia
2033 2498 2159 2531 effectus
2175 2501 2352 2541 procedunt
2367 2512 2384 2532 a
2401 2511 2496 2533 causa

1427 2543 1604 2574 secundum
1627 2543 1763 2573 modum
1787 2553 1853 2584 quo
1878 2543 2090 2584 praeexistunt
2113 2544 2145 2575 in
2169 2554 2273 2576 causa.
2298 2545 2395 2583 Quod
2419 2554 2492 2587 pro-

1426 2587 1531 2618 batur:
1549 2586 1624 2628 quia
1639 2597 1736 2617 omne
1752 2597 1847 2627 agens
1864 2587 1928 2627 agit
1943 2587 2000 2618 sibi
2017 2588 2131 2620 simile.
2145 2589 2253 2620 Tertia
2269 2589 2495 2631 consequentia

1426 2632 1590 2672 probatur:
1615 2631 1690 2672 quia
1709 2631 1871 2662 inclinatio
1891 2632 1930 2662 ad
1949 2633 2109 2672 agendum
2127 2632 2160 2663 id
2184 2634 2274 2674 quod
2297 2643 2352 2674 per
2373 2633 2495 2665 intelle-

1427 2682 1514 2707 ctum
1531 2682 1722 2716 conceptum
1739 2683 1793 2712 est,
1811 2676 1983 2707 voluntatis
2000 2684 2055 2708 est.
2081 2677 2200 2708 Ultima
2219 2685 2265 2709 est
2279 2687 2336 2718 per
2354 2688 2387 2709 se
2406 2685 2492 2710 nota.

1484 2720 1551 2751 V11.
1569 2719 1661 2751 Circa
1683 2720 1939 2760 propositionem
1962 2729 2159 2762 assumptam
2179 2721 2212 2752 in
2236 2722 2424 2762 probatione
2447 2732 2494 2753 se-

1427 2764 1548 2795 cundae
1568 2764 1822 2805 consequentiae,
1840 2765 1974 2795 dubium
1994 2765 2139 2797 occurrit.
2165 2766 2249 2804 Quia
2268 2773 2323 2797 aut
2339 2773 2385 2798 est
2404 2766 2492 2804 falsa,

1427 2815 1481 2840 aut
1500 2808 1640 2839 dissonat
1659 2818 1676 2839 a
1695 2818 1752 2839 sua
1771 2809 1971 2849 probatione:
1995 2816 2168 2851 utrumque
2188 2817 2234 2841 est
2251 2810 2492 2842 inconveniens:

1427 2863 1513 2893 ergo.
1538 2852 1719 2893 Propositio
1741 2853 1826 2883 enim
1845 2853 1964 2884 litterae
1980 2860 2027 2884 est
2042 2853 2109 2890 ista,
2135 2854 2267 2895 effectus
2275 2854 2458 2895 procedunt
2470 2863 2494 2886 a

1426 2907 1526 2928 causa
1549 2897 1723 2928 secundum
1740 2897 1825 2938 quod
1834 2899 2062 2938 praeexistunt
2085 2899 2117 2929 in
2138 2906 2196 2930 ea:
2219 2905 2250 2929 et
2262 2898 2408 2939 probatio
2423 2898 2491 2930 eius

1427 2941 1581 2978 subditur,
1605 2942 1680 2982 quia
1704 2951 1798 2972 omne
1819 2951 1922 2982 agens
1938 2944 2008 2983 agit
2025 2943 2085 2973 sibi
2098 2942 2211 2973 simile.
2237 2942 2330 2973 Tunc
2347 2942 2399 2974 sic.
2424 2945 2492 2974 Aut

1426 2985 1604 3026 propositio
1634 2985 1769 3016 intendit
1791 2986 1830 3016 de
1854 2986 1953 3017 modo
1981 2986 2108 3017 effectus
2136 2986 2348 3027 procedentis,
2373 2993 2429 3018 aut
2452 2987 2491 3018 de

1426 3030 1525 3060 modo
1554 3029 1755 3070 procedendi.
1784 3029 1816 3061 Si
1840 3030 1975 3061 intendit
2001 3031 2090 3072 quod
2118 3029 2244 3061 effectus
2274 3031 2450 3071 procedens
2473 3041 2492 3062 a

1426 3084 1519 3105 causa
1542 3074 1637 3104 habet
1659 3074 1794 3105 modum
1818 3074 1939 3105 essendi
1959 3074 2096 3106 similem
2111 3075 2211 3105 modo
2231 3085 2298 3116 quo
2314 3075 2493 3115 praeexistit

1425 3118 1458 3148 in
1478 3128 1581 3154 causa,
1605 3118 1750 3158 probatio
1774 3118 1904 3159 quidem
1924 3126 1969 3150 est
1989 3128 2139 3154 consona,
2165 3125 2200 3149 ut
2219 3125 2320 3159 patet:
2345 3119 2400 3150 sed
2422 3119 2492 3161 ipsa

1426 3169 1472 3193 est
1495 3162 1661 3193 falsissima
1685 3161 1853 3204 (quoniam
1877 3163 1993 3194 domus
2017 3163 2190 3204 procedens
2214 3164 2252 3194 ab
2272 3162 2398 3200 artifice,
2423 3173 2492 3194 non

1426 3206 1615 3237 assimilatur
1630 3206 1743 3237 domui
1760 3206 1791 3236 in
1808 3214 1923 3243 mente,
1940 3207 1973 3238 in
1989 3207 2088 3238 modo
2105 3206 2258 3249 essendi);
2275 3217 2332 3239 nec
2349 3207 2492 3249 sequitur

1425 3260 1462 3281 ex
1480 3250 1534 3281 illa
1552 3250 1698 3287 maxima,
1723 3261 1804 3292 quae
1826 3251 2009 3292 intelligitur
2031 3258 2188 3292 quantum
2207 3252 2247 3282 ad
2266 3252 2404 3283 formam
2427 3261 2492 3293 qua

1425 3294 1497 3335 agit.
1515 3312 1534 3317 -
1550 3295 1582 3326 Si
1599 3302 1705 3326 autem
1722 3295 1855 3326 intendit
1871 3296 1909 3326 de
1925 3295 2024 3326 modo
2041 3295 2242 3336 procedendi,
2259 3295 2384 3333 scilicet,
2401 3295 2490 3338 quod

1425 3338 1552 3370 effectus
1565 3349 1582 3369 a
1595 3349 1688 3370 causa
1700 3339 1843 3379 procedit
1857 3340 1913 3370 illo
1925 3339 1974 3370 vel
1987 3339 2082 3370 simili
2095 3340 2194 3370 modo
2207 3350 2274 3381 quo
2284 3339 2444 3382 praexistit
2456 3339 2490 3370 in

1425 3393 1469 3419 ea,
1487 3390 1562 3414 tunc
1582 3383 1727 3424 probatio
1744 3393 1809 3414 non
1826 3391 1872 3415 est
1888 3384 1927 3414 ad
1946 3383 2164 3424 propositum:
2189 3384 2274 3425 quia,
2290 3391 2327 3416 ut
2342 3384 2488 3420 diximus,

1424 3427 1608 3467 intelligitur
1630 3428 1738 3468 quoad
1762 3428 1899 3458 formam
1928 3437 1992 3468 qua
2020 3437 2114 3467 agens
2138 3428 2214 3468 agit,
2239 3435 2270 3460 et
2292 3438 2358 3459 non
2382 3427 2491 3469 quoad

1425 3472 1560 3501 modum
1579 3481 1645 3512 quo
1662 3471 1764 3502 forma
1781 3479 1826 3502 est
1842 3472 1874 3502 in
1891 3481 1940 3502 eo.
1965 3472 2005 3502 Et
2025 3472 2232 3504 nihilominus
2256 3473 2350 3504 habet
2372 3471 2488 3502 multas

1423 3515 1594 3546 instantias.
1616 3515 1780 3552 Quoniam
1795 3516 1910 3546 domus
1924 3516 2018 3547 habet
2033 3526 2099 3547 esse
2116 3516 2310 3557 intelligibile
2321 3516 2355 3547 in
2368 3522 2488 3556 agente,

1424 3559 1566 3599 procedit
1582 3566 1687 3590 tamen
1704 3560 1742 3590 ab
1760 3569 1798 3589 eo
1815 3559 2012 3590 sensibiliter:
2038 3568 2068 3591 et
2085 3561 2169 3591 calor
2185 3561 2279 3591 habet
2295 3570 2362 3591 esse
2383 3559 2490 3591 incor-

1423 3603 1570 3643 ruptibile
1594 3610 1624 3633 et
1648 3603 1821 3634 universale
1845 3603 1877 3634 in
1900 3603 1970 3635 luce
1994 3605 2079 3641 solis,
2099 3605 2242 3645 procedit
2256 3612 2361 3636 tamen
2381 3613 2488 3634 corru-

1423 3647 1571 3687 ptibiliter
1594 3654 1624 3678 et
1647 3647 1881 3687 particulariter.
1909 3649 2056 3689 Undique
2080 3649 2174 3689 igitur
2197 3647 2384 3688 ambiguitas
2409 3654 2464 3678 est.
