<?xml version="1.0" encoding="UTF-8"?>
<!DOCTYPE html PUBLIC "-//W3C//DTD XHTML 1.0 Transitional//EN"
    "http://www.w3.org/TR/xhtml1/DTD/xhtml1-transitional.dtd">
<html xmlns="http://www.w3.org/1999/xhtml" xml:lang="en" lang="en">
 <head>
  <title>
</title>
<meta http-equiv="Content-Type" content="text/html;charset=utf-8" />
  <meta name='ocr-system' content='tesseract 3.04.00' />
  <meta name='ocr-capabilities' content='ocr_page ocr_carea ocr_par ocr_line ocrx_word'/>
</head>
<body>
  <div class='ocr_page' id='page_1' title='image "./operaomniaiussui04thom/operaomniaiussui04thom_0505.png"; bbox 0 0 2768 4178; ppageno 0'>
   <div class='ocr_carea' id='block_1_1' title="bbox 44 494 212 523">
    <p class='ocr_par' dir='ltr' id='par_1_1' title="bbox 44 494 212 523">
     <span class='ocr_line' id='line_1_1' title="bbox 44 494 212 523; baseline -0.012 -5"><span class='ocrx_word' id='word_1_1' title='bbox 44 496 56 507; x_wconf 81' lang='lat'>¹·</span> <span class='ocrx_word' id='word_1_2' title='bbox 70 495 139 518; x_wconf 75' lang='lat' dir='ltr'>Vers.</span> <span class='ocrx_word' id='word_1_3' title='bbox 153 500 174 523; x_wconf 92' lang='lat'>7,</span> <span class='ocrx_word' id='word_1_4' title='bbox 190 494 212 517; x_wconf 87' lang='lat'>8.</span> 
     </span>
    </p>
   </div>
   <div class='ocr_carea' id='block_1_2' title="bbox 46 865 256 891">
    <p class='ocr_par' dir='ltr' id='par_1_2' title="bbox 46 865 256 891">
     <span class='ocr_line' id='line_1_2' title="bbox 46 865 256 891; baseline -0.01 -3"><span class='ocrx_word' id='word_1_5' title='bbox 46 867 57 877; x_wconf 89' lang='grc'><em>·</em></span> <span class='ocrx_word' id='word_1_6' title='bbox 74 865 132 888; x_wconf 81' lang='lat' dir='ltr'>Peri</span> <span class='ocrx_word' id='word_1_7' title='bbox 145 865 256 891; x_wconf 71' lang='lat' dir='ltr'>Archon..</span> 
     </span>
    </p>
   </div>
   <div class='ocr_carea' id='block_1_3' title="bbox 0 892 258 919">
    <p class='ocr_par' dir='ltr' id='par_1_3' title="bbox 0 892 258 919">
     <span class='ocr_line' id='line_1_3' title="bbox 0 892 258 919; baseline -0.008 -4"><span class='ocrx_word' id='word_1_8' title='bbox 0 912 2 915; x_wconf 80' lang='grc'>,</span> <span class='ocrx_word' id='word_1_9' title='bbox 35 892 108 915; x_wconf 80' lang='lat' dir='ltr'>&#39;lib.1</span> <span class='ocrx_word' id='word_1_10' title='bbox 131 897 183 914; x_wconf 81' lang='lat' dir='ltr'>c.v1</span> <span class='ocrx_word' id='word_1_11' title='bbox 197 897 258 919; x_wconf 51' lang='grc' dir='ltr'>ερας</span> 
     </span>
    </p>
   </div>
   <div class='ocr_carea' id='block_1_4' title="bbox 45 907 256 968">
    <p class='ocr_par' dir='ltr' id='par_1_4' title="bbox 45 907 256 968">
     <span class='ocr_line' id='line_1_4' title="bbox 45 907 256 968; baseline -0.009 -27"><span class='ocrx_word' id='word_1_12' title='bbox 45 918 87 968; x_wconf 48' lang='lat' dir='ltr'>ab.</span> <span class='ocrx_word' id='word_1_13' title='bbox 96 907 127 946; x_wconf 78' lang='grc' dir='ltr'>ῙῘ,</span> <span class='ocrx_word' id='word_1_14' title='bbox 141 923 193 946; x_wconf 69' lang='lat' dir='ltr'>etp.</span> <span class='ocrx_word' id='word_1_15' title='bbox 201 924 219 945; x_wconf 87' lang='lat'>1,</span> <span class='ocrx_word' id='word_1_16' title='bbox 230 923 256 945; x_wconf 77' lang='lat' dir='ltr'>n,</span> 
     </span>
    </p>
   </div>
   <div class='ocr_carea' id='block_1_5' title="bbox 13 1811 235 1859">
    <p class='ocr_par' dir='ltr' id='par_1_5' title="bbox 13 1811 235 1859">
     <span class='ocr_line' id='line_1_5' title="bbox 13 1811 235 1859; baseline 0 -13"><span class='ocrx_word' id='word_1_17' title='bbox 13 1811 184 1859; x_wconf 42' lang='lat' dir='ltr'>fimi-‚ga</span> <span class='ocrx_word' id='word_1_18' title='bbox 234 1854 235 1857; x_wconf 13' lang='grc' dir='ltr'><strong>Ἴ</strong></span> 
     </span>
    </p>
   </div>
   <div class='ocr_carea' id='block_1_6' title="bbox 42 1914 206 1944">
    <p class='ocr_par' dir='ltr' id='par_1_6' title="bbox 42 1914 206 1944">
     <span class='ocr_line' id='line_1_6' title="bbox 42 1914 206 1944; baseline -0.006 -6"><span class='ocrx_word' id='word_1_19' title='bbox 42 1914 206 1944; x_wconf 75' lang='lat' dir='ltr'>·c=p.xm.</span> 
     </span>
    </p>
   </div>
   <div class='ocr_carea' id='block_1_7' title="bbox 49 3423 240 3447">
    <p class='ocr_par' dir='ltr' id='par_1_7' title="bbox 49 3423 240 3447">
     <span class='ocr_line' id='line_1_7' title="bbox 49 3423 240 3447; baseline -0.005 0"><span class='ocrx_word' id='word_1_20' title='bbox 49 3423 63 3436; x_wconf 74' lang='lat'>⁸</span> <span class='ocrx_word' id='word_1_21' title='bbox 77 3423 114 3447; x_wconf 78' lang='lat' dir='ltr'>Cf.</span> <span class='ocrx_word' id='word_1_22' title='bbox 129 3429 195 3447; x_wconf 82' lang='lat' dir='ltr'>num.</span> <span class='ocrx_word' id='word_1_23' title='bbox 208 3429 240 3446; x_wconf 75' lang='lat' dir='ltr'>xv.</span> 
     </span>
    </p>
   </div>
   <div class='ocr_carea' id='block_1_8' title="bbox 0 1100 48 4178">
    <p class='ocr_par' dir='ltr' id='par_1_8' title="bbox 0 1100 48 4178">
     <span class='ocr_line' id='line_1_8' title="bbox 0 1100 48 4178; baseline 0 0"><span class='ocrx_word' id='word_1_24' title='bbox 0 1100 48 4178; x_wconf 95' lang='lat' dir='ltr'> </span> 
     </span>
    </p>
   </div>
   <div class='ocr_carea' id='block_1_9' title="bbox 958 244 1798 293">
    <p class='ocr_par' dir='ltr' id='par_1_9' title="bbox 958 244 1798 293">
     <span class='ocr_line' id='line_1_9' title="bbox 958 244 1798 293; baseline 0.01 -14"><span class='ocrx_word' id='word_1_25' title='bbox 958 244 1224 290; x_wconf 89' lang='lat' dir='ltr'>QUAESTIO</span> <span class='ocrx_word' id='word_1_26' title='bbox 1254 245 1410 293; x_wconf 91' lang='lat' dir='ltr'>XLVII,</span> <span class='ocrx_word' id='word_1_27' title='bbox 1441 248 1737 286; x_wconf 89' lang='lat' dir='ltr'>ARTICULUS</span> <span class='ocrx_word' id='word_1_28' title='bbox 1766 251 1798 286; x_wconf 94' lang='lat' dir='ltr'>II</span> 
     </span>
    </p>
   </div>
   <div class='ocr_carea' id='block_1_10' title="bbox 285 322 1356 1274">
    <p class='ocr_par' dir='ltr' id='par_1_10' title="bbox 286 322 1352 478">
     <span class='ocr_line' id='line_1_10' title="bbox 287 322 1352 372; baseline 0 -12"><span class='ocrx_word' id='word_1_29' title='bbox 287 324 401 360; x_wconf 90' lang='lat' dir='ltr'>rebus</span> <span class='ocrx_word' id='word_1_30' title='bbox 430 322 713 369; x_wconf 78' lang='lat' dir='ltr'>communicat,</span> <span class='ocrx_word' id='word_1_31' title='bbox 751 333 831 358; x_wconf 94' lang='lat' dir='ltr'>non</span> <span class='ocrx_word' id='word_1_32' title='bbox 864 330 1197 371; x_wconf 89' lang='lat' dir='ltr'>praesupponatur</span> <span class='ocrx_word' id='word_1_33' title='bbox 1229 323 1352 372; x_wconf 88' lang='lat' dir='ltr'>aliqua</span> 
     </span>
     <span class='ocr_line' id='line_1_11' title="bbox 286 374 1352 425; baseline -0.001 -12"><span class='ocrx_word' id='word_1_34' title='bbox 286 376 533 425; x_wconf 87' lang='lat' dir='ltr'>inaequalitas</span> <span class='ocrx_word' id='word_1_35' title='bbox 566 388 693 413; x_wconf 90' lang='lat' dir='ltr'>rerum</span> <span class='ocrx_word' id='word_1_36' title='bbox 721 380 747 422; x_wconf 85' lang='lat'>⁷,</span> <span class='ocrx_word' id='word_1_37' title='bbox 768 374 918 412; x_wconf 88' lang='lat' dir='ltr'>videtur</span> <span class='ocrx_word' id='word_1_38' title='bbox 937 376 1040 423; x_wconf 92' lang='lat' dir='ltr'>quod</span> <span class='ocrx_word' id='word_1_39' title='bbox 1061 375 1189 412; x_wconf 90' lang='lat' dir='ltr'>fecerit</span> <span class='ocrx_word' id='word_1_40' title='bbox 1222 376 1352 412; x_wconf 92' lang='lat' dir='ltr'>omnia</span> 
     </span>
     <span class='ocr_line' id='line_1_12' title="bbox 287 430 472 478; baseline -0.005 -11"><span class='ocrx_word' id='word_1_41' title='bbox 287 430 472 478; x_wconf 81' lang='lat' dir='ltr'>aequalia.</span> 
     </span>
    </p>

    <p class='ocr_par' dir='ltr' id='par_1_11' title="bbox 285 479 1356 678">
     <span class='ocr_line' id='line_1_13' title="bbox 341 479 1350 530; baseline -0.003 -10"><span class='ocrx_word' id='word_1_42' title='bbox 341 484 415 520; x_wconf 80' lang='lat' dir='ltr'>SED</span> <span class='ocrx_word' id='word_1_43' title='bbox 449 494 595 519; x_wconf 78' lang='lat' dir='ltr'>CONTRA</span> <span class='ocrx_word' id='word_1_44' title='bbox 628 493 694 518; x_wconf 83' lang='lat' dir='ltr'>EST</span> <span class='ocrx_word' id='word_1_45' title='bbox 721 479 828 530; x_wconf 91' lang='lat' dir='ltr'>quod</span> <span class='ocrx_word' id='word_1_46' title='bbox 862 479 996 517; x_wconf 88' lang='lat' dir='ltr'>dicitur</span> <span class='ocrx_word' id='word_1_47' title='bbox 1027 481 1143 517; x_wconf 90' lang='lat' dir='ltr'>Eccli.</span> <span class='ocrx_word' id='word_1_48' title='bbox 1178 493 1286 517; x_wconf 78' lang='lat' dir='ltr'>xxxln</span> <span class='ocrx_word' id='word_1_49' title='bbox 1314 481 1350 517; x_wconf 65' lang='lat' dir='ltr'>*z</span> 
     </span>
     <span class='ocr_line' id='line_1_14' title="bbox 291 533 1356 582; baseline -0.003 -9"><span class='ocrx_word' id='word_1_50' title='bbox 291 536 419 578; x_wconf 85' lang='lat' dir='ltr'><strong><em>Quare</em></strong></span> <span class='ocrx_word' id='word_1_51' title='bbox 445 536 523 572; x_wconf 89' lang='lat' dir='ltr'>dies</span> <span class='ocrx_word' id='word_1_52' title='bbox 540 536 638 572; x_wconf 90' lang='lat' dir='ltr'>diem</span> <span class='ocrx_word' id='word_1_53' title='bbox 665 539 829 582; x_wconf 86' lang='lat' dir='ltr'>superat,</span> <span class='ocrx_word' id='word_1_54' title='bbox 850 539 887 569; x_wconf 92' lang='lat' dir='ltr'>et</span> <span class='ocrx_word' id='word_1_55' title='bbox 911 533 1046 570; x_wconf 89' lang='lat' dir='ltr'>iterum</span> <span class='ocrx_word' id='word_1_56' title='bbox 1075 533 1144 569; x_wconf 89' lang='lat' dir='ltr'>lux</span> <span class='ocrx_word' id='word_1_57' title='bbox 1165 533 1299 579; x_wconf 84' lang='lat' dir='ltr'>lucem,</span> <span class='ocrx_word' id='word_1_58' title='bbox 1320 540 1356 570; x_wconf 89' lang='lat' dir='ltr'>et</span> 
     </span>
     <span class='ocr_line' id='line_1_15' title="bbox 285 585 1353 634; baseline -0.002 -9"><span class='ocrx_word' id='word_1_59' title='bbox 285 600 409 625; x_wconf 86' lang='lat' dir='ltr'>annus</span> <span class='ocrx_word' id='word_1_60' title='bbox 427 600 584 634; x_wconf 86' lang='lat' dir='ltr'>annum,</span> <span class='ocrx_word' id='word_1_61' title='bbox 604 587 662 625; x_wconf 90' lang='lat' dir='ltr'>sol</span> <span class='ocrx_word' id='word_1_62' title='bbox 677 585 827 624; x_wconf 83' lang='lat' dir='ltr'>solem?</span> <span class='ocrx_word' id='word_1_63' title='bbox 844 586 881 622; x_wconf 88' lang='lat' dir='ltr'><strong><em>A</em></strong></span> <span class='ocrx_word' id='word_1_64' title='bbox 901 586 1061 623; x_wconf 86' lang='lat' dir='ltr'><em>Domini</em></span> <span class='ocrx_word' id='word_1_65' title='bbox 1076 586 1229 622; x_wconf 89' lang='lat' dir='ltr'>scientia</span> <span class='ocrx_word' id='word_1_66' title='bbox 1247 598 1353 634; x_wconf 85' lang='lat' dir='ltr'>sepa-</span> 
     </span>
     <span class='ocr_line' id='line_1_16' title="bbox 286 647 494 678; baseline 0 0"><span class='ocrx_word' id='word_1_67' title='bbox 286 647 371 678; x_wconf 90' lang='lat' dir='ltr'>rata</span> <span class='ocrx_word' id='word_1_68' title='bbox 398 647 494 678; x_wconf 89' lang='lat' dir='ltr'>sunt.</span> 
     </span>
    </p>

    <p class='ocr_par' dir='ltr' id='par_1_12' title="bbox 285 691 1356 1274">
     <span class='ocr_line' id='line_1_17' title="bbox 341 691 1354 739; baseline -0.004 -8"><span class='ocrx_word' id='word_1_69' title='bbox 341 695 566 731; x_wconf 81' lang='lat' dir='ltr'>RESPONDEO</span> <span class='ocrx_word' id='word_1_70' title='bbox 607 704 792 730; x_wconf 78' lang='lat' dir='ltr'>mCENDuM</span> <span class='ocrx_word' id='word_1_71' title='bbox 836 692 943 739; x_wconf 93' lang='lat' dir='ltr'>quod</span> <span class='ocrx_word' id='word_1_72' title='bbox 977 691 1184 739; x_wconf 84' lang='lat' dir='ltr'><strong>Origenes,</strong></span> <span class='ocrx_word' id='word_1_73' title='bbox 1218 692 1354 728; x_wconf 90' lang='lat' dir='ltr'>volens</span> 
     </span>
     <span class='ocr_line' id='line_1_18' title="bbox 288 744 1354 795; baseline -0.004 -10"><span class='ocrx_word' id='word_1_74' title='bbox 288 747 487 785; x_wconf 86' lang='lat' dir='ltr'>excludere</span> <span class='ocrx_word' id='word_1_75' title='bbox 515 745 746 795; x_wconf 84' lang='lat' dir='ltr'>positionem</span> <span class='ocrx_word' id='word_1_76' title='bbox 765 744 992 793; x_wconf 90' lang='lat' dir='ltr'>ponentium</span> <span class='ocrx_word' id='word_1_77' title='bbox 1013 744 1296 782; x_wconf 89' lang='lat' dir='ltr'>distinctionem</span> <span class='ocrx_word' id='word_1_78' title='bbox 1316 744 1354 781; x_wconf 91' lang='lat' dir='ltr'>in</span> 
     </span>
     <span class='ocr_line' id='line_1_19' title="bbox 287 797 1353 847; baseline -0.005 -9"><span class='ocrx_word' id='word_1_79' title='bbox 287 801 401 838; x_wconf 90' lang='lat' dir='ltr'>rebus</span> <span class='ocrx_word' id='word_1_80' title='bbox 421 812 467 837; x_wconf 91' lang='lat' dir='ltr'>ex</span> <span class='ocrx_word' id='word_1_81' title='bbox 487 798 750 836; x_wconf 89' lang='lat' dir='ltr'>contrarietate</span> <span class='ocrx_word' id='word_1_82' title='bbox 779 797 1055 847; x_wconf 85' lang='lat' dir='ltr'>principiorum</span> <span class='ocrx_word' id='word_1_83' title='bbox 1084 797 1177 834; x_wconf 93' lang='lat' dir='ltr'>boni</span> <span class='ocrx_word' id='word_1_84' title='bbox 1198 805 1234 834; x_wconf 93' lang='lat' dir='ltr'>et</span> <span class='ocrx_word' id='word_1_85' title='bbox 1251 797 1353 844; x_wconf 87' lang='lat' dir='ltr'>mali,</span> 
     </span>
     <span class='ocr_line' id='line_1_20' title="bbox 285 851 1355 902; baseline -0.004 -12"><span class='ocrx_word' id='word_1_86' title='bbox 285 853 414 902; x_wconf 90' lang='lat' dir='ltr'>posuit</span> <span class='ocrx_word' id='word_1_87' title='bbox 430 852 451 875; x_wconf 73' lang='lat'>’¹‘</span> <span class='ocrx_word' id='word_1_88' title='bbox 479 865 502 889; x_wconf 91' lang='lat' dir='ltr'>a</span> <span class='ocrx_word' id='word_1_89' title='bbox 520 853 606 888; x_wconf 92' lang='lat' dir='ltr'>Deo</span> <span class='ocrx_word' id='word_1_90' title='bbox 626 864 648 888; x_wconf 92' lang='lat' dir='ltr'>a</span> <span class='ocrx_word' id='word_1_91' title='bbox 667 851 852 900; x_wconf 90' lang='lat' dir='ltr'>principio</span> <span class='ocrx_word' id='word_1_92' title='bbox 882 851 1013 888; x_wconf 86' lang='lat' dir='ltr'>omnia</span> <span class='ocrx_word' id='word_1_93' title='bbox 1042 858 1166 887; x_wconf 89' lang='lat' dir='ltr'>creata</span> <span class='ocrx_word' id='word_1_94' title='bbox 1186 862 1268 887; x_wconf 90' lang='lat' dir='ltr'>esse</span> <span class='ocrx_word' id='word_1_95' title='bbox 1294 862 1355 886; x_wconf 91' lang='lat' dir='ltr'>ae-</span> 
     </span>
     <span class='ocr_line' id='line_1_21' title="bbox 286 903 1354 955; baseline -0.004 -12"><span class='ocrx_word' id='word_1_96' title='bbox 286 906 423 955; x_wconf 90' lang='lat' dir='ltr'>qualia.</span> <span class='ocrx_word' id='word_1_97' title='bbox 449 905 550 942; x_wconf 91' lang='lat' dir='ltr'>Dicit</span> <span class='ocrx_word' id='word_1_98' title='bbox 570 905 672 942; x_wconf 92' lang='lat' dir='ltr'>enim</span> <span class='ocrx_word' id='word_1_99' title='bbox 691 904 798 953; x_wconf 93' lang='lat' dir='ltr'>quod</span> <span class='ocrx_word' id='word_1_100' title='bbox 818 905 924 941; x_wconf 88' lang='lat' dir='ltr'>Deus</span> <span class='ocrx_word' id='word_1_101' title='bbox 942 904 1068 954; x_wconf 91' lang='lat' dir='ltr'>primo</span> <span class='ocrx_word' id='word_1_102' title='bbox 1091 903 1232 940; x_wconf 85' lang='lat' dir='ltr'>creavit</span> <span class='ocrx_word' id='word_1_103' title='bbox 1253 915 1354 940; x_wconf 91' lang='lat' dir='ltr'>crea-</span> 
     </span>
     <span class='ocr_line' id='line_1_22' title="bbox 285 955 1355 1006; baseline -0.001 -10"><span class='ocrx_word' id='word_1_104' title='bbox 285 967 389 997; x_wconf 89' lang='lat' dir='ltr'>turas</span> <span class='ocrx_word' id='word_1_105' title='bbox 417 958 619 996; x_wconf 88' lang='lat' dir='ltr'>rationales</span> <span class='ocrx_word' id='word_1_106' title='bbox 647 965 815 1005; x_wconf 87' lang='lat' dir='ltr'>tantum,</span> <span class='ocrx_word' id='word_1_107' title='bbox 846 965 882 994; x_wconf 91' lang='lat' dir='ltr'>et</span> <span class='ocrx_word' id='word_1_108' title='bbox 920 969 1055 994; x_wconf 89' lang='lat' dir='ltr'>omnes</span> <span class='ocrx_word' id='word_1_109' title='bbox 1088 957 1286 1006; x_wconf 87' lang='lat' dir='ltr'>aequales:</span> <span class='ocrx_word' id='word_1_110' title='bbox 1316 955 1355 995; x_wconf 89' lang='lat' dir='ltr'>in</span> 
     </span>
     <span class='ocr_line' id='line_1_23' title="bbox 286 1009 1354 1062; baseline -0.004 -13"><span class='ocrx_word' id='word_1_111' title='bbox 286 1012 425 1062; x_wconf 90' lang='lat' dir='ltr'>quibus</span> <span class='ocrx_word' id='word_1_112' title='bbox 462 1012 587 1061; x_wconf 91' lang='lat' dir='ltr'>primo</span> <span class='ocrx_word' id='word_1_113' title='bbox 618 1011 747 1048; x_wconf 84' lang='lat' dir='ltr'>exorta</span> <span class='ocrx_word' id='word_1_114' title='bbox 785 1018 840 1048; x_wconf 92' lang='lat' dir='ltr'>est</span> <span class='ocrx_word' id='word_1_115' title='bbox 871 1010 1118 1059; x_wconf 88' lang='lat' dir='ltr'>inaequalitas</span> <span class='ocrx_word' id='word_1_116' title='bbox 1157 1022 1202 1046; x_wconf 88' lang='lat' dir='ltr'>ex</span> <span class='ocrx_word' id='word_1_117' title='bbox 1235 1009 1354 1046; x_wconf 85' lang='lat' dir='ltr'>libero</span> 
     </span>
     <span class='ocr_line' id='line_1_24' title="bbox 286 1063 1354 1114; baseline -0.004 -11"><span class='ocrx_word' id='word_1_118' title='bbox 286 1066 454 1112; x_wconf 86' lang='lat' dir='ltr'>arbitrio,</span> <span class='ocrx_word' id='word_1_119' title='bbox 467 1065 699 1114; x_wconf 91' lang='lat' dir='ltr'>quibusdam</span> <span class='ocrx_word' id='word_1_120' title='bbox 720 1063 916 1101; x_wconf 89' lang='lat' dir='ltr'>conversis</span> <span class='ocrx_word' id='word_1_121' title='bbox 934 1063 973 1101; x_wconf 93' lang='lat' dir='ltr'>in</span> <span class='ocrx_word' id='word_1_122' title='bbox 993 1065 1120 1101; x_wconf 90' lang='lat' dir='ltr'>Deum</span> <span class='ocrx_word' id='word_1_123' title='bbox 1142 1063 1354 1100; x_wconf 91' lang='lat' dir='ltr'>secundum</span> 
     </span>
     <span class='ocr_line' id='line_1_25' title="bbox 287 1116 1356 1167; baseline -0.004 -11"><span class='ocrx_word' id='word_1_124' title='bbox 287 1119 408 1167; x_wconf 85' lang='lat' dir='ltr'>magis</span> <span class='ocrx_word' id='word_1_125' title='bbox 429 1125 466 1155; x_wconf 90' lang='lat' dir='ltr'>et</span> <span class='ocrx_word' id='word_1_126' title='bbox 484 1118 624 1164; x_wconf 86' lang='lat' dir='ltr'>minus,</span> <span class='ocrx_word' id='word_1_127' title='bbox 645 1117 878 1166; x_wconf 90' lang='lat' dir='ltr'>quibusdam</span> <span class='ocrx_word' id='word_1_128' title='bbox 908 1117 1018 1161; x_wconf 83' lang='lat' dir='ltr'>etiam</span> <span class='ocrx_word' id='word_1_129' title='bbox 1043 1116 1256 1153; x_wconf 90' lang='lat' dir='ltr'>secundum</span> <span class='ocrx_word' id='word_1_130' title='bbox 1275 1127 1356 1152; x_wconf 90' lang='lat' dir='ltr'>ma-</span> 
     </span>
     <span class='ocr_line' id='line_1_26' title="bbox 287 1169 1355 1221; baseline -0.004 -12"><span class='ocrx_word' id='word_1_131' title='bbox 287 1172 343 1221; x_wconf 87' lang='lat' dir='ltr'>gis</span> <span class='ocrx_word' id='word_1_132' title='bbox 363 1179 399 1209; x_wconf 91' lang='lat' dir='ltr'>et</span> <span class='ocrx_word' id='word_1_133' title='bbox 417 1172 544 1208; x_wconf 88' lang='lat' dir='ltr'>minus</span> <span class='ocrx_word' id='word_1_134' title='bbox 563 1183 586 1208; x_wconf 91' lang='lat' dir='ltr'>a</span> <span class='ocrx_word' id='word_1_135' title='bbox 604 1172 690 1208; x_wconf 94' lang='lat' dir='ltr'>Deo</span> <span class='ocrx_word' id='word_1_136' title='bbox 720 1170 876 1208; x_wconf 88' lang='lat' dir='ltr'>aversis.</span> <span class='ocrx_word' id='word_1_137' title='bbox 907 1171 995 1207; x_wconf 91' lang='lat' dir='ltr'>Illae</span> <span class='ocrx_word' id='word_1_138' title='bbox 1023 1169 1134 1217; x_wconf 82' lang='lat' dir='ltr'>igitur</span> <span class='ocrx_word' id='word_1_139' title='bbox 1153 1169 1355 1206; x_wconf 88' lang='lat' dir='ltr'>rationales</span> 
     </span>
     <span class='ocr_line' id='line_1_27' title="bbox 288 1221 1354 1274; baseline -0.004 -12"><span class='ocrx_word' id='word_1_140' title='bbox 288 1232 481 1262; x_wconf 84' lang='lat' dir='ltr'>creaturae</span> <span class='ocrx_word' id='word_1_141' title='bbox 501 1222 516 1246; x_wconf 70' lang='lat'><em>⁸</em></span> <span class='ocrx_word' id='word_1_142' title='bbox 538 1236 637 1274; x_wconf 89' lang='lat' dir='ltr'>quae</span> <span class='ocrx_word' id='word_1_143' title='bbox 657 1223 706 1261; x_wconf 89' lang='lat' dir='ltr'>ad</span> <span class='ocrx_word' id='word_1_144' title='bbox 734 1224 861 1260; x_wconf 91' lang='lat' dir='ltr'>Deum</span> <span class='ocrx_word' id='word_1_145' title='bbox 879 1235 950 1272; x_wconf 91' lang='lat' dir='ltr'>per</span> <span class='ocrx_word' id='word_1_146' title='bbox 976 1222 1139 1260; x_wconf 90' lang='lat' dir='ltr'>liberum</span> <span class='ocrx_word' id='word_1_147' title='bbox 1159 1221 1354 1259; x_wconf 84' lang='lat' dir='ltr'>arbitrium</span> 
     </span>
    </p>
   </div>
   <div class='ocr_carea' id='block_1_11' title="bbox 271 1275 1355 1326">
    <p class='ocr_par' dir='ltr' id='par_1_13' title="bbox 271 1275 1355 1326">
     <span class='ocr_line' id='line_1_28' title="bbox 271 1275 1355 1326; baseline -0.004 -11"><span class='ocrx_word' id='word_1_148' title='bbox 271 1282 634 1325; x_wconf 38' lang='lat' dir='ltr'>,.conversaessunt,</span> <span class='ocrx_word' id='word_1_149' title='bbox 667 1284 868 1326; x_wconf 89' lang='lat' dir='ltr'>promotae</span> <span class='ocrx_word' id='word_1_150' title='bbox 897 1284 984 1313; x_wconf 90' lang='lat' dir='ltr'>sunt</span> <span class='ocrx_word' id='word_1_151' title='bbox 1017 1275 1066 1313; x_wconf 90' lang='lat' dir='ltr'>ad</span> <span class='ocrx_word' id='word_1_152' title='bbox 1094 1275 1266 1312; x_wconf 90' lang='lat' dir='ltr'>diversos</span> <span class='ocrx_word' id='word_1_153' title='bbox 1295 1287 1355 1312; x_wconf 94' lang='lat' dir='ltr'>or-</span> 
     </span>
    </p>
   </div>
   <div class='ocr_carea' id='block_1_12' title="bbox 282 1328 1361 3162">
    <p class='ocr_par' dir='ltr' id='par_1_14' title="bbox 285 1328 1356 1593">
     <span class='ocr_line' id='line_1_29' title="bbox 287 1328 1354 1379; baseline -0.005 -10"><span class='ocrx_word' id='word_1_154' title='bbox 287 1330 396 1370; x_wconf 88' lang='lat' dir='ltr'>dines</span> <span class='ocrx_word' id='word_1_155' title='bbox 416 1332 652 1379; x_wconf 77' lang='lat' dir='ltr'>angelorum,</span> <span class='ocrx_word' id='word_1_156' title='bbox 672 1343 742 1379; x_wconf 92' lang='lat' dir='ltr'>pro</span> <span class='ocrx_word' id='word_1_157' title='bbox 763 1329 979 1367; x_wconf 88' lang='lat' dir='ltr'>diversitate</span> <span class='ocrx_word' id='word_1_158' title='bbox 999 1328 1236 1366; x_wconf 91' lang='lat' dir='ltr'>meritorum.</span> <span class='ocrx_word' id='word_1_159' title='bbox 1267 1329 1354 1364; x_wconf 91' lang='lat' dir='ltr'>Illae</span> 
     </span>
     <span class='ocr_line' id='line_1_30' title="bbox 287 1381 1355 1433; baseline -0.005 -11"><span class='ocrx_word' id='word_1_160' title='bbox 287 1391 417 1422; x_wconf 82' lang='lat' dir='ltr'>autem</span> <span class='ocrx_word' id='word_1_161' title='bbox 437 1397 535 1433; x_wconf 90' lang='lat' dir='ltr'>quae</span> <span class='ocrx_word' id='word_1_162' title='bbox 555 1396 714 1422; x_wconf 90' lang='lat' dir='ltr'>aversae</span> <span class='ocrx_word' id='word_1_163' title='bbox 742 1391 830 1421; x_wconf 91' lang='lat' dir='ltr'>sunt</span> <span class='ocrx_word' id='word_1_164' title='bbox 849 1395 871 1420; x_wconf 91' lang='lat' dir='ltr'>a</span> <span class='ocrx_word' id='word_1_165' title='bbox 895 1383 993 1430; x_wconf 90' lang='lat' dir='ltr'>Deo,</span> <span class='ocrx_word' id='word_1_166' title='bbox 1023 1389 1110 1419; x_wconf 91' lang='lat' dir='ltr'>sunt</span> <span class='ocrx_word' id='word_1_167' title='bbox 1130 1381 1355 1430; x_wconf 89' lang='lat' dir='ltr'>corporibus</span> 
     </span>
     <span class='ocr_line' id='line_1_31' title="bbox 287 1434 1354 1486; baseline -0.004 -11"><span class='ocrx_word' id='word_1_168' title='bbox 287 1437 458 1486; x_wconf 89' lang='lat' dir='ltr'>alligatae</span> <span class='ocrx_word' id='word_1_169' title='bbox 483 1437 654 1484; x_wconf 88' lang='lat' dir='ltr'>diversis,</span> <span class='ocrx_word' id='word_1_170' title='bbox 670 1437 885 1474; x_wconf 89' lang='lat' dir='ltr'>secundum</span> <span class='ocrx_word' id='word_1_171' title='bbox 906 1435 1163 1473; x_wconf 87' lang='lat' dir='ltr'>diversitatem</span> <span class='ocrx_word' id='word_1_172' title='bbox 1187 1434 1354 1484; x_wconf 88' lang='lat' dir='ltr'>peccati:</span> 
     </span>
     <span class='ocr_line' id='line_1_32' title="bbox 288 1488 1356 1528; baseline -0.004 0"><span class='ocrx_word' id='word_1_173' title='bbox 288 1499 326 1528; x_wconf 89' lang='lat' dir='ltr'>et</span> <span class='ocrx_word' id='word_1_174' title='bbox 351 1491 452 1528; x_wconf 88' lang='lat' dir='ltr'>hanc</span> <span class='ocrx_word' id='word_1_175' title='bbox 484 1503 641 1528; x_wconf 85' lang='lat' dir='ltr'>causam</span> <span class='ocrx_word' id='word_1_176' title='bbox 671 1489 759 1527; x_wconf 88' lang='lat' dir='ltr'>dicit</span> <span class='ocrx_word' id='word_1_177' title='bbox 787 1502 871 1527; x_wconf 93' lang='lat' dir='ltr'>esse</span> <span class='ocrx_word' id='word_1_178' title='bbox 900 1488 1101 1526; x_wconf 90' lang='lat' dir='ltr'>creationis</span> <span class='ocrx_word' id='word_1_179' title='bbox 1139 1495 1176 1525; x_wconf 88' lang='lat' dir='ltr'>et</span> <span class='ocrx_word' id='word_1_180' title='bbox 1201 1488 1356 1526; x_wconf 87' lang='lat' dir='ltr'>diversi-</span> 
     </span>
     <span class='ocr_line' id='line_1_33' title="bbox 285 1544 618 1593; baseline -0.003 -12"><span class='ocrx_word' id='word_1_181' title='bbox 285 1544 370 1582; x_wconf 84' lang='lat' dir='ltr'>tatis</span> <span class='ocrx_word' id='word_1_182' title='bbox 399 1555 618 1593; x_wconf 88' lang='lat' dir='ltr'>corporum.</span> 
     </span>
    </p>

    <p class='ocr_par' dir='ltr' id='par_1_15' title="bbox 282 1594 1361 2272">
     <span class='ocr_line' id='line_1_34' title="bbox 341 1594 1356 1644; baseline -0.003 -10"><span class='ocrx_word' id='word_1_183' title='bbox 341 1596 420 1635; x_wconf 92' lang='lat' dir='ltr'>Sed</span> <span class='ocrx_word' id='word_1_184' title='bbox 451 1596 665 1634; x_wconf 90' lang='lat' dir='ltr'>secundum</span> <span class='ocrx_word' id='word_1_185' title='bbox 699 1596 795 1642; x_wconf 64' lang='lat' dir='ltr'>hoc,</span> <span class='ocrx_word' id='word_1_186' title='bbox 824 1595 1050 1633; x_wconf 87' lang='lat' dir='ltr'>universitas</span> <span class='ocrx_word' id='word_1_187' title='bbox 1071 1601 1080 1615; x_wconf 80' lang='lat'><em>²</em></span> <span class='ocrx_word' id='word_1_188' title='bbox 1101 1594 1356 1644; x_wconf 89' lang='lat' dir='ltr'>corporalium</span> 
     </span>
     <span class='ocr_line' id='line_1_35' title="bbox 286 1647 1356 1698; baseline -0.004 -10"><span class='ocrx_word' id='word_1_189' title='bbox 286 1657 547 1688; x_wconf 86' lang='lat' dir='ltr'>creaturarum</span> <span class='ocrx_word' id='word_1_190' title='bbox 589 1661 670 1687; x_wconf 91' lang='lat' dir='ltr'>non</span> <span class='ocrx_word' id='word_1_191' title='bbox 708 1656 806 1686; x_wconf 92' lang='lat' dir='ltr'>esset</span> <span class='ocrx_word' id='word_1_192' title='bbox 845 1656 1002 1698; x_wconf 91' lang='lat' dir='ltr'>propter</span> <span class='ocrx_word' id='word_1_193' title='bbox 1038 1647 1248 1685; x_wconf 89' lang='lat' dir='ltr'>bonitatem</span> <span class='ocrx_word' id='word_1_194' title='bbox 1284 1647 1356 1685; x_wconf 90' lang='lat' dir='ltr'>Dei</span> 
     </span>
     <span class='ocr_line' id='line_1_36' title="bbox 287 1701 1356 1751; baseline -0.002 -11"><span class='ocrx_word' id='word_1_195' title='bbox 287 1703 653 1741; x_wconf 89' lang='lat' dir='ltr'>communicandam</span> <span class='ocrx_word' id='word_1_196' title='bbox 688 1702 867 1740; x_wconf 89' lang='lat' dir='ltr'>creaturis</span> <span class='ocrx_word' id='word_1_197' title='bbox 888 1702 913 1750; x_wconf 67' lang='grc' dir='ltr'>ζ,</span> <span class='ocrx_word' id='word_1_198' title='bbox 944 1701 1012 1739; x_wconf 91' lang='lat' dir='ltr'>sed</span> <span class='ocrx_word' id='word_1_199' title='bbox 1040 1702 1088 1739; x_wconf 91' lang='lat' dir='ltr'>ad</span> <span class='ocrx_word' id='word_1_200' title='bbox 1115 1701 1356 1751; x_wconf 90' lang='lat' dir='ltr'>puniendum</span> 
     </span>
     <span class='ocr_line' id='line_1_37' title="bbox 286 1754 1358 1806; baseline -0.003 -12"><span class='ocrx_word' id='word_1_201' title='bbox 286 1764 500 1806; x_wconf 87' lang='lat' dir='ltr'>peccatum.</span> <span class='ocrx_word' id='word_1_202' title='bbox 537 1755 654 1802; x_wconf 91' lang='lat' dir='ltr'>Quod</span> <span class='ocrx_word' id='word_1_203' title='bbox 693 1763 748 1793; x_wconf 91' lang='lat' dir='ltr'>est</span> <span class='ocrx_word' id='word_1_204' title='bbox 781 1763 913 1793; x_wconf 91' lang='lat' dir='ltr'>contra</span> <span class='ocrx_word' id='word_1_205' title='bbox 950 1755 1042 1792; x_wconf 92' lang='lat' dir='ltr'>illud</span> <span class='ocrx_word' id='word_1_206' title='bbox 1079 1755 1184 1804; x_wconf 92' lang='lat' dir='ltr'>quod</span> <span class='ocrx_word' id='word_1_207' title='bbox 1223 1754 1358 1792; x_wconf 91' lang='lat' dir='ltr'>dicitur</span> 
     </span>
     <span class='ocr_line' id='line_1_38' title="bbox 291 1809 1360 1858; baseline -0.003 -11"><span class='ocrx_word' id='word_1_208' title='bbox 291 1810 384 1848; x_wconf 85' lang='lat' dir='ltr'>Gen.</span> <span class='ocrx_word' id='word_1_209' title='bbox 406 1822 417 1847; x_wconf 94' lang='lat'>1</span> <span class='ocrx_word' id='word_1_210' title='bbox 435 1809 470 1846; x_wconf 74' lang='lat' dir='ltr'>*z</span> <span class='ocrx_word' id='word_1_211' title='bbox 507 1809 606 1847; x_wconf 87' lang='lat' dir='ltr'>Vidit</span> <span class='ocrx_word' id='word_1_212' title='bbox 621 1811 726 1846; x_wconf 87' lang='lat' dir='ltr'>Deus</span> <span class='ocrx_word' id='word_1_213' title='bbox 745 1815 879 1846; x_wconf 88' lang='lat' dir='ltr'>cuncta</span> <span class='ocrx_word' id='word_1_214' title='bbox 908 1821 1006 1858; x_wconf 87' lang='lat' dir='ltr'>quae</span> <span class='ocrx_word' id='word_1_215' title='bbox 1013 1809 1176 1858; x_wconf 87' lang='lat' dir='ltr'>fecerat,</span> <span class='ocrx_word' id='word_1_216' title='bbox 1197 1814 1234 1844; x_wconf 90' lang='lat' dir='ltr'>et</span> <span class='ocrx_word' id='word_1_217' title='bbox 1250 1814 1360 1845; x_wconf 88' lang='lat' dir='ltr'>erant</span> 
     </span>
     <span class='ocr_line' id='line_1_39' title="bbox 286 1862 1356 1910; baseline -0.003 -9"><span class='ocrx_word' id='word_1_218' title='bbox 286 1863 397 1902; x_wconf 75' lang='lat' dir='ltr'>valde</span> <span class='ocrx_word' id='word_1_219' title='bbox 424 1864 538 1900; x_wconf 84' lang='lat' dir='ltr'>hona.</span> <span class='ocrx_word' id='word_1_220' title='bbox 570 1863 620 1900; x_wconf 92' lang='lat' dir='ltr'>Et</span> <span class='ocrx_word' id='word_1_221' title='bbox 646 1870 688 1899; x_wconf 92' lang='lat' dir='ltr'>ut</span> <span class='ocrx_word' id='word_1_222' title='bbox 714 1862 949 1910; x_wconf 88' lang='lat' dir='ltr'>Augustinus</span> <span class='ocrx_word' id='word_1_223' title='bbox 980 1862 1085 1908; x_wconf 92' lang='lat' dir='ltr'>dicit,</span> <span class='ocrx_word' id='word_1_224' title='bbox 1116 1862 1168 1898; x_wconf 92' lang='lat' dir='ltr'>XI</span> <span class='ocrx_word' id='word_1_225' title='bbox 1198 1862 1243 1898; x_wconf 92' lang='lat' dir='ltr'>de</span> <span class='ocrx_word' id='word_1_226' title='bbox 1276 1862 1356 1899; x_wconf 78' lang='lat' dir='ltr'>Civ.</span> 
     </span>
     <span class='ocr_line' id='line_1_40' title="bbox 286 1915 1358 1964; baseline -0.003 -10"><span class='ocrx_word' id='word_1_227' title='bbox 286 1916 364 1955; x_wconf 88' lang='lat' dir='ltr'>Dei</span> <span class='ocrx_word' id='word_1_228' title='bbox 379 1915 420 1953; x_wconf 77' lang='lat' dir='ltr'>*z</span> <span class='ocrx_word' id='word_1_229' title='bbox 454 1916 554 1958; x_wconf 86' lang='lat' dir='ltr'>Quid</span> <span class='ocrx_word' id='word_1_230' title='bbox 577 1915 722 1953; x_wconf 85' lang='lat' dir='ltr'>stultius</span> <span class='ocrx_word' id='word_1_231' title='bbox 740 1916 816 1953; x_wconf 88' lang='lat' dir='ltr'>dici</span> <span class='ocrx_word' id='word_1_232' title='bbox 830 1921 962 1964; x_wconf 84' lang='lat' dir='ltr'>potest,</span> <span class='ocrx_word' id='word_1_233' title='bbox 983 1927 1098 1964; x_wconf 87' lang='lat' dir='ltr'>quam</span> <span class='ocrx_word' id='word_1_234' title='bbox 1127 1915 1236 1951; x_wconf 88' lang='lat' dir='ltr'>istum</span> <span class='ocrx_word' id='word_1_235' title='bbox 1255 1920 1270 1938; x_wconf 80' lang='lat'>&#39;¹</span> <span class='ocrx_word' id='word_1_236' title='bbox 1297 1927 1358 1951; x_wconf 92' lang='lat' dir='ltr'>so-</span> 
     </span>
     <span class='ocr_line' id='line_1_41' title="bbox 288 1968 1361 2016; baseline -0.002 -10"><span class='ocrx_word' id='word_1_237' title='bbox 288 1969 382 2016; x_wconf 90' lang='lat' dir='ltr'>lem,</span> <span class='ocrx_word' id='word_1_238' title='bbox 413 1975 454 2006; x_wconf 86' lang='lat' dir='ltr'>ut</span> <span class='ocrx_word' id='word_1_239' title='bbox 485 1970 522 2006; x_wconf 88' lang='lat' dir='ltr'>in</span> <span class='ocrx_word' id='word_1_240' title='bbox 561 1981 636 2006; x_wconf 88' lang='lat' dir='ltr'>uno</span> <span class='ocrx_word' id='word_1_241' title='bbox 669 1969 810 2006; x_wconf 89' lang='lat' dir='ltr'>mundo</span> <span class='ocrx_word' id='word_1_242' title='bbox 849 1981 945 2006; x_wconf 87' lang='lat' dir='ltr'>unus</span> <span class='ocrx_word' id='word_1_243' title='bbox 981 1974 1093 2014; x_wconf 80' lang='lat' dir='ltr'>esset,</span> <span class='ocrx_word' id='word_1_244' title='bbox 1128 1980 1202 2005; x_wconf 89' lang='lat' dir='ltr'>non</span> <span class='ocrx_word' id='word_1_245' title='bbox 1232 1968 1361 2005; x_wconf 86' lang='lat' dir='ltr'>decori</span> 
     </span>
     <span class='ocr_line' id='line_1_42' title="bbox 282 2021 1358 2072; baseline -0.001 -13"><span class='ocrx_word' id='word_1_246' title='bbox 282 2022 583 2072; x_wconf 81' lang='lat' dir='ltr'>pulchritudinis,</span> <span class='ocrx_word' id='word_1_247' title='bbox 606 2023 668 2060; x_wconf 78' lang='lat' dir='ltr'>vel</span> <span class='ocrx_word' id='word_1_248' title='bbox 688 2022 803 2060; x_wconf 88' lang='lat' dir='ltr'>saluti</span> <span class='ocrx_word' id='word_1_249' title='bbox 828 2033 957 2059; x_wconf 89' lang='lat' dir='ltr'>rerum</span> <span class='ocrx_word' id='word_1_250' title='bbox 986 2021 1242 2070; x_wconf 79' lang='lat' dir='ltr'>corporalium</span> <span class='ocrx_word' id='word_1_251' title='bbox 1271 2033 1358 2058; x_wconf 90' lang='lat' dir='ltr'>con-</span> 
     </span>
     <span class='ocr_line' id='line_1_43' title="bbox 285 2075 1356 2124; baseline -0.002 -10"><span class='ocrx_word' id='word_1_252' title='bbox 285 2075 445 2115; x_wconf 82' lang='lat' dir='ltr'>suluisse</span> <span class='ocrx_word' id='word_1_253' title='bbox 462 2076 646 2124; x_wconf 87' lang='lat' dir='ltr'>artificem</span> <span class='ocrx_word' id='word_1_254' title='bbox 676 2077 823 2120; x_wconf 88' lang='lat' dir='ltr'>Deum;</span> <span class='ocrx_word' id='word_1_255' title='bbox 849 2075 916 2113; x_wconf 88' lang='lat' dir='ltr'>sed</span> <span class='ocrx_word' id='word_1_256' title='bbox 940 2077 1012 2113; x_wconf 87' lang='lat' dir='ltr'>hoc</span> <span class='ocrx_word' id='word_1_257' title='bbox 1035 2076 1160 2124; x_wconf 86' lang='lat' dir='ltr'>potius</span> <span class='ocrx_word' id='word_1_258' title='bbox 1179 2075 1356 2121; x_wconf 80' lang='lat' dir='ltr'>evenisse,</span> 
     </span>
     <span class='ocr_line' id='line_1_44' title="bbox 287 2127 1361 2178; baseline -0.001 -12"><span class='ocrx_word' id='word_1_259' title='bbox 287 2129 377 2178; x_wconf 85' lang='lat' dir='ltr'>quia</span> <span class='ocrx_word' id='word_1_260' title='bbox 410 2141 487 2166; x_wconf 89' lang='lat' dir='ltr'>una</span> <span class='ocrx_word' id='word_1_261' title='bbox 514 2129 645 2166; x_wconf 87' lang='lat' dir='ltr'>anima</span> <span class='ocrx_word' id='word_1_262' title='bbox 672 2130 726 2166; x_wconf 86' lang='lat' dir='ltr'>sic</span> <span class='ocrx_word' id='word_1_263' title='bbox 751 2127 1010 2177; x_wconf 78' lang='lat' dir='ltr'>peccaverat?</span> <span class='ocrx_word' id='word_1_264' title='bbox 1035 2129 1095 2165; x_wconf 82' lang='lat' dir='ltr'>Ac</span> <span class='ocrx_word' id='word_1_265' title='bbox 1116 2140 1190 2176; x_wconf 84' lang='lat' dir='ltr'>per</span> <span class='ocrx_word' id='word_1_266' title='bbox 1215 2129 1298 2174; x_wconf 86' lang='lat' dir='ltr'>hoc,</span> <span class='ocrx_word' id='word_1_267' title='bbox 1327 2128 1361 2165; x_wconf 90' lang='lat' dir='ltr'>si</span> 
     </span>
     <span class='ocr_line' id='line_1_45' title="bbox 287 2181 1361 2231; baseline -0.001 -12"><span class='ocrx_word' id='word_1_268' title='bbox 287 2188 437 2220; x_wconf 88' lang='lat' dir='ltr'>centum</span> <span class='ocrx_word' id='word_1_269' title='bbox 465 2183 618 2219; x_wconf 88' lang='lat' dir='ltr'>animae</span> <span class='ocrx_word' id='word_1_270' title='bbox 637 2188 875 2231; x_wconf 81' lang='lat' dir='ltr'>peccassent,</span> <span class='ocrx_word' id='word_1_271' title='bbox 905 2187 1052 2219; x_wconf 88' lang='lat' dir='ltr'>centum</span> <span class='ocrx_word' id='word_1_272' title='bbox 1084 2181 1180 2219; x_wconf 89' lang='lat' dir='ltr'>soles</span> <span class='ocrx_word' id='word_1_273' title='bbox 1206 2182 1361 2218; x_wconf 86' lang='lat' dir='ltr'>haberet</span> 
     </span>
     <span class='ocr_line' id='line_1_46' title="bbox 287 2235 548 2272; baseline 0 0"><span class='ocrx_word' id='word_1_274' title='bbox 287 2235 349 2272; x_wconf 86' lang='lat' dir='ltr'>hic</span> <span class='ocrx_word' id='word_1_275' title='bbox 375 2236 548 2272; x_wconf 87' lang='lat' dir='ltr'>mundus.</span> 
     </span>
    </p>

    <p class='ocr_par' dir='ltr' id='par_1_16' title="bbox 287 2285 1360 2976">
     <span class='ocr_line' id='line_1_47' title="bbox 342 2285 1360 2337; baseline -0.002 -11"><span class='ocrx_word' id='word_1_276' title='bbox 342 2289 392 2326; x_wconf 92' lang='lat' dir='ltr'>Et</span> <span class='ocrx_word' id='word_1_277' title='bbox 410 2287 498 2326; x_wconf 93' lang='lat' dir='ltr'>ideo</span> <span class='ocrx_word' id='word_1_278' title='bbox 514 2288 720 2326; x_wconf 90' lang='lat' dir='ltr'>dicendum</span> <span class='ocrx_word' id='word_1_279' title='bbox 735 2295 790 2325; x_wconf 92' lang='lat' dir='ltr'>est</span> <span class='ocrx_word' id='word_1_280' title='bbox 806 2288 924 2337; x_wconf 92' lang='lat' dir='ltr'>quod,</span> <span class='ocrx_word' id='word_1_281' title='bbox 941 2287 1037 2325; x_wconf 91' lang='lat' dir='ltr'>sicut</span> <span class='ocrx_word' id='word_1_282' title='bbox 1055 2287 1239 2336; x_wconf 91' lang='lat' dir='ltr'>sapientia</span> <span class='ocrx_word' id='word_1_283' title='bbox 1259 2287 1333 2325; x_wconf 93' lang='lat' dir='ltr'>Dei</span> <span class='ocrx_word' id='word_1_284' title='bbox 1347 2285 1360 2308; x_wconf 83' lang='lat'><strong><em>⁰</em></strong></span> 
     </span>
     <span class='ocr_line' id='line_1_48' title="bbox 287 2341 1357 2390; baseline -0.002 -10"><span class='ocrx_word' id='word_1_285' title='bbox 287 2349 346 2381; x_wconf 85' lang='lat' dir='ltr'>est</span> <span class='ocrx_word' id='word_1_286' title='bbox 364 2354 479 2379; x_wconf 90' lang='lat' dir='ltr'>causa</span> <span class='ocrx_word' id='word_1_287' title='bbox 497 2341 746 2379; x_wconf 89' lang='lat' dir='ltr'>distinctionis</span> <span class='ocrx_word' id='word_1_288' title='bbox 771 2353 911 2388; x_wconf 88' lang='lat' dir='ltr'>rerum,</span> <span class='ocrx_word' id='word_1_289' title='bbox 940 2341 990 2378; x_wconf 90' lang='lat' dir='ltr'>ita</span> <span class='ocrx_word' id='word_1_290' title='bbox 1015 2349 1051 2378; x_wconf 91' lang='lat' dir='ltr'>et</span> <span class='ocrx_word' id='word_1_291' title='bbox 1069 2341 1357 2390; x_wconf 89' lang='lat' dir='ltr'>inaequalitatis.</span> 
     </span>
     <span class='ocr_line' id='line_1_49' title="bbox 289 2394 1360 2444; baseline -0.001 -12"><span class='ocrx_word' id='word_1_292' title='bbox 289 2394 408 2442; x_wconf 89' lang='lat' dir='ltr'>Quod</span> <span class='ocrx_word' id='word_1_293' title='bbox 427 2394 482 2432; x_wconf 92' lang='lat' dir='ltr'>sic</span> <span class='ocrx_word' id='word_1_294' title='bbox 500 2402 614 2444; x_wconf 91' lang='lat' dir='ltr'>patet.</span> <span class='ocrx_word' id='word_1_295' title='bbox 644 2395 796 2444; x_wconf 87' lang='lat' dir='ltr'>Duplex</span> <span class='ocrx_word' id='word_1_296' title='bbox 825 2395 928 2431; x_wconf 92' lang='lat' dir='ltr'>enirn</span> <span class='ocrx_word' id='word_1_297' title='bbox 959 2394 1148 2432; x_wconf 91' lang='lat' dir='ltr'>distinctio</span> <span class='ocrx_word' id='word_1_298' title='bbox 1169 2394 1360 2431; x_wconf 87' lang='lat' dir='ltr'>invenitur</span> 
     </span>
     <span class='ocr_line' id='line_1_50' title="bbox 289 2447 1359 2497; baseline -0.001 -12"><span class='ocrx_word' id='word_1_299' title='bbox 289 2447 328 2485; x_wconf 89' lang='lat' dir='ltr'>in</span> <span class='ocrx_word' id='word_1_300' title='bbox 348 2449 478 2485; x_wconf 92' lang='lat' dir='ltr'>rebus:</span> <span class='ocrx_word' id='word_1_301' title='bbox 507 2460 585 2485; x_wconf 87' lang='lat' dir='ltr'>una</span> <span class='ocrx_word' id='word_1_302' title='bbox 613 2448 793 2494; x_wconf 89' lang='lat' dir='ltr'>formalis,</span> <span class='ocrx_word' id='word_1_303' title='bbox 823 2447 862 2485; x_wconf 91' lang='lat' dir='ltr'>in</span> <span class='ocrx_word' id='word_1_304' title='bbox 881 2447 940 2484; x_wconf 92' lang='lat' dir='ltr'>his</span> <span class='ocrx_word' id='word_1_305' title='bbox 959 2460 1058 2496; x_wconf 90' lang='lat' dir='ltr'>quae</span> <span class='ocrx_word' id='word_1_306' title='bbox 1075 2447 1255 2485; x_wconf 85' lang='lat' dir='ltr'>differunt</span> <span class='ocrx_word' id='word_1_307' title='bbox 1274 2460 1359 2497; x_wconf 90' lang='lat' dir='ltr'>spe-</span> 
     </span>
     <span class='ocr_line' id='line_1_51' title="bbox 290 2500 1360 2549; baseline -0.001 -11"><span class='ocrx_word' id='word_1_308' title='bbox 290 2501 367 2547; x_wconf 89' lang='lat' dir='ltr'>cie;</span> <span class='ocrx_word' id='word_1_309' title='bbox 397 2501 470 2538; x_wconf 91' lang='lat' dir='ltr'>alia</span> <span class='ocrx_word' id='word_1_310' title='bbox 498 2513 592 2538; x_wconf 89' lang='lat' dir='ltr'>vero</span> <span class='ocrx_word' id='word_1_311' title='bbox 621 2500 850 2548; x_wconf 90' lang='lat' dir='ltr'>materialis,</span> <span class='ocrx_word' id='word_1_312' title='bbox 890 2501 941 2546; x_wconf 35' lang='lat' dir='ltr'>in·</span> <span class='ocrx_word' id='word_1_313' title='bbox 961 2501 1019 2537; x_wconf 91' lang='lat' dir='ltr'>his</span> <span class='ocrx_word' id='word_1_314' title='bbox 1047 2513 1145 2549; x_wconf 90' lang='lat' dir='ltr'>quae</span> <span class='ocrx_word' id='word_1_315' title='bbox 1180 2500 1360 2538; x_wconf 88' lang='lat' dir='ltr'>differunt</span> 
     </span>
     <span class='ocr_line' id='line_1_52' title="bbox 289 2553 1360 2603; baseline 0 -12"><span class='ocrx_word' id='word_1_316' title='bbox 289 2566 453 2592; x_wconf 90' lang='lat' dir='ltr'>numero</span> <span class='ocrx_word' id='word_1_317' title='bbox 481 2561 642 2590; x_wconf 84' lang='lat' dir='ltr'>tantum.</span> <span class='ocrx_word' id='word_1_318' title='bbox 673 2554 775 2591; x_wconf 91' lang='lat' dir='ltr'>Cum</span> <span class='ocrx_word' id='word_1_319' title='bbox 804 2562 932 2591; x_wconf 89' lang='lat' dir='ltr'>autem</span> <span class='ocrx_word' id='word_1_320' title='bbox 961 2554 1120 2591; x_wconf 91' lang='lat' dir='ltr'>materia</span> <span class='ocrx_word' id='word_1_321' title='bbox 1139 2553 1185 2591; x_wconf 93' lang='lat' dir='ltr'>sit</span> <span class='ocrx_word' id='word_1_322' title='bbox 1203 2562 1360 2603; x_wconf 90' lang='lat' dir='ltr'>propter</span> 
     </span>
     <span class='ocr_line' id='line_1_53' title="bbox 289 2606 1359 2656; baseline 0 -12"><span class='ocrx_word' id='word_1_323' title='bbox 289 2607 473 2654; x_wconf 88' lang='lat' dir='ltr'>formam,</span> <span class='ocrx_word' id='word_1_324' title='bbox 504 2606 690 2644; x_wconf 88' lang='lat' dir='ltr'>distinctio</span> <span class='ocrx_word' id='word_1_325' title='bbox 719 2607 923 2644; x_wconf 88' lang='lat' dir='ltr'>materialis</span> <span class='ocrx_word' id='word_1_326' title='bbox 953 2614 1008 2644; x_wconf 91' lang='lat' dir='ltr'>est</span> <span class='ocrx_word' id='word_1_327' title='bbox 1034 2614 1191 2656; x_wconf 86' lang='lat' dir='ltr'>propter</span> <span class='ocrx_word' id='word_1_328' title='bbox 1218 2608 1359 2645; x_wconf 88' lang='lat' dir='ltr'>forma-</span> 
     </span>
     <span class='ocr_line' id='line_1_54' title="bbox 288 2660 1359 2710; baseline -0.001 -12"><span class='ocrx_word' id='word_1_329' title='bbox 288 2661 379 2698; x_wconf 88' lang='lat' dir='ltr'>lem.</span> <span class='ocrx_word' id='word_1_330' title='bbox 408 2660 521 2698; x_wconf 91' lang='lat' dir='ltr'>Unde</span> <span class='ocrx_word' id='word_1_331' title='bbox 554 2660 732 2697; x_wconf 90' lang='lat' dir='ltr'>videmus</span> <span class='ocrx_word' id='word_1_332' title='bbox 770 2660 876 2709; x_wconf 93' lang='lat' dir='ltr'>quod</span> <span class='ocrx_word' id='word_1_333' title='bbox 909 2660 948 2697; x_wconf 93' lang='lat' dir='ltr'>in</span> <span class='ocrx_word' id='word_1_334' title='bbox 985 2661 1100 2698; x_wconf 91' lang='lat' dir='ltr'>rebus</span> <span class='ocrx_word' id='word_1_335' title='bbox 1137 2661 1359 2710; x_wconf 89' lang='lat' dir='ltr'>incorrupti-</span> 
     </span>
     <span class='ocr_line' id='line_1_55' title="bbox 290 2713 1360 2763; baseline 0.001 -13"><span class='ocrx_word' id='word_1_336' title='bbox 290 2714 427 2751; x_wconf 90' lang='lat' dir='ltr'>bilibus</span> <span class='ocrx_word' id='word_1_337' title='bbox 456 2725 536 2750; x_wconf 93' lang='lat' dir='ltr'>non</span> <span class='ocrx_word' id='word_1_338' title='bbox 556 2721 611 2750; x_wconf 92' lang='lat' dir='ltr'>est</span> <span class='ocrx_word' id='word_1_339' title='bbox 629 2713 700 2750; x_wconf 92' lang='lat' dir='ltr'>nisi</span> <span class='ocrx_word' id='word_1_340' title='bbox 727 2726 850 2751; x_wconf 92' lang='lat' dir='ltr'>unum</span> <span class='ocrx_word' id='word_1_341' title='bbox 879 2713 1123 2751; x_wconf 87' lang='lat' dir='ltr'>individuum</span> <span class='ocrx_word' id='word_1_342' title='bbox 1142 2714 1256 2751; x_wconf 90' lang='lat' dir='ltr'>unius</span> <span class='ocrx_word' id='word_1_343' title='bbox 1276 2726 1360 2763; x_wconf 89' lang='lat' dir='ltr'>spe-</span> 
     </span>
     <span class='ocr_line' id='line_1_56' title="bbox 291 2766 1357 2816; baseline 0.001 -13"><span class='ocrx_word' id='word_1_344' title='bbox 291 2766 372 2814; x_wconf 86' lang='lat' dir='ltr'>ciei,</span> <span class='ocrx_word' id='word_1_345' title='bbox 394 2766 484 2815; x_wconf 92' lang='lat' dir='ltr'>quia</span> <span class='ocrx_word' id='word_1_346' title='bbox 512 2766 657 2816; x_wconf 89' lang='lat' dir='ltr'>species</span> <span class='ocrx_word' id='word_1_347' title='bbox 677 2767 910 2804; x_wconf 86' lang='lat' dir='ltr'>sufficienter</span> <span class='ocrx_word' id='word_1_348' title='bbox 929 2774 1179 2804; x_wconf 87' lang='lat' dir='ltr'>conservatur</span> <span class='ocrx_word' id='word_1_349' title='bbox 1198 2767 1237 2804; x_wconf 90' lang='lat' dir='ltr'>in</span> <span class='ocrx_word' id='word_1_350' title='bbox 1255 2780 1357 2804; x_wconf 89' lang='lat' dir='ltr'>uno:</span> 
     </span>
     <span class='ocr_line' id='line_1_57' title="bbox 290 2819 1360 2870; baseline 0.001 -14"><span class='ocrx_word' id='word_1_351' title='bbox 290 2819 330 2857; x_wconf 92' lang='lat' dir='ltr'>in</span> <span class='ocrx_word' id='word_1_352' title='bbox 367 2820 645 2868; x_wconf 88' lang='lat' dir='ltr'>generabilibus</span> <span class='ocrx_word' id='word_1_353' title='bbox 683 2827 811 2857; x_wconf 90' lang='lat' dir='ltr'>autern</span> <span class='ocrx_word' id='word_1_354' title='bbox 841 2827 878 2857; x_wconf 91' lang='lat' dir='ltr'>et</span> <span class='ocrx_word' id='word_1_355' title='bbox 915 2820 1242 2870; x_wconf 87' lang='lat' dir='ltr'>corruptibilibus,</span> <span class='ocrx_word' id='word_1_356' title='bbox 1273 2828 1360 2858; x_wconf 91' lang='lat' dir='ltr'>sunt</span> 
     </span>
     <span class='ocr_line' id='line_1_58' title="bbox 290 2873 1357 2922; baseline 0.001 -12"><span class='ocrx_word' id='word_1_357' title='bbox 290 2874 409 2910; x_wconf 91' lang='lat' dir='ltr'>multa</span> <span class='ocrx_word' id='word_1_358' title='bbox 429 2873 627 2910; x_wconf 90' lang='lat' dir='ltr'>individua</span> <span class='ocrx_word' id='word_1_359' title='bbox 646 2873 758 2910; x_wconf 90' lang='lat' dir='ltr'>unius</span> <span class='ocrx_word' id='word_1_360' title='bbox 783 2873 934 2922; x_wconf 88' lang='lat' dir='ltr'>speciei,</span> <span class='ocrx_word' id='word_1_361' title='bbox 956 2873 1004 2911; x_wconf 93' lang='lat' dir='ltr'>ad</span> <span class='ocrx_word' id='word_1_362' title='bbox 1026 2874 1357 2911; x_wconf 85' lang='lat' dir='ltr'>conservationem</span> 
     </span>
     <span class='ocr_line' id='line_1_59' title="bbox 290 2927 1359 2976; baseline 0.001 -13"><span class='ocrx_word' id='word_1_363' title='bbox 290 2927 442 2976; x_wconf 91' lang='lat' dir='ltr'>speciei.</span> <span class='ocrx_word' id='word_1_364' title='bbox 472 2927 531 2963; x_wconf 87' lang='lat' dir='ltr'>Ex</span> <span class='ocrx_word' id='word_1_365' title='bbox 560 2939 637 2975; x_wconf 93' lang='lat' dir='ltr'>quo</span> <span class='ocrx_word' id='word_1_366' title='bbox 666 2934 769 2975; x_wconf 90' lang='lat' dir='ltr'>patet</span> <span class='ocrx_word' id='word_1_367' title='bbox 797 2927 903 2976; x_wconf 92' lang='lat' dir='ltr'>quod</span> <span class='ocrx_word' id='word_1_368' title='bbox 931 2927 1174 2976; x_wconf 89' lang='lat' dir='ltr'>principalior</span> <span class='ocrx_word' id='word_1_369' title='bbox 1202 2935 1258 2964; x_wconf 91' lang='lat' dir='ltr'>est</span> <span class='ocrx_word' id='word_1_370' title='bbox 1286 2927 1359 2964; x_wconf 89' lang='lat' dir='ltr'>dis-</span> 
     </span>
    </p>

    <p class='ocr_par' dir='ltr' id='par_1_17' title="bbox 341 3023 734 3057">
     <span class='ocr_line' id='line_1_60' title="bbox 341 3023 734 3057; baseline 0 -10"><span class='ocrx_word' id='word_1_371' title='bbox 341 3023 368 3057; x_wconf 81' lang='grc' dir='ltr'>γ)</span> <span class='ocrx_word' id='word_1_372' title='bbox 384 3029 488 3049; x_wconf 68' lang='lat' dir='ltr'>rerum.</span> <span class='ocrx_word' id='word_1_373' title='bbox 504 3036 524 3042; x_wconf 95' lang='lat'>·-</span> <span class='ocrx_word' id='word_1_374' title='bbox 542 3023 605 3048; x_wconf 89' lang='lat' dir='ltr'>Om.</span> <span class='ocrx_word' id='word_1_375' title='bbox 624 3023 734 3048; x_wconf 89' lang='lat' dir='ltr'>codices.</span> 
     </span>
    </p>

    <p class='ocr_par' dir='ltr' id='par_1_18' title="bbox 303 3058 1145 3162">
     <span class='ocr_line' id='line_1_61' title="bbox 303 3058 868 3092; baseline 0.004 -10"><span class='ocrx_word' id='word_1_376' title='bbox 303 3077 313 3082; x_wconf 64' lang='lat'>-</span> <span class='ocrx_word' id='word_1_377' title='bbox 342 3058 367 3092; x_wconf 84' lang='grc' dir='ltr'>ὃ)</span> <span class='ocrx_word' id='word_1_378' title='bbox 386 3062 536 3084; x_wconf 78' lang='lat' dir='ltr'>creaturae.</span> <span class='ocrx_word' id='word_1_379' title='bbox 552 3072 573 3078; x_wconf 86' lang='lat'><em>-</em></span> <span class='ocrx_word' id='word_1_380' title='bbox 591 3061 706 3084; x_wconf 88' lang='lat' dir='ltr'>naturae</span> <span class='ocrx_word' id='word_1_381' title='bbox 723 3059 868 3084; x_wconf 86' lang='lat' dir='ltr'>ABCDEF.</span> 
     </span>
     <span class='ocr_line' id='line_1_62' title="bbox 343 3094 994 3127; baseline 0.002 -9"><span class='ocrx_word' id='word_1_382' title='bbox 343 3094 366 3126; x_wconf 86' lang='grc' dir='ltr'>ε)</span> <span class='ocrx_word' id='word_1_383' title='bbox 386 3094 555 3119; x_wconf 84' lang='lat' dir='ltr'>universitas.</span> <span class='ocrx_word' id='word_1_384' title='bbox 572 3108 592 3113; x_wconf 95' lang='lat'>—</span> <span class='ocrx_word' id='word_1_385' title='bbox 609 3094 752 3119; x_wconf 83' lang='lat' dir='ltr'>diversitas</span> <span class='ocrx_word' id='word_1_386' title='bbox 771 3094 791 3118; x_wconf 88' lang='lat' dir='ltr'>F</span> <span class='ocrx_word' id='word_1_387' title='bbox 811 3100 836 3119; x_wconf 92' lang='lat' dir='ltr'>et</span> <span class='ocrx_word' id='word_1_388' title='bbox 855 3102 946 3127; x_wconf 81' lang='lat' dir='ltr'>margo</span> <span class='ocrx_word' id='word_1_389' title='bbox 964 3095 994 3120; x_wconf 87' lang='grc' dir='ltr'>Β.</span> 
     </span>
     <span class='ocr_line' id='line_1_63' title="bbox 341 3129 1145 3162; baseline 0.001 -8"><span class='ocrx_word' id='word_1_390' title='bbox 341 3129 368 3162; x_wconf 86' lang='grc' dir='ltr'>ζ)</span> <span class='ocrx_word' id='word_1_391' title='bbox 386 3129 635 3155; x_wconf 83' lang='lat' dir='ltr'>communicandam</span> <span class='ocrx_word' id='word_1_392' title='bbox 653 3130 795 3155; x_wconf 85' lang='lat' dir='ltr'>creaturis.</span> <span class='ocrx_word' id='word_1_393' title='bbox 812 3144 832 3148; x_wconf 97' lang='lat'><em>-</em></span> <span class='ocrx_word' id='word_1_394' title='bbox 849 3130 911 3155; x_wconf 89' lang='lat' dir='ltr'>Om.</span> <span class='ocrx_word' id='word_1_395' title='bbox 931 3131 1032 3155; x_wconf 86' lang='lat' dir='ltr'>codices</span> <span class='ocrx_word' id='word_1_396' title='bbox 1052 3136 1077 3155; x_wconf 89' lang='lat' dir='ltr'>et</span> <span class='ocrx_word' id='word_1_397' title='bbox 1095 3138 1112 3155; x_wconf 91' lang='lat' dir='ltr'>a</span> <span class='ocrx_word' id='word_1_398' title='bbox 1123 3131 1145 3155; x_wconf 88' lang='lat' dir='ltr'>b.</span> 
     </span>
    </p>
   </div>
   <div class='ocr_carea' id='block_1_13' title="bbox 342 3165 1357 3234">
    <p class='ocr_par' dir='ltr' id='par_1_19' title="bbox 342 3165 1357 3234">
     <span class='ocr_line' id='line_1_64' title="bbox 342 3165 1357 3198; baseline -0.001 -8"><span class='ocrx_word' id='word_1_399' title='bbox 342 3165 370 3197; x_wconf 92' lang='grc' dir='ltr'>η)</span> <span class='ocrx_word' id='word_1_400' title='bbox 390 3165 479 3190; x_wconf 80' lang='lat' dir='ltr'>istum.</span> <span class='ocrx_word' id='word_1_401' title='bbox 496 3178 516 3184; x_wconf 84' lang='lat'>-</span> <span class='ocrx_word' id='word_1_402' title='bbox 529 3172 581 3197; x_wconf 84' lang='lat' dir='ltr'>per</span> <span class='ocrx_word' id='word_1_403' title='bbox 595 3165 675 3190; x_wconf 81' lang='lat' dir='ltr'>istum</span> <span class='ocrx_word' id='word_1_404' title='bbox 690 3166 748 3190; x_wconf 88' lang='lat' dir='ltr'>edd.</span> <span class='ocrx_word' id='word_1_405' title='bbox 762 3165 878 3198; x_wconf 80' lang='lat' dir='ltr'>aliquae3</span> <span class='ocrx_word' id='word_1_406' title='bbox 898 3165 929 3191; x_wconf 85' lang='lat' dir='ltr'>cf.</span> <span class='ocrx_word' id='word_1_407' title='bbox 947 3167 1016 3198; x_wconf 79' lang='lat' dir='ltr'>Aug.</span> <span class='ocrx_word' id='word_1_408' title='bbox 1030 3171 1056 3191; x_wconf 88' lang='lat' dir='ltr'>et</span> <span class='ocrx_word' id='word_1_409' title='bbox 1069 3172 1159 3191; x_wconf 84' lang='lat' dir='ltr'>notam</span> <span class='ocrx_word' id='word_1_410' title='bbox 1171 3165 1357 3190; x_wconf 87' lang='lat' dir='ltr'>Maurinorum.</span> 
     </span>
     <span class='ocr_line' id='line_1_65' title="bbox 343 3198 1027 3234; baseline 0.003 -9"><span class='ocrx_word' id='word_1_411' title='bbox 343 3198 368 3233; x_wconf 85' lang='grc' dir='ltr'>θ)</span> <span class='ocrx_word' id='word_1_412' title='bbox 386 3200 519 3233; x_wconf 80' lang='lat' dir='ltr'>sapientia</span> <span class='ocrx_word' id='word_1_413' title='bbox 538 3200 598 3226; x_wconf 90' lang='lat' dir='ltr'>Dei.</span> <span class='ocrx_word' id='word_1_414' title='bbox 615 3214 635 3219; x_wconf 94' lang='lat'>-</span> <span class='ocrx_word' id='word_1_415' title='bbox 652 3201 746 3226; x_wconf 81' lang='lat' dir='ltr'>divina</span> <span class='ocrx_word' id='word_1_416' title='bbox 763 3201 896 3234; x_wconf 81' lang='lat' dir='ltr'>sapientia</span> <span class='ocrx_word' id='word_1_417' title='bbox 914 3201 1027 3227; x_wconf 84' lang='lat' dir='ltr'>codices.</span> 
     </span>
    </p>
   </div>
   <div class='ocr_carea' id='block_1_14' title="bbox 1406 253 2474 2917">
    <p class='ocr_par' dir='ltr' id='par_1_20' title="bbox 1406 253 2466 1100">
     <span class='ocr_line' id='line_1_66' title="bbox 2386 253 2464 301; baseline 0.026 -2"><span class='ocrx_word' id='word_1_418' title='bbox 2386 253 2464 301; x_wconf 89' lang='lat'>487</span> 
     </span>
     <span class='ocr_line' id='line_1_67' title="bbox 1406 325 2464 376; baseline 0.008 -15"><span class='ocrx_word' id='word_1_419' title='bbox 1406 325 1533 362; x_wconf 90' lang='lat' dir='ltr'>tinctio</span> <span class='ocrx_word' id='word_1_420' title='bbox 1554 327 1720 364; x_wconf 89' lang='lat' dir='ltr'>formalis</span> <span class='ocrx_word' id='word_1_421' title='bbox 1740 341 1855 376; x_wconf 90' lang='lat' dir='ltr'>quam</span> <span class='ocrx_word' id='word_1_422' title='bbox 1874 330 2087 368; x_wconf 89' lang='lat' dir='ltr'>materialis.</span> <span class='ocrx_word' id='word_1_423' title='bbox 2116 332 2316 369; x_wconf 91' lang='lat' dir='ltr'>Distinctio</span> <span class='ocrx_word' id='word_1_424' title='bbox 2337 339 2464 370; x_wconf 91' lang='lat' dir='ltr'>autem</span> 
     </span>
     <span class='ocr_line' id='line_1_68' title="bbox 1406 378 2466 433; baseline 0.008 -19"><span class='ocrx_word' id='word_1_425' title='bbox 1406 378 1572 416; x_wconf 89' lang='lat' dir='ltr'>formalis</span> <span class='ocrx_word' id='word_1_426' title='bbox 1598 388 1750 429; x_wconf 87' lang='lat' dir='ltr'>semper</span> <span class='ocrx_word' id='word_1_427' title='bbox 1774 381 1926 430; x_wconf 91' lang='lat' dir='ltr'>requirit</span> <span class='ocrx_word' id='word_1_428' title='bbox 1945 383 2272 431; x_wconf 90' lang='lat' dir='ltr'>inaequalitatem:</span> <span class='ocrx_word' id='word_1_429' title='bbox 2302 385 2403 433; x_wconf 90' lang='lat' dir='ltr'>quia,</span> <span class='ocrx_word' id='word_1_430' title='bbox 2424 394 2466 423; x_wconf 92' lang='lat' dir='ltr'>ut</span> 
     </span>
     <span class='ocr_line' id='line_1_69' title="bbox 1409 430 2466 489; baseline 0.009 -23"><span class='ocrx_word' id='word_1_431' title='bbox 1409 430 1542 489; x_wconf 78' lang='lat' dir='ltr'>dicitur</span> <span class='ocrx_word' id='word_1_432' title='bbox 1567 432 1606 469; x_wconf 90' lang='lat' dir='ltr'>in</span> <span class='ocrx_word' id='word_1_433' title='bbox 1631 433 1718 470; x_wconf 94' lang='lat' dir='ltr'>VIII</span> <span class='ocrx_word' id='word_1_434' title='bbox 1746 435 1961 483; x_wconf 78' lang='lat' dir='ltr'>Metaphys.</span> <span class='ocrx_word' id='word_1_435' title='bbox 1986 436 2021 483; x_wconf 65' lang='lat'>²¹⁹,</span> <span class='ocrx_word' id='word_1_436' title='bbox 2051 436 2195 474; x_wconf 88' lang='lat' dir='ltr'>formae</span> <span class='ocrx_word' id='word_1_437' title='bbox 2224 450 2351 474; x_wconf 88' lang='lat' dir='ltr'>rerum</span> <span class='ocrx_word' id='word_1_438' title='bbox 2379 446 2466 476; x_wconf 92' lang='lat' dir='ltr'>sunt</span> 
     </span>
     <span class='ocr_line' id='line_1_70' title="bbox 1408 485 2465 540; baseline 0.009 -22"><span class='ocrx_word' id='word_1_439' title='bbox 1408 490 1502 519; x_wconf 80' lang='lat' dir='ltr'>sicut</span> <span class='ocrx_word' id='word_1_440' title='bbox 1530 485 1704 531; x_wconf 86' lang='lat' dir='ltr'>numeri,</span> <span class='ocrx_word' id='word_1_441' title='bbox 1733 486 1771 523; x_wconf 93' lang='lat' dir='ltr'>in</span> <span class='ocrx_word' id='word_1_442' title='bbox 1800 489 1938 534; x_wconf 90' lang='lat' dir='ltr'>quibus</span> <span class='ocrx_word' id='word_1_443' title='bbox 1971 489 2115 537; x_wconf 92' lang='lat' dir='ltr'>species</span> <span class='ocrx_word' id='word_1_444' title='bbox 2142 490 2336 527; x_wconf 91' lang='lat' dir='ltr'>variantur</span> <span class='ocrx_word' id='word_1_445' title='bbox 2360 497 2368 511; x_wconf 89' lang='lat'>‘</span> <span class='ocrx_word' id='word_1_446' title='bbox 2397 504 2465 540; x_wconf 90' lang='lat' dir='ltr'>per</span> 
     </span>
     <span class='ocr_line' id='line_1_71' title="bbox 1408 535 2464 581; baseline 0.009 -10"><span class='ocrx_word' id='word_1_447' title='bbox 1408 535 1642 574; x_wconf 89' lang='lat' dir='ltr'>additionem</span> <span class='ocrx_word' id='word_1_448' title='bbox 1669 539 1732 575; x_wconf 88' lang='lat' dir='ltr'>vel</span> <span class='ocrx_word' id='word_1_449' title='bbox 1759 540 2054 578; x_wconf 90' lang='lat' dir='ltr'>subtractionem</span> <span class='ocrx_word' id='word_1_450' title='bbox 2086 542 2247 580; x_wconf 90' lang='lat' dir='ltr'>unitatis.</span> <span class='ocrx_word' id='word_1_451' title='bbox 2286 544 2398 580; x_wconf 89' lang='lat' dir='ltr'>Unde</span> <span class='ocrx_word' id='word_1_452' title='bbox 2426 544 2464 581; x_wconf 91' lang='lat' dir='ltr'>in</span> 
     </span>
     <span class='ocr_line' id='line_1_72' title="bbox 1408 588 2463 642; baseline 0.009 -19"><span class='ocrx_word' id='word_1_453' title='bbox 1408 588 1521 624; x_wconf 91' lang='lat' dir='ltr'>rebus</span> <span class='ocrx_word' id='word_1_454' title='bbox 1540 591 1769 627; x_wconf 90' lang='lat' dir='ltr'>naturalibus</span> <span class='ocrx_word' id='word_1_455' title='bbox 1788 593 1971 639; x_wconf 89' lang='lat' dir='ltr'>gradatim</span> <span class='ocrx_word' id='word_1_456' title='bbox 2004 595 2148 642; x_wconf 90' lang='lat' dir='ltr'>species</span> <span class='ocrx_word' id='word_1_457' title='bbox 2167 596 2362 632; x_wconf 89' lang='lat' dir='ltr'>ordinatae</span> <span class='ocrx_word' id='word_1_458' title='bbox 2382 609 2463 633; x_wconf 91' lang='lat' dir='ltr'>esse</span> 
     </span>
     <span class='ocr_line' id='line_1_73' title="bbox 1407 640 2463 697; baseline 0.01 -22"><span class='ocrx_word' id='word_1_459' title='bbox 1407 640 1604 678; x_wconf 88' lang='lat' dir='ltr'>videntur:</span> <span class='ocrx_word' id='word_1_460' title='bbox 1635 643 1729 679; x_wconf 91' lang='lat' dir='ltr'>sicut</span> <span class='ocrx_word' id='word_1_461' title='bbox 1757 645 1873 682; x_wconf 88' lang='lat' dir='ltr'>mixta</span> <span class='ocrx_word' id='word_1_462' title='bbox 1901 646 2122 694; x_wconf 89' lang='lat' dir='ltr'>perfectiora</span> <span class='ocrx_word' id='word_1_463' title='bbox 2146 656 2232 684; x_wconf 90' lang='lat' dir='ltr'>sunt</span> <span class='ocrx_word' id='word_1_464' title='bbox 2255 649 2463 697; x_wconf 89' lang='lat' dir='ltr'>elementis,</span> 
     </span>
     <span class='ocr_line' id='line_1_74' title="bbox 1410 694 2466 746; baseline 0.01 -18"><span class='ocrx_word' id='word_1_465' title='bbox 1410 700 1445 729; x_wconf 93' lang='lat' dir='ltr'>et</span> <span class='ocrx_word' id='word_1_466' title='bbox 1472 694 1621 741; x_wconf 90' lang='lat' dir='ltr'>plantae</span> <span class='ocrx_word' id='word_1_467' title='bbox 1656 697 1879 744; x_wconf 89' lang='lat' dir='ltr'>corporibus</span> <span class='ocrx_word' id='word_1_468' title='bbox 1913 698 2180 746; x_wconf 85' lang='lat' dir='ltr'>mineralibus‚</span> <span class='ocrx_word' id='word_1_469' title='bbox 2220 708 2255 737; x_wconf 93' lang='lat' dir='ltr'>et</span> <span class='ocrx_word' id='word_1_470' title='bbox 2289 701 2466 739; x_wconf 88' lang='lat' dir='ltr'>animalia</span> 
     </span>
     <span class='ocr_line' id='line_1_75' title="bbox 1409 746 2464 798; baseline 0.01 -17"><span class='ocrx_word' id='word_1_471' title='bbox 1409 746 1564 793; x_wconf 85' lang='lat' dir='ltr'>plantis,</span> <span class='ocrx_word' id='word_1_472' title='bbox 1600 755 1636 783; x_wconf 92' lang='lat' dir='ltr'>et</span> <span class='ocrx_word' id='word_1_473' title='bbox 1663 748 1839 786; x_wconf 91' lang='lat' dir='ltr'>homines</span> <span class='ocrx_word' id='word_1_474' title='bbox 1867 750 1947 787; x_wconf 91' lang='lat' dir='ltr'>aliis</span> <span class='ocrx_word' id='word_1_475' title='bbox 1979 751 2224 798; x_wconf 89' lang='lat' dir='ltr'>animalibus;</span> <span class='ocrx_word' id='word_1_476' title='bbox 2261 761 2297 790; x_wconf 93' lang='lat' dir='ltr'>et</span> <span class='ocrx_word' id='word_1_477' title='bbox 2324 754 2363 790; x_wconf 93' lang='lat' dir='ltr'>in</span> <span class='ocrx_word' id='word_1_478' title='bbox 2391 754 2464 792; x_wconf 90' lang='lat' dir='ltr'>sin-</span> 
     </span>
     <span class='ocr_line' id='line_1_76' title="bbox 1409 798 2462 851; baseline 0.01 -18"><span class='ocrx_word' id='word_1_479' title='bbox 1409 798 1504 844; x_wconf 88' lang='lat' dir='ltr'>gulis</span> <span class='ocrx_word' id='word_1_480' title='bbox 1523 800 1661 836; x_wconf 91' lang='lat' dir='ltr'>horum</span> <span class='ocrx_word' id='word_1_481' title='bbox 1681 813 1758 838; x_wconf 91' lang='lat' dir='ltr'>una</span> <span class='ocrx_word' id='word_1_482' title='bbox 1776 803 1918 850; x_wconf 90' lang='lat' dir='ltr'>species</span> <span class='ocrx_word' id='word_1_483' title='bbox 1938 804 2138 851; x_wconf 85' lang='lat' dir='ltr'>perfectior</span> <span class='ocrx_word' id='word_1_484' title='bbox 2157 805 2235 842; x_wconf 91' lang='lat' dir='ltr'>aliis</span> <span class='ocrx_word' id='word_1_485' title='bbox 2260 806 2462 844; x_wconf 86' lang='lat' dir='ltr'>invenitur.</span> 
     </span>
     <span class='ocr_line' id='line_1_77' title="bbox 1411 851 2464 903; baseline 0.009 -16"><span class='ocrx_word' id='word_1_486' title='bbox 1411 851 1516 888; x_wconf 90' lang='lat' dir='ltr'>Sicut</span> <span class='ocrx_word' id='word_1_487' title='bbox 1536 864 1624 900; x_wconf 89' lang='lat' dir='ltr'>ergo</span> <span class='ocrx_word' id='word_1_488' title='bbox 1645 853 1770 890; x_wconf 90' lang='lat' dir='ltr'>divina</span> <span class='ocrx_word' id='word_1_489' title='bbox 1800 855 1980 903; x_wconf 90' lang='lat' dir='ltr'>sapientia</span> <span class='ocrx_word' id='word_1_490' title='bbox 2010 869 2122 893; x_wconf 90' lang='lat' dir='ltr'>causa</span> <span class='ocrx_word' id='word_1_491' title='bbox 2146 865 2200 894; x_wconf 90' lang='lat' dir='ltr'>est</span> <span class='ocrx_word' id='word_1_492' title='bbox 2220 858 2464 896; x_wconf 91' lang='lat' dir='ltr'>distinctionis</span> 
     </span>
     <span class='ocr_line' id='line_1_78' title="bbox 1410 908 2464 957; baseline 0.009 -18"><span class='ocrx_word' id='word_1_493' title='bbox 1410 916 1536 941; x_wconf 89' lang='lat' dir='ltr'>rerum</span> <span class='ocrx_word' id='word_1_494' title='bbox 1565 913 1721 954; x_wconf 90' lang='lat' dir='ltr'>propter</span> <span class='ocrx_word' id='word_1_495' title='bbox 1747 908 2018 955; x_wconf 89' lang='lat' dir='ltr'>perfectionem</span> <span class='ocrx_word' id='word_1_496' title='bbox 2043 909 2219 957; x_wconf 84' lang='lat' dir='ltr'>universi,</span> <span class='ocrx_word' id='word_1_497' title='bbox 2240 911 2290 947; x_wconf 91' lang='lat' dir='ltr'>ita</span> <span class='ocrx_word' id='word_1_498' title='bbox 2310 919 2345 948; x_wconf 91' lang='lat' dir='ltr'>et</span> <span class='ocrx_word' id='word_1_499' title='bbox 2363 912 2464 949; x_wconf 90' lang='lat' dir='ltr'>inae-</span> 
     </span>
     <span class='ocr_line' id='line_1_79' title="bbox 1410 957 2464 1015; baseline 0.009 -23"><span class='ocrx_word' id='word_1_500' title='bbox 1410 957 1607 1015; x_wconf 86' lang='lat' dir='ltr'>qualitatis.</span> <span class='ocrx_word' id='word_1_501' title='bbox 1638 959 1730 995; x_wconf 92' lang='lat' dir='ltr'>Non</span> <span class='ocrx_word' id='word_1_502' title='bbox 1750 959 1849 996; x_wconf 91' lang='lat' dir='ltr'>enim</span> <span class='ocrx_word' id='word_1_503' title='bbox 1881 969 1977 998; x_wconf 86' lang='lat' dir='ltr'>esset</span> <span class='ocrx_word' id='word_1_504' title='bbox 2004 963 2210 1010; x_wconf 90' lang='lat' dir='ltr'>perfectum</span> <span class='ocrx_word' id='word_1_505' title='bbox 2231 963 2464 1013; x_wconf 87' lang='lat' dir='ltr'>universum,</span> 
     </span>
     <span class='ocr_line' id='line_1_80' title="bbox 1410 1013 2462 1060; baseline 0.009 -15"><span class='ocrx_word' id='word_1_506' title='bbox 1410 1022 1440 1046; x_wconf 82' lang='lat' dir='ltr'>Si</span> <span class='ocrx_word' id='word_1_507' title='bbox 1468 1017 1614 1047; x_wconf 90' lang='lat' dir='ltr'>tantum</span> <span class='ocrx_word' id='word_1_508' title='bbox 1647 1024 1746 1048; x_wconf 91' lang='lat' dir='ltr'>unus</span> <span class='ocrx_word' id='word_1_509' title='bbox 1783 1013 1919 1060; x_wconf 89' lang='lat' dir='ltr'>gradus</span> <span class='ocrx_word' id='word_1_510' title='bbox 1956 1015 2131 1051; x_wconf 89' lang='lat' dir='ltr'>bonitatis</span> <span class='ocrx_word' id='word_1_511' title='bbox 2169 1015 2401 1053; x_wconf 88' lang='lat' dir='ltr'>inveniretur</span> <span class='ocrx_word' id='word_1_512' title='bbox 2426 1017 2462 1054; x_wconf 92' lang='lat' dir='ltr'>in</span> 
     </span>
     <span class='ocr_line' id='line_1_81' title="bbox 1410 1063 1536 1100; baseline 0 -1"><span class='ocrx_word' id='word_1_513' title='bbox 1410 1063 1536 1100; x_wconf 87' lang='lat' dir='ltr'>rebus.</span> 
     </span>
    </p>

    <p class='ocr_par' dir='ltr' id='par_1_21' title="bbox 1410 1117 2471 1846">
     <span class='ocr_line' id='line_1_82' title="bbox 1463 1117 2464 1169; baseline 0.007 -18"><span class='ocrx_word' id='word_1_514' title='bbox 1463 1117 1522 1152; x_wconf 84' lang='lat' dir='ltr'>AD</span> <span class='ocrx_word' id='word_1_515' title='bbox 1542 1128 1678 1154; x_wconf 77' lang='lat' dir='ltr'>PRIMUM</span> <span class='ocrx_word' id='word_1_516' title='bbox 1697 1129 1794 1155; x_wconf 85' lang='lat' dir='ltr'>ERGO</span> <span class='ocrx_word' id='word_1_517' title='bbox 1819 1130 2000 1156; x_wconf 83' lang='lat' dir='ltr'><strong>DICENDUM</strong></span> <span class='ocrx_word' id='word_1_518' title='bbox 2028 1120 2133 1168; x_wconf 90' lang='lat' dir='ltr'>quod</span> <span class='ocrx_word' id='word_1_519' title='bbox 2162 1121 2295 1169; x_wconf 90' lang='lat' dir='ltr'>optimi</span> <span class='ocrx_word' id='word_1_520' title='bbox 2323 1122 2464 1169; x_wconf 90' lang='lat' dir='ltr'>agentis</span> 
     </span>
     <span class='ocr_line' id='line_1_83' title="bbox 1411 1169 2464 1222; baseline 0.007 -18"><span class='ocrx_word' id='word_1_521' title='bbox 1411 1176 1467 1205; x_wconf 91' lang='lat' dir='ltr'>est</span> <span class='ocrx_word' id='word_1_522' title='bbox 1493 1169 1706 1217; x_wconf 90' lang='lat' dir='ltr'>producere</span> <span class='ocrx_word' id='word_1_523' title='bbox 1726 1177 1738 1191; x_wconf 75' lang='lat'>’²</span> <span class='ocrx_word' id='word_1_524' title='bbox 1758 1178 1879 1207; x_wconf 89' lang='lat' dir='ltr'>totum</span> <span class='ocrx_word' id='word_1_525' title='bbox 1909 1172 2085 1209; x_wconf 87' lang='lat' dir='ltr'>effectum</span> <span class='ocrx_word' id='word_1_526' title='bbox 2114 1186 2225 1210; x_wconf 92' lang='lat' dir='ltr'>suum</span> <span class='ocrx_word' id='word_1_527' title='bbox 2255 1174 2464 1222; x_wconf 90' lang='lat' dir='ltr'>optimum:</span> 
     </span>
     <span class='ocr_line' id='line_1_84' title="bbox 1411 1225 2466 1274; baseline 0.006 -16"><span class='ocrx_word' id='word_1_528' title='bbox 1411 1234 1490 1258; x_wconf 89' lang='lat' dir='ltr'>non</span> <span class='ocrx_word' id='word_1_529' title='bbox 1517 1230 1646 1259; x_wconf 91' lang='lat' dir='ltr'>tamen</span> <span class='ocrx_word' id='word_1_530' title='bbox 1675 1225 1780 1271; x_wconf 92' lang='lat' dir='ltr'>quod</span> <span class='ocrx_word' id='word_1_531' title='bbox 1809 1225 2016 1272; x_wconf 88' lang='lat' dir='ltr'>quamlibet</span> <span class='ocrx_word' id='word_1_532' title='bbox 2042 1233 2190 1274; x_wconf 90' lang='lat' dir='ltr'>partem</span> <span class='ocrx_word' id='word_1_533' title='bbox 2218 1227 2331 1263; x_wconf 90' lang='lat' dir='ltr'>totius</span> <span class='ocrx_word' id='word_1_534' title='bbox 2357 1227 2466 1263; x_wconf 90' lang='lat' dir='ltr'>faciat</span> 
     </span>
     <span class='ocr_line' id='line_1_85' title="bbox 1411 1275 2466 1328; baseline 0.006 -17"><span class='ocrx_word' id='word_1_535' title='bbox 1411 1275 1596 1323; x_wconf 90' lang='lat' dir='ltr'>optimam</span> <span class='ocrx_word' id='word_1_536' title='bbox 1617 1276 1844 1325; x_wconf 89' lang='lat' dir='ltr'>simpliciter,</span> <span class='ocrx_word' id='word_1_537' title='bbox 1861 1277 1927 1314; x_wconf 91' lang='lat' dir='ltr'>sed</span> <span class='ocrx_word' id='word_1_538' title='bbox 1948 1278 2131 1326; x_wconf 89' lang='lat' dir='ltr'>optimam</span> <span class='ocrx_word' id='word_1_539' title='bbox 2151 1279 2360 1316; x_wconf 91' lang='lat' dir='ltr'>secundum</span> <span class='ocrx_word' id='word_1_540' title='bbox 2378 1292 2466 1328; x_wconf 92' lang='lat' dir='ltr'>pro—</span> 
     </span>
     <span class='ocr_line' id='line_1_86' title="bbox 1410 1328 2466 1377; baseline 0.005 -13"><span class='ocrx_word' id='word_1_541' title='bbox 1410 1328 1626 1377; x_wconf 89' lang='lat' dir='ltr'>portionem</span> <span class='ocrx_word' id='word_1_542' title='bbox 1655 1330 1702 1366; x_wconf 91' lang='lat' dir='ltr'>ad</span> <span class='ocrx_word' id='word_1_543' title='bbox 1722 1337 1864 1366; x_wconf 89' lang='lat' dir='ltr'>totum:</span> <span class='ocrx_word' id='word_1_544' title='bbox 1890 1331 2081 1367; x_wconf 88' lang='lat' dir='ltr'>tolleretur</span> <span class='ocrx_word' id='word_1_545' title='bbox 2101 1331 2203 1368; x_wconf 91' lang='lat' dir='ltr'>enim</span> <span class='ocrx_word' id='word_1_546' title='bbox 2223 1333 2370 1369; x_wconf 86' lang='lat' dir='ltr'>bonitas</span> <span class='ocrx_word' id='word_1_547' title='bbox 2389 1333 2466 1369; x_wconf 91' lang='lat' dir='ltr'>ani-</span> 
     </span>
     <span class='ocr_line' id='line_1_87' title="bbox 1411 1381 2466 1431; baseline 0.005 -14"><span class='ocrx_word' id='word_1_548' title='bbox 1411 1381 1546 1429; x_wconf 90' lang='lat' dir='ltr'>malis,</span> <span class='ocrx_word' id='word_1_549' title='bbox 1585 1382 1615 1418; x_wconf 94' lang='lat' dir='ltr'>si</span> <span class='ocrx_word' id='word_1_550' title='bbox 1647 1383 1837 1430; x_wconf 91' lang='lat' dir='ltr'>quaelibet</span> <span class='ocrx_word' id='word_1_551' title='bbox 1864 1395 1951 1431; x_wconf 91' lang='lat' dir='ltr'>pars</span> <span class='ocrx_word' id='word_1_552' title='bbox 1984 1384 2063 1420; x_wconf 91' lang='lat' dir='ltr'>eius</span> <span class='ocrx_word' id='word_1_553' title='bbox 2096 1385 2194 1420; x_wconf 91' lang='lat' dir='ltr'>oculi</span> <span class='ocrx_word' id='word_1_554' title='bbox 2227 1386 2382 1422; x_wconf 89' lang='lat' dir='ltr'>haberet</span> <span class='ocrx_word' id='word_1_555' title='bbox 2413 1385 2466 1422; x_wconf 89' lang='lat' dir='ltr'>di-</span> 
     </span>
     <span class='ocr_line' id='line_1_88' title="bbox 1411 1434 2466 1483; baseline 0.004 -12"><span class='ocrx_word' id='word_1_556' title='bbox 1411 1434 1606 1483; x_wconf 89' lang='lat' dir='ltr'>gnitatem.</span> <span class='ocrx_word' id='word_1_557' title='bbox 1637 1435 1700 1472; x_wconf 92' lang='lat' dir='ltr'>Sic</span> <span class='ocrx_word' id='word_1_558' title='bbox 1726 1435 1834 1483; x_wconf 88' lang='lat' dir='ltr'>igitur</span> <span class='ocrx_word' id='word_1_559' title='bbox 1862 1444 1898 1473; x_wconf 93' lang='lat' dir='ltr'>et</span> <span class='ocrx_word' id='word_1_560' title='bbox 1925 1437 2029 1473; x_wconf 90' lang='lat' dir='ltr'>Deus</span> <span class='ocrx_word' id='word_1_561' title='bbox 2057 1444 2179 1474; x_wconf 88' lang='lat' dir='ltr'>totum</span> <span class='ocrx_word' id='word_1_562' title='bbox 2207 1435 2219 1458; x_wconf 49' lang='grc' dir='ltr'><strong>Ἀ</strong></span> <span class='ocrx_word' id='word_1_563' title='bbox 2247 1438 2466 1475; x_wconf 83' lang='lat' dir='ltr'>universum</span> 
     </span>
     <span class='ocr_line' id='line_1_89' title="bbox 1412 1488 2465 1537; baseline 0.004 -13"><span class='ocrx_word' id='word_1_564' title='bbox 1412 1488 1603 1525; x_wconf 90' lang='lat' dir='ltr'>constituit</span> <span class='ocrx_word' id='word_1_565' title='bbox 1622 1488 1820 1537; x_wconf 87' lang='lat' dir='ltr'>optimum,</span> <span class='ocrx_word' id='word_1_566' title='bbox 1842 1489 2052 1526; x_wconf 90' lang='lat' dir='ltr'>secundum</span> <span class='ocrx_word' id='word_1_567' title='bbox 2076 1490 2236 1527; x_wconf 91' lang='lat' dir='ltr'>modum</span> <span class='ocrx_word' id='word_1_568' title='bbox 2258 1499 2465 1528; x_wconf 88' lang='lat' dir='ltr'>creaturae:</span> 
     </span>
     <span class='ocr_line' id='line_1_90' title="bbox 1411 1539 2468 1590; baseline 0.004 -13"><span class='ocrx_word' id='word_1_569' title='bbox 1411 1539 1489 1578; x_wconf 89' lang='lat' dir='ltr'>non</span> <span class='ocrx_word' id='word_1_570' title='bbox 1525 1549 1653 1578; x_wconf 89' lang='lat' dir='ltr'>autern</span> <span class='ocrx_word' id='word_1_571' title='bbox 1692 1541 1855 1590; x_wconf 91' lang='lat' dir='ltr'>singulas</span> <span class='ocrx_word' id='word_1_572' title='bbox 1893 1550 2105 1589; x_wconf 88' lang='lat' dir='ltr'>creaturas,</span> <span class='ocrx_word' id='word_1_573' title='bbox 2144 1544 2211 1580; x_wconf 90' lang='lat' dir='ltr'>sed</span> <span class='ocrx_word' id='word_1_574' title='bbox 2246 1557 2364 1580; x_wconf 90' lang='lat' dir='ltr'>unam</span> <span class='ocrx_word' id='word_1_575' title='bbox 2397 1544 2468 1581; x_wconf 90' lang='lat' dir='ltr'>alia</span> 
     </span>
     <span class='ocr_line' id='line_1_91' title="bbox 1411 1594 2467 1643; baseline 0.003 -12"><span class='ocrx_word' id='word_1_576' title='bbox 1411 1594 1625 1632; x_wconf 88' lang='lat' dir='ltr'>meliorem.</span> <span class='ocrx_word' id='word_1_577' title='bbox 1665 1595 1714 1631; x_wconf 91' lang='lat' dir='ltr'>Et</span> <span class='ocrx_word' id='word_1_578' title='bbox 1740 1595 1827 1632; x_wconf 90' lang='lat' dir='ltr'>ideo</span> <span class='ocrx_word' id='word_1_579' title='bbox 1862 1595 1909 1632; x_wconf 91' lang='lat' dir='ltr'>de</span> <span class='ocrx_word' id='word_1_580' title='bbox 1938 1595 2090 1643; x_wconf 90' lang='lat' dir='ltr'>singulis</span> <span class='ocrx_word' id='word_1_581' title='bbox 2125 1597 2301 1633; x_wconf 90' lang='lat' dir='ltr'>creaturis</span> <span class='ocrx_word' id='word_1_582' title='bbox 2335 1597 2467 1634; x_wconf 89' lang='lat' dir='ltr'>dicitur</span> 
     </span>
     <span class='ocr_line' id='line_1_92' title="bbox 1415 1648 2469 1698; baseline 0.003 -14"><span class='ocrx_word' id='word_1_583' title='bbox 1415 1648 1508 1685; x_wconf 89' lang='lat' dir='ltr'>Gen.</span> <span class='ocrx_word' id='word_1_584' title='bbox 1531 1660 1558 1684; x_wconf 90' lang='lat'>1:</span> <span class='ocrx_word' id='word_1_585' title='bbox 1595 1648 1693 1685; x_wconf 87' lang='lat' dir='ltr'>Vidit</span> <span class='ocrx_word' id='word_1_586' title='bbox 1718 1649 1820 1685; x_wconf 90' lang='lat' dir='ltr'>Deus</span> <span class='ocrx_word' id='word_1_587' title='bbox 1848 1648 1966 1685; x_wconf 85' lang='lat' dir='ltr'>lucem</span> <span class='ocrx_word' id='word_1_588' title='bbox 1996 1649 2096 1697; x_wconf 86' lang='lat' dir='ltr'>quod</span> <span class='ocrx_word' id='word_1_589' title='bbox 2121 1655 2214 1686; x_wconf 88' lang='lat' dir='ltr'>esset</span> <span class='ocrx_word' id='word_1_590' title='bbox 2238 1651 2336 1686; x_wconf 87' lang='lat' dir='ltr'>bona</span> <span class='ocrx_word' id='word_1_591' title='bbox 2363 1650 2402 1698; x_wconf 72' lang='lat'>²¹⁴,</span> <span class='ocrx_word' id='word_1_592' title='bbox 2433 1658 2469 1687; x_wconf 89' lang='lat' dir='ltr'>et</span> 
     </span>
     <span class='ocr_line' id='line_1_93' title="bbox 1411 1701 2469 1749; baseline 0.003 -12"><span class='ocrx_word' id='word_1_593' title='bbox 1411 1701 1581 1738; x_wconf 90' lang='lat' dir='ltr'>similiter</span> <span class='ocrx_word' id='word_1_594' title='bbox 1609 1701 1657 1737; x_wconf 93' lang='lat' dir='ltr'>de</span> <span class='ocrx_word' id='word_1_595' title='bbox 1690 1701 1862 1749; x_wconf 88' lang='lat' dir='ltr'>singulis:</span> <span class='ocrx_word' id='word_1_596' title='bbox 1898 1702 1964 1739; x_wconf 91' lang='lat' dir='ltr'>sed</span> <span class='ocrx_word' id='word_1_597' title='bbox 1993 1702 2040 1739; x_wconf 91' lang='lat' dir='ltr'>de</span> <span class='ocrx_word' id='word_1_598' title='bbox 2069 1702 2247 1739; x_wconf 89' lang='lat' dir='ltr'>omnibus</span> <span class='ocrx_word' id='word_1_599' title='bbox 2279 1702 2388 1739; x_wconf 93' lang='lat' dir='ltr'>simul</span> <span class='ocrx_word' id='word_1_600' title='bbox 2417 1703 2469 1740; x_wconf 93' lang='lat' dir='ltr'>di-</span> 
     </span>
     <span class='ocr_line' id='line_1_94' title="bbox 1412 1754 2471 1804; baseline 0.002 -13"><span class='ocrx_word' id='word_1_601' title='bbox 1412 1754 1506 1792; x_wconf 91' lang='lat' dir='ltr'>citur</span> <span class='ocrx_word' id='word_1_602' title='bbox 1528 1754 1568 1791; x_wconf 75' lang='grc' dir='ltr'>*ε</span> <span class='ocrx_word' id='word_1_603' title='bbox 1596 1755 1694 1791; x_wconf 86' lang='lat' dir='ltr'>Vidit</span> <span class='ocrx_word' id='word_1_604' title='bbox 1718 1756 1821 1792; x_wconf 87' lang='lat' dir='ltr'>Deus</span> <span class='ocrx_word' id='word_1_605' title='bbox 1849 1760 1980 1791; x_wconf 87' lang='lat' dir='ltr'>cuncta</span> <span class='ocrx_word' id='word_1_606' title='bbox 2005 1767 2101 1803; x_wconf 85' lang='lat' dir='ltr'>quae</span> <span class='ocrx_word' id='word_1_607' title='bbox 2109 1756 2275 1804; x_wconf 87' lang='lat' dir='ltr'>fecerat,</span> <span class='ocrx_word' id='word_1_608' title='bbox 2304 1762 2339 1792; x_wconf 90' lang='lat' dir='ltr'>et</span> <span class='ocrx_word' id='word_1_609' title='bbox 2364 1762 2471 1793; x_wconf 87' lang='lat' dir='ltr'>erant</span> 
     </span>
     <span class='ocr_line' id='line_1_95' title="bbox 1411 1808 1657 1846; baseline -0.008 0"><span class='ocrx_word' id='word_1_610' title='bbox 1411 1808 1521 1846; x_wconf 81' lang='lat' dir='ltr'>valde</span> <span class='ocrx_word' id='word_1_611' title='bbox 1547 1808 1657 1844; x_wconf 87' lang='lat' dir='ltr'>bona.</span> 
     </span>
    </p>

    <p class='ocr_par' dir='ltr' id='par_1_22' title="bbox 1413 1861 2472 2284">
     <span class='ocr_line' id='line_1_96' title="bbox 1466 1861 2469 1911; baseline 0.001 -13"><span class='ocrx_word' id='word_1_612' title='bbox 1466 1863 1524 1898; x_wconf 82' lang='lat' dir='ltr'>An</span> <span class='ocrx_word' id='word_1_613' title='bbox 1544 1872 1734 1898; x_wconf 79' lang='lat' dir='ltr'>SECUNDUM</span> <span class='ocrx_word' id='word_1_614' title='bbox 1753 1873 1936 1898; x_wconf 78' lang='lat' dir='ltr'>chENDUM</span> <span class='ocrx_word' id='word_1_615' title='bbox 1952 1862 2056 1910; x_wconf 92' lang='lat' dir='ltr'>quod</span> <span class='ocrx_word' id='word_1_616' title='bbox 2074 1861 2240 1910; x_wconf 90' lang='lat' dir='ltr'>primum</span> <span class='ocrx_word' id='word_1_617' title='bbox 2261 1861 2364 1910; x_wconf 88' lang='lat' dir='ltr'>quod</span> <span class='ocrx_word' id='word_1_618' title='bbox 2382 1874 2469 1911; x_wconf 92' lang='lat' dir='ltr'>pro-</span> 
     </span>
     <span class='ocr_line' id='line_1_97' title="bbox 1413 1914 2469 1963; baseline 0 -12"><span class='ocrx_word' id='word_1_619' title='bbox 1413 1915 1511 1952; x_wconf 91' lang='lat' dir='ltr'>cedit</span> <span class='ocrx_word' id='word_1_620' title='bbox 1530 1915 1577 1951; x_wconf 91' lang='lat' dir='ltr'>ab</span> <span class='ocrx_word' id='word_1_621' title='bbox 1597 1914 1750 1961; x_wconf 82' lang='lat' dir='ltr'>unitate,</span> <span class='ocrx_word' id='word_1_622' title='bbox 1777 1922 1833 1951; x_wconf 92' lang='lat' dir='ltr'>est</span> <span class='ocrx_word' id='word_1_623' title='bbox 1865 1915 2087 1963; x_wconf 88' lang='lat' dir='ltr'>aequalitas;</span> <span class='ocrx_word' id='word_1_624' title='bbox 2118 1922 2154 1952; x_wconf 89' lang='lat' dir='ltr'>et</span> <span class='ocrx_word' id='word_1_625' title='bbox 2173 1914 2309 1952; x_wconf 93' lang='lat' dir='ltr'>deinde</span> <span class='ocrx_word' id='word_1_626' title='bbox 2337 1927 2469 1963; x_wconf 92' lang='lat' dir='ltr'>proce-</span> 
     </span>
     <span class='ocr_line' id='line_1_98' title="bbox 1414 1967 2470 2016; baseline 0 -12"><span class='ocrx_word' id='word_1_627' title='bbox 1414 1968 1468 2005; x_wconf 91' lang='lat' dir='ltr'>dit</span> <span class='ocrx_word' id='word_1_628' title='bbox 1495 1967 1758 2016; x_wconf 89' lang='lat' dir='ltr'>multiplicitas.</span> <span class='ocrx_word' id='word_1_629' title='bbox 1790 1968 1839 2004; x_wconf 85' lang='lat' dir='ltr'>Et</span> <span class='ocrx_word' id='word_1_630' title='bbox 1866 1968 1952 2005; x_wconf 93' lang='lat' dir='ltr'>ideo</span> <span class='ocrx_word' id='word_1_631' title='bbox 1973 1981 1995 2005; x_wconf 92' lang='lat' dir='ltr'>a</span> <span class='ocrx_word' id='word_1_632' title='bbox 2014 1969 2136 2015; x_wconf 85' lang='lat' dir='ltr'>Patre,</span> <span class='ocrx_word' id='word_1_633' title='bbox 2163 1968 2233 2015; x_wconf 90' lang='lat' dir='ltr'>cui,</span> <span class='ocrx_word' id='word_1_634' title='bbox 2259 1968 2470 2005; x_wconf 90' lang='lat' dir='ltr'>secundum</span> 
     </span>
     <span class='ocr_line' id='line_1_99' title="bbox 1413 2018 2469 2070; baseline 0 -12"><span class='ocrx_word' id='word_1_635' title='bbox 1413 2021 1667 2070; x_wconf 88' lang='lat' dir='ltr'>Augustinum</span> <span class='ocrx_word' id='word_1_636' title='bbox 1677 2020 1708 2068; x_wconf 67' lang='lat'>³³³,</span> <span class='ocrx_word' id='word_1_637' title='bbox 1721 2021 1984 2070; x_wconf 86' lang='lat' dir='ltr'>appropriatur</span> <span class='ocrx_word' id='word_1_638' title='bbox 1997 2021 2132 2068; x_wconf 85' lang='lat' dir='ltr'>unitas,</span> <span class='ocrx_word' id='word_1_639' title='bbox 2147 2018 2329 2069; x_wconf 81' lang='lat' dir='ltr'>processit</span> <span class='ocrx_word' id='word_1_640' title='bbox 2344 2021 2469 2068; x_wconf 91' lang='lat' dir='ltr'>Filius,</span> 
     </span>
     <span class='ocr_line' id='line_1_100' title="bbox 1415 2073 2469 2123; baseline 0 -12"><span class='ocrx_word' id='word_1_641' title='bbox 1415 2075 1475 2112; x_wconf 92' lang='lat' dir='ltr'>cui</span> <span class='ocrx_word' id='word_1_642' title='bbox 1503 2073 1766 2123; x_wconf 90' lang='lat' dir='ltr'>appropriatur</span> <span class='ocrx_word' id='word_1_643' title='bbox 1785 2074 2012 2122; x_wconf 86' lang='lat' dir='ltr'>aequalitas;</span> <span class='ocrx_word' id='word_1_644' title='bbox 2042 2082 2078 2111; x_wconf 91' lang='lat' dir='ltr'>et</span> <span class='ocrx_word' id='word_1_645' title='bbox 2097 2074 2233 2111; x_wconf 90' lang='lat' dir='ltr'>deinde</span> <span class='ocrx_word' id='word_1_646' title='bbox 2251 2080 2270 2102; x_wconf 65' lang='grc' dir='ltr'><strong><em>μ</em></strong></span> <span class='ocrx_word' id='word_1_647' title='bbox 2290 2081 2469 2121; x_wconf 90' lang='lat' dir='ltr'>creatura,</span> 
     </span>
     <span class='ocr_line' id='line_1_101' title="bbox 1414 2127 2472 2176; baseline 0 -12"><span class='ocrx_word' id='word_1_648' title='bbox 1414 2128 1474 2165; x_wconf 92' lang='lat' dir='ltr'>cui</span> <span class='ocrx_word' id='word_1_649' title='bbox 1504 2128 1685 2176; x_wconf 91' lang='lat' dir='ltr'>competit</span> <span class='ocrx_word' id='word_1_650' title='bbox 1712 2127 1967 2176; x_wconf 88' lang='lat' dir='ltr'>inaequalitas.</span> <span class='ocrx_word' id='word_1_651' title='bbox 1999 2127 2075 2165; x_wconf 89' lang='lat' dir='ltr'>Sed</span> <span class='ocrx_word' id='word_1_652' title='bbox 2103 2135 2229 2164; x_wconf 87' lang='lat' dir='ltr'>tamen</span> <span class='ocrx_word' id='word_1_653' title='bbox 2256 2133 2268 2147; x_wconf 74' lang='lat'><strong><em>⁹</em></strong></span> <span class='ocrx_word' id='word_1_654' title='bbox 2304 2127 2416 2164; x_wconf 90' lang='lat' dir='ltr'>etiam</span> <span class='ocrx_word' id='word_1_655' title='bbox 2450 2139 2472 2164; x_wconf 92' lang='lat' dir='ltr'>a</span> 
     </span>
     <span class='ocr_line' id='line_1_102' title="bbox 1415 2180 2472 2230; baseline -0.002 -12"><span class='ocrx_word' id='word_1_656' title='bbox 1415 2181 1593 2218; x_wconf 90' lang='lat' dir='ltr'>creaturis</span> <span class='ocrx_word' id='word_1_657' title='bbox 1612 2180 1853 2230; x_wconf 87' lang='lat' dir='ltr'>participatur</span> <span class='ocrx_word' id='word_1_658' title='bbox 1872 2181 2062 2230; x_wconf 88' lang='lat' dir='ltr'>quaedam</span> <span class='ocrx_word' id='word_1_659' title='bbox 2088 2181 2304 2230; x_wconf 87' lang='lat' dir='ltr'>aequalitas,</span> <span class='ocrx_word' id='word_1_660' title='bbox 2335 2180 2472 2217; x_wconf 90' lang='lat' dir='ltr'>scilicet</span> 
     </span>
     <span class='ocr_line' id='line_1_103' title="bbox 1414 2234 1682 2284; baseline -0.004 -12"><span class='ocrx_word' id='word_1_661' title='bbox 1414 2234 1682 2284; x_wconf 90' lang='lat' dir='ltr'>proportionis.</span> 
     </span>
    </p>

    <p class='ocr_par' dir='ltr' id='par_1_23' title="bbox 1413 2286 2474 2917">
     <span class='ocr_line' id='line_1_104' title="bbox 1467 2286 2472 2336; baseline -0.002 -12"><span class='ocrx_word' id='word_1_662' title='bbox 1467 2290 1526 2324; x_wconf 85' lang='lat' dir='ltr'>AD</span> <span class='ocrx_word' id='word_1_663' title='bbox 1555 2299 1715 2324; x_wconf 80' lang='lat' dir='ltr'>TERTIUM</span> <span class='ocrx_word' id='word_1_664' title='bbox 1743 2299 1926 2324; x_wconf 81' lang='lat' dir='ltr'>mCENDuM</span> <span class='ocrx_word' id='word_1_665' title='bbox 1955 2286 2059 2335; x_wconf 92' lang='lat' dir='ltr'>quod</span> <span class='ocrx_word' id='word_1_666' title='bbox 2084 2286 2185 2323; x_wconf 87' lang='lat' dir='ltr'>ratio.</span> <span class='ocrx_word' id='word_1_667' title='bbox 2205 2286 2267 2323; x_wconf 90' lang='lat' dir='ltr'>illa</span> <span class='ocrx_word' id='word_1_668' title='bbox 2289 2294 2343 2323; x_wconf 91' lang='lat' dir='ltr'>est</span> <span class='ocrx_word' id='word_1_669' title='bbox 2375 2298 2472 2336; x_wconf 93' lang='lat' dir='ltr'>quae</span> 
     </span>
     <span class='ocr_line' id='line_1_105' title="bbox 1415 2337 2474 2388; baseline -0.003 -10"><span class='ocrx_word' id='word_1_670' title='bbox 1415 2341 1537 2378; x_wconf 89' lang='lat' dir='ltr'>movit</span> <span class='ocrx_word' id='word_1_671' title='bbox 1556 2340 1763 2388; x_wconf 90' lang='lat' dir='ltr'>Origenem</span> <span class='ocrx_word' id='word_1_672' title='bbox 1783 2339 1822 2377; x_wconf 74' lang='grc' dir='ltr'>*ε</span> <span class='ocrx_word' id='word_1_673' title='bbox 1845 2340 1912 2377; x_wconf 91' lang='lat' dir='ltr'>sed</span> <span class='ocrx_word' id='word_1_674' title='bbox 1932 2352 2009 2376; x_wconf 93' lang='lat' dir='ltr'>non</span> <span class='ocrx_word' id='word_1_675' title='bbox 2029 2337 2042 2363; x_wconf 64' lang='grc' dir='ltr'><em>ξ</em></span> <span class='ocrx_word' id='word_1_676' title='bbox 2060 2340 2174 2376; x_wconf 89' lang='lat' dir='ltr'>habet</span> <span class='ocrx_word' id='word_1_677' title='bbox 2192 2340 2320 2376; x_wconf 91' lang='lat' dir='ltr'>locum</span> <span class='ocrx_word' id='word_1_678' title='bbox 2348 2339 2417 2376; x_wconf 90' lang='lat' dir='ltr'>nisi</span> <span class='ocrx_word' id='word_1_679' title='bbox 2436 2339 2474 2376; x_wconf 93' lang='lat' dir='ltr'>in</span> 
     </span>
     <span class='ocr_line' id='line_1_106' title="bbox 1414 2392 2474 2443; baseline -0.003 -12"><span class='ocrx_word' id='word_1_680' title='bbox 1414 2394 1659 2431; x_wconf 90' lang='lat' dir='ltr'>retributione</span> <span class='ocrx_word' id='word_1_681' title='bbox 1679 2393 1947 2443; x_wconf 87' lang='lat' dir='ltr'>praemiorum,</span> <span class='ocrx_word' id='word_1_682' title='bbox 1961 2405 2123 2441; x_wconf 92' lang='lat' dir='ltr'>quorum</span> <span class='ocrx_word' id='word_1_683' title='bbox 2144 2392 2389 2440; x_wconf 89' lang='lat' dir='ltr'>inaequalitas</span> <span class='ocrx_word' id='word_1_684' title='bbox 2410 2392 2474 2428; x_wconf 91' lang='lat' dir='ltr'>de-</span> 
     </span>
     <span class='ocr_line' id='line_1_107' title="bbox 1414 2444 2473 2495; baseline -0.003 -11"><span class='ocrx_word' id='word_1_685' title='bbox 1414 2449 1523 2484; x_wconf 92' lang='lat' dir='ltr'>betur</span> <span class='ocrx_word' id='word_1_686' title='bbox 1549 2446 1811 2495; x_wconf 90' lang='lat' dir='ltr'>inaequalibus</span> <span class='ocrx_word' id='word_1_687' title='bbox 1844 2445 1995 2482; x_wconf 81' lang='lat' dir='ltr'>meritis.</span> <span class='ocrx_word' id='word_1_688' title='bbox 2035 2446 2111 2482; x_wconf 90' lang='lat' dir='ltr'>Sed</span> <span class='ocrx_word' id='word_1_689' title='bbox 2143 2445 2181 2482; x_wconf 92' lang='lat' dir='ltr'>in</span> <span class='ocrx_word' id='word_1_690' title='bbox 2211 2444 2473 2482; x_wconf 89' lang='lat' dir='ltr'>constitutione</span> 
     </span>
     <span class='ocr_line' id='line_1_108' title="bbox 1415 2498 2472 2547; baseline -0.004 -9"><span class='ocrx_word' id='word_1_691' title='bbox 1415 2513 1543 2538; x_wconf 89' lang='lat' dir='ltr'>rerum</span> <span class='ocrx_word' id='word_1_692' title='bbox 1572 2512 1651 2537; x_wconf 91' lang='lat' dir='ltr'>non</span> <span class='ocrx_word' id='word_1_693' title='bbox 1679 2507 1735 2536; x_wconf 91' lang='lat' dir='ltr'>est</span> <span class='ocrx_word' id='word_1_694' title='bbox 1762 2499 2007 2547; x_wconf 89' lang='lat' dir='ltr'>inaequalitas</span> <span class='ocrx_word' id='word_1_695' title='bbox 2034 2498 2198 2547; x_wconf 90' lang='lat' dir='ltr'>partium</span> <span class='ocrx_word' id='word_1_696' title='bbox 2234 2511 2304 2547; x_wconf 89' lang='lat' dir='ltr'>per</span> <span class='ocrx_word' id='word_1_697' title='bbox 2339 2510 2472 2546; x_wconf 89' lang='lat' dir='ltr'>quarn-</span> 
     </span>
     <span class='ocr_line' id='line_1_109' title="bbox 1416 2550 2474 2602; baseline -0.004 -11"><span class='ocrx_word' id='word_1_698' title='bbox 1416 2565 1581 2602; x_wconf 91' lang='lat' dir='ltr'>cumque</span> <span class='ocrx_word' id='word_1_699' title='bbox 1602 2552 1904 2601; x_wconf 89' lang='lat' dir='ltr'>inaequalitatem</span> <span class='ocrx_word' id='word_1_700' title='bbox 1924 2551 2215 2600; x_wconf 89' lang='lat' dir='ltr'>praecedentem</span> <span class='ocrx_word' id='word_1_701' title='bbox 2234 2552 2296 2588; x_wconf 92' lang='lat' dir='ltr'>vel</span> <span class='ocrx_word' id='word_1_702' title='bbox 2321 2550 2474 2587; x_wconf 88' lang='lat' dir='ltr'>merito-</span> 
     </span>
     <span class='ocr_line' id='line_1_110' title="bbox 1416 2604 2474 2654; baseline -0.005 -10"><span class='ocrx_word' id='word_1_703' title='bbox 1416 2620 1499 2644; x_wconf 90' lang='lat' dir='ltr'>rum</span> <span class='ocrx_word' id='word_1_704' title='bbox 1518 2607 1581 2644; x_wconf 90' lang='lat' dir='ltr'>vel</span> <span class='ocrx_word' id='word_1_705' title='bbox 1602 2606 1714 2643; x_wconf 90' lang='lat' dir='ltr'>etiam</span> <span class='ocrx_word' id='word_1_706' title='bbox 1735 2604 1987 2654; x_wconf 87' lang='lat' dir='ltr'>dispositionis</span> <span class='ocrx_word' id='word_1_707' title='bbox 2011 2605 2207 2650; x_wconf 84' lang='lat' dir='ltr'>materiae3</span> <span class='ocrx_word' id='word_1_708' title='bbox 2234 2604 2301 2641; x_wconf 91' lang='lat' dir='ltr'>sed</span> <span class='ocrx_word' id='word_1_709' title='bbox 2319 2611 2474 2652; x_wconf 90' lang='lat' dir='ltr'>propter</span> 
     </span>
     <span class='ocr_line' id='line_1_111' title="bbox 1413 2656 2473 2710; baseline -0.005 -13"><span class='ocrx_word' id='word_1_710' title='bbox 1413 2660 1687 2710; x_wconf 87' lang='lat' dir='ltr'>perfectionem</span> <span class='ocrx_word' id='word_1_711' title='bbox 1715 2659 1838 2695; x_wconf 88' lang='lat' dir='ltr'>totius.</span> <span class='ocrx_word' id='word_1_712' title='bbox 1876 2658 1927 2695; x_wconf 88' lang='lat' dir='ltr'>Ut</span> <span class='ocrx_word' id='word_1_713' title='bbox 1953 2664 2055 2707; x_wconf 91' lang='lat' dir='ltr'>patet</span> <span class='ocrx_word' id='word_1_714' title='bbox 2084 2657 2193 2694; x_wconf 91' lang='lat' dir='ltr'>etiam</span> <span class='ocrx_word' id='word_1_715' title='bbox 2223 2657 2262 2700; x_wconf 85' lang='lat' dir='ltr'>in</span> <span class='ocrx_word' id='word_1_716' title='bbox 2295 2656 2473 2705; x_wconf 91' lang='lat' dir='ltr'>operibus</span> 
     </span>
     <span class='ocr_line' id='line_1_112' title="bbox 1415 2709 2472 2760; baseline -0.006 -9"><span class='ocrx_word' id='word_1_717' title='bbox 1415 2714 1523 2751; x_wconf 88' lang='lat' dir='ltr'>artis:</span> <span class='ocrx_word' id='word_1_718' title='bbox 1553 2725 1632 2750; x_wconf 93' lang='lat' dir='ltr'>non</span> <span class='ocrx_word' id='word_1_719' title='bbox 1661 2711 1761 2749; x_wconf 91' lang='lat' dir='ltr'>enim</span> <span class='ocrx_word' id='word_1_720' title='bbox 1780 2719 1936 2760; x_wconf 90' lang='lat' dir='ltr'>propter</span> <span class='ocrx_word' id='word_1_721' title='bbox 1953 2712 2028 2748; x_wconf 90' lang='lat' dir='ltr'>hoc</span> <span class='ocrx_word' id='word_1_722' title='bbox 2047 2710 2171 2748; x_wconf 87' lang='lat' dir='ltr'>differt</span> <span class='ocrx_word' id='word_1_723' title='bbox 2189 2718 2329 2746; x_wconf 91' lang='lat' dir='ltr'>tectum</span> <span class='ocrx_word' id='word_1_724' title='bbox 2349 2722 2371 2745; x_wconf 88' lang='lat' dir='ltr'>a</span> <span class='ocrx_word' id='word_1_725' title='bbox 2390 2709 2472 2746; x_wconf 90' lang='lat' dir='ltr'>fun-</span> 
     </span>
     <span class='ocr_line' id='line_1_113' title="bbox 1416 2762 2473 2814; baseline -0.006 -10"><span class='ocrx_word' id='word_1_726' title='bbox 1416 2768 1608 2813; x_wconf 85' lang='lat' dir='ltr'>dament0‚</span> <span class='ocrx_word' id='word_1_727' title='bbox 1630 2765 1718 2814; x_wconf 85' lang='lat' dir='ltr'>quia</span> <span class='ocrx_word' id='word_1_728' title='bbox 1737 2765 1851 2801; x_wconf 93' lang='lat' dir='ltr'>habet</span> <span class='ocrx_word' id='word_1_729' title='bbox 1880 2764 2068 2801; x_wconf 87' lang='lat' dir='ltr'>diversam</span> <span class='ocrx_word' id='word_1_730' title='bbox 2098 2763 2315 2808; x_wconf 87' lang='lat' dir='ltr'>materiam;</span> <span class='ocrx_word' id='word_1_731' title='bbox 2346 2762 2413 2798; x_wconf 94' lang='lat' dir='ltr'>sed</span> <span class='ocrx_word' id='word_1_732' title='bbox 2432 2768 2473 2798; x_wconf 89' lang='lat' dir='ltr'>ut</span> 
     </span>
     <span class='ocr_line' id='line_1_114' title="bbox 1415 2814 2472 2867; baseline -0.007 -10"><span class='ocrx_word' id='word_1_733' title='bbox 1415 2820 1461 2857; x_wconf 90' lang='lat' dir='ltr'>sit</span> <span class='ocrx_word' id='word_1_734' title='bbox 1491 2820 1627 2857; x_wconf 90' lang='lat' dir='ltr'>domus</span> <span class='ocrx_word' id='word_1_735' title='bbox 1655 2818 1820 2867; x_wconf 90' lang='lat' dir='ltr'>perfecta</span> <span class='ocrx_word' id='word_1_736' title='bbox 1848 2829 1892 2854; x_wconf 86' lang='lat' dir='ltr'>ex</span> <span class='ocrx_word' id='word_1_737' title='bbox 1922 2816 2079 2854; x_wconf 85' lang='lat' dir='ltr'>diversis</span> <span class='ocrx_word' id='word_1_738' title='bbox 2105 2816 2290 2864; x_wconf 87' lang='lat' dir='ltr'>partibus,</span> <span class='ocrx_word' id='word_1_739' title='bbox 2327 2814 2472 2862; x_wconf 88' lang='lat' dir='ltr'>quaerit</span> 
     </span>
     <span class='ocr_line' id='line_1_115' title="bbox 1416 2866 2472 2917; baseline -0.007 -7"><span class='ocrx_word' id='word_1_740' title='bbox 1416 2873 1546 2910; x_wconf 89' lang='lat' dir='ltr'>artifex</span> <span class='ocrx_word' id='word_1_741' title='bbox 1583 2872 1773 2909; x_wconf 87' lang='lat' dir='ltr'>diversam</span> <span class='ocrx_word' id='word_1_742' title='bbox 1811 2869 2033 2917; x_wconf 84' lang='lat' dir='ltr'>materiam,</span> <span class='ocrx_word' id='word_1_743' title='bbox 2079 2877 2113 2905; x_wconf 93' lang='lat' dir='ltr'>et</span> <span class='ocrx_word' id='word_1_744' title='bbox 2150 2869 2287 2905; x_wconf 87' lang='lat' dir='ltr'>faceret</span> <span class='ocrx_word' id='word_1_745' title='bbox 2324 2879 2409 2904; x_wconf 88' lang='lat' dir='ltr'>eam</span> <span class='ocrx_word' id='word_1_746' title='bbox 2442 2866 2472 2903; x_wconf 93' lang='lat' dir='ltr'>si</span> 
     </span>
    </p>
   </div>
   <div class='ocr_carea' id='block_1_15' title="bbox 1414 2933 1554 2975">
    <p class='ocr_par' dir='ltr' id='par_1_24' title="bbox 1414 2933 1554 2975">
     <span class='ocr_line' id='line_1_116' title="bbox 1414 2933 1554 2975; baseline -0.014 -11"><span class='ocrx_word' id='word_1_747' title='bbox 1414 2933 1554 2975; x_wconf 90' lang='lat' dir='ltr'>posset.</span> 
     </span>
    </p>
   </div>
   <div class='ocr_carea' id='block_1_16' title="bbox 1465 3012 2474 3231">
    <p class='ocr_par' dir='ltr' id='par_1_25' title="bbox 1467 3012 2471 3089">
     <span class='ocr_line' id='line_1_117' title="bbox 1469 3012 2471 3054; baseline -0.006 -8"><span class='ocrx_word' id='word_1_748' title='bbox 1469 3023 1487 3054; x_wconf 92' lang='grc' dir='ltr'>ι)</span> <span class='ocrx_word' id='word_1_749' title='bbox 1508 3022 1657 3046; x_wconf 82' lang='lat' dir='ltr'>variantur.</span> <span class='ocrx_word' id='word_1_750' title='bbox 1674 3034 1694 3039; x_wconf 92' lang='lat'>—</span> <span class='ocrx_word' id='word_1_751' title='bbox 1712 3020 1836 3044; x_wconf 77' lang='lat' dir='ltr'>variatur</span> <span class='ocrx_word' id='word_1_752' title='bbox 1851 3019 1925 3043; x_wconf 89' lang='lat' dir='ltr'>codd.</span> <span class='ocrx_word' id='word_1_753' title='bbox 1945 3022 1970 3042; x_wconf 89' lang='lat' dir='ltr'>et</span> <span class='ocrx_word' id='word_1_754' title='bbox 1988 3018 2028 3042; x_wconf 89' lang='lat' dir='ltr'>ed.</span> <span class='ocrx_word' id='word_1_755' title='bbox 2041 3024 2066 3042; x_wconf 85' lang='lat' dir='ltr'>a.</span> <span class='ocrx_word' id='word_1_756' title='bbox 2079 3031 2098 3035; x_wconf 98' lang='lat'><em>-</em></span> <span class='ocrx_word' id='word_1_757' title='bbox 2111 3017 2207 3048; x_wconf 81' lang='lat' dir='ltr'>species</span> <span class='ocrx_word' id='word_1_758' title='bbox 2221 3024 2273 3041; x_wconf 87' lang='lat' dir='ltr'>om.</span> <span class='ocrx_word' id='word_1_759' title='bbox 2286 3012 2471 3049; x_wconf 83' lang='lat' dir='ltr'>ABCDEGpF.</span> 
     </span>
     <span class='ocr_line' id='line_1_118' title="bbox 1467 3055 1899 3089; baseline -0.009 -7"><span class='ocrx_word' id='word_1_760' title='bbox 1467 3058 1491 3089; x_wconf 83' lang='grc' dir='ltr'>κ)</span> <span class='ocrx_word' id='word_1_761' title='bbox 1506 3057 1665 3089; x_wconf 81' lang='lat' dir='ltr'>producere.</span> <span class='ocrx_word' id='word_1_762' title='bbox 1682 3069 1701 3074; x_wconf 80' lang='lat'><em>-</em></span> <span class='ocrx_word' id='word_1_763' title='bbox 1718 3055 1851 3079; x_wconf 83' lang='lat' dir='ltr'>adducere</span> <span class='ocrx_word' id='word_1_764' title='bbox 1868 3055 1899 3079; x_wconf 89' lang='grc' dir='ltr'>Α.</span> 
     </span>
    </p>

    <p class='ocr_par' dir='ltr' id='par_1_26' title="bbox 1467 3090 1875 3125">
     <span class='ocr_line' id='line_1_119' title="bbox 1467 3090 1875 3125; baseline -0.01 -8"><span class='ocrx_word' id='word_1_765' title='bbox 1467 3093 1492 3125; x_wconf 81' lang='grc' dir='ltr'>λ)</span> <span class='ocrx_word' id='word_1_766' title='bbox 1513 3095 1607 3117; x_wconf 88' lang='lat' dir='ltr'>totum.</span> <span class='ocrx_word' id='word_1_767' title='bbox 1623 3105 1643 3109; x_wconf 97' lang='lat'><em>-</em></span> <span class='ocrx_word' id='word_1_768' title='bbox 1661 3091 1746 3122; x_wconf 81' lang='lat' dir='ltr'>ipsum</span> <span class='ocrx_word' id='word_1_769' title='bbox 1766 3090 1875 3114; x_wconf 89' lang='lat' dir='ltr'>codices.</span> 
     </span>
    </p>

    <p class='ocr_par' dir='ltr' id='par_1_27' title="bbox 1466 3125 1904 3162">
     <span class='ocr_line' id='line_1_120' title="bbox 1466 3125 1904 3162; baseline -0.009 -10"><span class='ocrx_word' id='word_1_770' title='bbox 1466 3128 1493 3162; x_wconf 76' lang='grc' dir='ltr'>μ)</span> <span class='ocrx_word' id='word_1_771' title='bbox 1513 3127 1616 3152; x_wconf 84' lang='lat' dir='ltr'>deinde.</span> <span class='ocrx_word' id='word_1_772' title='bbox 1634 3140 1652 3145; x_wconf 88' lang='lat'>-</span> <span class='ocrx_word' id='word_1_773' title='bbox 1671 3126 1775 3150; x_wconf 86' lang='lat' dir='ltr'>demum</span> <span class='ocrx_word' id='word_1_774' title='bbox 1794 3125 1904 3149; x_wconf 86' lang='lat' dir='ltr'>codices.</span> 
     </span>
    </p>

    <p class='ocr_par' dir='ltr' id='par_1_28' title="bbox 1465 3156 2474 3231">
     <span class='ocr_line' id='line_1_121' title="bbox 1465 3156 2474 3194; baseline -0.008 -6"><span class='ocrx_word' id='word_1_775' title='bbox 1465 3164 1488 3194; x_wconf 84' lang='grc' dir='ltr'>ν)</span> <span class='ocrx_word' id='word_1_776' title='bbox 1508 3166 1604 3188; x_wconf 84' lang='lat' dir='ltr'>tamen.</span> <span class='ocrx_word' id='word_1_777' title='bbox 1617 3175 1634 3180; x_wconf 93' lang='lat'>-</span> <span class='ocrx_word' id='word_1_778' title='bbox 1648 3161 1709 3186; x_wconf 89' lang='lat' dir='ltr'>Om.</span> <span class='ocrx_word' id='word_1_779' title='bbox 1724 3160 1783 3191; x_wconf 83' lang='lat' dir='ltr'>FG;</span> <span class='ocrx_word' id='word_1_780' title='bbox 1802 3167 1850 3192; x_wconf 88' lang='lat' dir='ltr'>pro</span> <span class='ocrx_word' id='word_1_781' title='bbox 1863 3167 1888 3188; x_wconf 85' lang='lat' dir='ltr'>a,</span> <span class='ocrx_word' id='word_1_782' title='bbox 1903 3160 1929 3184; x_wconf 85' lang='lat' dir='ltr'>in</span> <span class='ocrx_word' id='word_1_783' title='bbox 1944 3158 2092 3187; x_wconf 86' lang='lat' dir='ltr'><strong>ABCEFG;</strong></span> <span class='ocrx_word' id='word_1_784' title='bbox 2113 3157 2167 3182; x_wconf 85' lang='lat' dir='ltr'>Sed</span> <span class='ocrx_word' id='word_1_785' title='bbox 2216 3157 2365 3189; x_wconf 83' lang='lat' dir='ltr'>aequalitas</span> <span class='ocrx_word' id='word_1_786' title='bbox 2377 3163 2430 3180; x_wconf 92' lang='lat' dir='ltr'>om.</span> <span class='ocrx_word' id='word_1_787' title='bbox 2441 3156 2474 3181; x_wconf 89' lang='lat' dir='ltr'>D.</span> 
     </span>
     <span class='ocr_line' id='line_1_122' title="bbox 1466 3192 2426 3231; baseline -0.008 -8"><span class='ocrx_word' id='word_1_788' title='bbox 1466 3197 1488 3231; x_wconf 82' lang='grc' dir='ltr'>ξ)</span> <span class='ocrx_word' id='word_1_789' title='bbox 1509 3198 1555 3223; x_wconf 84' lang='lat' dir='ltr'>illa</span> <span class='ocrx_word' id='word_1_790' title='bbox 1574 3200 1648 3222; x_wconf 86' lang='lat' dir='ltr'>est...</span> <span class='ocrx_word' id='word_1_791' title='bbox 1662 3196 1710 3221; x_wconf 85' lang='lat' dir='ltr'>sed</span> <span class='ocrx_word' id='word_1_792' title='bbox 1729 3203 1789 3221; x_wconf 83' lang='lat' dir='ltr'>non.</span> <span class='ocrx_word' id='word_1_793' title='bbox 1807 3209 1826 3214; x_wconf 95' lang='lat'>-</span> <span class='ocrx_word' id='word_1_794' title='bbox 1845 3195 1926 3220; x_wconf 85' lang='lat' dir='ltr'>illa...</span> <span class='ocrx_word' id='word_1_795' title='bbox 1939 3201 1990 3219; x_wconf 87' lang='lat' dir='ltr'>non</span> <span class='ocrx_word' id='word_1_796' title='bbox 2010 3194 2048 3225; x_wconf 86' lang='lat' dir='ltr'>D;</span> <span class='ocrx_word' id='word_1_797' title='bbox 2067 3196 2106 3218; x_wconf 87' lang='lat' dir='ltr'>est</span> <span class='ocrx_word' id='word_1_798' title='bbox 2123 3200 2176 3217; x_wconf 91' lang='lat' dir='ltr'>om.</span> <span class='ocrx_word' id='word_1_799' title='bbox 2195 3194 2243 3225; x_wconf 86' lang='lat' dir='ltr'>pA,</span> <span class='ocrx_word' id='word_1_800' title='bbox 2261 3192 2308 3217; x_wconf 82' lang='lat' dir='ltr'>sed</span> <span class='ocrx_word' id='word_1_801' title='bbox 2325 3199 2378 3216; x_wconf 90' lang='lat' dir='ltr'>om.</span> <span class='ocrx_word' id='word_1_802' title='bbox 2395 3192 2426 3216; x_wconf 87' lang='lat' dir='ltr'>B.</span> 
     </span>
    </p>
   </div>
   <div class='ocr_carea' id='block_1_17' title="bbox 975 3258 1799 3296">
    <p class='ocr_par' dir='ltr' id='par_1_29' title="bbox 975 3258 1799 3296">
     <span class='ocr_line' id='line_1_123' title="bbox 975 3258 1799 3296; baseline -0.008 0"><span class='ocrx_word' id='word_1_803' title='bbox 975 3262 1307 3296; x_wconf 77' lang='lat' dir='ltr'>Commentaria</span> <span class='ocrx_word' id='word_1_804' title='bbox 1330 3260 1578 3294; x_wconf 79' lang='lat' dir='ltr'>Cardinalis</span> <span class='ocrx_word' id='word_1_805' title='bbox 1601 3258 1799 3291; x_wconf 75' lang='lat' dir='ltr'>Caietam</span> 
     </span>
    </p>
   </div>
   <div class='ocr_carea' id='block_1_18' title="bbox 292 3328 1362 3636">
    <p class='ocr_par' dir='ltr' id='par_1_30' title="bbox 292 3328 1362 3458">
     <span class='ocr_line' id='line_1_124' title="bbox 294 3328 1362 3402; baseline 0 -44"><span class='ocrx_word' id='word_1_806' title='bbox 294 3338 460 3402; x_wconf 66' lang='lat' dir='ltr'>Trrunus</span> <span class='ocrx_word' id='word_1_807' title='bbox 482 3328 704 3369; x_wconf 84' lang='lat' dir='ltr'>intelligendus</span> <span class='ocrx_word' id='word_1_808' title='bbox 727 3335 774 3360; x_wconf 89' lang='lat' dir='ltr'>est</span> <span class='ocrx_word' id='word_1_809' title='bbox 796 3329 877 3360; x_wconf 89' lang='lat' dir='ltr'>sicut</span> <span class='ocrx_word' id='word_1_810' title='bbox 905 3330 1103 3371; x_wconf 86' lang='lat' dir='ltr'>praecedens.</span> <span class='ocrx_word' id='word_1_811' title='bbox 1126 3348 1147 3353; x_wconf 93' lang='lat'><em>—</em></span> <span class='ocrx_word' id='word_1_812' title='bbox 1167 3330 1201 3360; x_wconf 93' lang='lat' dir='ltr'>In</span> <span class='ocrx_word' id='word_1_813' title='bbox 1229 3339 1362 3369; x_wconf 89' lang='lat' dir='ltr'>corpore</span> 
     </span>
     <span class='ocr_line' id='line_1_125' title="bbox 354 3372 1359 3415; baseline 0.001 -13"><span class='ocrx_word' id='word_1_814' title='bbox 354 3372 420 3403; x_wconf 94' lang='lat' dir='ltr'>duo</span> <span class='ocrx_word' id='word_1_815' title='bbox 437 3372 524 3403; x_wconf 83' lang='lat' dir='ltr'>facit:</span> <span class='ocrx_word' id='word_1_816' title='bbox 544 3372 659 3413; x_wconf 88' lang='lat' dir='ltr'>primo,</span> <span class='ocrx_word' id='word_1_817' title='bbox 681 3380 792 3404; x_wconf 88' lang='lat' dir='ltr'>tractat</span> <span class='ocrx_word' id='word_1_818' title='bbox 814 3374 1002 3415; x_wconf 89' lang='lat' dir='ltr'>opinionem</span> <span class='ocrx_word' id='word_1_819' title='bbox 1024 3374 1183 3414; x_wconf 87' lang='lat' dir='ltr'>Origenis;</span> <span class='ocrx_word' id='word_1_820' title='bbox 1209 3373 1359 3409; x_wconf 88' lang='lat' dir='ltr'>secundo,</span> 
     </span>
     <span class='ocr_line' id='line_1_126' title="bbox 292 3417 679 3458; baseline 0.003 -11"><span class='ocrx_word' id='word_1_821' title='bbox 292 3417 464 3457; x_wconf 86' lang='lat' dir='ltr'>respondet</span> <span class='ocrx_word' id='word_1_822' title='bbox 486 3417 629 3458; x_wconf 86' lang='lat' dir='ltr'>quaesito</span> <span class='ocrx_word' id='word_1_823' title='bbox 652 3417 679 3448; x_wconf 90' lang='lat'>*.</span> 
     </span>
    </p>

    <p class='ocr_par' dir='ltr' id='par_1_31' title="bbox 293 3461 1362 3636">
     <span class='ocr_line' id='line_1_127' title="bbox 352 3461 1362 3503; baseline -0.001 -12"><span class='ocrx_word' id='word_1_824' title='bbox 352 3461 389 3492; x_wconf 92' lang='lat'>11.</span> <span class='ocrx_word' id='word_1_825' title='bbox 415 3461 532 3498; x_wconf 89' lang='lat' dir='ltr'>Quoad</span> <span class='ocrx_word' id='word_1_826' title='bbox 548 3462 706 3501; x_wconf 79' lang='lat' dir='ltr'>primum,</span> <span class='ocrx_word' id='word_1_827' title='bbox 728 3461 858 3502; x_wconf 90' lang='lat' dir='ltr'>ponitur</span> <span class='ocrx_word' id='word_1_828' title='bbox 885 3462 919 3493; x_wconf 90' lang='lat' dir='ltr'>in</span> <span class='ocrx_word' id='word_1_829' title='bbox 947 3463 1048 3494; x_wconf 90' lang='lat' dir='ltr'>littera</span> <span class='ocrx_word' id='word_1_830' title='bbox 1079 3462 1190 3503; x_wconf 91' lang='lat' dir='ltr'>opinio</span> <span class='ocrx_word' id='word_1_831' title='bbox 1215 3461 1362 3501; x_wconf 88' lang='lat' dir='ltr'>Origenis</span> 
     </span>
     <span class='ocr_line' id='line_1_128' title="bbox 294 3505 1359 3541; baseline -0.001 -5"><span class='ocrx_word' id='word_1_832' title='bbox 294 3505 367 3536; x_wconf 81' lang='lat' dir='ltr'>satis</span> <span class='ocrx_word' id='word_1_833' title='bbox 392 3505 487 3541; x_wconf 84' lang='lat' dir='ltr'>clare,</span> <span class='ocrx_word' id='word_1_834' title='bbox 512 3505 676 3535; x_wconf 87' lang='lat' dir='ltr'>continens</span> <span class='ocrx_word' id='word_1_835' title='bbox 699 3506 773 3536; x_wconf 86' lang='lat' dir='ltr'>tria:</span> <span class='ocrx_word' id='word_1_836' title='bbox 798 3506 916 3538; x_wconf 84' lang='lat' dir='ltr'>scilicet</span> <span class='ocrx_word' id='word_1_837' title='bbox 938 3507 1106 3538; x_wconf 87' lang='lat' dir='ltr'>rationales</span> <span class='ocrx_word' id='word_1_838' title='bbox 1130 3513 1284 3537; x_wconf 87' lang='lat' dir='ltr'>creaturas</span> <span class='ocrx_word' id='word_1_839' title='bbox 1308 3515 1359 3535; x_wconf 85' lang='lat' dir='ltr'>ae-</span> 
     </span>
     <span class='ocr_line' id='line_1_129' title="bbox 294 3549 1360 3591; baseline -0.001 -12"><span class='ocrx_word' id='word_1_840' title='bbox 294 3549 404 3591; x_wconf 88' lang='lat' dir='ltr'>quales</span> <span class='ocrx_word' id='word_1_841' title='bbox 427 3556 560 3585; x_wconf 86' lang='lat' dir='ltr'>creatas;</span> <span class='ocrx_word' id='word_1_842' title='bbox 586 3555 616 3580; x_wconf 89' lang='lat' dir='ltr'>et</span> <span class='ocrx_word' id='word_1_843' title='bbox 638 3549 895 3590; x_wconf 80' lang='lat' dir='ltr'>inaequalitatem</span> <span class='ocrx_word' id='word_1_844' title='bbox 919 3561 956 3581; x_wconf 87' lang='lat' dir='ltr'>ex</span> <span class='ocrx_word' id='word_1_845' title='bbox 978 3551 1078 3581; x_wconf 89' lang='lat' dir='ltr'>libero</span> <span class='ocrx_word' id='word_1_846' title='bbox 1095 3550 1235 3585; x_wconf 88' lang='lat' dir='ltr'>arbitrio;</span> <span class='ocrx_word' id='word_1_847' title='bbox 1260 3557 1290 3580; x_wconf 88' lang='lat' dir='ltr'>et</span> <span class='ocrx_word' id='word_1_848' title='bbox 1314 3549 1360 3578; x_wconf 93' lang='lat' dir='ltr'>di-</span> 
     </span>
     <span class='ocr_line' id='line_1_130' title="bbox 293 3593 1361 3636; baseline -0.002 -12"><span class='ocrx_word' id='word_1_849' title='bbox 293 3593 490 3630; x_wconf 82' lang='lat' dir='ltr'>versitatem,</span> <span class='ocrx_word' id='word_1_850' title='bbox 514 3593 582 3624; x_wconf 89' lang='lat' dir='ltr'>imo</span> <span class='ocrx_word' id='word_1_851' title='bbox 607 3600 638 3624; x_wconf 89' lang='lat' dir='ltr'>et</span> <span class='ocrx_word' id='word_1_852' title='bbox 660 3594 851 3625; x_wconf 87' lang='lat' dir='ltr'>creationem</span> <span class='ocrx_word' id='word_1_853' title='bbox 871 3605 1043 3636; x_wconf 85' lang='lat' dir='ltr'>corporum</span> <span class='ocrx_word' id='word_1_854' title='bbox 1063 3605 1100 3625; x_wconf 85' lang='lat' dir='ltr'>ex</span> <span class='ocrx_word' id='word_1_855' title='bbox 1123 3594 1299 3635; x_wconf 88' lang='lat' dir='ltr'>punitione.</span> <span class='ocrx_word' id='word_1_856' title='bbox 1320 3593 1361 3622; x_wconf 90' lang='lat' dir='ltr'>Et</span> 
     </span>
    </p>
   </div>
   <div class='ocr_carea' id='block_1_19' title="bbox 1414 3320 2475 3624">
    <p class='ocr_par' dir='ltr' id='par_1_32' title="bbox 1414 3320 2475 3624">
     <span class='ocr_line' id='line_1_131' title="bbox 1417 3320 2473 3366; baseline -0.009 -9"><span class='ocrx_word' id='word_1_857' title='bbox 1417 3327 1460 3357; x_wconf 88' lang='lat' dir='ltr'>sic</span> <span class='ocrx_word' id='word_1_858' title='bbox 1476 3325 1645 3366; x_wconf 89' lang='lat' dir='ltr'>respondet</span> <span class='ocrx_word' id='word_1_859' title='bbox 1667 3323 1810 3365; x_wconf 87' lang='lat' dir='ltr'>quaesito</span> <span class='ocrx_word' id='word_1_860' title='bbox 1834 3323 1985 3363; x_wconf 82' lang='lat' dir='ltr'>negative.</span> <span class='ocrx_word' id='word_1_861' title='bbox 2009 3339 2030 3345; x_wconf 89' lang='lat'>—</span> <span class='ocrx_word' id='word_1_862' title='bbox 2054 3320 2199 3351; x_wconf 90' lang='lat' dir='ltr'>Refertur</span> <span class='ocrx_word' id='word_1_863' title='bbox 2216 3329 2346 3360; x_wconf 92' lang='lat' dir='ltr'>quoque</span> <span class='ocrx_word' id='word_1_864' title='bbox 2369 3325 2400 3349; x_wconf 91' lang='lat' dir='ltr'>et</span> <span class='ocrx_word' id='word_1_865' title='bbox 2421 3328 2473 3349; x_wconf 92' lang='lat' dir='ltr'>oc-</span> 
     </span>
     <span class='ocr_line' id='line_1_132' title="bbox 1417 3364 2473 3408; baseline -0.009 -7"><span class='ocrx_word' id='word_1_866' title='bbox 1417 3371 1499 3402; x_wconf 89' lang='lat' dir='ltr'>casio</span> <span class='ocrx_word' id='word_1_867' title='bbox 1522 3370 1617 3400; x_wconf 87' lang='lat' dir='ltr'>huius</span> <span class='ocrx_word' id='word_1_868' title='bbox 1641 3368 1816 3408; x_wconf 89' lang='lat' dir='ltr'>opinionis:</span> <span class='ocrx_word' id='word_1_869' title='bbox 1848 3367 1922 3407; x_wconf 84' lang='lat' dir='ltr'>quia</span> <span class='ocrx_word' id='word_1_870' title='bbox 1945 3366 2060 3396; x_wconf 88' lang='lat' dir='ltr'>scilicet</span> <span class='ocrx_word' id='word_1_871' title='bbox 2082 3364 2243 3395; x_wconf 80' lang='lat' dir='ltr'>excludere</span> <span class='ocrx_word' id='word_1_872' title='bbox 2271 3369 2402 3394; x_wconf 87' lang='lat' dir='ltr'>conatus</span> <span class='ocrx_word' id='word_1_873' title='bbox 2427 3368 2473 3393; x_wconf 87' lang='lat' dir='ltr'>est</span> 
     </span>
     <span class='ocr_line' id='line_1_133' title="bbox 1416 3406 2474 3454; baseline -0.009 -9"><span class='ocrx_word' id='word_1_874' title='bbox 1416 3415 1602 3454; x_wconf 89' lang='lat' dir='ltr'>opinionem</span> <span class='ocrx_word' id='word_1_875' title='bbox 1626 3419 1798 3452; x_wconf 90' lang='lat' dir='ltr'>ponentem</span> <span class='ocrx_word' id='word_1_876' title='bbox 1826 3410 2058 3441; x_wconf 89' lang='lat' dir='ltr'>distinctionem</span> <span class='ocrx_word' id='word_1_877' title='bbox 2087 3419 2124 3439; x_wconf 85' lang='lat' dir='ltr'>ex</span> <span class='ocrx_word' id='word_1_878' title='bbox 2153 3407 2366 3438; x_wconf 84' lang='lat' dir='ltr'>contrarietate</span> <span class='ocrx_word' id='word_1_879' title='bbox 2389 3406 2474 3447; x_wconf 91' lang='lat' dir='ltr'>prin-</span> 
     </span>
     <span class='ocr_line' id='line_1_134' title="bbox 1416 3451 2475 3499; baseline -0.008 -10"><span class='ocrx_word' id='word_1_880' title='bbox 1416 3459 1571 3499; x_wconf 87' lang='lat' dir='ltr'>cipiorum</span> <span class='ocrx_word' id='word_1_881' title='bbox 1594 3456 1671 3487; x_wconf 91' lang='lat' dir='ltr'>boni</span> <span class='ocrx_word' id='word_1_882' title='bbox 1695 3463 1725 3487; x_wconf 92' lang='lat' dir='ltr'>et</span> <span class='ocrx_word' id='word_1_883' title='bbox 1747 3455 1838 3491; x_wconf 87' lang='lat' dir='ltr'>mali;</span> <span class='ocrx_word' id='word_1_884' title='bbox 1862 3464 1943 3495; x_wconf 89' lang='lat' dir='ltr'>quae</span> <span class='ocrx_word' id='word_1_885' title='bbox 1966 3454 2088 3484; x_wconf 91' lang='lat' dir='ltr'>videtur</span> <span class='ocrx_word' id='word_1_886' title='bbox 2110 3452 2205 3482; x_wconf 88' lang='lat' dir='ltr'>fuisse</span> <span class='ocrx_word' id='word_1_887' title='bbox 2223 3451 2424 3492; x_wconf 88' lang='lat' dir='ltr'>Empedoclis</span> <span class='ocrx_word' id='word_1_888' title='bbox 2444 3456 2475 3481; x_wconf 91' lang='lat' dir='ltr'>et</span> 
     </span>
     <span class='ocr_line' id='line_1_135' title="bbox 1415 3495 2474 3540; baseline -0.008 -7"><span class='ocrx_word' id='word_1_889' title='bbox 1415 3502 1683 3534; x_wconf 88' lang='lat' dir='ltr'>Manichaeorum.</span> <span class='ocrx_word' id='word_1_890' title='bbox 1712 3500 1759 3530; x_wconf 88' lang='lat' dir='ltr'>De</span> <span class='ocrx_word' id='word_1_891' title='bbox 1783 3499 1897 3540; x_wconf 88' lang='lat' dir='ltr'>quibus</span> <span class='ocrx_word' id='word_1_892' title='bbox 1921 3497 2087 3532; x_wconf 86' lang='lat' dir='ltr'>omnibus,</span> <span class='ocrx_word' id='word_1_893' title='bbox 2119 3496 2144 3526; x_wconf 90' lang='lat' dir='ltr'>si</span> <span class='ocrx_word' id='word_1_894' title='bbox 2173 3495 2284 3526; x_wconf 86' lang='lat' dir='ltr'>diffuse</span> <span class='ocrx_word' id='word_1_895' title='bbox 2307 3501 2474 3525; x_wconf 86' lang='lat' dir='ltr'>tractatum</span> 
     </span>
     <span class='ocr_line' id='line_1_136' title="bbox 1415 3537 2474 3584; baseline -0.008 -8"><span class='ocrx_word' id='word_1_896' title='bbox 1415 3547 1518 3577; x_wconf 88' lang='lat' dir='ltr'>videre</span> <span class='ocrx_word' id='word_1_897' title='bbox 1541 3545 1597 3581; x_wconf 90' lang='lat' dir='ltr'>vis,</span> <span class='ocrx_word' id='word_1_898' title='bbox 1622 3545 1690 3584; x_wconf 87' lang='lat' dir='ltr'>lege</span> <span class='ocrx_word' id='word_1_899' title='bbox 1713 3544 1746 3573; x_wconf 90' lang='lat' dir='ltr'>in</span> <span class='ocrx_word' id='word_1_900' title='bbox 1770 3543 1795 3573; x_wconf 91' lang='lat'>11</span> <span class='ocrx_word' id='word_1_901' title='bbox 1823 3542 1943 3572; x_wconf 86' lang='lat' dir='ltr'>Contra</span> <span class='ocrx_word' id='word_1_902' title='bbox 1972 3541 2061 3571; x_wconf 91' lang='lat' dir='ltr'>Gent.</span> <span class='ocrx_word' id='word_1_903' title='bbox 2079 3550 2096 3570; x_wconf 91' lang='lat' dir='ltr'>a</span> <span class='ocrx_word' id='word_1_904' title='bbox 2120 3550 2186 3580; x_wconf 89' lang='lat' dir='ltr'>cap.</span> <span class='ocrx_word' id='word_1_905' title='bbox 2204 3549 2294 3569; x_wconf 79' lang='lat' dir='ltr'>xxxix</span> <span class='ocrx_word' id='word_1_906' title='bbox 2310 3548 2410 3579; x_wconf 89' lang='lat' dir='ltr'>usque</span> <span class='ocrx_word' id='word_1_907' title='bbox 2434 3537 2474 3567; x_wconf 86' lang='lat' dir='ltr'>ad</span> 
     </span>
     <span class='ocr_line' id='line_1_137' title="bbox 1414 3586 2140 3624; baseline -0.008 -4"><span class='ocrx_word' id='word_1_908' title='bbox 1414 3599 1499 3620; x_wconf 76' lang='lat' dir='ltr'>xmn:</span> <span class='ocrx_word' id='word_1_909' title='bbox 1525 3589 1574 3619; x_wconf 93' lang='lat' dir='ltr'>hic</span> <span class='ocrx_word' id='word_1_910' title='bbox 1598 3588 1682 3618; x_wconf 92' lang='lat' dir='ltr'>enim</span> <span class='ocrx_word' id='word_1_911' title='bbox 1706 3587 1782 3617; x_wconf 88' lang='lat' dir='ltr'>haec</span> <span class='ocrx_word' id='word_1_912' title='bbox 1805 3586 1937 3617; x_wconf 88' lang='lat' dir='ltr'>breviter</span> <span class='ocrx_word' id='word_1_913' title='bbox 1959 3591 2140 3624; x_wconf 83' lang='lat' dir='ltr'>tanguntur.</span> 
     </span>
    </p>
   </div>
   <div class='ocr_carea' id='block_1_20' title="bbox 2491 445 2724 526">
    <p class='ocr_par' dir='ltr' id='par_1_33' title="bbox 2491 445 2724 526">
     <span class='ocr_line' id='line_1_138' title="bbox 2492 445 2701 468; baseline 0 -1"><span class='ocrx_word' id='word_1_914' title='bbox 2492 447 2501 455; x_wconf 85' lang='lat'>&#39;</span> <span class='ocrx_word' id='word_1_915' title='bbox 2515 446 2540 468; x_wconf 87' lang='lat' dir='ltr'>S.</span> <span class='ocrx_word' id='word_1_916' title='bbox 2550 445 2595 467; x_wconf 82' lang='lat' dir='ltr'>Th.</span> <span class='ocrx_word' id='word_1_917' title='bbox 2606 446 2658 468; x_wconf 84' lang='lat' dir='ltr'>lect.</span> <span class='ocrx_word' id='word_1_918' title='bbox 2666 452 2701 468; x_wconf 80' lang='lat' dir='ltr'>tu.</span> 
     </span>
     <span class='ocr_line' id='line_1_139' title="bbox 2491 471 2724 500; baseline 0 -6"><span class='ocrx_word' id='word_1_919' title='bbox 2491 484 2501 488; x_wconf 99' lang='lat'>-</span> <span class='ocrx_word' id='word_1_920' title='bbox 2516 471 2569 494; x_wconf 86' lang='lat' dir='ltr'>Did.</span> <span class='ocrx_word' id='word_1_921' title='bbox 2586 472 2630 494; x_wconf 87' lang='lat' dir='ltr'>lib.</span> <span class='ocrx_word' id='word_1_922' title='bbox 2643 472 2724 500; x_wconf 27' lang='lat' dir='ltr'>vn,-</span> 
     </span>
     <span class='ocr_line' id='line_1_140' title="bbox 2491 499 2668 526; baseline 0.006 -6"><span class='ocrx_word' id='word_1_923' title='bbox 2491 504 2543 526; x_wconf 84' lang='lat' dir='ltr'>cap.</span> <span class='ocrx_word' id='word_1_924' title='bbox 2558 504 2592 526; x_wconf 78' lang='grc' dir='ltr'>ιιι,</span> <span class='ocrx_word' id='word_1_925' title='bbox 2608 504 2631 520; x_wconf 88' lang='lat' dir='ltr'>u.</span> <span class='ocrx_word' id='word_1_926' title='bbox 2646 499 2668 521; x_wconf 87' lang='lat'>8.</span> 
     </span>
    </p>
   </div>
   <div class='ocr_carea' id='block_1_21' title="bbox 2496 1660 2626 1687">
    <p class='ocr_par' dir='ltr' id='par_1_34' title="bbox 2496 1660 2626 1687">
     <span class='ocr_line' id='line_1_141' title="bbox 2496 1660 2626 1687; baseline 0 -5"><span class='ocrx_word' id='word_1_927' title='bbox 2496 1662 2505 1670; x_wconf 90' lang='grc'>·</span> <span class='ocrx_word' id='word_1_928' title='bbox 2519 1660 2587 1682; x_wconf 88' lang='lat' dir='ltr'>Vers.</span> <span class='ocrx_word' id='word_1_929' title='bbox 2602 1667 2626 1687; x_wconf 86' lang='lat'>4.</span> 
     </span>
    </p>
   </div>
   <div class='ocr_carea' id='block_1_22' title="bbox 2519 1761 2631 1789">
    <p class='ocr_par' dir='ltr' id='par_1_35' title="bbox 2519 1761 2631 1789">
     <span class='ocr_line' id='line_1_142' title="bbox 2519 1761 2631 1789; baseline 0 -7"><span class='ocrx_word' id='word_1_930' title='bbox 2519 1761 2585 1782; x_wconf 86' lang='lat' dir='ltr'>Vers.</span> <span class='ocrx_word' id='word_1_931' title='bbox 2600 1767 2621 1789; x_wconf 85' lang='lat'>3¹</span> <span class='ocrx_word' id='word_1_932' title='bbox 2626 1777 2631 1782; x_wconf 97' lang='lat'>.</span> 
     </span>
    </p>
   </div>
   <div class='ocr_carea' id='block_1_23' title="bbox 2497 2013 2708 2094">
    <p class='ocr_par' dir='ltr' id='par_1_36' title="bbox 2497 2013 2708 2094">
     <span class='ocr_line' id='line_1_143' title="bbox 2497 2013 2708 2035; baseline -0.005 0"><span class='ocrx_word' id='word_1_933' title='bbox 2497 2015 2506 2024; x_wconf 81' lang='lat'>&#39;¹</span> <span class='ocrx_word' id='word_1_934' title='bbox 2533 2014 2569 2035; x_wconf 86' lang='lat' dir='ltr'>De</span> <span class='ocrx_word' id='word_1_935' title='bbox 2594 2013 2708 2035; x_wconf 81' lang='lat' dir='ltr'>Doctrina</span> 
     </span>
     <span class='ocr_line' id='line_1_144' title="bbox 2499 2039 2707 2067; baseline -0.005 -5"><span class='ocrx_word' id='word_1_936' title='bbox 2499 2040 2602 2067; x_wconf 62' lang='lat' dir='ltr'>Christ„</span> <span class='ocrx_word' id='word_1_937' title='bbox 2626 2040 2666 2061; x_wconf 90' lang='lat' dir='ltr'>lib.</span> <span class='ocrx_word' id='word_1_938' title='bbox 2681 2039 2707 2066; x_wconf 86' lang='lat'>1,</span> 
     </span>
     <span class='ocr_line' id='line_1_145' title="bbox 2498 2073 2585 2094; baseline -0.011 -5"><span class='ocrx_word' id='word_1_939' title='bbox 2498 2073 2549 2094; x_wconf 82' lang='lat' dir='ltr'>cap.</span> <span class='ocrx_word' id='word_1_940' title='bbox 2564 2073 2585 2088; x_wconf 79' lang='lat' dir='ltr'>v.</span> 
     </span>
    </p>
   </div>
   <div class='ocr_carea' id='block_1_24' title="bbox 2597 2103 2617 2154">
    <p class='ocr_par' dir='ltr' id='par_1_37' title="bbox 2597 2103 2617 2154">
     <span class='ocr_line' id='line_1_146' title="bbox 2598 2103 2617 2129; baseline 0 -11"><span class='ocrx_word' id='word_1_941' title='bbox 2598 2103 2617 2129; x_wconf 74' lang='grc' dir='ltr'><strong>μ</strong></span> 
     </span>
     <span class='ocr_line' id='line_1_147' title="bbox 2597 2138 2610 2154; baseline 0 0"><span class='ocrx_word' id='word_1_942' title='bbox 2597 2138 2610 2154; x_wconf 80' lang='lat' dir='ltr'>V</span> 
     </span>
    </p>
   </div>
   <div class='ocr_carea' id='block_1_25' title="bbox 2500 2333 2710 2389">
    <p class='ocr_par' dir='ltr' id='par_1_38' title="bbox 2500 2333 2710 2389">
     <span class='ocr_line' id='line_1_148' title="bbox 2500 2333 2710 2360; baseline -0.005 -5"><span class='ocrx_word' id='word_1_943' title='bbox 2500 2336 2510 2345; x_wconf 77' lang='lat'>&#39;¹</span> <span class='ocrx_word' id='word_1_944' title='bbox 2524 2333 2584 2355; x_wconf 87' lang='lat' dir='ltr'>Vide</span> <span class='ocrx_word' id='word_1_945' title='bbox 2603 2339 2672 2360; x_wconf 83' lang='lat' dir='ltr'>supra</span> <span class='ocrx_word' id='word_1_946' title='bbox 2686 2333 2710 2354; x_wconf 86' lang='lat' dir='ltr'>in</span> 
     </span>
     <span class='ocr_line' id='line_1_149' title="bbox 2501 2359 2701 2389; baseline -0.015 -6"><span class='ocrx_word' id='word_1_947' title='bbox 2501 2360 2574 2389; x_wconf 86' lang='lat' dir='ltr'>princ.</span> <span class='ocrx_word' id='word_1_948' title='bbox 2588 2359 2701 2388; x_wconf 87' lang='lat' dir='ltr'>corporis.</span> 
     </span>
    </p>
   </div>
   <div class='ocr_carea' id='block_1_26' title="bbox 2598 2387 2610 2418">
    <p class='ocr_par' dir='ltr' id='par_1_39' title="bbox 2598 2387 2610 2418">
     <span class='ocr_line' id='line_1_150' title="bbox 2598 2387 2610 2418; baseline 0 0"><span class='ocrx_word' id='word_1_949' title='bbox 2598 2387 2610 2418; x_wconf 79' lang='grc' dir='ltr'><strong><em>Ε</em></strong></span> 
     </span>
    </p>
   </div>
  </div>
 </body>
</html>
