2768 4178
66 789 76 799 '¹
95 788 130 810 Cf.
146 793 210 809 num.
221 794 244 808 v.

69 1898 79 1907 '
95 1896 130 1919 Cf.
146 1902 210 1918 num.
225 1902 257 1918 iv.

72 2828 82 2838 ·
97 2827 133 2849 ct.
148 2833 212 2849 num.
223 2832 256 2848 ni.

76 3274 85 3283 ·
100 3274 151 3295 Art.
169 3279 190 3301 7,
214 3272 286 3295 Com-

76 3303 148 3321 ment.
163 3305 227 3321 num.
240 3305 285 3321 xvi.

69 3533 80 3544 ⁴
89 3532 115 3554 In
126 3539 187 3560 resp.
195 3532 223 3554 ad
234 3538 282 3560 arg.

305 263 381 300 320

305 353 402 384 quare
428 342 551 373 dicatur
573 342 663 382 quod
690 342 857 372 relationes
890 342 1066 373 secundum
1091 342 1254 382 propriam
1280 343 1373 372 ratio-

305 397 380 418 nem
396 386 475 417 nihil
490 393 616 427 ponunt
639 386 671 416 in
695 386 835 423 relativo,
853 393 910 418 etc.
935 387 1023 417 Haec
1048 386 1133 416 enim
1150 386 1258 416 omnia
1274 396 1373 426 quan-

306 439 377 463 tum
400 438 446 462 est
470 441 506 461 ex
530 430 650 460 ratione
674 430 717 460 ad
740 438 775 462 ut
797 430 854 467 sic,
879 441 951 461 vera
976 438 1063 466 sunt;
1089 429 1234 470 quamvis
1260 440 1296 460 ex
1319 430 1373 461 tali

306 476 359 512 ad,
373 482 451 515 puta
468 474 552 510 reali,
568 474 646 504 falsa
662 482 774 506 essent.
792 475 832 506 Et
846 482 1012 515 propterea
1028 482 1118 505 caute
1133 473 1222 514 loqui
1237 481 1372 514 oportet.

305 520 390 550 Nam
410 519 497 549 aliter
513 519 713 559 loquendum
737 526 782 550 est
802 519 840 549 de
857 519 1030 559 speciebus,
1051 525 1081 549 et
1097 518 1314 548 universaliter
1329 528 1374 549 re-

306 563 478 594 lationibus
507 563 681 593 necessario
713 563 848 594 realibus
879 573 915 593 ex
946 563 1081 603 propriis
1113 562 1307 599 rationibus,
1340 569 1375 593 ut

307 607 476 648 paternitas
501 614 531 637 et
553 606 679 643 filiatio,
705 615 736 639 et
759 607 820 638 alia
843 607 1042 643 huiusmodi;
1067 614 1098 637 et
1121 606 1209 637 aliter
1232 607 1270 636 de
1294 607 1373 637 rela-

307 652 448 683 tionibus
464 651 625 682 absolute:
650 651 727 682 istae
744 652 830 682 enim
847 651 1023 692 significant
1041 658 1166 681 tantum
1182 650 1225 680 ad
1239 651 1372 692 aliquid,

305 696 378 726 illae
401 706 476 726 vero
499 695 542 726 ad
565 696 688 736 aliquid
710 697 809 727 reale.

365 740 447 770 VIII.
472 740 523 770 Ad
547 740 760 770 obiectionem
783 750 858 770 vero
887 750 924 770 ex
947 746 1033 779 parte
1062 739 1199 770 aliorum
1222 749 1375 779 generum

306 785 339 815 in
364 785 503 814 secundo
529 784 626 814 dubio
642 784 668 820 ²⁸³,
694 784 808 815 dicitur
830 784 919 824 quod
942 783 1042 814 littera
1066 794 1131 814 non
1157 790 1320 824 comparat
1333 783 1376 813 ad

307 829 429 870 aliquid
452 829 492 859 ad
516 835 616 859 cetera
640 829 749 859 omnia
767 838 881 868 genera
900 828 932 858 in
951 828 1089 858 secunda
1113 827 1295 864 differentia,
1320 828 1375 857 sed

308 874 347 904 ad
370 883 484 913 genera
507 873 669 910 absoluta,
694 880 730 904 ut
752 873 869 903 scilicet
892 872 1099 913 quantitatem
1125 879 1155 902 et
1179 872 1374 912 qualitatem,

308 928 390 959 quae
413 924 537 948 tantum
556 917 589 947 in
606 917 708 948 littera
732 917 960 957 exprimuntur.
985 917 1026 947 Et
1048 917 1130 947 hanc
1154 927 1220 947 esse
1245 927 1268 947 s.
1286 916 1375 946 Tho-

309 972 379 992 mae
395 969 545 998 mentem,
563 968 717 992 testantur
732 961 826 991 verba
842 961 984 991 eiusdem
1000 961 1032 991 in
1049 961 1070 997 I,
1089 961 1159 992 dist.
1173 971 1254 997 xxvr,
1272 971 1326 1001 qu.
1343 971 1374 996 11,

309 1013 365 1037 art.
392 1017 423 1042 1,
449 1016 591 1046 expresse
615 1005 648 1035 in
671 1005 730 1036 hac
759 1004 931 1036 differentia
956 1005 1138 1045 explicantis
1164 1015 1276 1035 omnes
1301 1004 1376 1035 alias

309 1051 428 1081 formas
451 1050 620 1080 absolutas.
646 1049 686 1080 Et
710 1057 885 1090 propterea,
906 1049 931 1079 si
948 1049 1031 1080 actio
1047 1057 1093 1081 est
1112 1049 1214 1079 forma
1231 1049 1376 1079 absoluta

310 1093 479 1137 (quidquid
500 1094 539 1124 sit
554 1095 593 1124 de
609 1094 708 1124 modo
726 1093 933 1133 significandi,
950 1094 989 1124 de
1012 1104 1079 1134 quo
1098 1094 1242 1135 loquitur
1256 1096 1378 1124 Auctor

308 1140 342 1170 in
366 1140 427 1179 Qq.
452 1139 491 1168 de
513 1136 690 1180 Potentia),
715 1148 753 1169 ex
776 1145 864 1178 parte
888 1138 932 1168 rei
956 1145 986 1169 et
1009 1145 1072 1175 est,
1103 1145 1134 1169 et
1165 1139 1259 1169 habet
1289 1138 1376 1178 quod

309 1182 500 1223 significetur
523 1190 559 1213 ut
582 1183 756 1213 inhaerens.
788 1182 820 1213 Si
851 1189 959 1213 autem
989 1189 1036 1213 est
1058 1182 1163 1214 forma
1186 1182 1376 1223 respectiva,

309 1227 387 1258 nihil
411 1227 516 1257 obstat
538 1227 717 1268 proposito.

364 1272 475 1302 Posset
498 1278 620 1308 tamen,
646 1281 795 1302 concessa
819 1271 999 1302 extensione
1023 1271 1063 1301 ad
1087 1271 1147 1301 alia
1169 1281 1293 1311 genera,
1318 1271 1379 1301 dici

311 1315 399 1357 quod
416 1326 472 1356 per
490 1316 523 1357 ly
539 1316 711 1346 inhaerens
733 1315 927 1356 intelligitur,
945 1326 1011 1346 non
1027 1315 1088 1347 hoc
1112 1316 1201 1356 quod
1225 1314 1378 1355 significat

311 1360 484 1391 formaliter
511 1360 574 1391 hoc
596 1358 792 1391 vocabulu'm
822 1361 1010 1397 inhaerens,
1042 1361 1097 1391 sed
1128 1360 1234 1391 omnis
1261 1360 1379 1390 modus

311 1404 433 1436 essendi
466 1415 503 1435 ex
526 1415 584 1435 sua
607 1404 728 1435 ratione
759 1405 886 1435 formali
915 1403 1092 1444 significans
1121 1415 1187 1435 esse
1210 1404 1243 1435 in
1272 1414 1379 1436 rerum

311 1457 432 1480 natura.
458 1450 498 1479 Et
520 1450 582 1480 hoc
603 1449 703 1479 modo
722 1449 912 1479 clauduntur
929 1448 1037 1479 omnia
1061 1459 1175 1489 genera
1194 1449 1253 1479 alia
1276 1449 1315 1479 ab
1336 1449 1380 1480 ad

310 1494 443 1534 aliquid,
469 1494 564 1524 etiam
588 1493 777 1524 substantia:
803 1493 870 1523 imo
890 1493 1056 1534 etreliqua
1073 1493 1166 1530 entia,
1184 1493 1248 1523 sive
1271 1493 1303 1523 in
1327 1503 1378 1533 ge-

311 1548 384 1569 nere
408 1538 472 1568 sive
496 1545 581 1569 extra
601 1547 712 1578 genus·
737 1538 778 1568 Et
797 1538 877 1568 hanc
894 1548 961 1568 esse
977 1545 1118 1569 mentem
1141 1537 1269 1574 litterae,
1295 1537 1379 1568 sumi

310 1589 416 1623 potest
439 1592 475 1613 ex
499 1592 537 1613 eo
562 1582 651 1622 quod
675 1591 732 1612 nec
756 1582 884 1622 propria
907 1582 986 1613 ratio
1010 1581 1168 1623 qualitatis
1198 1592 1255 1612 nec
1278 1592 1378 1622 quan-

310 1627 406 1659 titatis
434 1626 576 1658 consistit
590 1627 623 1656 in
638 1626 750 1663 inesse,
768 1636 843 1657 cum
860 1627 961 1657 inesse
977 1636 1151 1657 commune
1166 1626 1205 1657 sit
1228 1626 1378 1657 omnibus

310 1671 477 1711 generibus
499 1670 683 1702 accidentis:
708 1671 762 1701 sed
787 1670 928 1701 consistit
951 1670 983 1701 in
1007 1671 1150 1711 quodam
1174 1671 1274 1701 modo
1298 1670 1378 1701 ines-

311 1716 416 1752 sendi,
440 1715 494 1746 tali
518 1722 625 1746 tamen
649 1715 738 1756 quod
762 1725 798 1745 ex
822 1715 952 1755 proprio
976 1715 1032 1746 sibi
1055 1715 1114 1746 soli
1138 1714 1264 1746 formali
1287 1715 1380 1755 ponit

310 1760 431 1801 aliquid
454 1760 486 1790 in
510 1770 616 1790 rernm
635 1766 764 1795 natura;
790 1759 880 1790 cuius
900 1759 1087 1800 oppositum
1106 1759 1139 1789 in
1163 1759 1316 1790 relatione
1334 1759 1380 1790 in-

310 1805 458 1835 tendebat
475 1804 577 1836 littera
600 1804 774 1835 ostendere.

366 1849 419 1880 IX.
444 1849 495 1879 Ad
518 1849 660 1889 primum
683 1858 758 1878 vero
787 1848 922 1878 dubium
949 1858 986 1878 ex
1013 1854 1100 1888 parte
1123 1848 1260 1879 aliorum
1285 1857 1378 1887 gene-

310 1903 383 1925 rum
398 1894 424 1930 *‚
445 1893 559 1923 dicitur
581 1892 671 1934 quod
694 1892 837 1932 procedit
860 1902 897 1923 ex
919 1892 1006 1922 malo
1027 1892 1188 1923 intellectu
1205 1892 1378 1932 assignatae

310 1937 509 1968 differentiae.
527 1937 651 1968 Relatio
676 1937 762 1967 enim
786 1943 841 1973 est,
866 1944 903 1968 ut
925 1936 970 1967 sic
988 1937 1112 1977 loquar,
1133 1936 1265 1967 essentia
1282 1946 1378 1976 quae-

309 1983 393 2019 dam,
410 1981 502 2012 'cuius
521 1981 714 2022 quibusdam
738 1981 917 2012 subiectivis
936 1980 1078 2021 partibus
1094 1987 1248 2021 repugnat
1263 1990 1330 2011 esse
1344 1980 1377 2010 in

309 2036 415 2057 rerum
438 2033 559 2062 natura,
576 2033 606 2056 et
620 2025 788 2056 vendicant
811 2025 868 2056 sibi
893 2035 960 2056 esse
984 2024 1113 2055 rationis
1138 2032 1281 2061 tantum;
1306 2025 1376 2066 qui-

308 2071 444 2101 busdam
468 2078 576 2101 autem
600 2070 748 2100 convenit
770 2079 837 2100 esse
860 2070 893 2100 in
916 2079 1023 2100 rerum
1047 2077 1169 2100 natura.
1193 2070 1235 2100 Et
1257 2079 1375 2106 rursus,

308 2116 418 2146 relatio
442 2122 489 2146 est
510 2115 572 2146 tale
596 2124 671 2150 ens,
700 2114 751 2145 cui
775 2114 921 2145 additum
944 2123 1013 2144 esse
1036 2115 1069 2144 in
1093 2115 1219 2145 ratione
1242 2124 1307 2144 non
1331 2121 1378 2145 est

309 2159 448 2190 conditio
473 2159 670 2195 diminuens,
700 2159 781 2189 sicut
804 2158 836 2188 in
860 2159 938 2189 aliis.
970 2158 1057 2189 Rosa
1084 2158 1170 2189 enim
1199 2158 1376 2189 secundum

308 2204 476 2240 rationem,
501 2213 567 2233 non
591 2209 638 2233 est
659 2212 749 2239 rosa;
774 2213 877 2244 neque
901 2203 1063 2233 Homerus
1086 2202 1119 2233 in
1143 2202 1306 2243 opinione,
1331 2209 1378 2233 est

309 2248 489 2284 Homerus;
521 2247 631 2278 relatio
661 2253 769 2277 autem
793 2246 826 2277 in
856 2247 996 2283 ratione,
1020 2253 1068 2277 est
1089 2257 1162 2277 vera
1193 2247 1311 2278 relatio.
1336 2247 1377 2278 Et

308 2292 434 2328 iterum,
459 2291 568 2322 relatio
592 2301 659 2321 non
683 2291 860 2321 secundum
882 2291 1003 2331 aliquid
1026 2298 1073 2321 est
1096 2300 1151 2321 ens
1175 2298 1322 2327 naturae,
1347 2297 1378 2321 et

310 2336 488 2367 secundum
516 2335 637 2376 aliquid
666 2335 814 2371 rationis,
844 2342 922 2375 puta
946 2334 1152 2375 completive:
1178 2335 1233 2365 sed
1255 2335 1376 2375 simpli-

311 2381 386 2411 citer
408 2380 604 2422 quandoque
628 2387 674 2410 est
698 2389 754 2410 ens
776 2379 916 2410 rationis.

368 2425 409 2456 Et
432 2434 487 2464 per
510 2424 572 2454 hoc
599 2430 685 2465 patet
708 2424 873 2463 responsio
898 2423 938 2454 ad
954 2423 1086 2455 obiecta.
1111 2424 1256 2465 Tempus
1280 2423 1375 2460 enim,

311 2476 341 2508 et
357 2468 480 2505 similia,
505 2468 695 2508 completive
718 2474 843 2498 tantum
866 2468 1006 2508 pendent
1024 2478 1042 2498 a
1061 2468 1191 2499 ratione.
1215 2469 1281 2499 Nec
1306 2478 1377 2498 rosa

309 2520 365 2544 aut
386 2513 564 2553 triangulus
595 2513 772 2543 secundum
796 2521 863 2542 esse
886 2511 1027 2549 rationis,
1051 2519 1098 2543 est
1120 2522 1194 2543 vera
1217 2522 1298 2549 rosa,
1323 2519 1378 2543 aut

309 2557 484 2597 triangulus
507 2566 610 2588 verus.
634 2557 700 2587 Nec
729 2555 887 2586 distinctio
917 2566 1007 2587 rosae
1037 2556 1070 2586 in
1096 2566 1162 2587 esse
1188 2564 1317 2587 naturae
1347 2564 1378 2588 et

310 2611 376 2632 esse
395 2601 535 2637 rationis,
553 2607 600 2631 est
614 2600 772 2632 distinctio
789 2600 983 2631 diversarum
999 2601 1223 2641 quidditatum,
1241 2611 1378 2642 quarum

310 2656 375 2677 una
397 2646 437 2676 sit
459 2655 514 2676 ens
538 2646 628 2682 reale,
653 2652 684 2676 et
707 2645 803 2675 altera
825 2644 865 2675 sit
889 2654 944 2675 ens
968 2645 1107 2682 rationis,
1124 2652 1160 2676 ut
1173 2646 1205 2676 in
1225 2646 1377 2677 relatione

311 2690 492 2730 contingere
515 2689 667 2720 diximus:
691 2689 746 2720 sed
763 2696 809 2720 est
825 2689 983 2720 distinctio
1007 2689 1103 2720 unius
1119 2697 1150 2721 et
1165 2690 1308 2721 eiusdem
1330 2700 1376 2721 se<

311 2735 454 2765 cundum
477 2734 616 2765 diversos
640 2734 756 2765 modos
780 2733 913 2770 essendi,
930 2733 1047 2765 scilicet
1067 2734 1250 2775 simpliciter
1265 2735 1315 2766 vel
1331 2745 1378 2766 se-

311 2779 454 2809 cundum
477 2780 564 2820 quid.

368 2824 408 2854 X.
434 2823 515 2860 Quis
538 2831 646 2855 autem
669 2823 709 2854 sit
731 2829 890 2863 respectus
913 2822 1021 2859 realis,
1046 2829 1077 2854 et
1099 2822 1171 2864 quis
1194 2823 1324 2854 rationis
1342 2823 1376 2860 *,

311 2867 496 2908 explanatur
527 2867 751 2908 distinguendo
774 2867 865 2908 quod
887 2874 1047 2908 respectus
1065 2867 1261 2908 quandoque
1281 2875 1327 2899 est
1344 2868 1377 2898 in

310 2912 387 2953 ipsis
411 2912 530 2943 naturis
553 2922 674 2948 rerum,
698 2912 892 2952 quandoque
915 2911 948 2941 in
972 2911 1224 2952 apprehensione
1248 2912 1378 2943 rationis

311 2963 444 2987 tantum.
476 2957 518 2988 Et
540 2957 592 2988 ille
615 2956 746 2997 quidem
770 2962 832 2992 est,
863 2966 938 2987 cum
964 2956 1047 2986 duae
1069 2956 1194 2997 aliquae
1218 2966 1266 2987 res
1291 2957 1377 2987 mcli-

311 3000 473 3031 nationem
489 3011 544 3032 seu
561 3001 708 3031 ordinem
722 3000 762 3031 ad
776 2999 912 3031 invicem
929 3001 1059 3037 habent,
1079 3007 1116 3032 ut
1134 3008 1220 3041 patet
1238 3001 1277 3031 de
1291 3001 1377 3041 gravi

310 3051 341 3076 et
356 3045 429 3076 loco
453 3045 619 3082 deorsum;
644 3045 701 3076 iste
724 3051 831 3075 autem
855 3051 914 3081 est,
939 3054 1014 3075 cum
1036 3044 1116 3076 ratio
1132 3045 1255 3076 confert
1274 3055 1378 3076 unum

311 3089 412 3126 alteri,
433 3096 469 3120 ut
487 3089 665 3121 ostenditur
682 3089 716 3119 in
734 3089 838 3130 specie
858 3096 887 3120 et
906 3099 1028 3129 genere.

367 3134 421 3165 Xl.
446 3134 583 3165 Adverte
606 3133 657 3164 hic
681 3134 757 3164 duo.
786 3133 930 3164 Primum
954 3140 1016 3170 est,
1045 3134 1136 3174 quod
1158 3134 1259 3165 littera
1282 3133 1377 3165 inter-

310 3178 462 3218 pretanda
485 3185 531 3209 est
555 3178 593 3209 de
616 3178 820 3209 relationibus
844 3178 978 3208 realibus
997 3179 1118 3209 mutuis
1140 3176 1315 3220 (quoniam
1338 3178 1376 3209 de

310 3222 358 3252 his
374 3221 592 3265 intendimus),
610 3229 640 3253 et
655 3222 694 3253 de
711 3221 822 3252 ordine
843 3232 898 3252 seu
914 3221 1119 3253 inclinatione
1131 3222 1377 3264 fiandamentali

311 3273 346 3297 ut
361 3277 415 3307 qu.
432 3278 485 3298 xm
499 3267 518 3287 *
540 3266 721 3307 expositum
735 3273 824 3297 est.—
845 3266 1028 3297 Secundum
1053 3273 1109 3303 est,
1132 3267 1220 3308 quod
1245 3266 1376 3297 nomine

311 3312 446 3342 rationis
459 3311 657 3352 conferentis
666 3310 888 3351 intelligendus
901 3317 947 3341 est
958 3310 1135 3342 intellectus
1149 3311 1264 3352 quovis
1277 3311 1376 3341 modo

310 3354 486 3394 intelligens
501 3365 604 3387 unum
620 3355 652 3386 in
672 3355 911 3395 comparatione
927 3355 966 3385 ad
982 3355 1126 3392 alterurn,
1143 3362 1179 3386 ut
1192 3354 1376 3386 universalis

311 3398 350 3429 sit
373 3399 524 3431 doctrina.
550 3400 640 3437 Quot
658 3406 765 3430 autem
790 3399 895 3430 modis
918 3399 980 3430 hoc
1003 3399 1174 3439 contingat,
1194 3399 1227 3430 in
1245 3399 1256 3430 1
1276 3399 1375 3435 Sent.,

311 3442 380 3474 dist.
391 3453 471 3479 xxm,
483 3453 537 3484 qu.
547 3454 579 3480 n,
591 3450 647 3475 art.
655 3455 664 3474 1
673 3467 680 3480 ,
690 3450 721 3474 et
728 3443 791 3484 Qq.
801 3443 841 3475 de
850 3444 1007 3479 Potentia,
1019 3453 1073 3484 qu.
1081 3453 1134 3480 vn,
1143 3450 1198 3474 art.
1207 3454 1217 3474 1
1229 3454 1239 3474 1
1247 3466 1255 3480 ,
1269 3443 1375 3474 habes.

368 3487 434 3518 ΧΠ.
460 3486 550 3518 Circa
569 3488 650 3518 hanc
668 3495 791 3529 partem
815 3487 950 3518 dubium
974 3487 1110 3518 occurrit
1133 3497 1171 3518 ex
1189 3498 1249 3518 ην
1268 3486 1376 3518 distin-

311 3530 414 3561 ctione
432 3531 526 3561 Primi
537 3531 563 3568 *,
580 3531 679 3572 ipsius
691 3532 787 3568 Scoti,
802 3531 942 3573 putantis
956 3532 1046 3572 quod
1061 3541 1128 3562 non
1145 3532 1250 3562 omnis
1267 3531 1375 3562 relatio

310 3574 440 3605 rationis
463 3574 498 3605 fit
521 3576 559 3606 ab
583 3575 753 3612 intellectu,
771 3576 825 3607 sed
849 3576 955 3617 aliqua
979 3586 997 3607 a
1019 3576 1193 3612 voluntate,
1218 3582 1249 3607 et
1271 3574 1376 3616 aliqua

310 3619 349 3649 ab
372 3618 585 3659 imaginativa.
610 3620 788 3661 Probatque
812 3620 874 3651 hoc
893 3620 946 3651 tali
970 3620 1100 3652 ratione.
1126 3619 1241 3651 Omnis
1264 3626 1375 3660 poten-

977 263 1244 309 QUAESTIO
1274 263 1452 310 XXVIII,
1482 263 1778 301 ARTICULUS
1809 264 1823 299 I

1429 343 1471 374 tia
1495 350 1609 384 potens
1637 343 1751 373 habere
1784 349 1891 373 actum
1915 342 1995 373 circa
2025 342 2186 373 obiectum
2217 343 2350 374 existens
2373 353 2440 373 non
2463 349 2500 374 ut

1430 388 1573 424 existens,
1589 394 1620 418 et
1638 387 1717 417 illud
1742 387 1903 418 obiectum
1928 397 2111 427 comparare
2130 387 2169 417 ad
2188 387 2284 423 aliud,
2302 388 2341 417 ad
2357 387 2447 428 quod
2463 397 2500 417 ex

1430 439 1540 462 natura
1560 431 1603 462 rei
1623 442 1688 462 non
1713 438 1923 472 comparatur,
1949 437 2054 471 potest
2076 431 2108 461 in
2133 430 2269 468 obiecto,
2286 438 2322 462 ut
2337 431 2499 462 obiectum

1431 483 1490 512 est,
1516 486 1643 506 causare
1667 475 1853 506 relationem
1877 475 1976 516 ipsius
2004 475 2043 505 ad
2067 475 2169 505 aliud:
2197 476 2251 505 sed
2276 475 2423 505 voluntas
2453 481 2501 505 est

1429 520 1631 556 huiusmodi,
1656 520 1811 560 quoniam
1835 526 1940 560 potest
1963 519 2009 550 uti
2032 520 2102 549 Deo
2126 519 2166 549 ad
2182 526 2366 555 creaturam,
2382 525 2413 549 et
2431 519 2500 549 aliis

1431 564 1573 594 similiter
1582 573 1591 594 :-
1614 574 1688 604 ergo
1713 571 1818 604 potest
1834 574 1960 595 causare
1980 564 2166 594 huiusmodi
2183 564 2380 594 relationem.
2405 563 2500 594 Tunc

1430 609 1530 639 ultra:
1556 608 1624 639 talis
1644 609 1764 645 relatio,
1785 615 1908 639 constat
1931 608 2019 650 quod
2038 618 2105 638 non
2123 614 2169 639 est
2183 608 2291 645 realis;
2316 617 2390 648 ergo
2407 607 2500 638 ratio-

1431 652 1489 689 nis,
1510 663 1576 683 non
1599 663 1656 694 per
1679 663 1762 693 opus
1786 653 1972 684 intellectus.

1486 697 1569 727 XIII.
1582 698 1633 727 Ad
1649 697 1722 734 hoc,
1735 707 1771 727 ex
1787 698 1815 728 V
1832 704 1862 727 et
1877 697 1919 728 Vl
1936 697 2132 738 Metaphys„
2145 696 2316 727 dicendum
2336 702 2382 726 est
2400 695 2499 736 quod,

1432 751 1506 771 curn
1521 751 1576 771 ens
1600 751 1667 771 non
1689 741 1868 772 inveniatur
1883 741 2066 772 distinctum
2083 751 2118 771 ac
2134 748 2302 771 tractatum
2319 740 2379 770 nisi
2394 740 2428 770 in
2444 748 2501 770 ens

1425 794 1488 824 per
1509 794 1555 822 se,
1579 784 1716 815 divisum
1739 785 1772 815 in
1796 786 1906 816 decem
1920 795 2043 826 genera,
2061 792 2092 816 et
2107 796 2164 816 ens
2183 795 2244 825 per
2259 784 2417 822 accidens,
2436 783 2499 814 dis-

1432 839 1562 859 cussum
1577 829 1610 858 in
1626 829 1668 859 VI
1682 830 1866 870 Metaphys.
1878 830 1905 866 *,
1923 836 1954 860 et
1969 839 2026 861 ens
2041 840 2166 868 verum,
2183 830 2216 860 in
2229 830 2257 860 V
2267 829 2301 848 **
2315 829 2502 860 inchoatum

1432 879 1462 903 et
1474 873 1506 903 in
1519 871 1590 903 V1*
1607 873 1866 910 determinatum;
1883 873 1968 904 fictio
1980 874 2103 905 videtur
2117 884 2237 914 ponere
2249 874 2349 904 alium
2365 873 2501 903 modum

1432 917 1565 947 essendi.
1591 917 1661 957 Ipse
1684 927 1824 957 namque
1847 917 2031 949 Aristoteles
2055 928 2110 948 ens
2133 919 2166 949 in
2189 919 2296 949 anima
2311 917 2502 949 sufficienter

1433 971 1465 991 se
1489 960 1711 991 determinasse
1735 961 1867 1001 putavit,
1885 961 2124 993 determinando
2149 963 2187 993 de
2204 969 2275 993 ente
2297 973 2383 993 vero.
2408 962 2502 993 Unde

1433 1005 1618 1035 huiusmodi
1633 1004 1801 1036 relationes
1825 1005 1952 1036 nullum
1971 1005 2058 1036 aliud
2076 1006 2193 1037 habent
2212 1006 2332 1037 actuale
2349 1016 2426 1043 esse,
2442 1005 2502 1036 nisi

1433 1050 1588 1090 quoniam
1602 1049 1781 1089 propositio
1798 1049 1836 1080 de
1852 1049 1928 1090 ipsis
1945 1056 1991 1080 est
2005 1060 2088 1080 vera.
2339 1056 2343 1059 “

1491 1093 1760 1134 Distinguendum
1783 1101 1890 1124 tamen
1914 1101 1969 1130 est,
1994 1095 2084 1134 quod
2106 1093 2216 1125 relatio
2239 1094 2369 1126 rationis
2397 1101 2503 1135 potest

1434 1138 1624 1169 considerari
1656 1138 1829 1178 dupliciter.
1855 1139 1930 1169 Uno
1954 1139 2065 1174 modo,
2095 1139 2272 1169 secundum
2296 1149 2392 1169 suum
2415 1148 2502 1171 esse:

1434 1190 1464 1214 et
1487 1183 1531 1213 sic
1555 1193 1621 1213 non
1644 1183 1737 1213 habet
1761 1192 1828 1213 esse
1851 1182 1911 1213 nisi
1934 1182 1967 1213 in
1990 1182 2132 1223 intelligi.
2155 1182 2230 1213 Alio
2254 1183 2364 1219 modo,
2390 1193 2502 1214 secun-

1435 1227 1513 1258 dum
1537 1237 1629 1257 suam
1646 1226 1738 1268 quasi
1755 1227 1934 1267 proximam
1954 1237 2092 1263 causam,
2110 1237 2166 1257 seu
2174 1226 2448 1268 fundamentum:
2472 1233 2504 1258 et

1435 1271 1477 1302 sic
1501 1278 1647 1302 causatur
1669 1278 1700 1302 et
1715 1281 1733 1302 a
1747 1271 1910 1302 voluntate
1934 1277 1964 1302 et
1988 1272 2026 1301 ab
2042 1270 2254 1311 imaginativa.
2279 1271 2349 1301 Irno
2373 1271 2467 1302 etiam
2485 1280 2504 1301 a

1434 1316 1504 1346 visu
1529 1315 1691 1346 exteriori:
1715 1315 1802 1346 visus
1826 1325 1975 1356 namque,
2000 1315 2183 1355 attingendo
2208 1316 2368 1352 colorem,
2394 1321 2502 1346 causat

1434 1360 1467 1390 in
1491 1370 1529 1391 eo
1553 1360 1740 1391 relationem
1767 1360 1826 1390 visi
1857 1361 1897 1390 ad
1919 1359 2088 1391 videntem.
2121 1360 2163 1391 Et
2185 1359 2328 1391 similiter
2357 1360 2503 1391 dextrum

1434 1404 1578 1435 animalis
1603 1412 1710 1436 causat
1733 1404 1919 1435 relationem
1942 1404 2131 1435 dextreitatis
2154 1404 2188 1434 in
2211 1404 2371 1435 columna.
2396 1405 2438 1436 Et
2446 1411 2503 1435 ,ta-

1434 1459 1509 1479 rnen
1532 1449 1590 1479 hae
1614 1449 1781 1480 relationes
1810 1458 1876 1479 non
1899 1456 1974 1479 sunt
1996 1455 2068 1479 actu
2092 1448 2151 1479 nisi
2175 1458 2250 1479 cum
2273 1448 2501 1488 intelliguntur.

1435 1493 1541 1529 Unde,
1567 1503 1642 1524 cum
1665 1493 1813 1523 voluntas
1837 1503 1874 1523 ex
1897 1503 1946 1529 se,
1972 1493 2118 1524 distincta
2141 1499 2251 1523 contra
2274 1493 2446 1530 rationem,
2472 1499 2504 1524 et

1434 1537 1576 1568 similiter
1599 1537 1759 1578 quaelibet
1781 1537 1842 1567 alia
1865 1537 2015 1577 potentia,
2040 1537 2084 1568 sic
2108 1544 2238 1568 causent
2260 1537 2446 1568 relationem
2469 1537 2503 1568 in

1434 1582 1575 1618 obiecto;
1601 1582 1675 1623 quia
1692 1592 1758 1620 non
1775 1581 1837 1612 alio
1852 1582 1952 1612 modo
1969 1588 2098 1612 causant
2114 1591 2213 1622 quam
2229 1581 2254 1612 si
2271 1588 2374 1612 essent
2390 1591 2502 1612 causae

1434 1626 1601 1663 naturales,
1625 1626 1658 1656 in
1675 1626 1811 1666 patiente
1836 1625 2001 1666 disposito,
2019 1632 2087 1662 etc.,
2105 1625 2263 1657 efficerent
2289 1632 2325 1657 ut
2340 1626 2504 1657 resultaret

1433 1670 1541 1701 relatio
1566 1671 1666 1701 realis.
1691 1670 1825 1701 Faciunt
1844 1670 1929 1700 enim
1946 1677 1976 1701 et
1991 1670 2053 1701 hoc
2072 1670 2172 1701 modo
2190 1676 2225 1701 ut
2240 1670 2370 1701 resultet
2392 1669 2502 1701 relatio

1433 1715 1572 1752 rationis,
1598 1715 1727 1756 quando
1748 1725 1803 1745 ens
1819 1714 1949 1745 rationis
1973 1724 2039 1745 esse
2063 1721 2176 1755 potest.
2201 1715 2274 1745 Hoc
2293 1721 2411 1751 autem,
2427 1724 2503 1745 cum

1433 1759 1583 1790 consistat
1605 1759 1638 1789 in
1662 1758 1803 1798 intelligi,
1828 1769 1996 1799 nunquam
2019 1765 2066 1789 est
2082 1758 2243 1790 actualiter
2266 1758 2325 1789 nisi
2348 1758 2502 1799 intelliga-

1432 1810 1501 1834 tur:
1526 1803 1806 1844 praeexistentibus
1829 1813 1969 1843 namque
1988 1802 2154 1843 praedictis
2169 1802 2394 1839 fundamentis,
2410 1802 2502 1844 quasi

1432 1848 1632 1878 habitualiter
1648 1854 1702 1878 est.
1728 1847 1820 1878 Unde
1843 1847 1946 1878 maior
1969 1846 2057 1878 Scoti
2083 1846 2242 1878 intellecta
2257 1846 2296 1877 de
2322 1847 2502 1878 causalitate

1433 1899 1464 1923 et
1486 1892 1637 1923 relatione
1661 1891 1791 1922 rationis
1814 1891 1992 1922 secundum
2016 1901 2083 1921 esse
2099 1890 2230 1927 actuale,
2247 1890 2326 1921 falsa
2341 1897 2404 1922 est:
2428 1900 2504 1922 vera

1432 1943 1540 1967 autem
1556 1936 1734 1967 secundum
1753 1945 1820 1966 esse
1843 1935 2090 1968 fundamentale.
2115 1935 2155 1966 Et
2171 1941 2338 1976 propterea
2352 1935 2386 1966 in
2401 1934 2504 1967 littera

1433 1981 1547 2012 dicitur
1569 1981 1658 2022 quod
1674 1979 1862 2011 huiusmodi
1881 1986 2042 2020 respectus
2058 1986 2105 2010 est
2118 1979 2151 2010 in
2165 1979 2234 2010 sola
2250 1979 2504 2020 apprehensione

1432 2032 1571 2056 rationis.

1487 2069 1569 2100 XIV.
1588 2069 1706 2106 Quoad
1722 2070 1851 2100 tertium
1866 2068 1893 2105 *,
1910 2068 2063 2108 probatur
2086 2068 2251 2109 proposita
2266 2067 2430 2100 conclusio
2445 2067 2501 2101 sic.

1431 2114 1712 2154 Quandocumque
1745 2113 1863 2154 aliquid
1887 2112 2030 2153 procedit
2052 2122 2071 2143 a
2094 2112 2250 2153 principio
2281 2112 2425 2144 eiusdem
2447 2123 2503 2146 na-

1433 2166 1528 2195 turae,
1546 2159 1642 2188 ambo
1667 2165 1740 2188 sunt
1763 2158 1906 2188 eiusdem
1930 2156 2059 2194 ordinis,
2080 2164 2111 2188 et
2134 2163 2363 2198 consequenter
2386 2156 2504 2189 habent

1431 2203 1527 2234 reales
1544 2209 1704 2242 respectus
1720 2202 1760 2233 ad
1773 2202 1926 2232 invicem:
1947 2201 2001 2232 sed
2018 2201 2235 2242 processiones
2250 2201 2283 2232 in
2300 2201 2413 2232 divinis
2427 2208 2503 2232 sunt

1430 2247 1463 2277 in
1486 2246 1648 2278 identitate
1671 2253 1814 2277 naturae:
1836 2256 1911 2286 ergo
1935 2246 2103 2276 relationes
2126 2246 2304 2277 secundum
2327 2245 2503 2286 proce-nio-

1431 2301 1486 2321 nes
1511 2290 1631 2321 divinas
1655 2297 1728 2320 sunt
1751 2290 1864 2326 reales,
1896 2290 1985 2330 quod
2014 2297 2079 2321 erat
2101 2290 2269 2322 intentum.
2286 2308 2307 2313 -
2321 2290 2442 2322 Omnia
2463 2300 2503 2322 ex

1431 2335 1520 2366 dictis
1544 2335 1626 2365 clara
1649 2340 1732 2365 sunt.

1483 2379 1551 2410 XV.
1565 2379 1601 2409 In
1615 2377 1822 2419 responsione
1839 2377 1878 2408 ad
1894 2377 2045 2418 primum,
2062 2384 2148 2414 nota,
2165 2377 2295 2414 novitie,
2309 2378 2408 2418 quod,
2425 2378 2502 2420 quia

1431 2423 1602 2464 praedicari
1621 2422 1772 2454 fundatur
1795 2432 1890 2462 super
1908 2421 2019 2458 inesse,
2037 2422 2148 2453 eadem
2170 2421 2292 2453 ratione
2311 2432 2375 2463 qua
2390 2421 2500 2454 relatio

1432 2478 1469 2498 ex
1484 2467 1612 2508 propria
1627 2467 1749 2498 ratione
1765 2477 1831 2497 non
1847 2466 1936 2502 inest,
1954 2473 1984 2497 et
1999 2473 2106 2497 tamen
2125 2466 2303 2497 secundum
2318 2476 2385 2497 rem
2401 2476 2501 2508 quan-

1431 2513 1538 2553 doque
1560 2511 1651 2548 inest,
1668 2511 1781 2542 dicitur
1804 2510 1900 2543 etiam
1922 2510 2012 2551 quod
2028 2520 2094 2541 non
2117 2510 2323 2550 praedicatur,
2340 2517 2371 2541 et
2393 2517 2501 2543 tamen

1432 2556 1628 2597 praedicatur
1651 2555 1704 2592 sic,
1721 2555 1837 2586 scilicet
1860 2565 1916 2595 per
1938 2555 2075 2586 modum
2097 2555 2137 2585 ad
2160 2554 2258 2586 aliud.

1485 2601 1568 2631 XVI.
1590 2600 1625 2631 ln
1648 2599 1854 2640 responsione
1882 2599 1922 2630 ad
1945 2599 2139 2635 secundum,
2162 2598 2259 2630 habes
2277 2599 2368 2640 quod
2390 2599 2500 2631 relatio

1432 2644 1601 2676 identitatis
1623 2643 1785 2685 specificae
1805 2653 1860 2674 seu
1884 2643 2055 2683 genericae,
2071 2650 2118 2674 est
2137 2642 2247 2674 relatio
2266 2643 2356 2674 realis
2375 2650 2500 2681 mutua,

1433 2700 1469 2720 ex
1491 2689 1547 2720 illo
1570 2689 1678 2725 verbo,
1700 2688 1800 2720 Secus
1821 2693 1929 2719 autem
1950 2693 1997 2719 est
2011 2694 2069 2719 etc.
2093 2687 2249 2726 Quamvis
2273 2687 2368 2719 etiam
2391 2687 2417 2719 si
2436 2687 2500 2719 hoc

1432 2744 1498 2765 non
1529 2733 1699 2769 diceretur,
1723 2739 1831 2773 posset
1854 2732 1974 2763 ratione
2002 2731 2157 2764 convinci.
2184 2731 2270 2770 Quia
2296 2741 2363 2762 non
2393 2731 2501 2764 minus

1432 2779 1515 2809 duae
1537 2777 1749 2809 humanitates
1765 2777 1883 2808 similes
1902 2783 1977 2808 sunt
1999 2776 2032 2808 in
2053 2783 2173 2813 natura,
2190 2786 2290 2818 quam
2313 2776 2395 2807 duae
2417 2776 2500 2809 albe-

1433 2822 1536 2853 dines:
1567 2822 1621 2853 sed
1644 2821 1753 2852 relatio
1785 2821 1999 2852 similitudinis
2023 2820 2186 2861 specificae
2212 2821 2294 2852 inter
2316 2820 2382 2851 duo
2409 2820 2498 2857 alba,

1432 2874 1479 2898 est
1494 2866 1597 2898 realis:
1623 2876 1698 2906 ergo
1714 2873 1745 2897 et
1759 2866 1840 2897 inter
1855 2866 1937 2896 duos
1955 2865 2113 2902 homines,
2133 2871 2190 2896 etc.
2214 2865 2256 2896 Et
2269 2871 2316 2896 est
2331 2864 2394 2895 hoc
2407 2864 2500 2895 valde

1432 2911 1611 2943 notandum
1626 2918 1658 2942 et
1672 2910 1910 2946 advertendum,
1923 2920 1998 2941 curn
2013 2916 2162 2941 tractatur
2175 2909 2215 2940 de
2230 2908 2440 2940 fundamento
2452 2918 2499 2940 re-

1431 2955 1568 2992 lationis,
1585 2962 1640 2986 aut
1658 2955 1698 2986 de
1716 2954 1916 2986 distinetione
1939 2953 2099 2986 relationis
2114 2963 2132 2983 a
2147 2952 2366 2985 fundamento.
2392 2953 2500 2985 Habes

1433 3000 1518 3031 enim
1548 2999 1623 3031 hinc
1653 3006 1683 3031 et
1715 2999 1805 3040 quod
1835 2998 1945 3030 relatio
1976 2997 2158 3030 immediate
2185 2996 2337 3029 fundatur
2368 2996 2403 3028 in
2424 2997 2499 3031 sut>-

1432 3044 1563 3080 stantia,
1587 3050 1618 3075 et
1640 3044 1729 3086 quod
1753 3043 1955 3083 distinguitur
1982 3042 2105 3074 realiter
2128 3051 2146 3072 a
2169 3041 2394 3073 fundamento:
2417 3050 2499 3083 quo-

1431 3089 1517 3119 niam
1534 3095 1666 3125 constat,
1683 3088 1769 3129 apud
1792 3098 1816 3119 s.
1829 3087 1994 3118 Thomam
2002 3087 2029 3123 ⁴²,
2045 3085 2232 3118 huiusmodi
2248 3086 2415 3118 relationes
2431 3095 2499 3117 esse

1431 3133 1612 3169 accidentia,
1636 3132 1670 3163 in
1693 3132 1949 3173 praedicamento
1973 3130 2146 3163 Relationis
2170 3130 2283 3171 posita.

1487 3177 1554 3207 Nec
1577 3177 1681 3208 obstat
1703 3176 1808 3217 primo
1825 3176 1919 3213 dicto,
1935 3175 2024 3218 quod
2047 3174 2121 3206 alibi
2136 3174 2153 3194 *
2177 3174 2298 3206 dicatur
2311 3174 2499 3208 relationem

1431 3228 1577 3262 oportere
1598 3220 1723 3252 fundari
1746 3220 1780 3252 in
1804 3220 1978 3252 substantia
1995 3218 2206 3250 mediantibus
2230 3218 2298 3250 aliis
2319 3218 2497 3260 generibus,

1430 3272 1561 3306 propter
1577 3265 1627 3296 sui
1646 3264 1849 3296 debilitatem.
1874 3265 1948 3296 Hoc
1961 3263 2048 3295 enim
2065 3262 2260 3304 intelligitur,
2275 3273 2341 3294 non
2365 3262 2496 3299 realiter,

1430 3310 1484 3340 sed
1508 3309 1691 3340 formaliter.
1716 3309 1898 3341 Similitudo
1914 3308 2000 3340 enirn
2014 3314 2061 3338 est
2077 3307 2186 3339 relatio
2199 3317 2281 3349 quae
2295 3307 2409 3338 dicitur
2423 3306 2498 3338 fun-

1430 3354 1496 3384 dari
1519 3363 1615 3394 supra
1637 3353 1857 3394 quantitatem,
1876 3353 1952 3394 quia
1975 3362 2074 3383 unum
2099 3351 2212 3384 fundat
2234 3351 2333 3388 inam,
2353 3357 2389 3382 ut
2411 3357 2497 3392 patet

1429 3399 1457 3429 V
1481 3399 1664 3439 Metaphys.
1681 3398 1713 3428 *z
1740 3405 1770 3428 et
1792 3405 1898 3428 tamen
1928 3403 2051 3428 constat
2073 3396 2181 3437 quod,
2207 3396 2383 3428 secundum
2406 3404 2494 3431 rem,

1430 3442 1605 3482 qualitates,
1622 3448 1654 3473 et
1668 3441 1884 3473 universaliter
1902 3440 2023 3472 formae
2047 3441 2190 3472 eiusdem
2205 3439 2345 3476 rationis,
2363 3438 2497 3470 fundant

1428 3486 1532 3522 illam;
1557 3486 1616 3517 sub
1639 3486 1761 3517 ratione
1784 3492 1891 3516 tamen
1910 3486 2018 3522 unius,
2035 3492 2131 3525 prout
2145 3494 2248 3516 unum
2266 3484 2300 3515 in
2323 3482 2495 3515 substantia

1430 3530 1502 3561 facit
1518 3530 1612 3567 idem,
1629 3530 1661 3560 in
1681 3529 1854 3571 quantitate
1877 3530 2023 3570 aequale,
2045 3529 2079 3560 in
2103 3529 2252 3571 qualitate
2275 3528 2387 3560 simile.
2405 3544 2425 3550 -
2441 3526 2495 3558 Se-

1430 3574 1536 3605 cundo
1552 3581 1659 3605 autem
1675 3573 1759 3605 dicto
1780 3574 1950 3614 quomodo
1967 3574 2088 3615 reliqua
2104 3579 2290 3610 consonent,
2306 3570 2462 3612 posterius
2478 3570 2496 3591 *

1429 3618 1691 3659 perscrutandum
1713 3624 1769 3649 est.

2529 828 2574 849 'Ca
2594 828 2745 854 .u,m.-Did.

2528 855 2587 903 Rhea
2598 861 2742 903 ’.ἓῖιῖῑ-Ἢεὶἕ·

2529 908 2568 929 lib.
2577 887 2619 936 IV,
2634 914 2686 936 cap.
2695 897 2744 936 vn,

2529 940 2589 983 {¹33
2608 967 2655 983 av.
2667 960 2745 983 -md,

2529 988 2570 1009 lib.
2605 1003 2611 1015 ,
2627 993 2721 1016 capav-

2528 2074 2541 2086 ⁸
2557 2073 2627 2097 Coaf.
2640 2079 2705 2097 num.
2715 2080 2745 2098 11.

2525 3093 2537 3142 ¹⁸
2550 3092 2574 3115 V
2586 3092 2721 3122 Metaplnys.
2729 3109 2739 3121 ,
2762 3079 2768 3136 ἐ

2533 3123 2578 3142 eet.
2589 3125 2622 3142 xi.
2763 3141 2768 3152 ἰ

2526 3180 2737 3210 ·mffiyc1c.,1eet.

2525 3214 2542 3236 ι,
2557 3213 2581 3230 n.
2591 3207 2614 3230 6.

2525 3399 2533 3408 ·
2548 3397 2581 3420 Ca
2599 3413 2605 3420 .
2613 3403 2652 3420 xv.
2661 3408 2671 3414 -
2681 3396 2738 3419 md.

2523 3423 2581 3478 kb*
2591 3423 2621 3451 V,
2635 3429 2687 3452 eap-
2697 3429 2736 3452 xv,

2523 3574 2532 3584 ·
2539 3573 2592 3595 Art.
2603 3579 2651 3602 seq.
2662 3572 2735 3596 Com-

2522 3603 2594 3622 meat.
2608 3605 2632 3622 a.
2643 3605 2657 3622 v
2671 3605 2723 3628 sqq.
2752 3606 2754 3610 ⁸
