2768 4178
81 1923 89 1931 ·
100 1921 151 1942 Lib.
161 1921 190 1947 11,
201 1921 236 1947 (al.
244 1920 290 1947 111),

85 1953 136 1974 cap.
150 1953 190 1969 xu.

175 2022 190 2038 α

84 2550 95 2561 ⁴*
111 2550 136 2572 In
151 2550 271 2578 Symbolo.

306 228 383 274 432

310 311 391 336 ceret
416 305 480 336 duo
505 315 602 345 quam
625 305 725 341 mille;
749 311 854 335 tamen
879 311 914 335 ut
936 305 969 334 in
988 305 1059 340 hoc,
1076 305 1156 335 idest
1179 311 1215 335 ut
1237 304 1270 334 in
1289 304 1372 344 prin-

310 349 393 389 cipio
410 359 475 379 non
491 349 529 379 de
543 348 708 388 principio,
730 355 759 380 et
778 355 814 379 ut
832 349 864 379 in
881 359 919 379 eo
944 355 974 379 et
993 348 1147 388 principio
1165 348 1203 378 de
1218 348 1373 388 principio

311 393 416 429 simul,
430 393 511 423 duos
530 399 654 422 tantum
673 392 801 423 inchoat
819 400 916 423 actus.
927 393 1063 422 -Potest
1077 398 1183 422 tamen
1202 392 1281 422 ratio
1297 392 1373 423 haec

310 436 453 476 pluribus
477 436 544 466 aliis
567 436 671 466 modis
695 436 784 467 solvi.
810 436 941 472 Scilicet,
966 436 1042 476 quia
1064 435 1160 466 deitas
1185 445 1259 465 cum
1281 435 1373 467 intel-

309 480 392 510 lectu
417 479 521 515 unius,
537 486 567 509 et
587 489 660 509 cum
678 480 841 510 voluntate
865 479 990 510 alterius
1015 486 1061 509 est
1083 479 1285 519 principium.
1309 481 1374 510 Nec

310 523 469 564 plurium:
495 523 570 563 quia
592 530 713 563 praeter
736 530 842 554 actum
865 523 1039 554 intellectus
1064 529 1094 553 et
1111 523 1292 559 voluntatis,
1308 533 1375 553 non

312 567 403 597 datur
425 567 534 598 tertius
553 567 586 597 in
605 573 716 597 natura
739 567 951 598 intellectuali.
975 567 1022 597 Ex
1045 573 1133 606 parte
1151 576 1282 607 quoque
1302 567 1376 598 certi

311 611 430 641 ordinis
460 611 602 650 ipsarum
630 611 878 651 productionum
902 611 982 641 inter
1005 620 1051 646 se,
1077 610 1137 640 dici
1160 617 1265 651 potest
1288 611 1377 652 quod

311 664 378 685 non
400 654 582 686 inconvenit
606 655 643 685 ab
668 665 734 685 uno
758 655 898 685 ordinate
922 654 1005 685 oriri.

369 698 420 728 Ad
443 698 599 729 rationem
621 709 696 730 vero
721 709 758 730 ex
780 705 867 739 parte
891 698 1020 734 formae,
1047 697 1164 729 falsum
1187 705 1233 729 est
1257 708 1376 734 assum-

312 748 414 782 ptum,
435 742 612 772 secundum
627 753 834 777 communem
857 742 1078 782 philosophiae
1101 742 1195 778 viam,
1218 749 1378 773 tenentem

312 795 379 816 non
395 795 526 816 omnem
545 786 682 817 formam
701 797 767 817 esse
786 787 928 822 activam,
948 793 977 816 et
993 785 1166 826 specialiter
1181 786 1376 816 relationem.

311 847 330 854 -
346 830 457 860 Posset
479 836 586 860 tamen
610 830 670 861 dici
694 831 783 871 quod
806 830 1049 871 quodammodo
1065 829 1243 870 paternitas,
1261 830 1378 860 consti—

312 873 432 904 tuendo
451 873 585 910 Patrem,
605 875 659 905 dat
677 883 839 914 generare;
859 884 918 914 pro
935 880 1055 914 quanto
1075 874 1127 904 dat
1146 874 1174 904 ei
1194 883 1378 904 concurrere

313 917 412 948 active
435 917 475 947 ad
498 918 733 957 generationem
757 923 792 949 ut
814 918 906 958 quod.
931 919 997 948 Nec
1021 918 1092 958 plus
1117 917 1175 948 sibi
1199 918 1338 948 debetur.

370 961 422 991 Ad
439 961 519 991 illud
541 972 615 992 vero
641 962 679 992 de
703 969 783 998 actu,
809 963 952 1002 neganda
966 968 1012 992 est
1028 961 1273 1001 proportionalis
1293 961 1378 992 simi-

313 1005 426 1035 litudo.
447 1005 610 1042 Quoniam
626 1012 713 1036 actus
732 1006 904 1036 essentialis
926 1005 1007 1036 infra
1022 1005 1222 1036 latitudinem
1237 1015 1316 1045 pure
1332 1015 1378 1036 es-

314 1048 494 1079 sentialium
512 1049 629 1079 invenit
647 1049 731 1089 quod
754 1057 784 1080 et
806 1058 889 1090 quo:
913 1057 1000 1080 actus
1015 1060 1090 1080 vero
1110 1049 1283 1089 personalis
1299 1049 1380 1079 infra

999 226 1264 273 QUAESTIO
1294 227 1398 273 XLI,

1427 226 1723 263 ARTICULUS
1751 226 1817 262 VI.

1426 304 1626 335 latitudinem
1645 314 1723 344 pure
1743 303 1960 344 personalium
1979 309 2133 343 repugnat
2151 304 2240 343 quod
2258 303 2395 334 inveniat
2417 313 2493 344 quo;

1428 348 1503 388 quia
1521 348 1725 388 personalitas
1749 358 1815 378 non
1839 354 1943 387 potest
1967 357 2033 377 esse
2056 347 2135 377 ratio
2159 347 2292 377 faciendi
2308 347 2366 378 sibi
2382 347 2494 383 simile,

1428 392 1488 422 nisi
1510 392 1596 422 idem
1620 398 1726 432 posset
1749 401 1896 431 generare
1920 401 1962 427 se,
1987 391 2076 431 quod
2099 400 2166 421 non
2190 397 2236 421 est
2257 391 2461 431 intelligibile.

1487 436 1539 466 Ad
1558 435 1775 466 auctoritatem
1794 436 1925 466 demum
1948 434 2118 474 Augustini
2141 434 2312 465 dicendum
2331 441 2386 471 est,
2406 435 2496 475 quod

1428 479 1517 511 labor
1540 486 1586 510 est
1608 479 1642 510 in
1665 479 1851 520 aequivoco·
1876 479 2040 516 Quoniam
2060 478 2203 519 loquitur
2226 478 2265 509 de
2284 489 2350 519 quo
2365 478 2495 519 forma-

1430 524 1523 555 liter:
1547 523 1643 554 deitas
1663 530 1771 554 autem
1788 523 1887 554 Patris
1912 529 1957 553 est
1981 533 2046 563 quo
2063 523 2238 553 causaliter
2250 523 2341 553 Pater
2359 529 2495 562 generat,

1430 574 1461 599 et
1483 567 1511 598 ei
1536 574 1582 598 est
1604 567 1713 598 Filius.
2159 570 2164 573 ’

1487 612 1556 642 XII.
1582 612 1616 641 In
1639 611 1845 651 responsione
1861 612 1901 641 ad
1918 610 2068 651 primum,
2093 611 2218 641 adverte
2237 610 2326 651 quod
2348 610 2429 640 inter
2445 619 2497 649 ge-

1430 665 1542 686 nerans
1572 662 1603 686 et
1630 655 1774 695 genitum
1801 655 2005 686 inveniuntur
2029 655 2111 691 duo,
2141 654 2257 686 scilicet
2280 653 2499 685 convenientia

1431 705 1462 730 et
1480 699 1648 730 distinctio.
1673 700 1714 730 Et
1737 699 1894 730 distinctio
1918 699 2049 739 quidem
2073 698 2212 729 conditio
2236 704 2292 734 est,
2315 697 2497 728 assimilatio

1431 749 1539 774 autem
1557 743 1636 773 ratio
1655 750 1717 774 est:
1742 753 1893 782 generans
1917 743 2002 773 enim
2023 752 2089 773 non
2108 749 2234 782 generat
2257 748 2293 772 ut
2317 741 2496 781 distinguat,

1431 787 1487 816 sed
1502 793 1538 816 ut
1554 786 1703 817 assimilet
1726 786 1918 817 distinctum.
1943 787 1984 817 Et
2002 793 2178 827 propterea,
2198 792 2319 827 quanto
2336 786 2438 816 maior
2453 791 2500 816 est

1433 830 1666 866 convenientia,
1696 836 1784 860 tanto
1808 830 1975 870 perfectior
2004 837 2050 860 est
2071 830 2246 870 generatio,
2277 830 2362 861 salva
2390 829 2499 859 distin-

1433 873 1536 904 ctione
1563 873 1770 914 hypostatica.
1801 874 1843 904 Et
1861 880 1981 914 quanto
2005 874 2110 904 minor
2139 881 2186 905 est
2215 873 2402 905 huiusmodi
2426 883 2500 913 sup-

1433 917 1574 958 positalis
1598 917 1767 953 distinctio,
1790 924 1879 948 tanto
1901 917 2069 957 perfectior
2092 924 2138 948 est
2160 918 2330 958 generatio.
2355 917 2448 948 Unde
2466 917 2500 947 in

1433 961 1545 991 divinis
1561 961 1718 992 distinctio
1743 967 1789 991 est
1811 961 1953 997 minima,
1974 961 2049 1001 quia
2067 961 2208 992 relativa:
2234 969 2264 993 et
2283 961 2501 992 convenientia

1433 1012 1479 1036 est
1502 1015 1637 1041 summa,
1662 1005 1738 1045 quia
1761 1011 1835 1035 sunt
1859 1005 1970 1035 eadem
1987 1014 2035 1035 res
2054 1015 2189 1036 numero
2211 1006 2443 1046 simplicissima
2470 1011 2501 1036 et

1432 1049 1566 1079 omnino
1589 1049 1731 1085 indivisa,
1757 1055 1814 1079 etc.

1130 1193 1447 1235 ARTICULUS
1477 1192 1685 1234 SEXTUS

624 1275 780 1306 UTRUM
804 1275 947 1307 ACTUS
971 1276 1234 1307 NOTIONALIS
1257 1277 1315 1307 AD
1339 1277 1503 1308 PLURES
1526 1276 1745 1308 PERSONAS
1770 1277 2011 1307 TERMINARI
2035 1277 2183 1308 PosstT

731 1346 740 1370 1
761 1345 846 1375 Sent.,
867 1346 925 1371 dist.
943 1353 988 1377 vu,
1008 1354 1052 1379 qu.
1071 1354 1103 1378 113
1123 1347 1230 1379 exposit.
1249 1351 1309 1372 text.
1315 1354 1323 1378 3
1345 1347 1386 1372 De
1404 1347 1471 1377 Por„
1493 1354 1537 1380 qu.
1555 1355 1582 1377 11,
1603 1352 1650 1372 art.
1669 1353 1700 1378 43
1720 1354 1765 1380 qu.
1777 1354 1810 1378 tx,
1831 1352 1876 1372 art.
1892 1355 1916 1380 9,
1937 1347 1968 1372 ad
1992 1355 2000 1371 1
2023 1354 2083 1380 sqq.

440 1450 469 1473 a
527 1446 550 1470 D
578 1446 719 1472 SEXTUM
748 1446 802 1470 SIC
830 1446 1069 1472 Paocunlrua.
1094 1434 1253 1472 Videtur
1275 1434 1378 1484 quod

528 1495 633 1526 actus
660 1486 863 1524 notionalis
892 1488 940 1524 ad
958 1488 1087 1536 plures
1105 1500 1289 1536 personas
1307 1495 1381 1524 ter-

508 1539 663 1576 minari
682 1539 812 1588 possit,
837 1540 887 1576 ita
915 1540 1021 1589 quod
1049 1541 1123 1577 sint
1149 1541 1278 1589 plures
1297 1553 1381 1590 per-

529 1605 646 1630 sonae
683 1592 829 1640 genitae
862 1593 926 1630 vel
962 1593 1123 1642 spiratae
1159 1593 1199 1630 in
1231 1594 1379 1631 divinis.

318 1647 557 1695 Cuicumque
587 1645 689 1682 enim
709 1645 806 1682 inest
823 1645 994 1694 potentia
1021 1646 1237 1694 generandi,
1257 1654 1383 1696 potest

317 1711 508 1747 generare.
531 1698 608 1736 Sed
624 1698 718 1735 Filio
740 1698 836 1735 inest
854 1698 1023 1747 potentia
1041 1699 1257 1747 generandi.
1279 1701 1382 1748 Ergo

300 1772 303 1779 ν
315 1759 441 1800 potest
460 1763 652 1800 generare.
674 1751 767 1787 Non
785 1758 914 1788 autem
935 1751 1114 1800 seipsum.
1140 1753 1243 1800 Ergo
1264 1753 1380 1790 alium

318 1805 465 1841 Filium.
496 1805 598 1852 Ergo
626 1811 788 1852 possunt
816 1816 898 1851 esse
921 1805 1049 1853 plures
1070 1805 1151 1842 Filii
1171 1805 1209 1842 in
1229 1805 1378 1843 divinis.

371 1869 406 1894 2.
436 1859 673 1904 PRAETEREA,
703 1857 938 1904 Augustinus
963 1857 1062 1905 dicit,
1089 1859 1230 1895 Contra
1248 1859 1382 1896 Maxi-

316 1910 460 1947 minum
484 1909 524 1946 *z
556 1909 675 1946 Filius
712 1921 787 1945 non
814 1910 945 1959 genuit
977 1911 1207 1948 Creatorem.
1246 1912 1382 1960 Neque

317 1963 415 2000 enim
444 1974 518 2000 non
541 1963 685 2010 potuit.-
712 1962 778 1998 sed
804 1974 878 1999 non
908 1964 1081 2011 oportuit.

372 2017 406 2052 3.
441 2016 682 2062 PRAETEREA,
716 2016 822 2051 Deus
854 2016 1001 2052 Pater«
1031 2023 1086 2053 est
1113 2016 1305 2065 potentior
1332 2017 1380 2054 ad

316 2068 576 2116 generandum
602 2079 718 2116 quam
738 2075 845 2116 pater
864 2076 1023 2106 creatus.
1046 2069 1124 2106 Sed
1142 2082 1241 2106 unus
1260 2071 1380 2106 homo

315 2128 440 2170 potest
459 2133 638 2169 generare
657 2121 785 2169 plures
805 2121 915 2158 filios.
940 2122 1042 2170 Ergo
1064 2129 1100 2159 et
1118 2123 1244 2160 Deus:
1273 2135 1382 2172 prae-

318 2173 428 2222 cipue
458 2185 546 2210 cum
578 2173 747 2222 potentia
780 2174 918 2222 Patris,
947 2187 1025 2213 uno
1055 2175 1149 2212 Filio
1178 2183 1379 2225 generato,

317 2238 396 2263 non
425 2226 666 2264 diminuatur.

372 2280 446 2316 SED
467 2290 613 2317 CONTRA
631 2290 696 2315 EST
716 2279 821 2327 quod
840 2278 879 2315 in
900 2278 1036 2316 divinis
1056 2292 1134 2317 non
1154 2280 1279 2318 differt
1298 2293 1381 2317 esse

319 2339 355 2368 et
382 2343 506 2380 posse.
539 2331 579 2368 Si
606 2331 715 2379 igitur
742 2331 780 2367 in
810 2330 945 2368 divinis
969 2340 1126 2380 possent
1145 2344 1228 2370 esse
1255 2333 1382 2382 plures

320 2384 412 2430 Filii,
435 2391 559 2421 essent
577 2385 704 2433 plures
724 2383 806 2420 Filii
821 2382 849 2420 β.
871 2385 919 2420 Et
938 2384 988 2422 ita
1008 2392 1134 2422 essent
1151 2386 1279 2434 plures
1298 2398 1382 2435 per-

320 2449 437 2474 sonae
467 2449 582 2486 quam
608 2444 682 2473 tres
701 2436 740 2473 in
760 2436 912 2474 divinis:
934 2438 1039 2486 quod
1059 2445 1114 2474 est
1137 2438 1380 2476 haereticum.

373 2491 597 2527 RESPONDEO
635 2501 819 2526 DiCENDUM
857 2490 982 2538 quod,
1021 2490 1117 2527 sicut
1152 2492 1382 2529 Athanasius

322 2542 409 2580 dicit
433 2542 472 2590 ³⁸,
501 2542 540 2579 in
569 2542 704 2579 divinis
738 2549 793 2579 est
820 2549 966 2579 tantum
996 2555 1092 2580 unus
1123 2545 1255 2590 Pater,
1286 2557 1382 2582 unus

319 2595 448 2641 Filius,
471 2607 566 2632 unus
593 2595 751 2643 Spiritus
774 2596 943 2632 Sanctus.
974 2596 1092 2633 Cuius
1113 2597 1270 2646 quidem
1290 2598 1382 2634 ratio

322 2648 555 2697 quadruplex
594 2648 773 2696 assignari
806 2655 941 2696 potest.
981 2649 1110 2686 Prima
1142 2650 1300 2698 quidem
1339 2663 1383 2687 ex

321 2708 426 2749 parte
447 2701 684 2748 relationum,
706 2700 844 2748 quibus
863 2702 987 2739 solum
1008 2706 1022 2728 7
1049 2714 1238 2751 personae
1258 2703 1384 2741 distin—

322 2760 495 2800 guuntur.
526 2754 627 2790 Cum
656 2753 758 2790 enim
786 2766 973 2802 personae
1003 2754 1152 2792 divinae
1181 2756 1254 2793 sint
1277 2756 1383 2805 ipsae

323 2806 522 2843 relationes
551 2806 806 2853 subsistentes,
827 2819 905 2844 non
933 2816 1090 2856 possent
1109 2806 1123 2830 ὃ
1151 2820 1233 2846 esse
1256 2810 1383 2858 plures

322 2859 452 2895 Patres
471 2859 533 2896 vel
551 2860 678 2908 plures
697 2859 778 2896 Filii
798 2859 836 2896 in
856 2859 1002 2908 divinis,
1025 2861 1095 2898 nisi
1115 2869 1239 2898 essent
1257 2862 1384 2910 plures

322 2911 562 2959 paternitates
596 2919 632 2948 et
667 2913 795 2961 plures
827 2912 1040 2950 filiationes.
1080 2914 1197 2961 Quod
1230 2915 1385 2964 quidem

324 2976 406 3000 esse
440 2976 518 3001 non
546 2972 674 3013 posset
708 2965 777 3002 nisi
815 2966 1026 3003 secundum
1058 2967 1294 3005 materialem
1329 2980 1384 3005 re-

324 3029 408 3053 rum
428 3024 439 3040 Ε
466 3017 763 3055 distinctionem:
794 3018 940 3056 formae
975 3019 1076 3057 enim
1104 3020 1216 3057 unius
1245 3021 1383 3070 speciei

323 3082 402 3107 non
425 3070 716 3119 multiplicantur
734 3070 804 3108 nisi
824 3072 1034 3109 secundum
1055 3073 1265 3122 materiam,
1286 3086 1384 3123 quae

323 3122 362 3159 in
381 3122 516 3160 divinis
535 3135 613 3160 non
633 3131 699 3160 est.
721 3124 832 3161 Unde
850 3124 888 3160 in
909 3125 1044 3162 divinis
1060 3138 1138 3163 non
1157 3134 1282 3175 potest
1301 3139 1384 3164 esse

324 3175 394 3211 nisi
414 3188 490 3212 una
508 3184 655 3214 tantum
679 3176 807 3214 filiatio
829 3177 1051 3225 subsistens3
1076 3178 1171 3216 sicut
1191 3187 1227 3216 et
1245 3180 1384 3217 albedo

325 3228 530 3266 subsistens
567 3241 646 3267 non
681 3237 810 3278 posset
845 3242 926 3267 esse
955 3230 1024 3268 nisi
1052 3244 1140 3269 una.
1162 3253 1185 3260 -
1207 3233 1384 3270 Secunda

377 3342 404 3373 α)
425 3342 497 3367 Deus
515 3342 604 3368 Pater.
621 3357 641 3362 -
660 3343 740 3368 Pater
760 3344 833 3369 Deus
851 3344 991 3374 ACEFGa‚
1011 3345 1092 3370 Pater
1110 3346 1141 3371 D.

378 3375 402 3409 β)
418 3378 509 3408 plures
528 3378 599 3402 Filii.
616 3391 635 3398 —
654 3378 714 3404 Om.
734 3379 844 3405 codices.

376 3412 403 3444 γ)
422 3412 515 3437 solum.
534 3426 552 3431 -
569 3413 631 3438 solis
649 3413 703 3444 AC,
722 3414 770 3438 sol'
789 3414 817 3444 E,
837 3422 889 3439 om.
909 3414 941 3440 G.

377 3444 401 3478 δ)
416 3451 533 3478 possent.
551 3461 570 3466 -
584 3452 697 3479 possunt
714 3449 814 3474 BDFG.

378 3480 400 3512 ε)
420 3489 518 3507 rerum.
535 3496 554 3502 -
572 3490 662 3508 eorum
682 3484 782 3509 codices
801 3490 826 3509 et
844 3485 895 3509 ab.

377 3515 403 3548 ζ)
422 3517 499 3542 modo
514 3519 722 3549 processionum.
740 3533 758 3539 -
774 3523 855 3551 parte
865 3521 1063 3552 processionum
1079 3522 1200 3553 ABCDE,
1214 3522 1385 3554 processione

325 3550 354 3575 F.
372 3564 391 3569 -
409 3555 435 3576 et
453 3552 564 3584 simplici
582 3561 634 3578 om.
655 3554 685 3583 G,
704 3558 730 3580 et
748 3563 801 3580 om.
821 3555 904 3580 ceteri.

1433 1447 1527 1472 vero
1550 1448 1594 1472 ex
1614 1436 1733 1473 modo
1758 1435 2048 1484 processionum
2068 1435 2094 1472 ζ.
2126 1436 2227 1483 Quia
2245 1437 2352 1474 Deus
2372 1436 2503 1475 omnia

1434 1488 1601 1536 intelligit
1629 1496 1665 1525 et
1691 1489 1774 1526 vult
1800 1501 1880 1525 uno
1910 1496 1947 1525 et
1974 1488 2135 1537 simplici
2163 1497 2260 1526 actu.
2292 1489 2403 1527 Unde
2423 1501 2503 1527 non

1434 1549 1560 1590 potest
1588 1554 1670 1578 esse
1693 1542 1765 1578 nisi
1783 1554 1860 1578 una
1887 1553 2053 1590 persona
2080 1543 2294 1594 procedens
2322 1554 2391 1591 per
2418 1555 2502 1579 mo-

1436 1594 1529 1631 dum
1556 1594 1682 1642 verbi,
1712 1606 1811 1644 quae
1841 1602 1896 1631 est
1924 1594 2059 1641 Filius;
2090 1602 2127 1631 et
2153 1607 2231 1632 una
2260 1603 2406 1632 tantum
2434 1607 2504 1645 per

1435 1648 1598 1686 modum
1619 1648 1772 1695 amoris,
1788 1659 1886 1696 quae
1903 1655 1958 1684 est
1973 1647 2132 1696 Spiritus
2148 1649 2320 1685 Sanetus.
2332 1669 2356 1676 -
2372 1646 2503 1686 Tertia

1436 1700 1528 1737 ratio
1547 1705 1562 1723 η
1591 1700 1751 1738 sumitur
1770 1712 1815 1737 ex
1835 1700 1955 1737 modo
1975 1701 2222 1749 procedendi.
2253 1701 2353 1748 Quia
2371 1713 2501 1750 perso-

1436 1765 1507 1790 nae
1535 1753 1640 1802 ipsae
1669 1753 1882 1802 procedunt
1909 1753 2137 1800 naturaliter,
2157 1761 2199 1790 ut
2218 1753 2362 1791 dictum
2391 1761 2447 1791 est
2464 1754 2500 1791 *ε
2529 1769 2539 1781 ·

1435 1813 1570 1843 natura
1589 1813 1718 1843 autem
1744 1806 2015 1843 determinatur
2033 1805 2082 1842 ad
2100 1818 2233 1843 unum.
2250 1827 2274 1834 -
2291 1807 2437 1853 Quarta
2456 1818 2503 1844 ex

1435 1858 1666 1907 perfectione
1687 1858 1903 1896 divinarum
1931 1870 2195 1908 personarum.
2222 1859 2281 1896 Ex
2304 1859 2379 1896 hoc
2399 1859 2502 1897 enim

1437 1918 1492 1948 est
1517 1912 1707 1961 perfectus
1735 1911 1863 1959 Filius,
1885 1911 1989 1961 quod
2009 1909 2023 1932 ⁰
2049 1918 2128 1949 tota
2156 1911 2287 1950 filiatio
2317 1912 2445 1951 divina
2462 1912 2502 1951 in

1437 1976 1483 2002 eo
1514 1964 1743 2012 continetur,
1774 1972 1811 2002 et
1843 1965 1948 2013 quod
1977 1971 2033 2001 est
2058 1972 2207 2003 tantum
2238 1977 2339 2003 unus
2373 1965 2501 2005 Filius.

1436 2018 1485 2054 Et
1512 2017 1682 2054 similiter
1709 2017 1916 2054 dicendum
1945 2025 2001 2054 est
2030 2017 2077 2054 de
2106 2017 2185 2055 aliis
2212 2018 2398 2067 personis.

1489 2072 1547 2107 AD
1577 2082 1714 2108 PR1MUM
1743 2082 1841 2107 ERGO
1865 2082 2050 2107 D1CENDUM
2069 2071 2187 2119 quod,
2207 2071 2385 2119 quamvis
2413 2071 2503 2109 sim-

1436 2122 1580 2171 pliciter
1614 2123 1906 2160 concedendum
1935 2122 1981 2160 sit
2009 2123 2115 2173 quod
2141 2124 2352 2172 potentiam
2386 2136 2503 2175 quam

1437 2176 1552 2213 habet
1571 2177 1693 2223 Pater,
1715 2176 1854 2213 habeat
1872 2176 2009 2223 Filius;
2039 2189 2117 2214 non
2140 2184 2271 2214 tamen
2290 2177 2504 2216 conceden-

1437 2229 1529 2266 dum
1551 2235 1606 2266 est
1624 2229 1731 2278 quod
1750 2229 1867 2266 Filius
1885 2229 2024 2267 habeat
2052 2229 2264 2278 potentiam
2284 2230 2503 2279 generandi,

1437 2280 1467 2317 si
1494 2282 1706 2330 generandi
1722 2280 1768 2318 sit
1786 2282 2040 2328 gerundivum
2063 2289 2072 2303 ⁴
2099 2282 2207 2320 verbi
2235 2283 2360 2331 activi,
2389 2291 2431 2321 ut
2459 2283 2506 2321 sit

1437 2345 1570 2370 sensus
1605 2334 1711 2382 quod
1743 2333 1860 2370 Filius
1896 2335 2037 2372 habeat
2072 2334 2284 2384 potentiam
2313 2336 2363 2373 ad
2390 2348 2503 2384 gene-

1438 2388 1612 2424 randum.
1645 2387 1759 2434 Sicut,
1779 2386 1865 2423 licet
1884 2393 1897 2408 ’²
1920 2387 2024 2425 idem
2045 2399 2127 2425 esse
2147 2388 2192 2425 sit
2210 2388 2332 2425 Patris
2351 2396 2388 2426 et
2407 2388 2502 2437 Filii,

1438 2451 1517 2476 non
1545 2447 1675 2477 tamen
1703 2439 1883 2477 convenit
1916 2440 2013 2477 Filio
2043 2453 2125 2478 esse
2153 2441 2320 2488 Patrem,
2348 2449 2504 2491 propter

1437 2491 1628 2530 notionale
1666 2492 1899 2530 adiunctum.
1940 2493 1980 2530 Si
2008 2501 2136 2531 tamen
2167 2494 2243 2531 hoc
2275 2494 2382 2542 quod
2418 2494 2504 2533 dico

1436 2545 1657 2595 generandi,
1674 2545 1720 2582 sit
1738 2545 1992 2594 gerundivum
2006 2545 2019 2567 λ
2037 2547 2146 2583 verbi
2164 2546 2320 2595 passivi,
2336 2547 2504 2596 potentia

1437 2598 1643 2646 generandi
1668 2606 1723 2635 est
1750 2598 1789 2636 in
1817 2598 1926 2646 Filio,
1957 2599 2054 2636 idest
2080 2606 2122 2636 ut
2150 2606 2360 2648 generetur.
2390 2600 2441 2637 Et
2459 2600 2506 2639 si-

1438 2650 1574 2688 militer
1602 2651 1633 2687 si
1662 2651 1708 2688 sit
1735 2651 1987 2700 gerundivum
2014 2652 2125 2689 verbi
2152 2652 2434 2702 impersonalis,
2462 2660 2506 2690 ut

1438 2703 1484 2741 sit
1503 2716 1657 2741 sensus:
1675 2706 1840 2752 potentia
1858 2706 2080 2755 generandi.
2100 2705 2197 2743 idest
2216 2718 2292 2755 qua
2311 2706 2359 2743 ab
2380 2705 2505 2756 aliqua

1438 2769 1601 2806 persona
1629 2765 1840 2805 generatur.

1491 2812 1550 2846 Au
1571 2822 1760 2847 SECUNDUM
1779 2822 1963 2848 mensuum
1983 2811 2089 2859 quod
2108 2811 2341 2859 Augustinus
2360 2811 2399 2848 in
2417 2823 2505 2848 ver·

1438 2862 1496 2899 bis
1528 2862 1598 2900 illis
1626 2875 1705 2900 non
1738 2863 1897 2901 intendit
1932 2863 2057 2901 dicere
2091 2863 2197 2913 quod
2229 2863 2346 2901 Filius
2373 2870 2507 2912 posset

1439 2927 1618 2964 generare
1648 2916 1803 2953 Filium:
1834 2916 1902 2954 sed
1930 2917 2037 2967 quod
2065 2916 2140 2953 hoc
2167 2928 2246 2953 non
2275 2924 2330 2954 est
2359 2928 2404 2953 ex
2432 2916 2503 2953 im-

1438 2968 1607 3017 potentia
1626 2968 1720 3016 Filii,
1738 2969 1843 3019 quod
1862 2982 1942 3007 non
1961 2976 2126 3018 generet,
2142 2976 2184 3006 ut
2201 2969 2297 3007 infra
2311 2969 2331 2991 '¹‘
2349 2969 2502 3018 patebit.
2530 2981 2542 2993 ⁸

1491 3023 1549 3059 ΑΙ)
1577 3033 1736 3059 TERTIUM
1769 3034 1954 3060 mCENDUM
1992 3023 2098 3072 quod
2135 3022 2431 3060 immaterialitas
2469 3030 2505 3061 et

1438 3074 1619 3122 perfectio
1648 3074 1775 3112 divina
1803 3075 1957 3124 requirit
1983 3083 2026 3118 ut
2057 3087 2135 3112 non
2154 3075 2300 3124 possint
2320 3087 2403 3113 esse
2422 3075 2504 3124 plu-

1440 3138 1499 3164 res
1519 3127 1600 3164 Filii
1628 3127 1666 3164 in
1691 3127 1838 3175 divinis,
1855 3128 1950 3166 sicut
1970 3128 2111 3166 dictum
2132 3135 2188 3165 est
2206 3127 2236 3165 *.
2267 3128 2378 3166 Unde
2398 3128 2504 3178 quod

1439 3191 1518 3217 non
1547 3180 1619 3218 sint
1646 3181 1774 3229 plures
1803 3181 1896 3229 Filii,
1922 3194 2002 3220 non
2030 3188 2086 3218 est
2115 3193 2160 3218 ex
2188 3181 2412 3230 impotentia
2431 3182 2502 3219 Pa-

1438 3232 1503 3269 tris
1531 3232 1580 3270 ad
1607 3233 1882 3281 generandum.
2353 3259 2372 3269 s

1492 3347 1519 3379 η)
1539 3347 1619 3373 ratic).
1636 3360 1655 3368 —-
1674 3354 1736 3373 vero
1756 3348 1819 3373 Pab.
1836 3362 1856 3368 -
1874 3348 1948 3380 ipsae
1965 3355 2019 3372 om.
2037 3347 2184 3372 ABCDEG.

1478 3380 1516 3422 ¹0)
1531 3383 1612 3415 quod.
1628 3397 1647 3402 -
1665 3382 1710 3416 qui
1723 3383 1751 3414 C,
1765 3383 1828 3416 quia
1841 3384 1919 3409 ceteri
1933 3387 1959 3409 et
1973 3383 2098 3408 editiones
2117 3390 2134 3408 a
2144 3383 2166 3409 b.
2188 3396 2208 3402 —
2226 3383 2277 3409 Pro
2292 3383 2411 3416 sequenti
2423 3383 2502 3416 quod,

1438 3424 1510 3484 quui)
1520 3418 1717 3486 1ἒεενιιηᾱὶνιινη.
1735 3467 1754 3472 -
1770 3453 1932 3487 gerundium
1951 3452 1980 3478 F.

1492 3488 1517 3519 κ)
1538 3488 1627 3517 Sicut,
1648 3488 1716 3513 licet.
1734 3501 1753 3508 -
1771 3488 1848 3513 Sicut
1866 3491 1892 3513 et
1910 3488 2000 3512 Pater.
2020 3489 2095 3514 Licet
2113 3489 2182 3514 enim
2202 3489 2231 3514 F.

1491 3520 1520 3554 λ)
1539 3523 1726 3555 gerundivum.
1743 3537 1763 3543 -
1775 3523 1952 3555 participium
1972 3523 2000 3549 C.

2530 3139 2541 3150 ·
2554 3138 2581 3161 In
2595 3144 2701 3167 corpore.
