2768 4178
15 1724 50 1739 ··
84 1727 109 1751 a.
125 1728 166 1751 mv.
175 1728 186 1750 1
196 1729 238 1756 (α),

14 1758 79 1794 ”-
93 1760 119 1783 u,
133 1761 157 1778 ι.
168 1761 199 1778 12.

12 1691 41 1727 ἶ,
70 1699 196 1726 ,ἣλιοι
205 1707 237 1724 tv.
271 1684 304 1727 ,ζ’

993 241 1262 287 QUAESTIO
1294 242 1364 288 1x,

273 317 321 355 de
354 318 440 355 Deo
477 318 516 356 in
552 320 754 369 Scripturis
787 319 1060 368 metaphorice.
1100 319 1206 356 Sicut
1240 319 1343 356 enirn

273 370 409 408 dicitur
436 372 493 409 sol
522 373 660 410 intrare
690 374 850 410 domum
877 373 940 410 vel
970 373 1085 420 exire,
1115 372 1343 422 inquantum

1387 241 1691 280 „ARTICULUS
1722 245 1753 280 ΙΙ

2411 260 2453 295 91

1399 321 1708 381 appropinquare
1737 323 1787 360 ad
1815 336 1887 361 nos
1914 326 1975 361 vel
2005 327 2181 363 recedere
2211 339 2233 363 a
2260 326 2382 373 nobis,
2408 326 2462 363 in-

1398 381 1583 422 quantum
1605 374 1838 424 percipimus
1857 376 2091 415 influentiam
2110 379 2314 417 bonitatis'
2306 379 2461 428 lpsius’',

273 423 401 461 radius
421 425 503 463 eius
529 426 707 476 pertingit
731 427 780 463 ad
799 426 979 470 domum;
1010 425 1064 462 sic
1084 425 1218 462 dicitur
1237 427 1343 462 Deus
1397 427 1459 463 vel
1488 428 1536 464 ab
1567 440 1612 464 eo
1642 428 1854 466 deficimus.

326 541 350 574 ν)
370 540 528 574 inquantum
542 541 707 573 percipimus
725 540 891 575 influentiam
911 540 1038 565 bonitatis
1056 540 1147 572 ipsius.
1165 554 1185 560 -
1203 541 1361 573 inquantum
1376 541 1573 574 participamus
1593 543 1758 577 influentiam
1778 544 1904 570 bonitatis
1923 545 2005 577 ipsius
2024 547 2053 570 B.

952 627 1286 661 Commentario.
1309 628 1560 662 cardinalis
1583 630 1783 664 Caietam

332 728 440 748 nunus
469 717 580 748 clarus.
604 735 624 740 —
648 717 684 747 ln
713 727 845 758 corpore
875 727 940 747 una
967 718 1131 748 conclusio
1158 718 1340 759 responsiva

274 731 487 803 Tquaesito
511 761 712 792 affirmative:
738 762 825 792 Deus
849 769 895 793 est
918 761 1052 792 omnino
1076 762 1294 793 immutabilis.

327 806 485 837 Probatur
498 805 612 848 triplici
635 805 766 842 ratione,
785 813 815 837 et
830 806 1024 838 auctoritate.
1049 807 1158 837 Primo
1175 807 1229 837 sic.
1253 807 1339 837 Deus

271 857 318 882 est
340 850 483 891 primum
498 858 570 880 ens:
596 859 670 890 ergo
695 857 783 882 amus
803 859 917 890 purus:
943 860 1017 890 ergo
1037 851 1172 881 omnino
1191 851 1340 882 immuta-

270 894 355 926 bilis.
385 894 585 938 Antecedens
615 894 789 935 probatum
820 894 880 926 fuit
909 895 943 925 in
965 905 1019 936 qu.
1037 906 1068 927 11.
1093 895 1199 926 Prima
1229 905 1339 926 conse-

270 938 400 979 quentia
423 938 589 979 probatur:
614 938 690 979 quia
705 945 794 970 actus
811 947 857 970 est
880 939 1063 971 naturaliter
1077 939 1164 981 prior
1186 939 1338 980 potentia.

271 982 416 1014 Secunda
437 991 528 1013 vero:
553 982 629 1024 quia
652 983 685 1013 in
708 983 799 1013 omni
822 984 968 1014 mutabili
984 990 1111 1025 oportet
1134 994 1200 1014 esse
1224 990 1338 1025 poten-

270 1026 358 1058 tiam.
375 1044 393 1050 -
410 1026 557 1058 Secundo
581 1027 633 1058 sic.
659 1027 747 1058 Deus
772 1035 818 1059 est
841 1028 975 1058 omnino
1000 1028 1148 1069 simplex:
1174 1038 1248 1068 ergo
1272 1038 1338 1058 non

269 1077 376 1112 potest
393 1071 519 1105 mutari.
543 1072 701 1102 Probatur
717 1072 858 1113 sequela:
877 1072 952 1113 quia
971 1082 1068 1103 omne
1083 1072 1172 1112 quod
1187 1078 1338 1107 mutatur,

1396 726 1442 750 est
1465 719 1641 760 aliqualiter
1655 720 1888 762 compositum3
1911 721 1986 761 quia
2006 723 2114 762 quoad
2133 723 2252 763 aliquid
2273 732 2387 761 manet,
2405 726 2461 756 sci-

1394 763 1467 794 licet
1490 764 1682 800 subiectum,
1708 772 1738 796 et
1761 765 1869 806 quoad
1892 765 2012 806 aliquid
2035 776 2111 797 non.
2130 785 2148 789 -
2167 768 2273 798 Tertio
2297 769 2349 800 sic.
2374 770 2461 800 Deus

1395 815 1440 839 est
1456 807 1614 839 infinitus:
1639 818 1714 848 ergo
1738 818 1804 839 non
1832 816 1937 850 potest
1969 819 2002 840 se
2026 811 2190 841 extendere
2213 812 2263 842 vel
2286 813 2460 853 pertingere

1394 852 1435 882 ad
1450 852 1571 902 aliquid
1585 853 1624 883 de
1639 861 1740 883 novo:
1766 863 1840 893 ergo
1865 863 1931 884 non
1947 861 2052 894 potest
2067 855 2198 886 moveri.
2224 856 2328 886 Prima
2352 867 2460 888 conse-

1394 896 1524 937 quentia
1539 897 1704 937 probatur.
1729 897 1804 938 quia
1827 896 1989 928 infinitum
2008 898 2272 949 comprehendit
2263 910 2296 930 1n
2312 910 2344 930 se
2360 908 2460 932 totam

1395 940 1517 970 essendi
1540 940 1777 981 perfectionem.
1802 941 1946 972 Secunda
1962 951 2054 972 vero:
2079 943 2155 984 quia
2170 953 2267 974 omne
2282 945 2370 984 quod
2390 955 2460 975 mu-

1394 991 1487 1020 tatur,
1509 984 1657 1025 pertingit
1680 985 1719 1015 ad
1738 985 1858 1026 aliquid
1874 986 1913 1016 ad
1929 987 2017 1028 quod
2033 987 2120 1028 prius
2137 997 2203 1018 non
2219 988 2423 1029 pertingebat.
2441 1007 2460 1012 —

1392 1029 1579 1065 Auctoritas
1608 1036 1654 1060 est
1681 1029 1889 1080 antiquorum
1915 1030 2201 1072 philosophorum,
2227 1033 2299 1073 qui,
2323 1033 2413 1073 quasi
2441 1044 2459 1063 a

1393 1072 1521 1104 ven'tate
1545 1073 1654 1109 coacti,
1679 1073 1820 1114 primurn
1843 1074 2035 1115 principium
2058 1075 2223 1106 immobile
2246 1076 2396 1108 fecerunt.

1041 1232 1360 1274 ARTICULUS
1391 1232 1690 1274 SECUNDUS

860 1304 1018 1364 UTRuM
1041 1333 1142 1364 ESSE
1166 1333 1439 1364 IMMUTABILE
1463 1333 1531 1364 SIT
1554 1333 1626 1364 DEI
1651 1333 1872 1365 PROPRIUM

399 1421 474 1453 Iusta,
493 1429 538 1454 qu.
557 1428 582 1451 x,
600 1425 648 1445 art.
669 1419 696 1451 3;
717 1428 761 1453 qu.
780 1427 837 1451 cxv,
857 1424 904 1444 art.
923 1428 944 1448 ι,
959 1420 992 1445 ad
1011 1427 1038 1450 1;
1057 1420 1096 1449 111,
1117 1428 1161 1452 qu.
1180 1427 1240 1449 nvn.
1259 1425 1306 1445 art.
1325 1428 1346 1450 1,
1366 1420 1398 1444 ad
1417 1427 1443 1450 ις
1463 1420 1472 1444 1
1493 1420 1577 1451 Sent„
1597 1420 1656 1445 dist.
1669 1428 1722 1451 vm,
1743 1429 1786 1453 qu.
1806 1428 1842 1450 111,
1863 1426 1910 1446 art.
1932 1429 1959 1451 2;
1980 1422 2038 1446 dist.
2056 1429 2106 1451 xlx.
2125 1430 2170 1455 qu.
2184 1431 2207 1454 v,
2228 1428 2274 1448 art.
2295 1423 2322 1455 35

792 1455 820 1484 11,
841 1455 899 1480 dist.
913 1463 957 1485 vn,
977 1463 1022 1488 qu.
1037 1463 1055 1486 ι,
1075 1460 1122 1480 art.
1141 1462 1166 1485 1;
1188 1455 1229 1480 De
1248 1455 1331 1485 Malo,
1352 1463 1397 1488 qu.
1410 1463 1461 1487 m,
1482 1460 1528 1480 art.
1546 1463 1573 1487 2,
1593 1456 1625 1480 ad
1644 1455 1672 1486 63
1695 1456 1791 1486 Quodl.
1810 1457 1842 1486 X,
1862 1464 1906 1489 qu.
1920 1464 1948 1482 11.

307 1581 313 1587 ,,
336 1577 342 1580 ,
352 1567 361 1589 2
480 1557 503 1582 ι)
518 1556 709 1582 SECUNDUM
724 1556 778 1581 sm
796 1555 1035 1581 PROCEDITUR.
1057 1543 1216 1581 Videtur
1231 1544 1336 1592 quod

295 1591 454 1657 ’ᾗζῖῗ
481 1610 564 1635 esse
591 1597 830 1634 immutabile
854 1609 933 1634 non
958 1596 1004 1634 sit
1030 1597 1230 1656 proprium
1251 1597 1335 1634 Dei.

368 1639 579 1698 r'f‘Dicit
616 1651 719 1688 enim
757 1650 1038 1699 Philosophus,
1073 1650 1112 1687 in
1150 1651 1181 1687 11
1211 1651 1336 1687 Meta-

324 1699 466 1747 -”’ῒὶ”>Χ
486 1706 586 1754 hys.
602 1704 642 1752 ³¹⁸,
673 1704 779 1754 quod
814 1703 974 1741 materia
1002 1711 1058 1740 est
1085 1703 1123 1740 in
1152 1703 1259 1740 omni
1288 1715 1334 1740 eo

264 1742 373 1806 quod
391 1765 581 1796 movetur.
612 1758 691 1795 Sed
711 1757 942 1795 substantiae
963 1757 1155 1805 quaedam
1174 1764 1334 1804 creatae,

265 1811 362 1848 sicut
388 1811 511 1860 angeli
540 1819 577 1848 et
604 1811 756 1848 animae
776 1817 808 1857 α,
839 1823 918 1848 non
946 1811 1089 1848 habent
1121 1810 1333 1857 materiam,

263 1871 306 1902 ut
328 1864 561 1913 quibusdam
579 1864 741 1902 videtur.
771 1865 874 1912 Ergo
896 1876 978 1900 esse
998 1863 1235 1900 immutabile
1256 1876 1335 1900 non

265 1925 322 1955 est
347 1918 550 1967 proprium
579 1917 663 1955 Dei.

318 1982 354 2008 2.
385 1971 624 2019 PRAETEREA,
655 1982 772 2007 omne
802 1969 909 2019 quod
937 1977 1128 2017 movetur,
1155 1976 1335 2006 movetur

261 2031 420 2073 propter
447 2024 614 2072 aliquem
642 2024 784 2060 finem:
814 2024 920 2072 quod
949 2035 1039 2070 ergo
1063 2023 1140 2059 iam
1160 2022 1336 2071 pervenit

263 2077 313 2114 ad
341 2076 518 2114 ultimum
546 2077 678 2124 finem,
709 2089 787 2113 non
817 2084 1008 2113 movetur.
1040 2075 1118 2112 Sed
1143 2075 1335 2123 quaedam

263 2137 460 2167 creaturae
497 2130 574 2167 iarn
609 2137 869 2179 pervenerunt
907 2129 956 2166 ad
989 2129 1168 2166 ultimum
1197 2129 1333 2175 finem,

262 2183 359 2220 sicut
385 2195 524 2220 omnes
552 2183 665 2220 beati.
701 2183 804 2230 Ergo
838 2182 989 2231 aliquae
1023 2189 1218 2219 creaturae
1249 2190 1336 2218 sunt

262 2235 480 2274 immobiles
498 2234 526 2272 β.

318 2290 352 2327 3.
383 2290 627 2336 PRAETEREA,
658 2301 774 2326 omne
813 2288 920 2337 quod
955 2295 1010 2325 est
1044 2287 1247 2335 mutabile,
1279 2295 1334 2324 est

259 2341 455 2380 variabile.
496 2341 574 2379 Sed
601 2342 747 2379 formae
781 2349 869 2379 sunt
905 2341 1167 2379 invariabiles:
1198 2341 1333 2378 dicitur

262 2395 365 2433 enim
394 2395 433 2433 in
460 2396 557 2432 libro
584 2394 664 2432 Sex
681 2395 962 2444 Principiorum
981 2394 1041 2442 ⁷³¹²,
1071 2394 1177 2443 quod
1193 2396 1331 2443 forma

261 2454 316 2486 est
330 2449 492 2498 simplici
508 2455 544 2485 et
565 2449 784 2486 invariabili
800 2449 957 2485 essentia
985 2448 1197 2485 consistens.
1229 2449 1330 2495 Ergo

260 2514 340 2540 non
368 2510 425 2540 est
453 2502 569 2539 solius
598 2502 670 2539 Dei
696 2501 898 2551 proprium
927 2513 1010 2538 esse
1040 2501 1288 2538 immutabile.

315 2556 391 2593 SED
411 2567 558 2592 CONTRA
577 2567 644 2592 EST
662 2555 769 2604 quod
793 2554 882 2592 dicit
904 2554 1150 2602 Augustinus,
1170 2554 1209 2590 in
1234 2554 1330 2591 libro

261 2609 308 2646 de
333 2609 490 2646 Natura
518 2609 621 2645 Boni
646 2608 686 2644 *ε
715 2608 817 2645 solus
844 2609 949 2645 Deus
983 2607 1224 2645 immutabilis
1257 2614 1331 2652 est,-

261 2673 359 2711 quae
386 2667 512 2699 autem
530 2662 639 2710 fecit,
669 2661 758 2710 quia
786 2673 836 2698 ex
864 2661 978 2698 nihilo
1001 2667 1105 2706 sunt,
1135 2661 1329 2698 mutabilia

260 2721 357 2752 sunt.

314 2769 542 2805 RESPONDEO
570 2779 755 2804 DICENDUM
784 2767 891 2815 quod
919 2767 1022 2804 solus
1043 2768 1149 2803 Deus
1173 2774 1229 2803 est
1247 2779 1328 2803 om-

261 2821 353 2859 nino
386 2820 654 2858 immutabilis:
685 2820 811 2857 omnis
839 2827 969 2858 autem
1004 2827 1174 2857 creatura
1202 2820 1328 2868 aliquo

260 2874 381 2912 modo
418 2882 474 2911 est
507 2873 710 2911 mutabilis.
749 2873 956 2911 Sciendum
995 2881 1051 2910 est
1084 2873 1186 2910 enirn
1224 2873 1329 2922 quod

260 2927 445 2965 mutabile
463 2935 590 2976 potest
613 2926 753 2975 aliquid
773 2926 846 2964 dici
866 2927 1079 2976 dupliciter:
1100 2939 1177 2963 uno
1197 2927 1327 2973 modo,

259 2993 330 3030 per
356 2981 567 3030 potentiam
591 2993 689 3029 quae
718 2980 757 3017 in
785 2980 869 3029 ipso
899 2988 970 3026 est3
1000 2980 1073 3017 alio
1102 2979 1235 3028 modo,
1259 2991 1330 3028 per

259 3033 472 3083 potentiam
498 3046 597 3083 quae
625 3033 664 3070 in
692 3034 810 3070 altero
831 3040 898 3077 est.
930 3034 1078 3070 Omnes
1105 3033 1207 3070 enim
1228 3045 1329 3069 crea-

260 3094 379 3134 turae,
401 3094 607 3136 antequam
637 3094 773 3134 essent,
794 3089 874 3124 non
897 3094 1002 3124 erant
1020 3086 1220 3136 possibiles
1245 3099 1327 3123 esse

260 3152 330 3188 per
357 3139 524 3189 aliquam
554 3140 767 3190 potentiam
803 3147 990 3188 creatam,
1029 3152 1118 3177 cum
1147 3140 1294 3176 nullum
1315 3137 1328 3160 δ

262 3199 432 3230 creatum
461 3193 507 3231 sit
534 3201 755 3231 aeternum:
785 3193 853 3230 sed
880 3205 949 3241 per
977 3193 1099 3230 solam
1117 3193 1351 3242 potentiam-

262 3246 450 3293 divinam,
487 3247 714 3295 inquantum
751 3248 859 3283 Deus
895 3253 1044 3294 poterat
1082 3259 1145 3283 eas
1176 3246 1215 3282 in
1245 3259 1326 3283 esse

314 3361 341 3394 α)
360 3361 430 3386 sicut
447 3360 538 3393 angeli
556 3363 582 3385 et
599 3361 714 3386 animae.
731 3374 750 3379 —·
767 3364 830 3385 sunt
849 3359 928 3392 (sicut
941 3360 1038 3384 addunt
1051 3360 1106 3392 AB)
1125 3359 1217 3393 angeli
1229 3363 1255 3385 et
1267 3360 1325 3385 ani-

260 3404 319 3422 mae
337 3404 405 3429 quae
423 3395 545 3420 ABCDE.
839 3424 842 3427 Ι

314 3431 339 3465 β)
360 3431 514 3457 immobiles.
531 3444 550 3449 -
568 3430 745 3457 immutabiles
762 3433 792 3456 Β.

312 3468 339 3501 γ)
360 3467 386 3492 in
405 3467 473 3492 libro
493 3466 551 3491 Sex
569 3466 776 3499 Principiorum.
793 3481 812 3486 -
831 3467 892 3492 Om.
907 3467 962 3492 FG.
978 3480 998 3486 —
1015 3467 1082 3491 Ante
1095 3466 1210 3499 simplici
1229 3467 1325 3491 addunt

259 3503 286 3528 in
306 3504 342 3528 sB
361 3508 387 3528 et
405 3502 464 3527 edd.
483 3502 533 3526 ab.

313 3537 338 3571 δ)
358 3538 469 3563 nullum.
487 3551 506 3556 —
525 3536 591 3561 nihil
609 3537 719 3562 codices.

313 3573 334 3606 ε)
349 3573 487 3606 producit.
505 3587 523 3591 —
537 3572 674 3604 produxit
692 3572 828 3598 ABCEFG
846 3579 872 3598 et
890 3573 948 3599 edd.
967 3581 984 3598 a
995 3574 1018 3599 b.
1036 3587 1055 3592 -
1073 3573 1147 3598 Ante'
1159 3573 1288 3605 dependet
1301 3573 1323 3597 D

259 3609 330 3634 addit
348 3616 425 3634 nunc.

1390 1544 1618 1592 producere.
1650 1544 1758 1581 Sicut
1785 1552 1914 1581 autem
1936 1557 1981 1582 ex
1999 1546 2196 1584 voluntate
2221 1547 2292 1584 Dei
2318 1548 2458 1597 depen-

1391 1597 1455 1634 det
1473 1597 1579 1646 quod
1604 1610 1665 1635 res
1684 1598 1723 1635 in
1745 1610 1828 1634 esse
1856 1598 2035 1647 producit
2059 1608 2086 1646 ⁵,
2116 1600 2166 1637 ita
2193 1612 2237 1637 ex
2261 1602 2456 1638 voluntate

1391 1650 1471 1687 eius
1501 1650 1694 1699 dependet
1728 1651 1835 1700 quod
1864 1664 1924 1688 res
1951 1652 1991 1689 in
2020 1665 2102 1689 esse
2131 1662 2349 1691 conservat:
2379 1667 2457 1692 non

1391 1703 1493 1740 enim
1521 1704 1627 1741 aliter
1655 1717 1719 1741 eas
1747 1704 1785 1740 in
1815 1717 1897 1741 esse
1927 1714 2140 1754 conservat,
2161 1719 2277 1756 quam
2307 1719 2457 1757 semper

1390 1757 1445 1794 eis
1484 1769 1567 1794 esse
1605 1758 1734 1795 dando
1756 1757 1790 1803 ς;
1819 1759 1922 1795 unde
1959 1759 1990 1795 si
2031 1771 2142 1796 suam
2180 1760 2369 1797 actionem
2404 1761 2456 1799 eis

1390 1811 1648 1858 subtraheret,
1679 1811 1811 1848 omnia
1846 1811 1886 1848 in
1913 1811 2073 1849 nihilum
2111 1812 2386 1861 redigerentur,
2416 1822 2457 1851 ut

1388 1871 1493 1912 patet
1519 1876 1590 1912 per
1617 1864 1894 1912 Augustinum,
1926 1865 1977 1902 IV
2004 1877 2116 1913 super
2148 1866 2239 1903 Gen.
2269 1868 2321 1903 ad
2351 1867 2415 1904 litt.
2436 1868 2456 1889 ²¹⁸

1391 1917 1496 1953 Sicut
1527 1917 1636 1965 igitur
1664 1917 1702 1953 in
1729 1917 1900 1966 potentia
1929 1918 2119 1955 Creatoris
2148 1919 2215 1956 fuit
2242 1927 2283 1956 ut
2310 1932 2370 1957 res
2400 1933 2455 1957 es-

1389 1977 1483 2016 sent,
1513 1978 1720 2019 antequam
1750 1978 1875 2007 essent
1902 1970 1940 2007 in
1969 1971 2114 2020 seipsis,
2143 1971 2193 2009 ita
2220 1972 2259 2009 in
2286 1973 2454 2022 potentia

1390 2023 1582 2060 Creatoris
1611 2031 1678 2071 est,
1706 2031 1913 2072 postquam
1942 2031 2030 2060 sunt
2056 2024 2095 2061 in
2124 2025 2276 2073 seipsis,
2306 2034 2347 2063 ut
2374 2039 2453 2064 non

1388 2076 1471 2113 sint.
1503 2076 1566 2113 Sic
1593 2076 1703 2124 igitur
1729 2088 1798 2125 per
1825 2077 2036 2126 potentiam
2065 2090 2163 2125 quae
2193 2087 2248 2115 est
2266 2079 2304 2116 in
2324 2080 2452 2127 altero,

1388 2129 1529 2166 scilicet
1555 2129 1594 2166 in
1612 2137 1627 2159 ⁷»
1658 2130 1761 2176 Deo,
1791 2137 1878 2166 sunt
1905 2130 2119 2177 mutabiles,
2149 2131 2374 2180 inquantum
2405 2134 2452 2169 ab

1388 2183 1471 2231 ipso
1501 2194 1547 2218 ex
1575 2182 1693 2219 nihilo
1721 2189 1929 2230 potuerunt
1955 2184 2118 2231 produci
2145 2184 2184 2221 in
2213 2197 2311 2232 esse,
2342 2194 2379 2222 et
2406 2187 2453 2223 de

1389 2248 1471 2272 esse
1500 2243 1661 2284 possunt
1689 2235 1817 2272 reduci
1846 2235 1885 2272 in
1913 2248 1992 2272 non
2021 2248 2115 2273 esse.

1442 2288 1481 2325 Si
1510 2296 1639 2325 autem
1673 2288 1818 2325 dicatur
1846 2288 1988 2336 aliquid
2016 2290 2198 2326 mutabile
2226 2303 2295 2339 per
2320 2299 2453 2340 poten-

1386 2342 1478 2379 tiam
1507 2341 1545 2378 in
1577 2342 1660 2391 ipso
1697 2341 1932 2388 existentem,
1958 2342 2011 2378 sic
2039 2342 2151 2379 etiam
2181 2343 2307 2393 aliquo
2334 2345 2453 2382 modo

1387 2395 1514 2432 omnis
1534 2403 1704 2432 creatura
1720 2402 1775 2431 est
1792 2395 1994 2431 mutabilis.
2016 2396 2084 2432 Est
2103 2395 2205 2432 enim
2225 2396 2263 2433 in
2283 2405 2451 2434 creatura

1387 2449 1526 2497 duplex
1554 2448 1743 2497 potentia,
1774 2447 1914 2484 scilicet
1941 2448 2064 2485 activa
2093 2456 2129 2484 et
2155 2449 2318 2497 passiva.
2354 2450 2451 2488 Dico

1386 2509 1514 2538 autem
1542 2501 1753 2550 potentiam
1781 2501 1988 2549 passivam,
2010 2502 2222 2538 secundum
2251 2515 2368 2550 quam
2388 2504 2452 2540 ali-

1385 2555 1478 2603 quid
1507 2554 1658 2604 assequi
1691 2561 1816 2602 potest
1852 2566 1960 2590 suam
1996 2554 2289 2602 perfectionem,
2322 2557 2385 2593 vel
2413 2556 2450 2593 in

1385 2608 1548 2645 essendo
1568 2608 1630 2645 vel
1659 2607 1697 2644 in
1727 2606 2000 2654 consequendo
2028 2607 2160 2644 finem.
2192 2608 2231 2645 Si
2258 2608 2369 2656 igitur
2397 2617 2449 2646 at-

1385 2661 1562 2699 tendatur
1589 2660 1817 2697 mutabilitas
1837 2660 1890 2696 rei
1919 2661 2132 2698 secundum
2160 2662 2371 2708 potentiam
2401 2663 2449 2700 ad

1386 2727 1480 2762 esse,
1506 2715 1559 2751 sic
1586 2711 1671 2750 non'
1692 2713 1731 2749 in
1760 2713 1940 2750 omnibus
1969 2714 2148 2751 creaturis
2167 2712 2179 2734 θ
2205 2722 2260 2751 est
2287 2716 2449 2753 mutabi-

1383 2768 1486 2805 litas:
1517 2767 1582 2804 sed
1608 2766 1646 2803 in
1674 2766 1744 2802 illis
1773 2767 1897 2802 solum
1926 2766 1964 2803 in
1984 2767 2122 2815 quibus
2149 2767 2240 2804 illud
2267 2769 2371 2816 quod
2396 2777 2450 2806 est

1383 2820 1584 2869 possibile*
1604 2819 1642 2856 in
1663 2819 1726 2866 eis,
1742 2827 1868 2868 potest
1887 2826 1984 2856 stare
2005 2832 2093 2856 cum
2114 2833 2191 2857 non
2212 2833 2305 2858 esse.
2336 2822 2446 2860 Unde

1382 2874 1420 2910 in
1450 2873 1672 2922 corporibus
1700 2872 1940 2910 inferioribus
1960 2880 2016 2909 est
2043 2873 2272 2910 mutabilitas
2302 2882 2338 2911 et
2357 2883 2370 2898 ⁷·
2391 2888 2447 2912 se-

1384 2926 1554 2963 cundum
1589 2937 1671 2962 esse
1709 2926 1968 2973 substantiale,
1999 2926 2087 2975 quia
2114 2927 2273 2963 materia
2311 2939 2445 2965 eorum

1381 2987 1507 3029 potest
1534 2991 1617 3015 esse
1651 2991 1740 3015 cum
1773 2979 1987 3028 privatione
2019 2980 2165 3016 formae
2194 2980 2445 3017 substantialis

1382 3034 1569 3082 ipsorum:
1591 3039 1627 3068 et
1641 3039 1827 3081 quantum
1848 3032 1897 3069 ad
1918 3044 1999 3069 esse
2019 3032 2259 3079 accidentale,
2276 3032 2306 3069 si
2322 3034 2444 3070 subie-

1384 3095 1487 3123 ctum
1517 3085 1768 3134 compatiatur
1788 3097 1919 3122 secum
1944 3085 2198 3134 privationem
2225 3085 2442 3134 accidentis;

1384 3140 1480 3177 sicut
1506 3139 1581 3175 hoc
1609 3138 1843 3186 subiectum,
1872 3139 1985 3175 homo
2004 3137 2026 3185 λ,
2058 3138 2284 3187 compatitur
2312 3151 2442 3176 secum

1384 3205 1458 3230 non
1478 3192 1618 3238 album,
1640 3199 1676 3228 et
1694 3191 1782 3228 ideo
1806 3199 1932 3240 potest
1949 3191 2085 3228 mutari
2107 3192 2153 3228 de
2182 3192 2269 3228 albo
2297 3191 2336 3228 in
2364 3205 2443 3229 non

1383 3246 1526 3283 album.
1557 3244 1596 3281 Si
1615 3256 1709 3281 vero
1729 3244 1775 3281 sit
1793 3245 1866 3281 tale
1896 3244 2070 3281 accidens
2099 3245 2204 3292 quod
2233 3257 2442 3294 consequa-

1432 3359 1457 3391 ζ)
1477 3366 1531 3384 esse
1550 3359 1680 3383 dando.·-
1695 3359 1785 3383 dando
1799 3366 1854 3384 esse
1865 3366 1915 3391 per
1933 3366 2008 3383 suam
2027 3357 2191 3392 influentiam
2205 3359 2233 3382 B.
2247 3373 2265 3376 —
2279 3359 2316 3384 eis
2329 3366 2381 3384 om.
2396 3359 2442 3384 FG

1380 3401 1404 3420 et
1423 3395 1464 3420 ed.
1476 3402 1502 3419 a.

1432 3431 1458 3462 η)
1479 3430 1514 3455 in.
1531 3443 1550 3448 -
1569 3429 1630 3454 Om.
1645 3429 1746 3454 codices
1766 3434 1792 3454 et
1810 3430 1868 3454 edd.
1886 3429 1937 3454 ab.
2139 3415 2157 3430 ⁶

1433 3465 1456 3498 θ)
1475 3465 1615 3490 creaturis.
1634 3479 1653 3484 —·
1671 3465 1733 3489 Om.
1750 3465 1810 3497 CEp
1811 3466 1843 3490 A.

1433 3502 1451 3534 ι)
1466 3500 1599 3533 possibile.
1617 3514 1636 3518 -
1649 3473 1810 3532 potentialep
1815 3500 1915 3529 BDFG,
1932 3500 1973 3524 vel
1986 3499 2135 3532 potentiale
2154 3507 2243 3532 margo
2262 3500 2294 3524 A.

1432 3537 1457 3569 κ)
1477 3539 1511 3561 et.
1528 3550 1547 3554 -
1565 3536 1626 3560 Om.
1641 3536 1670 3566 F,
1689 3535 1769 3560 etiam
1788 3536 1841 3560 BD.

1431 3570 1459 3604 λ)
1479 3572 1547 3596 sicut
1565 3571 1613 3596 hoc
1630 3571 1787 3600 subiectum,
1807 3571 1892 3596 homo.
1910 3584 1929 3590 -
1946 3570 2014 3595 sicut
2032 3570 2080 3595 hoc
2098 3569 2241 3595 subiectum
2265 3570 2353 3595 album
2372 3571 2403 3594 A.
2420 3583 2439 3589 ·—

1377 3615 1464 3632 secum
1483 3607 1605 3631 omittunt
1622 3606 1698 3631 ACE.

2580 1766 2595 1795 ζ

2483 1871 2491 1879 '
2507 1870 2563 1898 Cap.
2580 1877 2620 1892 x11.
