2768 4178
66 1567 76 1578 “
92 1567 117 1589 Ῑιι
132 1572 237 1595 corpore.

67 1810 136 1837 Qu.
147 1815 194 1836 xiv,
205 1813 247 1831 art.
253 1815 278 1836 2;

66 1842 184 1864 qu.xv111,
200 1840 240 1858 art.
256 1842 277 1864 3,

66 1862 128 1887 adt.

116 2397 139 2412 u.
149 2396 226 2418 XXXIH,
236 2394 278 2413 ΒΝ.

67 2424 87 2444 2,
116 2423 193 2439 omme
181 2421 227 2439 ent.
235 2423 278 2443 n.;l

66 2450 106 2492 gu.
100 2450 194 2470 &XXXIV
205 2447 247 2466 art.
259 2450 278 2470 2,

87 2474 200 2492 omment.
215 2476 265 2492 [1-1.

315 267 388 305 388

311 345 573 382 habitudinem
602 344 763 381 amantis
792 344 842 381 ad
870 357 951 381 rem
981 351 1160 390 amatam,
1191 356 1269 381 non
1290 351 1377 381 sunt

312 398 436 447 aliqua
464 398 653 435 vocabula
685 397 862 446 imposita
881 395 913 444 λ,
943 409 1042 446 quae
1075 397 1282 445 importent
1309 397 1374 433 ha-

312 451 522 488 bitudinem
555 450 671 498 ipsius
705 449 965 499 impressionis
992 450 1055 487 vel
1083 449 1294 487 affectionis
1322 449 1376 486 rei

311 511 480 550 amatae,
509 515 608 551 quae
637 502 815 552 provenit
846 502 885 539 in
913 509 1064 539 amante
1095 513 1140 538 ex
1167 502 1242 539 hoc
1270 501 1375 551 quod

311 564 425 603 amat,
455 555 504 593 ad
532 568 646 594 suum
672 556 914 606 principium,
944 563 1008 592 aut
1037 567 1056 591 e
1087 567 1287 592 converso.
1326 555 1377 592 Et

310 610 411 656 ideo,
439 616 596 657 propter
622 609 904 646 vocabulorum
932 607 1124 656 inopiam,
1153 607 1375 644 huiusmodi

309 662 550 699 habitudines
578 661 835 709 significamus
863 660 1060 698 vocabulis
1088 660 1231 697 amoris
1259 669 1294 697 et
1322 661 1375 697 di-

311 715 492 759 lectionis,·
515 715 610 751 sicut
629 714 658 751 si
671 715 843 751 Verbum
862 713 1149 750 nominaremus
1169 713 1375 763 intelligen-

310 769 400 805 tiam
429 774 657 816 conceptam,
685 768 748 804 vel
775 767 995 816 sapientiam
1023 766 1203 815 genitam.

365 821 427 857 Sic
455 820 575 868 igitur,
605 820 831 868 inquantum
859 820 898 856 in
927 830 1058 856 amore
1081 819 1144 855 vel
1174 817 1374 855 dilectione

310 886 389 911 non
426 873 651 922 importatur
683 873 752 910 nisi
788 872 973 910 habitudo
1012 871 1173 908 amantis
1210 871 1260 908 ad
1292 883 1373 907 rem

310 934 497 973 amatam,
527 938 638 963 amor
666 934 702 962 et
729 926 886 975 diligere
914 924 1158 962 essentialiter
1187 923 1374 971 dicuntur,

310 979 405 1016 sicut
439 979 679 1028 intelligentia
709 986 744 1015 et
771 978 989 1027 intelligere.
1022 979 1250 1026 Inquantum
1279 988 1374 1013 vero

308 1032 365 1068 his
393 1032 588 1068 vocabulis
622 1031 762 1068 utimur
790 1031 838 1068 ad
868 1030 1155 1079 exprimendam
1186 1029 1375 1067 habitudi-

310 1097 398 1121 nem
427 1084 507 1120 eius
527 1084 579 1120 rei
601 1096 698 1132 quae
717 1090 737 1111 ¹⁴
760 1083 929 1132 procedit
946 1095 1015 1131 per
1034 1082 1196 1119 modum
1221 1082 1372 1129 amoris,

309 1137 358 1174 ad
386 1149 498 1173 suum
516 1137 757 1185 principium,
779 1143 815 1173 et
834 1149 855 1172 e
875 1148 1083 1182 converso3
1112 1135 1163 1173 ita
1182 1135 1288 1185 quod
1305 1147 1376 1184 per

308 1202 478 1226 amorem
511 1190 734 1237 intelligatur
766 1201 877 1226 amor
902 1189 1130 1237 procedens,
1162 1195 1199 1225 et
1224 1201 1294 1237 per
1321 1188 1374 1225 di-

307 1243 426 1292 ligere
454 1242 677 1290 intelligatur
709 1242 856 1290 spirare
888 1253 1059 1278 amorem
1087 1242 1375 1289 procedentem:

308 1295 361 1332 sic
397 1296 520 1332 Amor
555 1303 611 1332 est
644 1307 788 1332 nomen
819 1307 1029 1344 personae,
1061 1301 1096 1330 et
1128 1294 1288 1345 diligere
1311 1295 1372 1331 vel

307 1359 441 1384 amare
469 1355 524 1385 est
542 1347 706 1385 verbum
734 1347 939 1395 notionale,
960 1346 1056 1384 sicut
1078 1347 1202 1384 dicere
1228 1347 1291 1384 vel
1308 1358 1374 1420 ge-

308 1412 455 1438 nerare.
522 1438 525 1442 ,

361 1455 418 1490 AD
447 1465 584 1491 PRIMUM
612 1464 710 1490 ano
738 1465 923 1490 DICENDUM
943 1452 1048 1503 quod
1068 1452 1300 1501 Augustinus
1320 1452 1374 1489 lo-

307 1505 434 1557 quitur
462 1506 510 1543 de
539 1506 713 1554 caritate,
743 1506 955 1543 secundum
995 1506 1100 1555 quod
1131 1505 1377 1543 essentialiter

307 1559 469 1596 sumitur
496 1559 535 1595 in
565 1558 714 1606 divinis,
743 1566 786 1595 ut
813 1558 958 1597 dictum
988 1566 1044 1596 est
1062 1558 1094 1596 ²¹².

360 1613 419 1648 An
448 1623 638 1649 SECUNDUM
666 1623 850 1649 mcENDUM
870 1611 976 1662 quod
995 1611 1200 1659 intelligere
1222 1618 1258 1648 et
1275 1611 1374 1648 velle

308 1672 344 1701 et
363 1677 505 1711 amare,
526 1665 613 1702 licet
631 1664 890 1713 significentur
907 1677 976 1715 per
995 1664 1158 1702 modum
1179 1664 1373 1701 actionum

307 1718 583 1755 transeuntium
603 1717 641 1755 in
663 1717 824 1766 obiecta,
845 1725 932 1755 sunt
951 1725 1081 1754 tamen
1107 1717 1275 1754 actiones
1295 1729 1376 1754 ma-

307 1778 439 1808 nentes
467 1770 506 1808 in
533 1770 730 1820 agentibus
749 1776 772 1818 ⁷,
801 1778 843 1808 ut
871 1782 987 1820 supra
1004 1770 1025 1792 '¹‘
1049 1770 1191 1807 dictum
1220 1777 1296 1817 est;
1324 1769 1375 1806 ita

307 1831 436 1861 tamen
465 1824 570 1874 quod
606 1824 644 1861 in
681 1823 764 1873 ipso
793 1830 927 1872 agente
956 1823 1163 1872 important
1187 1820 1201 1846 t
1227 1822 1374 1860 habitu-

308 1876 436 1914 dinem
455 1877 650 1925 quandam
669 1877 717 1914 ad
742 1876 947 1913 obiectum.
978 1875 1090 1913 Unde
1118 1888 1238 1923 amor,
1261 1875 1375 1913 etiam

306 1929 344 1966 in
373 1930 497 1977 nobis,
528 1937 584 1967 est
611 1929 752 1978 aliquid
777 1941 938 1967 manens
967 1928 1006 1966 in
1035 1936 1200 1976 amante,
1228 1936 1264 1965 et
1290 1941 1375 1966 ver-

359 2077 386 2111 λ)
411 2079 544 2111 imposita.
567 2092 587 2099 -
605 2078 696 2111 posita
720 2078 900 2103 BCDEFGab.
918 2093 936 2098 -
960 2079 1012 2103 Pro
1038 2079 1198 2111 importent,
1225 2078 1374 2111 important

307 2120 401 2195 edd-ma
408 2121 447 2186 riez·
465 2169 540 2194 quae.
558 2175 577 2181 —
595 2161 666 2194 quod
685 2161 796 2186 codices.

359 2203 383 2236 ν)
402 2203 551 2236 agentibus.
568 2217 587 2222 -
604 2206 701 2237 agente
719 2203 831 2228 codices.

977 265 1244 312 QUAEsrio
1272 265 1469 312 xxxv11‚
1498 265 1796 303 ARTICULUS
1826 267 1840 303 1

1431 345 1525 381 burn
1555 345 1678 381 cordis
1706 357 1868 382 manens
1897 345 1934 382 in
1963 345 2129 391 dicente3
2160 353 2288 383 tamen
2315 359 2403 383 cum
2431 347 2496 383 ha-

1431 397 1602 435 bitudine
1632 398 1679 434 ad
1707 410 1790 434 rem
1817 399 1938 435 verbo
1969 410 2200 446 expressam,
2227 399 2289 435 vel
2318 407 2497 436 amatam.

1430 450 1510 487 Sed
1536 450 1574 487 in
1602 451 1706 497 Deo,
1734 450 1774 487 in
1804 463 1884 499 quo
1918 451 2065 488 nullum
2099 458 2155 487 est
2182 450 2397 498 accidens,
2413 453 2498 500 plus

1429 502 1566 539 habet:
1595 503 1684 551 quia
1719 509 1799 540 tam
1827 503 1999 540 Verbum
2029 515 2144 552 quam
2173 505 2296 540 Amor
2329 512 2384 541 est
2411 505 2499 541 sub-

1430 555 1577 593 sistens.
1608 556 1709 593 Cum
1739 568 1828 604 ergo
1859 556 1993 593 dicitur
2021 556 2128 605 quod
2157 556 2318 605 Spiritus
2338 557 2498 594 Sanc‘tus

1432 616 1487 645 est
1521 620 1632 645 amor
1666 608 1787 645 Patris
1821 608 1860 646 in
1889 609 2046 656 Filium,
2081 609 2145 646 vel
2178 607 2218 645 in
2255 608 2466 658 quidquam
2484 615 2498 630 ⁰

1431 661 1545 708 aliud,
1575 674 1655 698 non
1683 661 1915 709 significatur
1940 662 2082 710 aliquid
2101 661 2287 698 transiens
2306 661 2345 698 in
2364 662 2497 708 alium3

1431 714 1498 750 sed
1519 714 1644 750 solum
1658 714 1842 750 habitudo
1863 714 2005 751 amoriS
2025 714 2075 751 ad
2094 727 2176 751 rem
2197 722 2382 760 amatam3
2403 715 2499 752 sicut

1431 773 1468 802 et
1495 766 1534 802 in
1560 766 1690 803 Verbo
1720 767 1945 815 importatur
1976 767 2161 804 habitudo
2190 767 2307 804 Verbi
2339 768 2388 805 ad
2415 779 2498 805 rem

1429 818 1559 855 Verbo
1590 829 1820 866 expressam.

1483 873 1543 907 An
1571 882 1732 908 TERTmM
1751 883 1935 909 mmmmm
1955 872 2061 920 quod
2082 872 2241 921 Spiritus
2261 872 2424 910 Sanctus
2444 870 2498 910 di-

1431 923 1525 959 citur
1562 934 1644 960 esse
1673 935 1792 960 nexus
1820 923 1941 961 Patris
1979 932 2014 961 et
2043 924 2145 972 Filii,
2181 925 2408 974 inquantum
2443 933 2500 962 est

1429 977 1573 1012 Amor:
1603 976 1704 1024 quia,
1726 988 1814 1013 cum
1834 977 1947 1022 Pater
1965 985 2069 1013 amet
2095 977 2208 1014 unica
2237 978 2437 1015 dilectione
2458 991 2498 1015 se

1431 1036 1467 1065 et
1494 1028 1650 1075 Filium,
1682 1036 1718 1065 et
1747 1041 1767 1065 e
1797 1041 2007 1076 converso,
2037 1029 2262 1079 importatur
2288 1030 2328 1067 in
2357 1031 2500 1079 Spiritu

1431 1082 1583 1128 Sancto,
1608 1089 1724 1130 prout
1752 1089 1807 1118 est
1834 1083 1968 1129 Amor,
1997 1082 2182 1120 habitudo
2210 1083 2331 1120 Patris
2360 1084 2409 1120 ad
2437 1083 2499 1120 Fi-

1429 1134 1536 1182 lium,
1557 1142 1594 1171 et
1612 1146 1633 1171 e
1654 1146 1855 1181 converso,
1879 1142 1921 1172 ut
1938 1135 2100 1172 amantis
2128 1136 2178 1173 ad
2206 1142 2389 1173 amatum.
2421 1136 2499 1173 Sed

1431 1200 1476 1224 ex
1495 1188 1571 1224 hoc
1589 1187 1673 1236 ipso
1694 1187 1799 1237 quod
1819 1188 1932 1224 Pater
1951 1195 1987 1224 et
2006 1187 2122 1225 Filius
2142 1200 2182 1225 se
2201 1195 2336 1225 mutuo
2356 1196 2498 1237 amant,

1430 1247 1582 1289 oportet
1601 1241 1707 1289 quod
1725 1248 1882 1277 mutuus
1903 1242 2036 1288 Amor,
2058 1241 2122 1290 qui
2143 1248 2198 1278 est
2224 1241 2384 1290 Spiritus
2405 1242 2500 1279 San-

1431 1301 1523 1341 ctus,
1544 1294 1593 1330 ab
1613 1301 1775 1342 utroque
1790 1299 1809 1315 π
1827 1293 2022 1342 procedat.
2054 1294 2278 1331 Secundum
2297 1293 2409 1342 igitur
2427 1294 2499 1332 ori-

1430 1345 1568 1395 ginem,
1586 1346 1746 1395 Spiritus
1767 1346 1927 1383 Sanctus
1948 1358 2026 1383 non
2046 1353 2102 1384 est
2122 1346 2285 1394 medius,
2306 1346 2375 1385 sed
2393 1347 2500 1385 tertia

1430 1399 1468 1436 in
1487 1398 1672 1437 Trinitate
1698 1411 1877 1449 persona.
1908 1399 2131 1437 Secundum
2150 1412 2245 1437 vero
2263 1399 2499 1448 praedictam

1429 1451 1705 1499 habitudinem,
1728 1459 1785 1489 est
1809 1452 1959 1490 medius
1988 1464 2108 1490 nexus
2129 1453 2308 1502 duorum,
2328 1452 2378 1491 ab
2395 1459 2500 1492 utto-

1430 1518 1504 1555 que
1532 1506 1759 1554 procedens.

1483 1559 1542 1596 AD
1563 1570 1736 1601 QUARTUM
1755 1570 1939 1595 mei-:unum
1959 1557 2077 1608 quod,
2097 1559 2191 1596 sicut
2210 1557 2319 1606 Filio,
2340 1558 2426 1596 licet
2444 1558 2500 1597 in-

1430 1611 1578 1660 telligat,
1608 1623 1687 1648 non
1715 1618 1845 1648 tamen
1873 1611 1944 1648 sibi
1972 1611 2154 1660 competit
2181 1610 2394 1661 producere
2413 1624 2500 1651 ver—

1430 1665 1536 1711 bum,
1559 1664 1647 1713 quia
1666 1663 1869 1712 intelligere
1899 1664 2078 1702 convenit
2102 1665 2137 1701 ei
2156 1672 2197 1701 ut
2214 1664 2344 1702 Verbo
2364 1677 2499 1714 proce-

1431 1717 1550 1763 denti;
1572 1717 1633 1764 ita,
1654 1716 1740 1754 licet
1759 1716 1918 1766 Spiritus
1939 1717 2101 1755 Sanctus
2120 1724 2234 1765 amet,
2256 1717 2500 1756 essentialiter

1430 1769 1698 1820 accipiendo,
1672 1776 1687 1800 Ρ
1728 1782 1806 1807 ιιοιι
1834 1776 1964 1807 tamen
1993 1769 2173 1807 convenit
2199 1769 2231 1807 ei
2250 1770 2356 1819 quod
2384 1769 2500 1820 spiret

1431 1834 1616 1882 amorem,
1639 1822 1743 1871 quod
1772 1830 1828 1859 est
1847 1822 1997 1871 diligere
2017 1822 2259 1860 notionaliter
2277 1829 2496 1872 sumptum·
2487 1853 2497 1871 ‚

1430 1875 1519 1925 quia
1548 1874 1601 1912 sic
1637 1874 1753 1923 diligit
1787 1875 2032 1913 essentialiter
2058 1883 2100 1913 ut
2130 1877 2254 1913 Amor
2271 1875 2497 1925 procedens,

1430 1941 1509 1965 non
1537 1935 1579 1965 ut
1607 1941 1630 1965 a
1653 1941 1731 1976 quo
1759 1927 1935 1978 procedit
1965 1941 2086 1966 amor.

1482 2075 1507 2110 ξ)
1525 2077 1684 2109 important.
1701 2090 1722 2097 —-
1739 2077 1885 2110 importent
1903 2077 2090 2111 BCEFGpAD.

1482 2119 1511 2153 ο)
1527 2119 1685 2153 quidquam.
1700 2133 1721 2138 -
1737 2120 1842 2153 aliquid
1859 2120 1892 2152 G,
1910 2120 2042 2153 quidquid
2059 2120 2137 2145 ceteri
2155 2124 2182 2145 et
2198 2127 2216 2147 a
2226 2119 2251 2146 b.

1483 2161 1513 2195 π)
1532 2163 1565 2187 ab
1585 2165 1708 2194 utroque.
1724 2176 1745 2182 -
1761 2169 1779 2187 a
1799 2162 1901 2187 duobus
1920 2162 2024 2188 codices
2043 2167 2069 2187 et
2087 2162 2140 2188 ab.

1485 2203 1509 2238 ρ)
1529 2203 1694 2236 accipiendo.
1712 2217 1730 2222 —-
1748 2203 1894 2228 accidendo
1913 2204 1960 2236 pB,
1979 2211 2032 2228 om.
2046 2203 2206 2229 ACEFGsB.

991 2289 1322 2323 Commenta-ia
1345 2289 1595 2323 Cardinalis
1617 2289 1817 2323 Caietani

368 2390 476 2410 nunus
500 2379 600 2410 clarus
623 2389 660 2410 ex
685 2379 826 2410 dicendis
847 2379 881 2410 in
906 2389 1049 2420 corpore,
1070 2387 1102 2412 et
1116 2380 1262 2420 superius
1276 2380 1294 2399 *
1316 2380 1377 2411 dis—

311 2391 469 2455 Tcussis
495 2424 533 2454 de
557 2423 689 2455 nomine
711 2424 810 2455 Patris
835 2430 866 2455 et
890 2424 994 2456 Verbi.

365 2468 399 2498 In
429 2477 560 2508 corpore
594 2477 658 2498 una
688 2474 734 2498 est
761 2467 938 2504 distinctio,
964 2478 1038 2499 cum
1063 2478 1127 2498 una
1159 2467 1374 2499 conclusione.

306 2511 473 2542 Distinctio
497 2518 555 2542 est:
581 2514 683 2542 Amor
706 2517 810 2552 potest
828 2511 912 2543 sumi
933 2511 1152 2548 essentialiter,
1177 2518 1208 2543 et
1226 2521 1375 2552 persona-

306 2556 384 2587 liter.
403 2573 422 2579 -
437 2555 612 2586 Conclusio
632 2563 739 2586 autem
755 2562 815 2586 est:
839 2557 942 2586 Amor
966 2556 1174 2596 personaliter
1192 2562 1238 2586 est
1256 2565 1375 2586 nomen

307 2600 474 2640 proprium
491 2600 627 2640 Spiritus
641 2599 758 2631 Sancti.
770 2617 788 2624 -
802 2599 1108 2641 Manifestanturque
1125 2600 1221 2631 simul
1237 2606 1376 2641 quatuor

307 2644 462 2680 faciendo,
486 2644 541 2675 tali
563 2644 684 2675 ordine.

365 2689 486 2726 Primo,
503 2687 632 2728 ponitur
648 2688 682 2719 in
697 2687 862 2719 communi
879 2687 1053 2719 differentia
1065 2688 1145 2719 inter
1156 2688 1375 2729 processiones

308 2732 443 2768 divinas,
468 2732 575 2773 quoad
599 2732 745 2763 notitiam
768 2738 799 2763 et
822 2731 1077 2764 nominationem
1101 2732 1311 2773 spectantium
1336 2732 1375 2762 ad

307 2786 400 2816 ipsas.

366 2819 522 2858 Secundo,
547 2819 605 2850 ibi:
630 2820 673 2850 Et
696 2825 796 2851 tamen
821 2820 980 2858 similiter,
1006 2820 1138 2861 ponitur
1157 2819 1375 2851 convenientia

307 2864 388 2895 inter
400 2874 451 2894 eas
467 2864 575 2904 quoad
594 2864 675 2894 duo:
696 2864 812 2895 scilicet
830 2865 958 2895 modum
972 2864 1184 2905 producendi,
1202 2864 1277 2906 quia
1295 2864 1376 2895 sicut

308 2908 511 2948 intelligendo
538 2917 571 2939 se
597 2908 744 2948 producit
771 2909 921 2945 verbum,
946 2909 1037 2949 quod
1065 2915 1112 2940 est
1136 2915 1308 2949 conceptus
1331 2908 1375 2939 rei

307 2952 481 2984 intellectae
505 2952 538 2983 in
561 2952 764 2992 intelligente,
786 2953 830 2984 ita
853 2953 991 2983 amando
1017 2963 1050 2984 se
1073 2953 1223 2994 producit
1244 2953 1375 2994 impres-

308 2996 432 3026 sionem
462 3006 517 3027 seu
541 2995 736 3027 affectionem
761 2996 804 3027 rei
833 3004 953 3027 amatae
977 2997 1010 3028 in
1034 3004 1177 3034 amante;
1208 3003 1238 3028 et
1266 3007 1375 3027 nume—

309 3050 380 3070 rum
404 3040 646 3078 habitudinum,
676 3041 751 3081 quia
780 3040 860 3071 sicut
889 3040 932 3071 ibi
962 3048 1023 3071 tres
1050 3047 1124 3071 sunt
1155 3040 1374 3077 habitudines,

309 3084 424 3115 scilicet
447 3085 486 3116 ad
509 3094 576 3115 rem
600 3084 799 3121 intellectam,
825 3091 855 3115 et
879 3085 918 3114 ad
941 3085 1090 3121 verbum,
1116 3091 1147 3116 et
1170 3095 1187 3116 e
1211 3094 1374 3122 converso,

309 3128 424 3159 scilicet
445 3129 532 3159 verbi
555 3129 595 3159 ad
618 3128 685 3159 eius
709 3128 912 3169 principium,
936 3129 980 3160 ita
999 3129 1050 3160 hic
1069 3135 1130 3160 tres
1155 3135 1238 3166 sunt,
1259 3129 1376 3160 seilicet

309 3172 348 3202 ad
371 3182 438 3203 rem
461 3179 616 3210 amatam,
646 3173 686 3204 ad
713 3172 930 3209 affectionem,
962 3179 993 3204 et
1016 3173 1106 3205 istius
1135 3174 1175 3204 ad
1199 3173 1267 3204 eius
1289 3173 1376 3214 prin·

310 3226 438 3256 cipium.

373 3261 488 3299 Tertio,
509 3260 568 3291 ibi:
593 3260 658 3292 Sed
675 3271 716 3292 ex
732 3266 845 3303 parte,
867 3260 899 3291 in
919 3260 1046 3302 speciali
1070 3260 1207 3293 ostendit
1230 3260 1374 3292 differen-

1430 2379 1509 2411 tiam
1531 2379 1611 2411 inter
1634 2379 1691 2410 has
1714 2379 1943 2420 processiones,
1966 2380 2074 2420 quoad
2098 2379 2352 2411 nominationem
2375 2380 2499 2412 habitat

1431 2423 1544 2454 dinum
1559 2423 1800 2474 praedictarum.
1826 2423 1911 2460 Quia
1929 2423 2072 2455 scilicet
2064 2434 2098 2454 in
2120 2423 2280 2455 intellectu
2297 2434 2413 2455 omnes
2428 2433 2492 2456 sun

1431 2467 1628 2498 nominatae:
1657 2468 1689 2498 in
1712 2467 1876 2499 voluntate
1907 2474 2015 2499 autem
2042 2468 2111 2499 sola
2137 2468 2256 2509 prima,
2282 2468 2390 2499 ceteris
2413 2467 2500 2522 enirn

1430 2511 1551 2552 primae
1574 2511 1708 2542 nomina
1730 2511 2024 2542 accommodantur.

1487 2556 1630 2593 Quarto,
1654 2555 1717 2586 ibi:
1750 2555 1805 2586 Sic
1828 2556 1950 2596 igitur,
1975 2552 2068 2587 infert
2091 2565 2127 2586 ex
2151 2554 2240 2586 dictis
2263 2555 2500 2587 distinctionem

1430 2599 1528 2640 prius,
1552 2606 1583 2630 et
1602 2599 1841 2630 conclusionem
1861 2599 1988 2636 deinde;
2013 2606 2050 2630 ut
2068 2600 2150 2630 clare
2167 2605 2254 2640 patet
2271 2599 2304 2630 in
2319 2599 2431 2631 littera.

1489 2644 1526 2676 11.
1550 2644 1688 2674 Adverte
1711 2643 1762 2674 hic
1786 2644 1876 2684 quod
1897 2643 1951 2674 illa
1974 2623 2134 2676 distinctio
2157 2643 2275 2674 amoris
2298 2643 2333 2675 in
2355 2643 2501 2675 essentia·

1429 2687 1494 2719 lem
1517 2694 1548 2719 et
1570 2688 1771 2728 personalem
1795 2695 1831 2719 ut
1853 2687 1934 2718 clare
1958 2697 1995 2718 ex
2018 2687 2080 2719 hoc
2103 2687 2236 2719 articulo
2259 2687 2408 2724 habetur,
2431 2695 2499 2725 non

1430 2739 1478 2764 est
1490 2731 1648 2763 distinctio
1664 2731 1718 2768 rei,
1735 2732 1790 2762 sed
1804 2731 1891 2762 vocis
1907 2731 1940 2762 in
1953 2742 2025 2762 suas
2042 2731 2295 2773 significationes.
2312 2732 2398 2764 Tota
2413 2730 2499 2765 enim

1430 2776 1509 2808 ratio
1525 2775 1734 2806 distinctionis
1751 2782 1797 2806 est
1812 2776 2067 2806 accommodatio
2076 2775 2223 2807 vocabuli
2239 2776 2279 2806 ad
2295 2775 2391 2806 aliam
2406 2774 2499 2816 signi-

1429 2819 1625 2856 ficationem3
1649 2819 1730 2850 sicut
1745 2819 1770 2850 si
1786 2821 1918 2850 notitiae
1933 2830 2053 2850 nomen
2069 2820 2363 2851 accommodaretur
2378 2819 2497 2851 Verbo.

1430 2864 1523 2895 Unde
1539 2873 1605 2894 non
1629 2870 1703 2894 sunt
1725 2863 1792 2894 duo
1816 2873 1941 2894 amores
1963 2864 1996 2894 in
2020 2863 2143 2900 divinis,
2160 2873 2246 2894 unus
2261 2862 2443 2900 essentialis,
2468 2869 2499 2894 et

1429 2908 1506 2939 alter
1529 2907 1713 2948 personalis.
1739 2907 1800 2939 Sed
1824 2908 1858 2948 ly
1879 2917 1987 2946 amor,
2012 2915 2142 2948 propter
2168 2907 2336 2948 penuriam
2357 2907 2497 2939 vocabu-

1428 2952 1546 2988 lorum,
1571 2952 1765 2994 quandoque
1789 2951 1943 2991 significat
1966 2951 2111 2983 divinum
2125 2961 2287 2988 amorem,
2309 2950 2367 2993 qui
2383 2950 2497 2992 procul

1430 2996 1528 3027 dubio
1544 2995 1707 3037 essentiale
1722 2996 1886 3037 quoddam
1903 3002 1964 3026 est:
1985 2995 2179 3038 quandoque
2193 3005 2268 3026 vero
2285 2995 2409 3026 tertiam
2424 2994 2496 3027 Per-

1430 3050 1543 3070 sonam
1559 3040 1783 3081 procedentem
1799 3049 1855 3080 per
1871 3040 2007 3070 modum
2022 3039 2193 3070 voluntatis
2210 3045 2241 3070 et
2256 3038 2382 3070 amoris.
2402 3038 2496 3071 Unde

1429 3094 1529 3115 vanus
1545 3091 1592 3115 est
1610 3084 1700 3117 labor
1715 3091 1976 3124 argumentorum
1991 3082 2132 3120 Aureoli,
2149 3083 2182 3114 in
2198 3093 2281 3113 xxxn
2296 3082 2496 3114 distinctione

1429 3128 1540 3164 Primi,
1565 3128 1651 3168 apud
1675 3127 1870 3168 Capreolum
1885 3127 1916 3165 ¹⁸,
1941 3134 2050 3159 contra
2072 3127 2153 3158 hanc
2176 3127 2420 3164 distinctionem,
2444 3126 2495 3157 in-

1429 3179 1597 3213 quantum
1610 3179 1658 3204 est
1679 3182 1702 3203 s.
1721 3171 1882 3203 Thomae:
1907 3171 2061 3213 quoniam
2084 3171 2129 3203 sic
2151 3171 2346 3211 intelligitur.

1486 3216 1622 3258 Reliqua
1639 3217 1679 3247 ad
1699 3216 1787 3248 hunc
1809 3215 1977 3247 articulum
1995 3215 2178 3258 spectantia,
2200 3215 2347 3256 superius
2363 3215 2397 3246 in
2411 3224 2496 3247 xxvxi
2522 3239 2600 3262 ,Μ
2615 3244 2644 3269 3
2661 3245 2689 3269 3
2709 3239 2735 3264 ,a

2522 3255 2656 3289 comneni.

1429 3260 1614 3302 quaestione
1629 3259 1647 3279 *
1670 3259 1810 3291 discussa
1829 3267 1911 3292 sunt.

2523 3134 2585 3157 ‘Ad
2605 3140 2633 3163 a,
2654 3138 2736 3158 contra

2522 3161 2601 3184 cond.
2614 3167 2632 3184 ι.
