2768 4178
12 1179 46 1208 '⁴
59 1194 234 1219 &Th-locta.

28 1464 248 1493 ’Cnp.¹vdeva.

33 1490 102 1515 Non.
124 1502 136 1507 -
159 1491 185 1514 S.
201 1491 248 1514 Th.

31 1517 126 1541 leam.

30 1781 45 1795 ⁴
59 1781 118 1810 (hp.
131 1787 206 1804 mu.

13 1982 87 2010 ’Ἢ
106 1993 247 2037 *fiae-2·-

1004 257 1272 303 QUAESTIO
1301 258 1347 305 V,
1377 258 1674 296 ARTICULUS
1706 260 1756 295 IV
2423 262 2467 298 61

278 335 402 366 maliter
424 335 581 367 rationem
605 337 690 373 boni,
715 336 796 367 ultra
819 335 882 366 hoc
906 335 1038 375 exigitur
1062 335 1152 376 quod
1174 336 1283 376 ipsum
1299 346 1350 366 su-
1376 334 1380 375 Ι
1405 346 1422 366 a
1452 336 1528 366 boni
1556 337 1677 367 ratione
1706 337 1893 374 formaliter,
1923 349 1988 369 non
2019 339 2310 370 fundamentaliter:
2343 346 2373 370 et
2401 350 2473 380 pro-

278 387 383 411 matur
399 380 432 410 in
447 381 558 411 ordine
574 382 614 412 ad
633 391 710 417 esse,
727 381 776 411 vel
795 380 835 410 ad
850 379 958 415 finem,
974 387 1032 410 etc.
1048 380 1159 415 Modo,
1175 380 1350 420 triangulus
1405 387 1510 421 pterea
1531 381 1564 411 in
1589 381 1632 411 eis
1649 384 1715 412 esse
1732 390 1872 421 negatur.
1890 400 1910 404 —
1927 382 2028 413 Cuius
2052 384 2180 423 signum
2195 383 2400 414 manifestum
2417 391 2472 420 est,

279 432 309 455 et
324 432 424 456 cetera
440 426 671 462 mathematica,
688 425 866 456 secundum
885 433 957 454 suas
981 423 1180 464 quidditates‚
1198 424 1260 455 hoc
1277 435 1349 464 pos-

1404 425 1494 465 quod
1518 425 1606 456 nulla
1628 426 1672 456 ibi
1692 426 1855 457 conclusio
1872 427 2105 458 demonstratur
2123 434 2252 468 propter
2271 429 2395 458 bonum
2419 435 2474 459 aut

279 469 390 506 sidem,
415 470 505 511 quod
529 470 572 500 eis
596 480 663 500 non
685 475 840 509 repugnat
856 467 1000 498 existere:
1026 475 1057 498 et
1080 475 1247 509 propterea
1271 469 1350 499 entis
1404 469 1518 500 melius
1539 479 1622 500 esse:
1648 470 1736 501 nulla
1755 470 1797 500 ibi
1814 471 2040 502 demonstratio
2057 482 2113 512 per
2128 482 2256 502 causam
2271 471 2400 502 finalem
2419 479 2474 503 aut

278 513 435 544 rationem
454 514 627 545 formaliter
643 513 787 544 retinent.
811 512 873 543 Sed
889 512 964 553 quia
980 522 1047 543 non
1064 513 1302 544 considerantur
1316 513 1349 543 in
1405 513 1578 545 effectivam
1594 513 1691 557 (quae
1707 515 1879 555 respiciunt
1903 525 1968 546 esse
1992 516 2024 546 in
2048 526 2154 547 rerum
2177 514 2312 559 natura),
2330 516 2385 547 sed
2403 523 2473 547 tan·

278 558 389 589 ordine
413 559 452 589 ad
476 569 542 589 esse
566 565 598 589 et
619 557 717 588 finem
740 557 772 587 in
796 566 902 587 rerum
926 564 1047 593 natura,
1067 557 1140 587 ideo
1165 557 1349 588 abstrahunt
1403 565 1473 588 tum
1488 569 1544 598 per
1567 558 1750 589 formalem:
1775 559 1827 589 illa
1851 559 1936 590 enirn
1960 567 2006 590 est
2029 561 2156 601 propria
2180 562 2277 596 bono,
2297 561 2373 591 haec
2397 561 2471 592 enti.

1065 721 1383 764 ARTICULUS
1415 722 1688 774 QUARTUS

792 815 949 846 UTRUM
972 814 1126 846 BONUM
1150 815 1327 846 HABEAT
1352 816 1581 847 RATIONEM
1605 815 1775 847 cAusAE
1798 816 1964 846 FINALIS

517 902 609 934 Supra,
628 907 675 933 m.
697 909 720 932 2,
740 903 772 926 ad
796 909 822 932 ις
843 902 851 926 Ῑ
872 902 956 930 Sent„
976 901 1034 926 dist.
1053 909 1135 932 xxxrv,
1155 909 1200 934 qu.
1220 909 1247 933 11,
1266 907 1313 926 art.
1337 910 1357 931 1,
1377 902 1409 926 ad
1427 909 1459 933 4;
1479 902 1488 926 l
1511 903 1586 927 Cont.
1605 903 1691 932 Gent„
1711 910 1767 935 cap.
1781 909 1826 932 ιω
1842 902 1884 927 De
1904 903 1991 932 Verit„
2012 911 2056 936 qu.
2076 910 2124 934 xxr,
2145 909 2190 928 art.
2210 912 2234 935 ις

995 937 1028 962 de
1048 937 1110 962 Diu.
1129 937 1217 967 Nom„
1238 944 1293 970 cap.
1308 945 1325 966 ι,
1344 938 1402 962 lect.
1416 944 1458 967 111;
1478 937 1498 962 11
1518 938 1632 971 Phssic„
1654 939 1712 963 lect.
1724 946 1748 962 v.

307 1037 377 1082 2252·
395 1040 468 1085 μᾷ(
491 1039 513 1063 D
534 1038 708 1068 QUARTUM
728 1038 781 1063 Sic
801 1038 1041 1064 PROCEDITUR.
1062 1026 1222 1064 Videtur
1241 1026 1347 1075 quod

306 1067 463 1137 ἴξῗᾼὲξῦ
491 1080 640 1117 bonum
669 1092 748 1117 non
767 1080 907 1117 habeat
935 1080 1121 1117 rationem
1147 1091 1284 1116 causae
1304 1079 1347 1115 fi-

296 1131 379 1210 '²5⁴4'-
394 1176 406 1186 ἱ
434 1121 598 1180 nalis,
628 1133 697 1170 sed
717 1133 838 1181 magis
857 1133 1027 1170 aliarum.
1057 1133 1107 1170 Ut
1136 1132 1239 1169 enim
1260 1132 1348 1169 dicit

314 1183 318 1191 '
338 1200 346 1209 ¹-
450 1175 483 1220 K
503 1186 713 1235 Dionysius,
741 1199 776 1223 iv
797 1198 879 1235 cap.
900 1187 947 1223 de
964 1187 1051 1223 Div.
1077 1186 1195 1222 Nom.
1216 1185 1254 1222 *ε
1284 1186 1347 1222 bo—

241 1284 253 1286 <
276 1252 368 1281 num
386 1240 566 1277 laudatur
585 1245 626 1276 ut
636 1239 852 1288 pulchrum.
885 1239 962 1276 Sed
982 1239 1184 1287 pulchrum
1205 1238 1347 1287 impor-

275 1300 328 1330 tat
355 1293 543 1330 rationem
570 1305 707 1330 causae
728 1293 910 1329 formalis.
941 1293 1044 1340 Ergo
1065 1292 1212 1328 bonum
1234 1292 1348 1328 habet

276 1346 462 1384 rationem
491 1358 628 1384 causae
658 1345 838 1383 formalis.

331 1411 366 1436 2.
387 1400 610 1436 PRAETEREA
624 1404 653 1445 ⁸,
680 1399 827 1435 bonum
848 1406 904 1435 est
924 1398 1146 1436 diffusivum
1173 1398 1230 1434 sui
1251 1410 1345 1445 esse,

275 1458 317 1489 ut
330 1464 376 1489 ex
390 1452 519 1489 verbis
534 1451 709 1500 Dionysii
724 1451 744 1473 '¹‘
764 1451 956 1500 accipitur,
974 1451 1113 1500 quibus
1133 1451 1222 1489 dicit
1242 1451 1346 1500 quod

274 1506 415 1542 bonum
445 1511 498 1542 est
525 1517 575 1542 ex
602 1517 676 1553 quo
705 1505 834 1542 omnia
861 1506 1064 1542 subsistunt
1086 1512 1121 1542 et
1142 1510 1238 1542 sunt.
1270 1504 1346 1542 Sed

275 1570 358 1595 esse
388 1557 612 1596 diffusivum
627 1557 644 1586 β
669 1558 848 1607 importat
882 1559 1069 1595 rationem
1100 1570 1237 1595 causae
1267 1558 1348 1595 effi-

275 1611 418 1649 cientis.
449 1613 552 1660 Ergo
581 1612 729 1649 bonum
757 1613 872 1649 habet
892 1612 1077 1649 rationem
1100 1624 1238 1648 causae
1268 1612 1347 1648 effi-

275 1664 418 1702 cientis.

331 1719 366 1756 3.
396 1719 637 1765 PRAETEREA,
669 1718 757 1755 dicit
789 1718 1023 1767 Augustinus
1052 1719 1091 1756 in
1116 1719 1196 1755 lde
1214 1719 1344 1755 Doctr.

281 1771 414 1808 Christ.
435 1771 467 1818 ³¹⁸,
496 1771 603 1820 quod
623 1772 711 1820 quia
737 1773 841 1809 Deus
861 1773 980 1809 bonus
1004 1778 1067 1817 est,
1089 1784 1156 1809 nos
1170 1777 1185 1798 ⁷
1203 1784 1345 1809 sumus,

276 1824 356 1862 Sed
375 1837 420 1861 ex
439 1825 525 1862 Deo
546 1836 678 1862 sumus
698 1825 793 1862 sicut
814 1837 859 1862 ex
879 1837 993 1862 causa
1013 1825 1212 1862 efficiente.
1244 1826 1346 1873 Ergo

275 1878 423 1916 bonurn
452 1878 633 1927 importat
661 1878 848 1915 rationem
878 1891 1016 1915 causae
1046 1878 1255 1916 efficientis.

329 1932 405 1969 SED
435 1943 582 1968 CONTRA
610 1944 676 1968 Esr
704 1931 811 1980 quod
830 1931 1088 1980 Philosophus
1118 1931 1216 1978 dicit,
1246 1931 1286 1968 in
1315 1933 1345 1968 II

274 1985 425 2033 Physic.
441 1984 472 2031 *,
503 1985 610 2033 quod
629 1985 723 2022 illud
740 1985 846 2021 cuius
865 1996 980 2022 causa
1001 1991 1064 2031 est,
1080 1991 1135 2022 est
1150 1985 1348 2034 sicutfinis

273 2039 313 2075 'et
337 2038 479 2075 bonum
507 2038 684 2075 aliorum.
714 2039 870 2074 Bonum
896 2050 986 2086 ergo
1016 2039 1131 2075 habet
1160 2038 1346 2075 rationem

277 2103 416 2129 causae
443 2091 580 2128 finalis.

328 2142 562 2183 Rnspounso
577 2156 762 2181 Diei-:unum
777 2144 895 2193 quod,
913 2156 1001 2181 cum
1017 2145 1165 2181 bonum
1181 2144 1227 2181 sit
1241 2145 1347 2192 quod

277 2197 408 2234 omnia
437 2205 633 2246 appetunt,
654 2198 730 2234 hoc
750 2204 878 2234 autem
899 2198 1015 2234 habet
1034 2197 1222 2235 rationem
1242 2198 1348 2244 finis;

275 2250 519 2288 manifestum
550 2258 605 2288 est
633 2251 738 2299 quod
772 2251 920 2287 bonum
948 2251 1132 2287 rationem
1164 2251 1251 2288 finis
1279 2251 1350 2288 im-

275 2308 412 2354 portat.
444 2304 523 2341 Sed
550 2312 681 2341 tamen
709 2304 804 2341 ratio
825 2305 916 2341 boni
935 2304 1211 2354 praesupponit
1239 2305 1350 2342 ratio-

276 2369 368 2395 nem
407 2370 544 2395 causae
579 2357 797 2405 efficientis,
827 2365 864 2394 et
892 2358 1079 2395 rationem
1110 2370 1247 2395 causae
1277 2359 1351 2395 for-

277 2410 399 2448 malis.
429 2410 616 2448 Videmus
645 2411 748 2448 enim
777 2411 883 2459 quod
912 2411 951 2448 id
980 2411 1084 2460 quod
1106 2419 1161 2448 est
1179 2412 1349 2460 primum

277 2464 317 2501 in
337 2464 547 2511 causando,
567 2464 746 2502 ultimum
770 2472 827 2501 est
847 2465 884 2501 in
905 2472 1060 2502 causato
1078 2461 1106 2500 ³:
1127 2465 1222 2512 ignis
1247 2465 1349 2502 enim

275 2517 404 2566 primo
425 2517 595 2554 calefacit
614 2530 732 2567 quarn
762 2518 928 2555 formam
957 2518 1052 2566 ignis
1071 2517 1238 2566 inducat,
1261 2531 1349 2555 cum

277 2578 405 2608 tamen
445 2572 548 2608 calor
577 2571 615 2608 in
647 2571 734 2619 igne
773 2579 1030 2621 consequatur
1066 2571 1232 2609 formam
1262 2573 1350 2609 sub—

279 2624 506 2661 stantialem.
528 2625 571 2661 In
592 2624 787 2662 causando
809 2632 950 2671 autem,
970 2625 1139 2674 primurn
1160 2625 1352 2663 invenitur

279 2678 428 2714 bonum
453 2685 490 2714 et
509 2677 607 2723 finis,
629 2677 694 2726 qui
723 2686 856 2715 movet
884 2678 1137 2725 efficientem;
1167 2680 1350 2726 secundo,

280 2730 379 2767 actio
415 2730 624 2777 efficientis,
654 2743 819 2768 movens
852 2732 901 2768 ad
934 2732 1118 2778 formam;
1147 2733 1257 2770 tertio
1286 2734 1351 2770 ad-

278 2784 385 2821 venit
411 2784 547 2820 forma.
578 2784 690 2821 Unde
719 2797 740 2820 e
769 2797 958 2822 converso
989 2798 1071 2822 esse
1101 2794 1252 2835 oportet
1275 2792 1285 2807 ⁴
1315 2787 1351 2823 in

281 2845 458 2875 causato:
490 2838 596 2886 quod
624 2837 792 2886 primum
823 2838 868 2875 sit
887 2838 969 2887 ipsa
989 2839 1125 2883 forma,
1146 2851 1215 2888 per
1235 2852 1351 2888 quam

334 2969 362 3001 α)
382 2969 535 2994 Praeterea.
547 2984 565 2988 —
581 2970 647 2994 Item
667 2970 778 2995 codices.
791 2984 809 2989 -
822 2970 872 2994 Pro
891 2970 1044 3004 diffusivum
1059 2972 1102 2997 sui
1115 2979 1178 3001 esse,
1198 2972 1351 3006 diffusivum

279 3004 424 3065 ,ἓιὲἑίξρέὶιιε
442 3012 498 3030 esse
516 3005 603 3038 stF.
621 3019 640 3024 -
658 3006 708 3030 Pro
727 3006 821 3037 quibus
839 3006 912 3035 dicit,
931 3007 1025 3039 quibus
1045 3007 1145 3032 dicitur
1162 3008 1286 3039 ABCDE,
1307 3008 1353 3040 qui

336 3073 361 3107 β)
382 3058 411 3100 dn·

335 3110 362 3144 γ)
383 3118 438 3135 nos.
449 3125 469 3129 -
481 3111 542 3136 Om.
555 3111 658 3136 codices
674 3117 698 3136 et
713 3112 771 3136 edd.
790 3112 839 3137 ab.
851 3126 870 3131 -
887 3112 939 3137 Pro
957 3113 1055 3138 bonum
1069 3113 1198 3145 importat
1211 3114 1351 3144 rationem,

283 3146 379 3170 bonum
398 3145 476 3171 habet
494 3147 626 3172 rationem
645 3147 679 3173 A.

336 3179 361 3214 ὂ)
387 3181 509 3207 Videmus
527 3182 615 3207 enim.
627 3201 634 3207 .
646 3201 652 3207 .
671 3186 790 3208 causato.
805 3196 823 3203 -
846 3182 969 3208 Videmus
988 3184 1059 3208 enim
1082 3185 1155 3216 quod
1173 3185 1294 3216 primum
1314 3187 1353 3210 est

449 3075 543 3101 sivum.
557 3090 576 3094 —
593 3076 732 3110 effusivum
751 3076 908 3109 ACDEGpB
927 3082 953 3102 et
972 3078 1030 3102 edd.
1050 3078 1098 3102 ab.

1403 1034 1460 1063 est
1489 1039 1572 1073 ens;
1602 1027 1771 1064 secundo
1806 1027 2067 1064 consideratur
2095 1027 2134 1064 in
2163 1039 2209 1064 ea
2236 1027 2352 1065 virtus
2382 1028 2471 1065 effe-

1403 1079 1513 1127 ctiva,
1535 1080 1749 1117 secundum
1773 1080 1878 1128 quod
1899 1088 1955 1117 est
1973 1081 2183 1130 perfectum
2203 1081 2242 1118 in
2263 1093 2345 1118 esse
2365 1082 2471 1129 (quia

1401 1133 1710 1181 unumquodque
1738 1141 1829 1170 tunc
1851 1134 2063 1182 perfectum
2084 1142 2150 1181 est,
2172 1134 2327 1183 quando
2346 1142 2472 1183 potest

1402 1186 1473 1222 sibi
1511 1186 1633 1223 simile
1672 1186 1816 1233 faeere,
1854 1194 1896 1223 ut
1933 1187 2022 1223 dicit
2058 1187 2314 1236 Philosophus
2351 1188 2390 1224 in
2419 1188 2471 1224 IV

1401 1240 1562 1276 Meteor.
1598 1239 1654 1285 *);
1689 1239 1798 1276 tertio
1838 1239 2081 1288 consequitur
2119 1240 2213 1277 ratio
2252 1241 2364 1288 boni,
2402 1252 2472 1289 per
2499 1244 2556 1291 'effi
2575 1249 2712 1297 ⁴32¹&th

2498 1302 2695 1345 ἓ“”τ·ι,”ἰέςῖ’·,ἐ5
2705 1304 2711 1321 ³

1402 1305 1520 1340 quam
1549 1292 1587 1329 in
1617 1300 1702 1328 ente
1730 1292 1912 1341 perfectio
1942 1292 2130 1330 fundatur.

1455 1347 1515 1382 Αι)
1535 1357 1673 1382 Palmum
1689 1357 1787 1382 ERGO
1807 1357 1991 1382 οιεΕΝῡυΜ
2011 1345 2116 1394 quod
2132 1347 2334 1394 pulchrum
2351 1354 2388 1383 et
2402 1346 2478 1395 bos

1403 1411 1497 1436 num
1517 1398 1556 1435 in
1575 1399 1589 1425 ζ
1614 1398 1785 1435 subiecto
1815 1398 1972 1447 quidem
1992 1406 2080 1435 sunt
2099 1399 2215 1446 idem,
2245 1399 2335 1448 quia
2358 1411 2472 1448 super

1403 1452 1567 1491 eandem
1597 1464 1679 1488 rem
1717 1451 1943 1499 fundantur,
1974 1452 2112 1488 scilicet
2140 1464 2255 1501 super
2283 1453 2470 1489 formam:

1402 1513 1438 1542 et
1456 1506 1720 1554 propter-hoc,
1737 1506 1885 1542 bonurn
1905 1505 2079 1542 laudatur
2098 1513 2138 1542 ut
2156 1506 2371 1554 pulchrum.
2394 1506 2471 1542 Sed

1402 1559 1547 1596 ratione
1586 1558 1775 1596 differunt.
1811 1559 1914 1595 Nam
1953 1558 2098 1595 bonum
2136 1559 2290 1607 proprie
2323 1558 2473 1607 respicit

1403 1613 1633 1662 appetitum:
1664 1620 1720 1648 est
1749 1611 1852 1648 enirn
1887 1612 2035 1648 bonum
2064 1612 2171 1660 quod
2199 1612 2328 1649 omnia
2357 1624 2472 1661 appe-

1401 1674 1495 1703 tunt.
1526 1667 1574 1703 Et
1602 1665 1690 1702 ideo
1720 1666 1835 1702 habet
1863 1665 2050 1701 rationem
2075 1665 2179 1702 finis:
2210 1677 2301 1702 nam
2331 1665 2473 1714 appeti-

1401 1728 1461 1756 tus
1491 1726 1546 1756 est
1573 1719 1682 1767 quasi
1712 1718 1869 1768 quidam
1898 1726 2026 1755 motus
2055 1718 2104 1755 ad
2140 1731 2233 1756 rem.
2258 1719 2471 1769 Pulchrum

1402 1781 1531 1810 autem
1561 1772 1711 1821 respicit
1730 1771 1809 1809 vim
1841 1771 2162 1820 cognoscitivam:
2193 1773 2351 1821 pulchra
2371 1772 2473 1809 enirn

1403 1826 1579 1863 dicuntur
1616 1838 1714 1875 quae
1742 1825 1826 1862 visa
1863 1825 2023 1874 placent.
2062 1825 2173 1863 Unde
2202 1826 2406 1874 pulchrum
2434 1826 2472 1862 in

1403 1880 1528 1917 debita
1562 1879 1810 1928 proportione
1845 1878 2034 1915 consistit:
2074 1879 2163 1927 quia
2200 1891 2335 1916 sensus
2373 1880 2473 1916 dele-

1404 1940 1522 1970 ctatur
1545 1938 1559 1955 '¹
1588 1933 1625 1969 in
1655 1933 1768 1969 rebus
1802 1931 1927 1969 debite
1964 1932 2282 1981 proportionatis,
2313 1932 2408 1969 sicut
2435 1933 2473 1969 in

1403 1986 1472 2023 sibi
1502 1986 1708 2031 similibus;
1740 1997 1829 2022 nam
1852 1993 1887 2022 et
1907 1997 2041 2021 sensus
2070 1985 2164 2022 ratio
2192 1986 2383 2034 quaedam
2406 1994 2471 2033 est,

1403 2047 1440 2076 et
1469 2039 1594 2076 omnis
1622 2039 1743 2076 virtus
1768 2038 2038 2087 cognoscitiva.
2070 2039 2118 2075 Et
2138 2039 2227 2087 quia
2247 2038 2410 2087 cognitio
2430 2040 2473 2076 fit

1402 2105 1471 2142 per
1499 2092 1825 2139 assimilationem,
1847 2091 2052 2128 similitudo
2082 2099 2210 2129 autem
2229 2092 2380 2141 respicit
2398 2093 2472 2129 for-

1403 2158 1534 2192 mam,
1577 2146 1779 2194 pulchrum
1815 2145 1968 2194 proprie
2007 2145 2168 2193 pertinet
2206 2145 2254 2182 ad
2289 2146 2474 2183 rationem

1405 2211 1541 2236 causae
1571 2199 1749 2235 formalis.

1458 2254 1516 2289 An
1537 2263 1727 2289 SECUNDUM
1748 2263 1932 2288 DICENDUM
1958 2251 2065 2298 quod
2085 2251 2231 2288 bonum
2253 2252 2387 2289 dicitur
2407 2252 2474 2289 dif-

1405 2305 1574 2342 fusivum
1603 2305 1661 2342 sui
1688 2303 1701 2325 ⁰
1731 2317 1833 2351 esse,
1869 2316 1916 2340 eo
1946 2304 2065 2342 modo
2103 2317 2181 2354 quo
2219 2305 2306 2342 finis
2342 2305 2475 2342 dicitur

1403 2371 1575 2396 movere.

1458 2414 1517 2449 An
1546 2423 1706 2449 TERTlUM
1732 2423 1916 2448 DlCENDUM
1937 2411 2043 2460 quod
2062 2411 2220 2459 quilibet
2238 2412 2385 2448 habens
2404 2424 2475 2448 vo-

1405 2467 1602 2512 luntatem,
1633 2464 1768 2502 dicitur
1793 2465 1918 2501 bonus
1947 2465 2175 2512 inquantum
2194 2465 2310 2501 habet
2330 2466 2472 2502 bonam

1404 2520 1664 2556 voluntatem:
1694 2518 1783 2567 quia
1810 2529 1879 2566 per
1906 2518 2144 2555 voluntatem
2181 2517 2324 2554 utimur
2352 2518 2474 2555 omni-

1405 2573 1477 2610 bus
1507 2584 1605 2620 quae
1634 2571 1672 2609 in
1693 2571 1803 2608 nobis
1832 2578 1928 2608 sunt.
1959 2571 2070 2609 Unde
2090 2584 2169 2608 non
2195 2571 2329 2608 dicitur
2350 2572 2473 2608 bonus

1405 2627 1548 2673 homo,
1582 2625 1647 2674 qui
1683 2625 1799 2662 habet
1835 2625 1982 2661 bonum
2020 2625 2271 2662 intellectum:
2309 2625 2375 2662 sed
2409 2625 2473 2674 qui

1406 2679 1522 2716 habet
1549 2680 1691 2716 bonam
1712 2678 1964 2715 voluntatem.
1994 2679 2180 2715 Voluntas
2200 2685 2328 2715 autem
2358 2678 2472 2727 respi-

1407 2733 1455 2769 cit
1483 2733 1602 2769 finem
1622 2739 1663 2768 ut
1683 2731 1875 2768 obiectum
1898 2732 2118 2780 proprium:
2149 2740 2184 2768 et
2212 2732 2274 2778 sic,
2297 2732 2400 2780 quod
2422 2732 2472 2769 di-

1407 2786 1520 2832 citur,
1550 2786 1638 2834 quia
1676 2786 1780 2822 Deus
1812 2790 1867 2821 est
1892 2786 2030 2831 bonus,
2059 2797 2208 2832 sumus,
2240 2785 2397 2821 refertur
2424 2786 2471 2822 ad

1407 2851 1563 2876 causam
1592 2839 1759 2876 finalem.

1407 2972 1433 2996 in
1453 2972 1598 2999 causando,
1619 2971 1742 2996 ultimum
1761 2978 1817 2995 esse
1837 2970 1892 3002 (est
1909 2970 2014 3002 ABCF)
2035 2970 2061 2994 in
2080 2977 2162 2995 causa
2182 2970 2190 3000 (
2197 2973 2307 2994 causato
2326 2969 2469 3003 BDFGsA)

1407 3008 1510 3032 codices
1530 3012 1555 3031 et
1573 3007 1615 3031 ed.
1634 3013 1665 3036 a;
1686 3006 1763 3031 etiam
1783 3006 1823 3030 ed.
1843 3006 1857 3030 b
1876 3006 1937 3038 legit
1955 3012 2046 3030 causa.

1461 3043 1483 3074 ε)
1503 3049 1558 3067 esse
1581 3045 1695 3074 oportet.
1712 3055 1732 3061 -
1750 3045 1790 3067 est
1809 3042 1842 3070 C.
1861 3044 1966 3073 oportet
1988 3048 2044 3066 esse
2064 3040 2149 3066 ceteri.
2167 3053 2186 3059 -
2206 3040 2255 3064 Pro
2278 3040 2473 3069 consideratur,

1407 3078 1592 3103 consideretur
1610 3077 1723 3101 codices.

1460 3113 1485 3146 ζ)
1507 3114 1542 3138 in.
1560 3127 1579 3131 -
1597 3112 1658 3137 Om.
1677 3112 1732 3136 FG.

1461 3149 1488 3181 η)
1508 3149 1664 3173 delectatur.
1675 3161 1695 3166 -
1713 3147 1880 3172 delectantur
1898 3146 1976 3171 ACG.

1462 3183 1486 3216 θ)
1506 3184 1556 3209 sui.
1570 3197 1588 3202 —
1605 3183 1648 3208 sui
1666 3182 1749 3214 ipsius
1767 3182 1883 3212 ABGsF,
1903 3182 1985 3214 ipsius
2004 3182 2113 3214 DEGpF
2133 3186 2158 3206 et
2177 3181 2235 3205 edd.
2254 3182 2302 3205 ab.

969 3263 1301 3297 Commentaria
1324 3264 1574 3297 Oardjnalis
1596 3262 1796 3295 Caietam

315 3360 335 3380 n
353 3349 456 3384 titulo,
472 3349 589 3380 habere
612 3352 770 3382 rationem
795 3360 913 3382 causae
926 3350 1045 3391 finalis
1066 3360 1132 3380 non
1147 3350 1284 3381 sumitur
1302 3350 1353 3382 hic

288 3362 468 3429 Iidenfice,
494 3393 550 3423 sed
582 3394 765 3434 dupliciter:
790 3395 907 3426 scilicet
931 3396 962 3425 in
988 3400 1062 3425 actu
1094 3396 1240 3435 signato,
1266 3401 1297 3426 et
1320 3396 1352 3425 in

284 3443 358 3470 actu
383 3438 534 3468 exercito.
559 3437 592 3468 Si
615 3438 719 3478 primo
743 3439 844 3470 modo
867 3439 982 3469 habere
1002 3439 1158 3470 rationem
1182 3449 1294 3469 causae
1318 3438 1354 3469 fi-

285 3482 365 3513 nalis
383 3481 577 3522 intelligitur,
595 3482 733 3513 sumitur
741 3482 1040 3523 fundamentaliter
1055 3483 1264 3514 fundamento
1283 3493 1355 3523 pro-

16 3528 19 3530 '
44 3544 258 3574 .C³p„„‚n·3'5·
284 3526 383 3556 ximo.
408 3527 483 3556 Non
508 3525 593 3555 enim
617 3526 778 3566 quaeritur
797 3534 906 3557 utrum
930 3528 1054 3557 bonum
1078 3527 1117 3557 sit
1140 3527 1220 3557 ratio
1245 3537 1356 3558 causae

45 3571 65 3581 ⁶*
81 3571 137 3602 Cap.
153 3577 181 3597 ¹¹,
205 3578 257 3598 ΠΜ
286 3570 402 3600 finalis:
424 3570 479 3600 sed
494 3580 533 3600 an
549 3569 588 3600 sit
604 3569 771 3609 proprium
783 3570 1028 3602 fundamentum
1042 3571 1137 3602 illius.
1150 3571 1235 3609 Quid
1249 3578 1356 3602 autern

45 3597 257 3652 iijcii.¹}¹,³'7¹.v'⁰³p.'
287 3614 327 3645 sit
349 3614 429 3645 ratio
455 3624 566 3644 causae
589 3613 701 3650 finalis,
731 3624 767 3644 ex
791 3614 817 3644 11
841 3615 967 3655 Pliysic.
984 3616 1001 3634 *
1016 3622 1047 3646 et
1069 3616 1098 3646 V
1122 3617 1306 3656 Metaphys.
1322 3615 1356 3634 **

1410 3357 1505 3390 patet,
1526 3350 1643 3380 scilicet
1661 3351 1754 3380 cuius
1771 3351 1881 3390 gratia
1898 3350 2021 3390 aliquid
2032 3350 2078 3390 fit
2096 3354 2154 3379 aut
2173 3355 2227 3379 est.
2254 3349 2345 3379 Unde
2365 3359 2475 3379 sensus

1410 3394 1492 3425 tituli
1509 3399 1570 3424 est:
1596 3396 1647 3424 An
1661 3403 1720 3430 res,
1734 3403 1772 3424 eo
1789 3394 1864 3435 quia
1880 3395 1973 3429 bona,
1989 3393 2131 3424 vendicet
2145 3393 2204 3423 sibi
2220 3393 2282 3424 hoc
2297 3393 2474 3433 proprium,

1410 3439 1499 3479 quod
1523 3438 1562 3468 sit
1585 3439 1678 3468 cuius
1690 3439 1813 3479 gratia.
1830 3456 1850 3460 -
1866 3438 1898 3469 Si
1911 3448 1987 3468 vero
2004 3437 2144 3468 secundo
2163 3437 2263 3467 modo
2282 3437 2475 3477 intelligitur,

1410 3490 1486 3514 tunc
1505 3482 1619 3512 habere
1635 3482 1790 3512 rationem
1810 3492 1921 3512 causae
1938 3481 2039 3512 finalis
2059 3481 2195 3511 sumitur
2205 3480 2396 3522 formaliter
2401 3491 2414 3519 ;
2434 3481 2476 3511 ita

1410 3527 1500 3567 quod
1519 3536 1629 3556 sensus
1653 3526 1736 3556 tituli
1753 3533 1812 3557 est:
1838 3526 1954 3557 Utrum
1972 3526 2096 3565 bonum
2114 3525 2288 3556 formaliter
2306 3525 2346 3555 sit
2360 3525 2475 3555 forma-

1411 3571 1481 3601 liter
1508 3571 1576 3609 ipsa
1600 3570 1679 3600 ratio
1703 3569 1774 3600 finis
1806 3570 1837 3600 in
1869 3576 1939 3600 actu
1964 3567 2114 3605 eiercim,
2139 3569 2219 3600 idest
2242 3576 2380 3600 exerceat
2405 3579 2475 3599 cau-

1411 3615 1566 3645 salitatem
1591 3613 1735 3644 finalem:
1761 3614 1846 3644 verbi
1869 3613 1982 3654 gratia,
2008 3613 2033 3643 si
2058 3613 2178 3644 dicatur
2201 3613 2289 3654 quod
2312 3615 2340 3643 A
2365 3612 2399 3643 fit
2422 3619 2476 3643 aut
