2768 4178
335 264 384 299 68

334 342 408 382 quia
436 341 468 371 iri
493 341 629 371 univoca
657 340 772 371 eodem
800 341 915 376 modo,
945 340 977 370 in
1001 339 1174 381 aequivoca
1202 349 1277 370 vero
1306 339 1403 370 excel-

333 386 469 417 lentiori.

390 430 441 460 ΙΙΙ.
458 430 595 460 Adverte
619 436 725 459 tamen
750 429 810 465 hic,
828 429 917 470 quod
933 429 1080 460 effectum
1104 438 1171 459 esse
1186 428 1219 458 in
1244 437 1338 458 causa
1355 437 1404 458 ae-

333 474 470 514 quivoca
485 473 693 504 excellentiori
710 473 820 509 modo,
838 474 992 514 contingit
1008 472 1188 513 dupliciter:
1206 482 1272 502 uno
1293 472 1403 508 modo,

324 518 517 559 formaliter
531 523 560 548 et
578 518 760 549 virtualiter
782 518 880 549 simul
886 528 899 556 ;
924 518 987 548 alio
1004 517 1114 553 modo,
1131 516 1315 548 virtualiter
1334 521 1404 547 tan-

333 569 410 593 tum.
436 562 629 602 Exemplum
653 562 763 603 primi:
784 563 895 593 lumen
919 569 949 593 et
973 561 1187 602 diaphaneitas
1211 561 1244 590 in
1269 560 1405 601 corpori—

333 608 392 637 bus
416 607 617 643 caelestibus‚
642 613 786 647 respectu
815 606 1012 638 inferiorum.
1034 605 1228 645 Exemplum
1257 605 1403 636 secundi:

333 651 418 681 calor
433 651 465 681 in
482 651 559 687 sole,
578 658 607 682 et
623 652 655 681 in
676 651 863 693 corporibus
879 651 1091 682 inferioribus.
1110 650 1144 679 In
1164 649 1341 690 proposito,
1359 655 1405 680 est

333 706 437 726 sermo
455 696 493 726 de
513 695 625 726 effectu
649 696 874 736 praeexistente
890 696 923 726 in
947 705 1049 731 causa,
1067 704 1134 725 non
1157 694 1266 724 solum
1288 693 1404 724 virtua-

332 740 410 775 liter,
431 740 487 770 sed
510 740 606 771 etiam
621 740 808 772 formaliter:
834 741 920 771 unde
944 747 974 771 et
989 740 1077 770 Deus
1102 745 1148 769 est
1162 739 1268 769 bonus
1287 737 1404 768 forma-

331 784 401 815 liter
425 791 455 815 et
477 784 659 816 virtualiter.
687 784 835 816 Efficacia
858 784 989 816 rationis
1019 783 1171 814 fundatur
1203 792 1299 823 super
1321 782 1402 818 hoc,

324 829 421 869 ‚quod
437 835 570 871 uterque
594 829 721 861 effectus
737 840 849 861 causae
865 829 1056 870 aequivocae
1076 827 1287 859 excellentiori
1303 826 1403 857 modo

333 880 379 904 est
402 874 434 904 in
458 874 526 915 ipsa
550 884 644 905 causa
667 884 766 915 quam
785 875 817 905 in
842 874 964 905 effectu.
982 874 1022 904 Et
1044 873 1117 903 ideo
1140 872 1242 903 littera
1261 871 1404 901 indistin-

1042 261 1311 308 QUAESTio
1343 261 1413 308 vi,
1443 261 1743 298 ARTicuLUS
1774 262 1823 297 111

1459 346 1507 370 cte
1531 340 1569 370 de
1593 340 1692 370 modo
1713 339 1835 370 essendi
1860 339 1987 370 effectus
2010 339 2043 369 in
2059 349 2153 369 causa
2177 339 2351 380 aequivoca
2375 338 2532 379 loquitur:

1459 384 1614 424 quoniam
1638 385 1699 414 hoc
1723 383 1897 415 sufficiebat
1920 384 2059 419 intento,
2089 383 2206 414 scilicet
2226 383 2317 424 quod
2340 383 2533 414 excellentis-

1459 427 1541 458 simo
1566 428 1666 459 modo
1690 428 1814 459 bonitas
1840 428 2022 459 conveniret
2045 429 2126 458 Deo.
2152 428 2219 458 Iam
2243 427 2329 458 enim
2352 427 2384 457 in
2408 437 2533 468 praece-

1460 472 1545 503 denti
1576 473 1709 503 articulo
1745 473 1920 504 stabilitum
1955 480 2019 503 erat
2055 473 2143 513 quod
2178 471 2353 502 formaliter
2386 472 2534 502 convenit

1459 517 1574 548 eidem.

1515 561 1568 592 IV.
1589 561 1624 591 In
1641 561 1850 602 responsione
1874 562 1913 591 ad
1933 562 2120 597 secundum,
2146 562 2270 591 adverte
2288 561 2378 601 quod
2401 570 2533 600 respon-

1459 605 1507 635 sio
1532 605 1675 637 consistit
1693 606 1726 636 in
1750 606 1957 637 conversione
1973 605 2216 647 propositionis:
2242 606 2360 636 bonum
2385 610 2432 636 est
2449 605 2535 646 quod

1459 651 1567 680 omnia
1590 655 1756 691 appetunt,
1781 650 1870 686 idest,
1891 651 1976 691 quod
1999 652 2108 681 omnia
2130 655 2295 691 appetunt,
2311 655 2358 680 est
2381 649 2509 680 bonum.

1515 694 1554 725 V.
1573 694 1608 724 In
1632 695 1840 735 responsione
1864 695 1904 725 ad
1927 695 2072 731 tertium,
2097 695 2223 726 adverte
2247 694 2337 735 quod
2361 704 2409 724 res
2433 693 2533 724 diver—

1459 748 1572 769 sorum
1587 748 1741 779 generum
1761 739 1909 770 dicuntur
1925 740 2015 770 nullo
2031 740 2131 770 modo
2147 739 2387 780 comparabiles,
2403 737 2533 779 quando

1460 782 1660 823 accipiuntur
1683 790 1719 814 ut
1742 783 1796 820 sic,
1812 784 1893 815 idest
1915 784 2108 825 inquantum
2132 791 2206 815 sunt
2229 783 2262 814 iri
2286 782 2416 814 diversis
2440 792 2534 823 gene-

1459 827 1556 858 ribus.
1573 827 1606 858 Si
1630 827 1716 858 enim
1739 833 1940 859 sumerentur
1963 829 2140 859 secundum
2163 828 2295 870 aliquod
2317 827 2534 868 praedicatum

1459 881 1491 901 in
1516 881 1583 911 quo
1608 872 1823 908 convenirent,
1841 880 1971 913 possent
1995 873 2181 914 comparari.

1144 998 1464 1041 ARTICULUS
1492 998 1723 1046 TERTIUS

798 1080 955 1111 UTRUM
979 1078 1080 1110 ESSE
1104 1078 1260 1109 BONUM
1283 1078 1367 1108 PER
1390 1077 1634 1109 ESSENTIAM
1658 1078 1726 1109 Sir
1749 1078 1973 1110 PROPRIUM
1996 1079 2068 1110 DEI

592 1155 601 1179 Ι
624 1155 699 1180 Cont.
722 1155 807 1183 Gent„
828 1161 883 1186 cap.
902 1160 1007 1183 xxxviii;
1027 1153 1066 1181 ΙΙΙ,
1086 1160 1143 1186 cap.
1161 1160 1205 1183 ¹¹3
1226 1153 1268 1178 De
1291 1152 1386 1181 Verit„
1406 1160 1451 1185 qu.
1470 1160 1519 1181 xxi,
1539 1157 1586 1178 art.
1605 1160 1626 1183 i,
1646 1153 1678 1177 ad
1694 1160 1702 1176 i
1713 1159 1720 1182 ;
1740 1157 1786 1177 art.
1808 1152 1821 1176 5
1828 1160 1835 1183 ;
1859 1153 2003 1184 Compend.
2022 1152 2120 1184 Theol„
2139 1161 2195 1187 cap.
2215 1162 2257 1180 cxx
2264 1163 2271 1185 ;

916 1188 949 1214 db
968 1189 1031 1214 Di'v.
1050 1189 1139 1220 Nom„
1159 1196 1216 1221 cap.
1235 1196 1269 1217 iv,
1288 1189 1347 1213 lect.
1366 1195 1388 1218 ις
1407 1188 1433 1212 in
1452 1189 1525 1213 Boet.
1544 1188 1577 1213 de
1596 1188 1773 1217 Hebdomad„
1794 1189 1852 1213 lect.
1871 1196 1908 1219 iii,
1928 1196 1962 1213 iv.

374 1301 423 1328 a»,
456 1291 526 1338 st«
548 1285 569 1309 n
589 1283 749 1309 TERTIUM
769 1283 822 1308 su:
847 1282 1088 1307 PROCEDITUR.
1118 1269 1279 1306 Videtur
1298 1269 1404 1317 quod

349 1311 529 1380 ἦν’ἳιή
549 1338 630 1363 esse
660 1326 807 1361 bonum
829 1336 898 1373 per
918 1323 1122 1361 essentiam
1151 1335 1231 1360 non
1251 1322 1297 1360 sit
1316 1335 1404 1372 pro-

353 1374 402 1436 Α
414 1361 674 1428 prium
704 1378 788 1415 Dei.
826 1378 932 1415 Sicut
961 1377 1063 1414 enim
1093 1388 1215 1413 unum
1245 1388 1406 1413 conver-

393 1405 492 1465 §⁶5³3
507 1422 636 1470 &titur
656 1444 745 1468 cum
767 1439 864 1479 ente,
885 1431 935 1468 ita
955 1438 991 1468 et
1010 1431 1171 1478 bonum,
1191 1438 1233 1467 ut
1258 1442 1373 1478 supra
1387 1429 1407 1451 '¹‘

333 1486 507 1524 habitum
537 1494 602 1523 est.
635 1485 711 1523 Sed
732 1497 849 1522 omne
870 1497 937 1522 ens
963 1491 1020 1521 est
1046 1496 1169 1521 unum
1198 1496 1268 1533 per
1295 1495 1406 1520 suam

334 1540 551 1587 essentiam,
581 1547 623 1576 ut
650 1546 753 1588 patet
780 1551 850 1587 per
871 1538 1152 1587 Philosophum
1182 1537 1221 1574 in
1251 1537 1302 1574 lV
1320 1538 1406 1574 Me-

215 1603 238 1647 ss*
287 1606 304 1650 j
333 1595 479 1643 taphys.
506 1593 526 1615 ’¹‘
555 1594 656 1641 Ergo
686 1604 803 1629 omne
841 1603 908 1629 ens
938 1599 994 1628 est
1021 1591 1170 1628 bonum
1197 1603 1268 1640 per
1295 1602 1406 1627 suarn

90 2610 135 2658 ¹⁶8.
146 2599 194 2632 Ths
207 2611 260 2632 lect.
272 2616 304 2637 iii,

100 2644 120 2658 V.

190 2674 206 2699 Υ

92 2777 99 2784 ·
116 2776 143 2798 Ι).
159 2782 208 2804 293.

334 1655 549 1685 essentiam.

389 1713 422 1737 2.
454 1702 695 1746 PRAETEREA,
726 1698 756 1736 si
785 1699 933 1735 bonum
963 1705 1018 1735 est
1046 1697 1153 1747 quod
1182 1697 1314 1735 omnia
1341 1709 1407 1746 ap-

332 1762 479 1803 petunt,
502 1766 590 1791 cum
616 1753 743 1802 ipsum
765 1764 847 1788 esse
868 1751 914 1788 sit
935 1751 1194 1789 desideratum
1215 1751 1263 1788 ab
1284 1750 1407 1787 omni-

333 1809 424 1854 bus,
455 1807 583 1856 ipsum
622 1818 704 1843 esse
741 1805 940 1843 cuiuslibet
968 1805 1021 1842 rei
1051 1812 1107 1842 est
1135 1805 1216 1841 eius
1245 1805 1405 1841 bonum.

334 1861 412 1898 Sed
441 1860 634 1909 quaelibet
662 1872 722 1896 res
751 1867 806 1896 est
844 1871 912 1896 ens
950 1871 1019 1908 per
1047 1870 1158 1895 suam
1189 1857 1404 1895 essentiam.

333 1915 436 1962 Ergo
466 1913 659 1962 quaelibet
687 1925 747 1950 res
767 1919 824 1949 est
844 1913 947 1949 bona
966 1924 1037 1962 per
1056 1924 1166 1949 suam
1187 1911 1404 1949 essentiam.

389 1969 422 2005 3.
454 1969 688 2014 PRAETEREA,
719 1965 845 2003 omnis
875 1978 935 2003 res
963 1977 1032 2014 per
1061 1977 1172 2002 suam
1193 1964 1404 2002 bonitatem

334 2029 388 2058 est
417 2021 532 2058 bona.
573 2020 612 2057 Si
641 2020 753 2068 igitur
790 2019 916 2068 aliqua
950 2031 1010 2056 res
1039 2026 1095 2055 est
1122 2030 1222 2067 quae
1251 2030 1331 2056 non
1360 2017 1407 2055 sit

332 2075 435 2111 bona
463 2086 532 2123 per
561 2085 671 2110 suam
707 2072 932 2120 essentiam,
963 2072 1156 2122 oportebit
1188 2072 1295 2121 quod
1325 2071 1405 2109 eius

332 2127 482 2165 bonitas
511 2139 590 2164 non
625 2126 671 2164 sit
699 2139 769 2164 sua
798 2126 972 2163 essentia.
1016 2127 1082 2163 Illa
1115 2137 1206 2174 ergo
1236 2125 1404 2171 bonitas,

333 2194 420 2218 cum
441 2181 487 2218 sit
511 2193 578 2217 ens
598 2180 810 2229 quoddam,
831 2187 983 2228 oportet
1002 2179 1107 2229 quod
1127 2179 1174 2216 sit
1191 2179 1310 2216 bona:
1333 2186 1369 2215 et
1387 2185 1405 2200 ‘³‘

333 2234 363 2271 si
394 2234 553 2282 quidem
582 2234 654 2271 alia
682 2233 871 2278 bonitate,
902 2233 1041 2270 iterum
1070 2233 1117 2270 de
1147 2232 1208 2269 illa
1237 2232 1405 2269 bonitate

334 2295 549 2336 quaeretur.
581 2289 658 2323 Aut
682 2299 772 2334 ergo
798 2286 866 2323 erit
884 2286 1096 2335 procedere
1125 2286 1163 2323 in
1192 2285 1404 2323 infinitum:

334 2349 400 2378 aut
418 2341 550 2378 venire
569 2339 586 2369 β
615 2340 663 2380 ad
683 2340 851 2388 aliquam
873 2340 1083 2377 bonitatem
1113 2351 1212 2389 quae
1238 2351 1317 2376 non
1338 2338 1407 2376 erit

334 2395 438 2431 bona
465 2407 535 2443 per
563 2393 676 2431 aliam
706 2393 928 2430 bonitatem.
960 2393 1111 2430 Eadem
1141 2405 1230 2441 ergo
1261 2392 1406 2430 ratione

334 2448 513 2485 standum
548 2455 603 2484 est
632 2447 670 2484 in
698 2447 837 2496 primo.
877 2448 954 2484 Res
991 2446 1103 2495 igitur
1130 2445 1322 2495 quaelibet
1351 2454 1407 2483 est

334 2502 437 2538 bona
465 2514 534 2550 per
561 2513 671 2538 suam
699 2500 915 2538 essentiam.

390 2555 464 2591 SED
494 2566 639 2592 CONTRA
669 2566 734 2591 EST
762 2553 868 2603 quod
889 2553 978 2591 dicit
997 2552 1165 2600 Boetius,
1187 2552 1225 2589 in
1245 2553 1341 2590 libro
1361 2554 1407 2590 de

334 2608 573 2645 Hebdomad.
590 2607 621 2654 *,
644 2605 748 2656 q'uod
768 2607 841 2644 alia
861 2606 993 2644 omnia
1009 2611 1023 2633 ⁷
1043 2619 1065 2644 a
1085 2607 1171 2644 Deo
1196 2614 1285 2644 sun-t
1303 2607 1406 2644 bona

334 2674 402 2710 per
431 2661 770 2710 participationem.
803 2661 895 2697 Non
924 2659 1036 2708 igitur
1063 2672 1133 2709 per
1161 2660 1377 2697 essentiam.

388 2715 614 2751 Respowmzo
644 2726 828 2752 DlCENDUM
858 2714 963 2762 quod
993 2714 1097 2750 solus
1126 2714 1232 2750 Deus
1261 2721 1318 2751 est
1339 2714 1406 2751 bo-

334 2781 405 2805 nus
434 2780 502 2816 per
530 2780 639 2804 suam
669 2767 872 2804 essentiam
892 2767 923 2803 *.
954 2766 1274 2815 Unumquodque
1303 2767 1405 2804 enim

336 2821 471 2858 dicitur
499 2821 657 2868 bonum,
679 2821 895 2858 secundum
923 2820 1029 2870 quod
1055 2818 1068 2841 δ
1098 2827 1153 2857 est
1179 2821 1405 2870 perfectum.

334 2873 520 2911 Perfectio
550 2882 678 2911 autem
708 2874 864 2911 alicuius
894 2874 946 2910 rei
966 2883 975 2898 ε
1010 2874 1142 2923 triplex
1171 2881 1237 2911 est.
1277 2874 1407 2911 Prima

334 2927 504 2976 quidem,
526 2928 739 2965 secundum
769 2927 874 2976 quod
903 2927 940 2964 in
961 2940 1032 2965 suo
1053 2940 1135 2964 esse
1156 2927 1404 2965 constituitur.

335 2981 512 3018 Secunda
540 2994 648 3028 vero,
678 2989 793 3030 prout
822 2981 854 3018 ei
885 2981 1011 3029 aliqua
1040 2981 1250 3018 accidentia
1277 2993 1408 3031 super-

334 3035 536 3081 adduntur,
553 3035 603 3072 ad
622 3047 732 3071 suam
753 3035 961 3083 perfectam
992 3034 1256 3083 operationem
1277 3047 1406 3072 neces-

335 3088 432 3125 saria
451 3088 475 3125 ζ.
502 3088 630 3125 Tertia
659 3100 754 3125 vero
775 3088 957 3137 perfectio
979 3088 1137 3125 alicuius
1158 3096 1213 3126 est
1231 3100 1301 3138 per
1319 3089 1406 3135 hoc,

334 3141 440 3189 quod
468 3141 611 3190 aliquid
640 3141 742 3178 aliud
762 3150 777 3172 η
807 3141 951 3189 attingit
979 3141 1075 3178 sicut
1102 3142 1234 3179 finem.
1265 3141 1406 3190 Utpote

334 3195 457 3243 prima
477 3195 660 3244 perfectio
680 3195 775 3243 ignis
795 3194 964 3232 consistit
987 3195 1024 3232 in
1044 3207 1139 3242 esse,
1166 3196 1273 3244 quod
1292 3195 1407 3232 habet

334 3246 430 3296 per⁰
450 3261 558 3285 suam
584 3249 747 3285 formam
775 3248 1083 3285 substantialem:
1114 3248 1283 3286 secunda
1310 3260 1405 3285 vero

390 3362 416 3391 α)
437 3364 470 3386 et.
489 3375 508 3382 -
527 3362 588 3386 Om.
608 3362 683 3386 BDE.
701 3375 720 3381 -
739 3362 789 3386 Pro
809 3362 863 3391 ina,
883 3362 938 3387 alia
958 3363 987 3387 B.

390 3394 415 3428 β)
435 3397 533 3422 venire.
552 3411 569 3416 —
589 3397 713 3422 devenire
727 3397 838 3422 codices.
857 3411 876 3416 -
894 3405 962 3430 quae
977 3405 1062 3423 non...
1078 3399 1223 3424 bonitatem
1237 3406 1290 3424 om.
1306 3398 1340 3430 Ε;
1360 3406 1408 3431 pro

335 3431 395 3460 erit,
415 3434 454 3456 est
473 3432 562 3462 ceteri3
582 3440 630 3464 pro
649 3433 740 3462 aliam,
759 3433 877 3466 aliquam
897 3433 989 3458 ACFG
1009 3439 1034 3458 et
1053 3434 1094 3458 ed.
1113 3442 1139 3459 a.

389 3467 415 3499 γ)
435 3467 490 3491 alia
509 3468 608 3492 omnia.
627 3482 644 3486 -
664 3468 754 3493 omnia
773 3468 830 3493 alia
849 3469 961 3493 codices.
976 3483 993 3487 -
1011 3476 1028 3493 a
1050 3469 1106 3494 Deo
1126 3477 1179 3494 om.
1199 3469 1228 3495 C.

389 3501 414 3534 ὅ)
434 3503 577 3527 secundum
596 3503 675 3535 quod.
694 3517 712 3523 -
732 3504 889 3536 inquantum
909 3504 1034 3529 codices..

391 3538 412 3569 ε)
433 3538 480 3562 rei.
498 3551 517 3558 -
535 3538 596 3563 Om.
616 3539 669 3563 BD.

390 3572 414 3603 ζ)
435 3573 592 3598 necessaria.
611 3587 629 3592 -
648 3575 823 3599 necessariam
843 3575 967 3600 ABCEG.

356 3643 374 3668 d
385 3609 416 3676 ᾖ)
436 3608 539 3668 aliqxi‘d
557 3609 640 3634 aliud.
655 3623 673 3628 -
687 3610 724 3635 ad
738 3610 841 3643 aliquid
854 3610 931 3635 aliud
945 3610 1042 3636 ACEF.
1056 3625 1075 3630 -
1089 3611 1139 3636 Pro
1154 3611 1323 3645 sicutflnem,
1338 3611 1407 3636 sicut

337 3650 354 3667 a
412 3650 470 3668 nem
516 3662 522 3668 .

1460 1269 1540 1306 eius
1577 1259 1761 1318 perfectio
1800 1269 1968 1307 consistit
2006 1270 2043 1307 in
2079 1256 2287 1318 caliditate,
2318 1271 2469 1312 levitate
2498 1280 2536 1310 et

1460 1322 1636 1371 siccitate,
1668 1330 1704 1360 et
1731 1322 1975 1361 huiusmodi:
2003 1324 2112 1361 tertia
2135 1337 2231 1361 vero
2251 1324 2433 1374 perfectio
2454 1325 2535 1363 eius

1461 1383 1517 1413 est
1545 1376 1759 1414 secundum
1789 1377 1896 1425 quod
1925 1377 1964 1414 in
1992 1377 2079 1414 loco
2109 1390 2180 1415 suo
2209 1378 2380 1427 quiescit.

1515 1429 1623 1467 Haec
1641 1438 1772 1467 autem
1791 1430 1923 1479 triplex
1942 1430 2126 1479 perfectio
2146 1431 2238 1468 nulli
2258 1439 2385 1469 creato
2400 1439 2408 1452 ¹
2429 1444 2535 1470 com·
2569 1449 2572 1452 >

1460 1483 1553 1532 petit
1581 1483 1796 1521 secundum
1831 1496 1942 1521 suam
1976 1484 2200 1533 essentiam,
2230 1486 2299 1523 sed
2327 1485 2398 1523 soli
2427 1487 2534 1524 Deo:

1462 1537 1571 1574 cuius
1599 1537 1716 1575 solius
1746 1537 1909 1574 essentia
1938 1545 1994 1575 est
2022 1550 2137 1575 suum
2167 1550 2270 1586 esse3
2301 1546 2338 1576 et
2365 1539 2427 1576 cui
2454 1551 2535 1577 non

1461 1590 1673 1628 adveniunt
1695 1591 1820 1640 aliqua
1849 1590 2074 1638 accidentia;
2105 1591 2173 1629 sed
2192 1603 2292 1640 quae
2312 1592 2360 1630 de
2380 1592 2462 1630 aliis
2481 1592 2536 1631 di-

1462 1652 1598 1681 cuntur
1617 1644 1907 1692 accidentaliter,
1929 1644 2000 1682 sibi
2021 1645 2258 1682 conveniunt
2277 1646 2535 1694 essentialiter,

1461 1705 1503 1734 ut
1520 1710 1606 1735 esse
1625 1706 1836 1747 potentem,
1857 1698 2082 1747 sapientem,
2105 1706 2141 1735 et
2159 1699 2381 1737 huiusmodi
2394 1705 2420 1747 ⁸,
2442 1699 2538 1737 sicut

1463 1763 1507 1788 ex
1537 1751 1644 1789 dictis
1662 1751 1682 1773 ’¹‘
1708 1759 1824 1801 patet.
1855 1753 1940 1801 Ipse
1967 1752 2082 1790 etiarn
2111 1752 2161 1790 ad
2189 1752 2280 1790 nihil
2309 1752 2413 1791 aliud
2436 1753 2538 1792 ordi-

1462 1812 1573 1842 natur
1602 1805 1698 1842 sicut
1725 1806 1775 1843 ad
1802 1805 1941 1842 finem:
1971 1805 2040 1843 sed
2069 1805 2150 1855 ipse
2180 1814 2236 1843 est
2263 1806 2420 1844 ultimus
2448 1806 2537 1845 finis

1461 1858 1639 1895 omniurn
1660 1871 1800 1896 rerum.
1830 1859 1943 1896 Unde
1963 1859 2211 1897 manifestum
2231 1867 2288 1897 est
2308 1860 2413 1910 quod
2432 1861 2536 1898 solus

1460 1913 1566 1949 Deus
1594 1912 1711 1949 habet
1739 1911 2007 1950 omnimodam
2026 1913 2301 1962 perfectionem
2321 1914 2535 1952 secundum

1460 1977 1571 2002 suam
1593 1965 1809 2003 essentiam.
1840 1966 1890 2002 Et
1913 1965 2001 2003 ideo
2021 1966 2102 2016 ipse
2122 1967 2226 2004 solus
2245 1975 2302 2004 est
2321 1968 2448 2005 bonus
2466 1980 2537 2017 per

1460 2031 1569 2056 suam
1600 2027 1817 2056 essentiam.

1512 2074 1571 2109 AD
1601 2084 1739 2110 ramum
1768 2083 1866 2110 ERGO
1891 2082 2076 2110 DICENDUM
2096 2073 2202 2122 quod
2221 2086 2343 2112 unum
2367 2086 2447 2112 non
2465 2074 2536 2112 im-

1458 2133 1585 2175 portat
1622 2125 1811 2163 rationem
1846 2125 2090 2174 perfectionis
2117 2125 2150 2173 ³,
2189 2127 2257 2165 sed
2298 2127 2537 2166 indivisionis

1458 2186 1606 2216 tantum
1634 2178 1675 2226 *,
1714 2191 1815 2227 quae
1851 2179 2057 2228 unicuique
2097 2180 2150 2217 rei
2184 2181 2367 2230 competit
2401 2194 2536 2220 secun-

1460 2232 1553 2269 dum
1574 2244 1684 2269 suam
1701 2231 1916 2269 essentiam.
1939 2232 2180 2281 Simplicium
2199 2242 2329 2271 autem
2350 2235 2536 2273 essentiae

1460 2293 1546 2323 sunt
1574 2285 1760 2323 indivisae
1778 2293 1814 2322 et
1833 2294 1919 2323 actu
1949 2294 1985 2323 et
2012 2287 2197 2335 potentia:
2229 2288 2534 2337 compositorum

1459 2351 1554 2376 vero
1569 2345 1589 2366 ι’·
1618 2339 1803 2376 essentiae
1832 2347 1919 2377 sunt
1947 2339 2133 2377 indivisae
2162 2342 2377 2380 secundum
2405 2349 2535 2380 actum

1460 2400 1617 2430 tantum.
1658 2393 1706 2430 Et
1735 2392 1822 2430 ideo
1851 2401 2003 2444 oportet
2039 2394 2146 2442 quod
2181 2395 2374 2444 quaelibet
2401 2407 2462 2434 res
2490 2395 2536 2434 sit

1460 2458 1538 2483 una
1566 2458 1635 2495 per
1669 2458 1779 2483 suam
1817 2445 2041 2484 essentiam:
2073 2459 2151 2484 non
2181 2456 2310 2486 autem
2340 2449 2464 2497 bona,
2494 2457 2536 2487 ut

1462 2507 1660 2537 ostensum
1690 2506 1746 2536 est
1764 2499 1795 2536 ²⁸.

1515 2555 1574 2590 An
1603 2564 1793 2590 SECUNDUM
1823 2565 2008 2591 nicaunum
2038 2555 2155 2603 quod,
2177 2554 2261 2592 licet
2286 2556 2534 2605 unumquod-

1462 2619 1535 2656 que
1555 2607 1601 2643 sit
1615 2606 1769 2644 bonum
1798 2606 2025 2655 inquantum
2045 2608 2162 2645 habet
2190 2620 2287 2656 esse,
2317 2616 2447 2647 tamen
2477 2621 2535 2648 es·

1461 2659 1581 2697 sentia
1619 2660 1671 2696 rei
1710 2667 1857 2697 creatae
1887 2672 1966 2697 non
2005 2668 2061 2698 est
2089 2661 2215 2710 ipsum
2246 2674 2350 2700 esse:
2381 2670 2418 2700 et
2445 2662 2535 2701 ideo

1462 2726 1540 2751 non
1569 2713 1739 2762 sequitur
1768 2714 1873 2762 quod
1903 2726 1961 2751 res
1991 2722 2116 2752 creata
2145 2715 2191 2752 sit
2215 2716 2317 2753 bona
2337 2729 2406 2766 per
2426 2728 2535 2754 suam

1462 2774 1677 2804 essentiam.

1515 2822 1574 2857 AD
1603 2831 1762 2858 TERTIUM
1792 2832 1976 2858 DICENDUM
2006 2822 2113 2870 quod
2141 2821 2292 2860 bonitas
2312 2822 2366 2860 rei
2386 2830 2534 2861 creatae

1462 2886 1541 2911 non
1570 2882 1627 2911 est
1654 2874 1737 2923 ipsa
1766 2873 1846 2910 eius
1877 2875 2055 2924 essentia,
2086 2875 2154 2913 sed
2183 2875 2324 2925 aliquid
2353 2875 2535 2925 superad-

1463 2928 1605 2973 ditum;
1634 2927 1696 2964 vel
1726 2927 1852 2976 ipsum
1883 2939 1965 2965 esse
1996 2929 2171 2975 eius,'vel
2197 2928 2324 2978 aliqua
2350 2929 2534 2978 perfectio

1462 2980 1718 3031 superaddita,
1739 2981 1801 3018 vel
1821 2981 1918 3018 ordo
1939 2982 1988 3019 ad
2012 2982 2144 3020 finem.
2175 2983 2261 3031 Ipsa
2280 2989 2411 3020 tamen
2430 2989 2442 3003 ’
2466 2983 2535 3020 bo-

1463 3035 1558 3072 nitas
1578 3034 1631 3071 sic
1650 3034 1895 3084 superaddita
1916 3035 2050 3073 dicitur
2064 3036 2167 3073 bona
2187 3034 2283 3072 sicut
2303 3043 2339 3072 et
2358 3047 2442 3073 ens:
2462 3037 2535 3074 hac

1462 3096 1591 3126 autem
1613 3087 1757 3125 ratione
1779 3087 1914 3125 dicitur
1930 3101 2008 3137 ens,
2030 3088 2120 3138 quia
2139 3100 2185 3126 ea
2205 3096 2261 3126 est
2280 3088 2434 3138 aliquid,
2455 3102 2535 3128 non

1461 3141 1550 3191 quia
1577 3141 1658 3190 ipsa
1679 3140 1807 3190 aliquo
1827 3141 1901 3178 alio
1922 3142 1978 3179 sit.
2009 3141 2122 3180 Unde
2141 3142 2214 3179 hac
2234 3142 2379 3180 ratione
2400 3142 2535 3181 dicitur

1462 3195 1576 3242 bona,
1598 3195 1687 3244 quia
1707 3207 1753 3232 ea
1768 3191 1781 3218 ε
1801 3202 1856 3232 est
1875 3195 2018 3245 aliquid
2046 3196 2212 3232 bonum:
2243 3207 2323 3233 non
2343 3196 2434 3244 quia
2451 3196 2535 3246 ipsa

1461 3248 1601 3286 habeat
1629 3247 1796 3296 aliquam
1827 3249 1941 3286 aliam
1979 3248 2209 3295 bonitatem,
2240 3261 2316 3297 qua
2345 3250 2391 3287 sit
2419 3250 2533 3288 bona.

1516 3361 1540 3395 θ)
1554 3363 1626 3395 quod
1638 3363 1717 3388 habet
1726 3370 1787 3396 per.
1801 3377 1819 3382 -
1833 3363 1905 3396 quod
1917 3363 1995 3388 habet
2007 3363 2151 3388 secundum
2168 3363 2290 3395 CDEFG,
2303 3364 2448 3390 secundum
2462 3364 2536 3398 quod

1462 3398 1540 3424 habet
1559 3399 1588 3429 B,
1603 3405 1656 3431 per
1674 3399 1747 3431 quod
1765 3399 1844 3424 habet
1862 3399 1903 3424 ed.
1917 3405 1944 3423 a.

1516 3433 1535 3466 ι)
1555 3437 1655 3459 creato.
1673 3447 1692 3453 -
1709 3437 1820 3460 causato
1839 3433 1942 3459 codices
1961 3439 1986 3458 et
2005 3434 2045 3459 ed.
2060 3441 2085 3458 a.

1515 3469 1540 3501 κ)
1561 3469 1723 3495 huiusmodi.
1741 3483 1760 3488 -
1778 3469 1832 3494 ali'a
1851 3469 2005 3494 huiusmodi
2023 3469 2133 3494 codices.

1514 3503 1542 3537 λ)
1559 3505 1742 3539 per-sectionis.
1756 3518 1775 3523 -
1787 3504 1857 3530 sicut
1876 3504 1972 3530 bonum
1993 3505 2062 3530 addit
2082 3505 2111 3530 B.
2126 3519 2144 3525 -
2158 3505 2209 3531 Pro
2224 3505 2279 3535 sed,
2294 3505 2357 3538 qui'a
2371 3505 2401 3536 C,
2414 3511 2458 3530 seu
2473 3505 2502 3530 Ρ.
2516 3519 2535 3524 -

1462 3539 1513 3564 Pro
1532 3540 1682 3570 essentiam,
1694 3541 1818 3573 sormam
1838 3540 1867 3564 B.

1516 3575 1545 3609 μ)
1565 3582 1636 3600 vero.
1655 3588 1674 3594 -
1691 3578 1780 3600 autem
1801 3575 1904 3600 codices
1923 3581 1949 3600 et
1967 3576 2026 3600 edd.
2045 3576 2096 3601 ab.

1515 3611 1539 3642 ν)
1559 3613 1658 3635 tamen.
1671 3623 1688 3630 -
1702 3613 1791 3636 autem
1811 3611 1887 3636 codd.
1901 3616 1926 3636 et
1946 3612 1987 3636 ed.
2005 3619 2031 3636 a.
2049 3625 2068 3631 -
2085 3612 2124 3637 εἰς
2143 3617 2202 3637 aute
2220 3611 2321 3637 dicitur
2340 3616 2441 3644 ponunt
2459 3611 2534 3636 codd.

1516 3643 1539 3678 ξ)
1559 3653 1598 3671 ea.
1612 3659 1631 3666 ·—
1645 3646 1712 3671 Ante
1732 3645 1827 3671 bonum
1848 3651 1947 3678 ponunt
1962 3647 2100 3672 ABDEFG
2114 3653 2138 3672 et
2156 3647 2215 3672 edd.
2233 3647 2281 3677 ab,
2301 3651 2413 3679 utroque
2433 3647 2491 3672 ioco
2506 3646 2535 3672 C.

2664 1712 2679 1728 x

2563 1759 2575 1770 ⁸
2591 1758 2640 1787 Qu.
2652 1764 2687 1786 in.
2702 1758 2768 1781 nrt.6

2565 2195 2573 2203 ·
2589 2192 2618 2215 D.
2633 2198 2685 2221 ¹¹⁹¹·

2563 2508 2572 2517 '
2585 2506 2614 2531 11¹
2629 2512 2694 2534 corp.
