2768 4178
942 288 1209 335 QUAESTIO
1239 291 1380 339 XL111,
1409 292 1706 331 ARTICULUS
1734 294 1802 332 VII

269 366 420 413 fiebant
446 378 532 402 cum
555 366 619 403 Iex
645 367 800 403 daretur
827 367 863 404 in
894 373 1039 404 monte:
1067 369 1119 405 ad
1149 370 1220 405 hoc
1248 370 1347 406 enim

281 430 410 455 rerum
431 419 582 456 illarum
603 420 810 467 corporalis
838 420 958 456 extitit
973 421 1122 468 species,
1150 427 1191 458 ut
1207 422 1350 470 aliquid

248 509 251 511 ,
279 471 522 521 significaret,
543 478 654 520 atque
675 473 903 520 praeteriret
918 479 948 509 μ.
970 494 994 500 -
1017 473 1079 510 Sic
1107 473 1217 522 igitur
1245 482 1347 523 patet

281 525 387 573 quod
413 524 543 562 missio
570 525 728 563 visibilis
749 537 876 574 neque
904 526 1106 564 attenditur
1134 528 1346 566 secundum

279 577 481 614 visiones‘
507 578 759 627 propheticas,
785 590 883 626 quae
912 579 1063 616 fuerunt
1090 579 1345 628 imaginariae,

280 638 317 667 et
336 643 415 667 non
444 631 680 679 corporales:
710 643 834 679 neque
863 632 1075 669 secundum
1096 633 1201 681 signa
1225 646 1347 671 sacra-

278 683 460 721 mentalia
489 683 629 722 veteris
662 691 698 721 et
724 684 817 720 novi
846 685 1103 734 Testamenti,
1137 686 1174 724 in
1209 687 1346 737 quibus

279 737 470 787 quaedam
490 749 549 774 res
567 736 861 784 praeexistentes
882 747 1126 777 assumuntur
1141 740 1191 777 ad
1206 740 1347 790 aliquid

277 789 583 838 significandum.
614 789 692 827 Sed
721 790 879 840 Spiritus
900 792 1061 830 Sanctus
1079 792 1273 831 visibiliter
1293 794 1346 832 di-

277 842 372 880 citur
396 855 478 880 esse
505 842 655 891 missus,
684 843 911 894 inquantum
939 845 1006 883 fuit
1029 842 1260 886 monstratus
1275 844 1289 870 ⁵
1307 848 1345 884 in

277 895 508 945 quibusdam
537 896 728 944 creaturis,
758 896 854 935 sicut
880 897 919 936 in
939 898 1064 947 signis,
1090 900 1140 937 ad
1158 900 1234 940 hoc
1261 913 1344 950 spe-

278 948 420 987 cialiter
446 948 563 987 factis.

329 1004 388 1040 AD
416 1013 577 1040 TERTIUM
605 1014 789 1041 DICENDUM
813 1004 931 1053 quod,
951 1004 1038 1042 licet
1057 1004 1135 1042 illas
1156 1014 1344 1045 creaturas

274 1054 443 1093 visibiles
470 1063 549 1094 tota
578 1055 744 1094 Trinitas
773 1064 930 1107 operata
956 1058 1003 1096 sit
1022 1063 1045 1105 ⁰,
1075 1067 1204 1097 tamen
1224 1059 1343 1097 factae

275 1116 363 1147 sunt
385 1109 434 1147 ad
454 1108 795 1147 demonstrandum
815 1110 1024 1159 specialiter
1042 1111 1141 1150 hanc
1159 1112 1222 1149 vel
1241 1112 1343 1150 illam

274 1161 499 1200 Personam.
531 1162 635 1200 Sicut
654 1162 758 1201 enim
783 1163 940 1201 diversis
960 1164 1180 1203 nominibus
1196 1170 1213 1187 ⁷²
1234 1165 1344 1215 signi-

274 1215 438 1254 ficantur
470 1216 583 1253 Pater
615 1222 651 1252 et
678 1215 794 1253 Filius
823 1223 859 1254 et
886 1216 1046 1266 Spiritus
1080 1218 1262 1265 Sanctus,
1292 1219 1344 1255 ita

274 1268 577 1320 etiamffcliyersis
605 1268 720 1306 rebus
739 1268 941 1316 significari
959 1277 1180 1318 potuerunt3
1209 1283 1342 1319 quam-

273 1321 339 1360 vis
355 1320 455 1359 inter
483 1334 549 1360 eos
577 1322 679 1360 nulla
706 1322 752 1359 sit
779 1322 966 1372 separatio
995 1330 1060 1360 aut
1087 1323 1295 1362 diversitas.

326 1376 386 1412 An
411 1386 585 1418 QUARTUM
608 1387 792 1413 DlCENDUM
821 1376 926 1426 quod
948 1387 1155 1426 personam
1175 1376 1257 1415 Filii
1277 1376 1341 1416 de-

274 1427 405 1466 clarari
433 1428 601 1477 oportuit
636 1435 678 1466 ut
705 1427 1013 1466 sanctificationis
1040 1431 1272 1476 Auctorem,
1301 1438 1343 1468 ut

272 1479 416 1519 dictum
436 1488 493 1518 est
506 1480 542 1519 *ε
564 1488 600 1518 et
618 1481 706 1518 ideo
727 1481 894 1530 oportuit
913 1482 1020 1532 quod
1038 1482 1170 1521 missio
1185 1482 1342 1521 visibilis

268 1533 356 1572 Filii
383 1533 492 1571 fieret
519 1535 732 1572 secundum
761 1542 936 1573 naturam
966 1535 1206 1582 rationalem,
1235 1536 1341 1574 cuius

272 1594 328 1625 est
355 1599 480 1636 agere,
511 1594 547 1624 et
575 1587 635 1625 cui
663 1594 789 1636 potest
815 1596 1034 1638 competere
1064 1588 1299 1628 sanctificare
1313 1596 1339 1628 Ρ.

272 1639 460 1679 IndicIum
489 1647 618 1679 autem
647 1640 954 1679 sanctificationis
982 1654 1066 1679 esse
1083 1642 1207 1691 potuit
1225 1655 1341 1692 quae-

266 1705 440 1743 cumque
465 1693 538 1733 alia
558 1701 738 1732 creatura.
769 1694 907 1743 Neque
928 1694 1094 1744 oportuit
1113 1696 1218 1743 quod
1238 1708 1341 1734 crea-

218 1787 221 1790 ,
270 1753 355 1785 tura
367 1745 591 1792 visibilisssad
604 1747 680 1785 hoc
699 1747 872 1796 formata,
890 1755 988 1785 esset
1007 1756 1203 1798 assumpta
1218 1761 1240 1787 a
1256 1749 1340 1798 Spi-

269 1798 344 1839 ritu
366 1800 510 1838 Sancto
529 1799 569 1837 in
587 1799 770 1838 unitatem
788 1812 998 1850 personae:
1027 1814 1116 1840 cum
1136 1814 1215 1839 non
1233 1815 1339 1840 assu-

271 1860 439 1892 meretur
465 1853 517 1891 ad
540 1853 682 1903 aliquid
701 1853 906 1901 agendum,
935 1854 1004 1892 sed
1023 1855 1072 1893 ad
1091 1854 1338 1894 indicandum

269 1913 430 1945 tantum.
446 1927 470 1934 -
487 1907 536 1944 Et
550 1914 705 1957 propter
719 1907 794 1945 hoc
819 1907 931 1945 etiam
952 1919 1031 1946 non
1051 1908 1217 1957 oportuit
1235 1909 1340 1958 quod

271 1960 434 2007 duraret,
465 1959 535 1997 nisi
563 1959 733 2008 quandiu
761 1967 957 2009 perageret
984 1961 1156 1999 officium
1185 1974 1311 2000 suum.

323 2014 383 2050 AD
413 2024 576 2056 Qumrum
603 2025 788 2051 DICENDUM
817 2014 922 2062 quod
949 2013 1034 2052 illae
1059 2022 1251 2052 creaturae
1283 2015 1340 2052 vi-

269 2065 395 2103 sibiles
423 2066 609 2103 formatae
643 2074 731 2103 sunt
757 2066 964 2104 ministerio
989 2068 1231 2116 angelorum:
1261 2081 1339 2105 non

269 2126 400 2158 tamen
432 2119 482 2157 ad
519 2119 810 2167 significandum
846 2132 1052 2169 personam
1085 2121 1233 2169 angeli,
1270 2121 1339 2159 sed

269 2173 319 2210 ad
347 2172 636 2220 significandam
656 2185 862 2221 personam
889 2173 1048 2222 Spiritus
1068 2174 1206 2212 Sancti.
1238 2175 1338 2222 Quia

267 2225 379 2274 igitur
407 2226 567 2274 Spiritus
596 2227 757 2263 Sanctus
786 2233 865 2264 erat
892 2226 931 2264 in
959 2226 1027 2265 illis
1055 2227 1233 2265 creaturis
1252 2228 1339 2264 visi-

268 2278 406 2316 bilibus
434 2279 530 2316 sicut
557 2279 746 2327 signatum
775 2279 814 2316 in
842 2279 966 2328 signo,
995 2288 1151 2329 propter
1178 2281 1253 2317 hoc
1282 2294 1339 2318 se-

269 2332 439 2369 cundum
469 2345 533 2369 eas
562 2332 722 2381 Spiritus
752 2333 912 2370 Sanctus
939 2332 1134 2370 visibiliter
1160 2333 1255 2371 mitti
1284 2334 1338 2371 di-

268 2385 374 2433 citur,
405 2393 442 2422 et
468 2398 547 2422 non
576 2387 742 2434 angelus.

320 2440 380 2476 An
408 2451 550 2476 313wa
578 2451 763 2476 DICENDUM
792 2439 899 2487 quod
926 2451 1005 2476 non
1034 2446 1089 2476 est
1109 2440 1156 2476 de
1175 2439 1337 2477 necessi-

266 2497 341 2530 tate
368 2491 566 2530 invisibilis
595 2492 801 2539 missionis,
830 2499 872 2529 ut
899 2504 1052 2540 semper
1078 2492 1338 2531 manifestetur

321 2605 351 2640 μ)
365 2607 538 2638 praeteriret.
555 2620 575 2626 -
587 2606 759 2638 praediceret
775 2606 844 2632 PFa.
861 2620 881 2626 -
899 2607 950 2632 Pro
964 2609 1050 2638 patet,
1065 2609 1180 2639 apparet
1197 2607 1225 2632 P.

320 2642 344 2675 ν)
364 2641 486 2667 visiones.
504 2656 523 2662 -
541 2642 678 2668 missiones
697 2641 753 2668 EG.

321 2675 345 2709 ξ)
365 2680 539 2703 monstratus,
556 2691 576 2696 —
594 2677 655 2702 Om.
675 2676 777 2702 codices
796 2682 822 2702 et
838 2677 891 2702 ab.

321 2713 346 2745 ο)
366 2716 479 2745 operata
496 2713 540 2738 sit.
558 2726 577 2731 —
588 2712 658 2746 fecit
675 2713 704 2742 B,
716 2712 817 2746 secer-it
835 2713 921 2739 ceteri.

319 2747 351 2780 π)
371 2748 530 2773 nominibus.
548 2761 567 2766 —
585 2747 690 2773 vocibus
709 2748 810 2773 codices
827 2753 855 2772 et
873 2748 914 2772 ed.
928 2755 954 2772 a.
972 2761 990 2767 -
1008 2747 1059 2772 Pro
1080 2748 1281 2782 significantur,
1301 2748 1337 2773 si-

266 2783 414 2817 gnificatur·
432 2783 502 2809 PGb.
520 2798 538 2803 —
557 2783 608 2809 Pro
627 2783 667 2809 ita
685 2783 779 2812 etiam,
803 2783 844 2809 ita
861 2786 888 2808 et
904 2783 1012 2814 ACDE,
1035 2783 1074 2809 sic
1091 2784 1126 2813 Β,
1152 2783 1191 2809 ita
1210 2784 1290 2809 etiam
1308 2787 1338 2809 et

267 2819 356 2888 1⁷ng-
365 2854 543 2887 sanctificare.
559 2868 579 2873 -
596 2853 759 2888 sanctificari
777 2854 864 2883 PGab,
883 2854 1059 2887 sanctificatio
1074 2854 1104 2879 B.

321 2890 348 2923 σ)
367 2893 394 2915 et
408 2893 584 2923 propagetur.
603 2904 622 2908 -
640 2890 702 2915 Om.
720 2889 797 2914 ACE.

2390 299 2466 344 453

1403 382 1472 418 per
1499 371 1654 419 aliquod
1691 372 1838 420 signum
1872 374 2017 411 visibile
2052 375 2229 413 exterius:
2260 377 2344 423 sed,
2375 376 2469 414 sicut

1404 423 1536 461 dicitur
1556 426 1570 462 I
1595 425 1681 462 Cor.
1698 437 1746 462 xli
1766 425 1796 472 ²¹⁶,
1823 428 2072 475 manifestatio
2093 429 2251 477 Spiritus
2270 430 2382 466 datur
2399 431 2468 466 ali-

1403 476 1466 512 cui
1482 477 1534 513 ad
1550 477 1753 525 utilitatem,
1783 479 1922 516 scilicet
1946 481 2149 518 Ecclesiae.
2181 483 2291 528 Quae
2312 482 2466 531 quidem

1401 529 1538 567 utilitas
1568 538 1633 577 est,
1662 538 1704 568 ut
1729 543 1798 580 per
1816 532 2035 570 huiusmodi
2062 535 2223 572 visibilia
2246 535 2351 582 signa
2369 536 2466 573 fides

1403 582 1651 622 confirmetur
1670 592 1706 620 et
1723 594 1954 634 propagetur
1968 592 1993 623 ⁰.
2017 587 2133 633 Quod
2154 588 2309 636 quidem
2330 589 2466 636 princi-

1402 635 1534 683 paliter
1561 636 1701 674 factum
1727 645 1781 674 est
1799 651 1868 686 per
1888 639 2080 676 Christum
2105 648 2141 677 et
2160 653 2228 689 per
2246 642 2463 690 Apostolos,

1403 689 1614 727 secundum
1634 690 1724 728 illud
1742 692 1864 729 Hebr.
1886 704 1909 729 11
1924 691 1959 729 *ε
1986 693 2081 731 Cum
2102 693 2247 733 initium
2266 695 2465 744 accepisset

1401 742 1579 780 enarrari
1595 748 1610 762 ‘
1631 754 1705 793 per
1730 744 1950 791 Dominum,
1980 747 2028 783 ab
2055 746 2108 784 eis
2127 747 2192 795 qui
2207 747 2410 786 audierunt
2425 748 2462 785 in

1401 806 1469 831 nos
1489 796 1712 844 confirmata
1731 803 1795 834 est.
1825 798 1874 835 Et
1893 798 1979 836 ideo
2005 799 2216 847 specialiter
2235 800 2364 838 debuit
2380 800 2464 840 fieri

1401 847 1531 885 missio
1559 848 1715 887 visibilis
1744 849 1903 898 Spiritus
1932 851 2059 889 Sancti
2079 852 2127 890 ad
2148 853 2339 891 Christum
2360 861 2396 892 et
2415 853 2464 892 ad

1400 902 1618 949 Apostolos,
1648 910 1685 941 et
1712 903 1760 940 ad
1789 903 1935 953 aliquos
1959 909 1972 924 ⁰
1999 904 2210 955 primitivos
2230 906 2400 954 Sanaos,
2425 906 2464 944 in

1400 953 1538 1003 quibus
1566 955 1858 1005 quodammodo
1887 957 2057 996 Ecclesia
2076 958 2320 997 fundabatur:
2340 959 2390 997 ita
2407 966 2463 998 ta-

1400 1019 1491 1043 men
1520 1008 1621 1056 quod
1650 1008 1804 1045 visibilis
1830 1009 1959 1046 missio
1984 1010 2081 1047 facta
2100 1011 2148 1048 ad
2170 1011 2373 1060 Christum,
2400 1012 2463 1051 de-

1400 1068 1628 1098 monstraret
1655 1061 1878 1101 missionem
1906 1062 2134 1101 invisibilem
2162 1077 2241 1103 non
2265 1072 2365 1112 tunc,
2395 1065 2463 1102 sed

1398 1112 1437 1150 in
1469 1113 1655 1163 principio
1689 1127 1779 1152 suae
1809 1116 2084 1164 conceptionis,
2113 1115 2162 1154 ad
2191 1130 2281 1157 eum
2310 1118 2458 1157 factam.

1399 1166 1514 1204 Facta
1541 1173 1670 1205 autem
1700 1175 1755 1204 est
1782 1168 1912 1207 missio
1941 1169 2097 1207 visibilis
2121 1170 2170 1207 ad
2190 1171 2394 1220 Christum,
2423 1171 2462 1210 in

1398 1218 1588 1268 baptismo
1609 1219 1764 1268 quidem
1793 1222 1864 1260 sub
1894 1222 2020 1270 specie
2040 1223 2253 1272 columbae,
2281 1224 2387 1274 quod
2408 1232 2462 1262 est

1398 1271 1538 1308 animal
1575 1272 1801 1320 fecundum,
1840 1275 1888 1311 ad
1922 1275 2202 1315 ostendendum
2236 1276 2275 1314 in
2311 1277 2461 1315 Christo

1397 1324 1659 1363 auctoritatem
1698 1326 1866 1365 donandi
1894 1333 1909 1357 P
1936 1328 2093 1375 gratiam
2125 1341 2194 1378 per
2230 1329 2460 1378 spiritualem

1397 1377 1746 1425 regenerationem:
1775 1380 1876 1419 unde
1900 1392 1978 1418 vox
2002 1381 2122 1419 Patris
2141 1381 2302 1420 intonuit
2319 1382 2355 1419 *ε
2383 1384 2462 1421 Hic
2487 1393 2497 1402 ·

1396 1435 1450 1468 est
1477 1430 1593 1468 Filius
1620 1443 1725 1469 meus
1751 1432 1913 1480 dilectus,
1934 1441 1975 1470 ut
1994 1434 2042 1471 ad
2062 1434 2346 1473 similitudinem
2370 1436 2460 1474 Uni-

1395 1483 1509 1532 geniti
1528 1483 1588 1520 alii
1605 1494 1928 1534 regenerarentur.
1950 1487 1991 1524 In
2011 1488 2338 1536 transfiguratione
2352 1490 2457 1535 Vero,

1396 1537 1467 1573 sub
1495 1536 1622 1587 specie
1649 1538 1761 1576 nubis
1788 1539 1955 1587 lucidae,
1985 1540 2035 1578 ad
2061 1541 2338 1579 ostendendam
2372 1554 2459 1581 exu-

1396 1589 1607 1627 berantiam
1642 1591 1854 1629 doctrinae:
1888 1593 1990 1630 unde
2025 1593 2165 1630 dictum
2194 1602 2249 1631 est
2266 1594 2302 1631 *z
2330 1596 2459 1643 Ipsum
2487 1609 2496 1618 ·

1394 1643 1530 1681 audite.
1565 1644 1627 1682 Ad
1659 1646 1867 1693 Apostolos
1895 1653 2044 1693 autem,
2074 1647 2143 1685 sub
2173 1647 2299 1695 specie
2326 1648 2458 1695 flatus,

1396 1695 1444 1732 ad
1473 1696 1750 1735 ostendendam
1777 1706 2004 1747 potestatem
2031 1699 2224 1738 ministerii
2251 1700 2290 1737 in
2310 1700 2459 1750 dispen-

1395 1748 1541 1787 satione
1571 1750 1929 1789 sacramentorum:
1958 1752 2060 1790 unde
2094 1752 2237 1792 dictum
2266 1761 2321 1792 est
2349 1753 2402 1791 eis
2421 1754 2459 1791 *τ
2486 1768 2496 1777 ·

1399 1803 1569 1845 Quorum
1599 1804 1814 1842 remiseritis
1835 1811 2003 1853 peccata,
2033 1806 2270 1844 remittuntur
2288 1807 2350 1844 eis.
2382 1808 2458 1847 Sed

1396 1856 1465 1892 sub
1490 1855 1624 1904 linguis
1644 1856 1773 1906 igneis,
1794 1858 1843 1896 ad
1863 1858 2143 1897 ostendendum
2163 1859 2333 1897 officium
2352 1865 2370 1887 χ
2391 1860 2458 1899 do-

1394 1909 1550 1947 ctrinae:
1571 1909 1674 1947 unde
1694 1910 1827 1949 dicitur
1841 1910 1861 1934 *
1878 1912 1982 1960 quod
2004 1918 2206 1960 coeperunt
2221 1913 2326 1961 loqui
2341 1914 2458 1951 variis

1393 1962 1544 2012 linguis.
1564 1983 1589 1991 -
1609 1963 1669 2001 Ad
1702 1964 1832 2003 Patres
1869 1971 1995 2003 autem
2030 1965 2169 2003 veteris
2202 1966 2455 2014 Testamenti,

1395 2015 1525 2053 missio
1553 2015 1709 2054 visibilis
1738 2017 1897 2066 Spiritus
1931 2018 2058 2056 Sancti
2094 2018 2176 2058 fieri
2204 2031 2283 2056 non
2310 2019 2456 2059 debuit:

1395 2068 1484 2116 quia
1503 2068 1606 2117 prius
1627 2069 1757 2107 debuit
1774 2071 1906 2119 perfici
1926 2071 2055 2108 missio
2073 2071 2229 2108 visibilis
2245 2072 2326 2108 Filii
2342 2085 2456 2121 quam

1395 2121 1553 2170 Spiritus
1583 2123 1721 2170 Sancti,
1743 2135 1830 2161 cum
1852 2123 2010 2173 Spiritus
2035 2125 2195 2163 Sanctus
2209 2124 2225 2154 Ῥ
2245 2125 2457 2164 manifestet

1394 2175 1542 2222 Filium,
1572 2175 1667 2212 sicut
1694 2176 1808 2213 Filius
1838 2178 2000 2214 Patrem.
2032 2178 2200 2214 Fuerunt
2218 2185 2347 2215 tamen
2367 2184 2386 2200 ⁶⁸
2405 2179 2456 2215 fa-

1395 2235 1476 2264 ctae
1499 2228 1664 2265 visibiles
1693 2229 1947 2278 apparitiones
1967 2230 2180 2268 divinarum
2199 2231 2455 2269 Personarum

1393 2281 1567 2318 Patribus
1594 2282 1732 2319 veteris
1761 2283 2007 2320 Testamenti.
2045 2284 2154 2330 Quae
2183 2284 2339 2332 quidem
2369 2285 2457 2322 mis-

1393 2334 1520 2371 siones
1533 2334 1700 2372 visibiles
1718 2335 1792 2373 dici
1812 2349 1889 2373 non
1908 2344 2082 2385 possunt:
2104 2337 2192 2384 quia
2212 2349 2289 2374 non
2309 2338 2457 2375 fuerunt

1393 2387 1523 2434 factae,
1554 2388 1764 2426 secundum
1794 2389 2082 2438 Augustinum*
2099 2395 2150 2436 αα,
2180 2390 2229 2427 ad
2258 2390 2454 2438 designan-

1393 2440 1485 2477 dum
1501 2440 1813 2479 inhabitationem
1830 2442 1979 2479 divinae
1991 2443 2182 2479 Personae
2196 2455 2265 2492 per
2277 2443 2452 2492 gratiam,

1391 2493 1460 2530 sed
1487 2493 1536 2532 ad
1565 2494 1704 2544 aliquid
1731 2495 1833 2534 aliud
1859 2495 2192 2535 manifestandum.

1443 2607 1468 2639 τ)
1480 2608 1613 2633 enarrari.
1627 2622 1646 2627 —
1658 2609 1795 2633 enarratio
1808 2609 1907 2638 ACDE,
1921 2609 2069 2634 enarrandi
2082 2610 2111 2639 B,
2121 2609 2287 2642 evangelium
2302 2610 2330 2640 F,
2341 2613 2408 2635 enaa
2418 2610 2451 2634 G.

1388 2656 1407 2662 -
1425 2643 1475 2668 Pro
1493 2643 1527 2668 ab
1545 2643 1595 2672 εἰς,
1614 2647 1642 2669 et
1654 2651 1707 2676 per
1723 2651 1769 2669 eos
1787 2644 1822 2674 B,
1841 2650 1885 2669 eos
1908 2644 1985 2671 ceteri
1991 2651 1998 2675 ;
2017 2650 2078 2677 post
2094 2645 2253 2678 confirmata
2272 2648 2311 2670 est
2328 2646 2349 2669 B
2368 2647 2451 2677 addit,

1389 2681 1554 2705 contestante
1571 2679 1629 2704 Deo
1647 2679 1731 2712 signis
1750 2683 1775 2705 et
1790 2679 1933 2712 prodigiis,
1947 2680 2082 2714 portentis
2100 2683 2126 2706 et
2145 2680 2227 2706 variis
2246 2680 2388 2708 virtutibus
2402 2685 2452 2710 etc.

1443 2713 1469 2746 υ)
1487 2714 1599 2746 aliquos.
1617 2727 1636 2733 —
1654 2715 1721 2739 alios
1740 2714 1815 2739 CDE.
1833 2728 1851 2733 -·
1870 2715 1920 2739 Pro
1934 2715 2095 2749 primitivos,
2110 2715 2270 2749 praecipuos
2289 2717 2318 2741 B.

1443 2749 1471 2782 φ)
1491 2749 1618 2774 donandi.
1636 2763 1656 2768 -
1674 2750 1815 2774 derivandi
1833 2750 1936 2776 codices
1955 2755 1980 2775 et
1996 2750 2049 2776 ab.

1442 2785 1471 2818 χ)
1490 2784 1616 2818 officium.
1633 2798 1653 2805 »-
1669 2784 1790 2820 effectum
1810 2786 1990 2811 ABCDmab.

1442 2818 1471 2853 ψ)
1489 2827 1550 2845 cum
1570 2820 1689 2853 Spiritus
1708 2821 1830 2846 Sanctus.
1847 2834 1868 2841 -
1885 2821 1947 2846 Om.
1965 2821 2105 2854 ACDEpa.

1442 2855 1474 2887 ω)
1493 2858 1591 2882 tamen.
1609 2869 1627 2874 -
1645 2859 1733 2882 autem
1753 2856 1837 2883 PFab.

1443 2890 1488 2922 αα)
1507 2891 1651 2915 secundum
1670 2891 1857 2924 Augustinum.
1874 2905 1894 2910 —
1912 2891 1973 2917 Om.
1993 2891 2094 2917 codices
2113 2897 2138 2916 et
2156 2892 2196 2917 ed.
2215 2900 2240 2917 a.

949 2977 1280 3010 Commentaria
1302 2976 1551 3010 Cardinalis
1574 2977 1773 3011 Caietani

328 3071 435 3092 rrurus
460 3072 497 3092 ex
520 3061 778 3102 praecedentibus
801 3067 847 3092 est
870 3068 975 3092 notus.
1001 3062 1042 3092 Et
1068 3061 1106 3091 de
1125 3061 1194 3091 solo
1214 3060 1336 3101 quaerit

270 3074 446 3146 Tspiritu
473 3106 604 3136 Sancto:
635 3106 789 3146 quoniam
818 3106 856 3136 de
879 3105 960 3136 Filio
992 3111 1114 3136 constat
1143 3105 1232 3145 quod
1259 3104 1334 3135 mis-

268 3150 358 3180 sione
377 3150 491 3186 visibili
510 3150 625 3180 missus
645 3156 700 3186 est,
721 3160 796 3180 cum
820 3150 953 3180 Verbum
973 3159 1050 3181 caro
1060 3149 1190 3190 factum
1209 3155 1256 3180 est
1269 3148 1297 3179 ‘¹‘.

326 3194 363 3224 In
381 3204 513 3235 corpore
537 3194 602 3224 duo
620 3194 708 3225 facit:
733 3194 848 3234 primo,
866 3194 1035 3234 respondet
1051 3193 1195 3234 quaesito
1211 3193 1333 3223 univer-

268 3238 363 3269 salius
387 3248 485 3279 quam
509 3238 688 3278 quaesitum
712 3238 822 3274 fuerit,
848 3238 928 3268 idest
951 3248 1017 3268 non
1041 3238 1146 3268 solum
1163 3237 1202 3268 de
1216 3237 1333 3278 Spiritu

268 3283 394 3319 Sancto,
412 3283 467 3312 sed
481 3282 581 3318 Fi1i0;
605 3283 756 3319 secundo,
773 3282 864 3323 ponit
880 3281 1085 3312 differentiam
1103 3282 1184 3312 inter
1198 3281 1334 3312 modum

267 3326 434 3367 utriusque
457 3326 626 3357 missionis.

323 3371 361 3401 11.
375 3371 492 3408 Quoad
500 3371 655 3410 primum,
665 3371 828 3402 conclusio
844 3377 902 3401 est:
923 3369 1125 3401 Conveniens
1142 3370 1202 3401 fuit
1216 3369 1334 3400 Filium

269 3422 300 3446 et
319 3415 472 3455 Spiritum
491 3414 642 3445 Sanctum
656 3415 817 3446 visibiliter
832 3414 924 3445 mitti.
939 3432 957 3437 -
974 3415 1128 3445 Probatur
1144 3414 1196 3445 sic.
1217 3414 1333 3444 Modus

269 3459 481 3490 connaturalis
503 3458 643 3489 hominis
663 3466 718 3496 est,
743 3466 779 3490 ut
797 3469 853 3499 per
870 3458 1004 3489 visibilia
1023 3459 1062 3488 ad
1081 3458 1247 3489 invisibilia
1265 3468 1332 3488 ma-

269 3504 465 3534 nuducatur:
491 3513 565 3542 ergo
588 3503 756 3534 invisibilia
779 3503 838 3533 Dei
861 3503 1004 3543 oportuit
1018 3502 1141 3533 homini
1160 3513 1216 3543 per
1229 3502 1332 3532 visibi-

268 3547 311 3578 lia
326 3546 534 3578 manifestari:
560 3557 644 3587 ergo,
662 3547 742 3578 sicut
756 3547 896 3588 seipsum
912 3555 942 3578 et
958 3554 1097 3578 aeternas
1116 3547 1332 3587 processiones

269 3602 325 3632 per
347 3591 480 3622 visibilia
503 3591 589 3621 Deus
613 3591 796 3622 hominibus
824 3591 1066 3632 quodammodo
1097 3591 1331 3626 demonstravit,

268 3636 312 3666 ita
336 3635 525 3667 conveniens
550 3635 609 3666 fuit
624 3643 660 3667 ut
678 3635 847 3666 invisibiles
871 3635 1037 3666 missiones
1060 3635 1270 3666 Personarum
1286 3646 1332 3666 se-

1389 3061 1531 3091 cundum
1554 3062 1674 3102 aliquas
1689 3062 1825 3093 visibiles
1840 3070 1993 3094 creaturas
2008 3064 2227 3096 manifestaret.
2253 3066 2324 3096 Hoc
2343 3073 2449 3096 autem

1389 3111 1435 3135 est
1452 3105 1535 3144 ipsas
1553 3106 1715 3137 visibiliter
1732 3107 1824 3138 mitti.
2373 3142 2375 3145 ,

1446 3148 1549 3179 Prima
1566 3151 1790 3191 consequentia
1805 3151 1972 3192 probatur:
1993 3153 2067 3193 quia
2082 3153 2168 3182 Deus
2186 3153 2331 3193 providet
2346 3154 2448 3184 omni-

1388 3193 1447 3223 bus
1471 3194 1647 3224 secundum
1674 3195 1924 3236 uniuscuiusque
1953 3197 2097 3227 modum.
2122 3196 2256 3237 Reliqua
2279 3205 2352 3229 sunt
2375 3198 2448 3228 sati's

1387 3237 1591 3268 rationabilia.

1444 3281 1495 3311 111.
1521 3281 1638 3319 Quoad
1666 3283 1858 3321 secundum,
1891 3284 2060 3314 differentia
2091 3291 2152 3320 est,
2177 3284 2252 3325 quia
2279 3285 2378 3316 Filius
2402 3292 2447 3316 est

1388 3325 1502 3356 missus
1525 3327 1686 3358 visibiliter
1704 3334 1856 3368 tanquam
1872 3328 2123 3359 sanctificationis
2138 3330 2245 3364 Actor,
2265 3336 2300 3359 ut
2315 3335 2400 3369 patet
2415 3329 2447 3359 in

1387 3380 1535 3410 processu
1550 3381 1653 3401 sacrae
1669 3371 1859 3411 Scripturae:
1877 3372 2010 3412 Spiritus
2029 3378 2135 3402 autem
2150 3372 2281 3403 Sanctus
2296 3379 2447 3414 tanquam

1387 3413 1639 3445 sanctificationis
1662 3415 1830 3452 indicium,
1855 3422 1891 3446 ut
1913 3416 1946 3446 in
1969 3416 2126 3456 baptismo
2142 3415 2257 3447 Christi
2274 3424 2411 3457 apparet.
2427 3435 2446 3440 —

1387 3458 1479 3488 Ratio
1504 3465 1610 3489 autem
1634 3459 1729 3490 huius
1757 3459 1945 3490 differentiae
1973 3460 2045 3491 satis
2074 3461 2280 3491 accommoda
2308 3461 2448 3492 redditur

1388 3513 1424 3533 ex
1448 3503 1681 3533 conditionibus
1697 3503 1927 3534 notionalibus:
1952 3504 2027 3544 quia
2042 3504 2157 3535 scilicet
2173 3504 2271 3534 Filius
2294 3512 2341 3535 est
2363 3505 2446 3545 prin-

1388 3546 1506 3586 cipium
1536 3547 1669 3587 Spiritus
1700 3547 1819 3583 Sancti;
1849 3547 1916 3588 ipse
1944 3554 2050 3578 autem
2078 3548 2211 3588 Spiritus
2241 3548 2372 3579 Sanctus
2402 3555 2448 3579 est

1387 3591 1528 3627 Donum,
1552 3591 1742 3632 inquantum
1765 3592 1905 3632 procedit
1928 3598 1963 3622 ut
1981 3594 2091 3628 Amor,
2109 3599 2144 3623 ut
2160 3602 2196 3623 ex
2213 3602 2307 3632 supra
2322 3592 2339 3612 *
2358 3593 2446 3624 dictis

1386 3642 1479 3676 patet.

2495 441 2504 449 '¹
2519 440 2586 463 Vers.
2602 447 2624 469 7.

2491 703 2502 714 ¹*
2517 703 2583 726 Vei-s.
2597 710 2618 733 3.

2582 1338 2599 1363 5²

2511 1392 2591 1414 Matth.
2606 1399 2640 1420 ιιι,
2652 1399 2685 1420 ¹7-

2510 1608 2568 1629 Ibid.
2583 1614 2635 1636 xvn,
2650 1614 2670 1636 5.

2510 1767 2589 1788 Ioann.
2603 1773 2646 1794 xx,
2661 1773 2695 1796 ²3·

2582 1866 2600 1892 Υ.

2485 1922 2495 1931 ·
2508 1921 2558 1942 Act.
2573 1927 2596 1948 ιι,
2611 1928 2634 1947 4.

2581 2124 2598 2159 ,(ξ.

2481 2403 2490 2411 ·
2503 2401 2561 2423 Vide
2575 2401 2604 2423 de
2617 2401 2692 2430 Tn'n„

2481 2428 2520 2450 lib.
2528 2428 2556 2455 11,
2565 2434 2616 2456 cap.
2625 2435 2677 2450 xvn.

2570 2464 2605 2481 αα

2474 3591 2482 3598 ·
2487 3588 2674 3615 Quaest.xxxvm
2680 3605 2686 3614 ,

2473 3619 2516 3636 art.
2531 3621 2551 3636 2.
