2768 4178
10 2155 229 2178 “mmmm

44 2810 118 2839 ‘Qu
143 2817 229 2838 xxxxv:

42 2826 136 2866 nxm',
149 2841 192 2861 m.
206 2844 224 2860 1.

7 3498 11 3534 ¹-
46 3516 58 3527 ·
71 3515 108 3539 Cf.
121 3522 186 3539 num.
195 3522 230 3539 ur.

959 226 1249 273 >QUAESTIO
1279 226 1382 272 XLI,
1412 227 1708 265 ARTICULUS
1737 229 1772 265 V

287 304 376 346 quod
392 303 544 345 significat
560 304 698 334 divinam
715 304 881 335 essentiam
897 304 1116 344 principaliter,
1130 304 1182 334 sic.
1208 304 1351 335 Potentia

286 348 320 379 in
336 357 536 389 unoquoque
555 355 665 388 agente
684 355 730 378 est
748 348 780 378 id
799 358 865 389 quo
881 357 976 387 agens
991 348 1068 387 agit:
1084 358 1168 388 vergo
1187 354 1234 378 est
1248 348 1351 378 forma

287 392 339 423 cui
361 391 397 423 fit
419 392 619 423 assimilatio:
645 402 719 432 ergo
742 392 883 432 potentia
906 391 1082 431 generativa
1101 398 1148 422 est
1165 392 1198 421 in
1217 402 1283 432 quo
1299 401 1350 431 ge—

286 436 391 467 nitum
419 436 608 466 assimilatur
636 436 816 475 generanti:
842 445 916 475 ergo
944 442 1054 465 namra
1078 435 1182 465 divina
1205 435 1236 465 in
1260 436 1350 465 Patre

287 487 334 511 est
349 480 490 520 potentia
503 479 688 520 generandi:
709 489 783 519 ergo
799 479 941 519 potentia
955 479 1124 518 generandi
1139 479 1351 519 principaliter

287 523 440 564 significat
463 523 602 554 divinam
625 523 802 559 essentiam,
827 530 858 553 et
880 532 946 552 non
969 522 1154 553 relationem
1176 529 1310 553 tantum.
1330 540 1349 546 -

286 568 393 598 Prima
415 567 640 608 consequentia
665 567 832 607 probatur:
856 566 932 607 quia
955 576 1051 596 omne
1075 566 1252 606 producens
1276 576 1349 606 pro-

287 611 374 642 ducit
396 610 455 642 sibi
478 611 580 641 simile
601 618 758 651 quantum
772 610 812 640 ad
827 610 965 640 formam
988 619 1052 650 qua
1075 610 1153 649 agit;
1178 611 1267 650 quod
1282 621 1349 640 ma-

286 655 450 686 nifestatur
473 655 506 685 in
529 654 731 694 generatione
754 653 903 684 hominis.
928 653 1035 684 Tertia
1058 660 1165 684 autem
1179 654 1348 693 probatur:

286 699 362 740 quia
385 699 483 729 Filius
505 698 565 729 Dei
588 697 778 728 assimilatur
791 697 874 728 Patri
897 697 930 727 in
954 704 1065 728 natura
1081 697 1194 728 divina.
1218 698 1259 728 Et
1274 708 1349 728 con-

285 742 429 774 firmatur
443 741 627 773 auctoritate
641 741 762 772 Hilarii.
780 742 918 779 Quartae
931 751 1006 771 vero
1023 751 1229 782 consequens,
1242 742 1349 782 quoad

285 787 423 827 primam
441 792 572 826 partem,
590 784 795 816 confirmatur
813 785 997 816 auctoritate
1013 785 1162 825 Magistri,
1179 785 1212 815 in
1228 796 1271 816 vn
1286 786 1348 816 dis-

285 830 437 861 tinctione
459 829 567 860 Primi.

343 874 396 904 IV.
421 874 539 911 Quoad
565 874 714 910 tertium,
738 873 994 913 reprehendenda
1023 872 1134 913 opinio
1165 879 1229 909 est,
1260 874 1349 914 quod

284 917 427 959 potentia
449 917 619 957 generandi
637 917 791 957 significat
809 917 977 947 essentiam
995 916 1186 957 inquantum
1204 923 1251 947 est
1264 917 1349 947 idem

284 961 438 998 relationi,
463 961 506 992 ita
529 961 619 1002 quod
641 971 678 991 ex
701 971 804 1002 aequo
828 960 980 1000 significat
998 967 1180 1001 utrumque.
1197 978 1216 984 -
1233 961 1348 1000 Repre-

284 1005 434 1036 henditur
456 1012 564 1036 autem
587 1005 640 1035 sic.
670 1005 788 1035 Forma
809 1004 1026 1040 individualis,
1051 1004 1083 1034 in
1107 1005 1199 1034 rebus
1223 1004 1346 1041 creatis,

254 1047 257 1049 ’
285 1049 448 1080 constituit
470 1059 641 1089 personam
663 1055 877 1089 generantem,
903 1055 933 1078 et
949 1058 1016 1078 non
1039 1055 1085 1078 est
1107 1057 1174 1088 quo
1197 1058 1348 1088 generans

284 1100 427 1134 generat:
451 1103 526 1133 ergo
541 1093 574 1123 in
591 1093 704 1123 divinis
723 1092 891 1133 paternitas
908 1099 954 1122 est
969 1091 1163 1122 constituens
1179 1102 1348 1132 personam

284 1138 383 1168 Patris
406 1137 591 1178 generantis,
616 1144 647 1167 et
669 1147 735 1167 non
759 1144 805 1167 est
827 1146 893 1177 quo
916 1136 1008 1166 Pater
1029 1143 1164 1175 generat.

338 1181 536 1212 Antecedens
550 1181 712 1221 probatur,
723 1181 831 1221 quoad
847 1180 1017 1211 secundam
1034 1186 1168 1219 partem:
1185 1179 1261 1219 quia
1275 1179 1350 1209 alio-

285 1225 363 1266 quin
379 1225 521 1256 Socrates
537 1231 698 1265 generaret
712 1225 883 1255 Socratem.
900 1241 918 1246 -
934 1222 1171 1263 Consequentia
1185 1232 1260 1253 vero
1277 1233 1349 1262 pro-

283 1270 392 1307 batur:
410 1269 492 1310 :qaia
514 1269 704 1309 paternitas,
732 1268 805 1299 licet
827 1268 867 1298 sit
889 1267 1011 1303 forma,
1041 1273 1088 1297 est
1115 1273 1222 1297 tamen
1245 1266 1349 1297 forma

283 1313 494 1344 individualis.
518 1313 560 1343 Et
582 1313 757 1353 applicatur
779 1311 924 1352 probatio
944 1310 1099 1340 secundae
1115 1310 1211 1349 partis
1227 1317 1347 1341 antece-

284 1356 401 1396 dentis,
426 1357 581 1387 secundae
604 1356 684 1396 parti
708 1355 943 1396 consequentis,
968 1354 1115 1384 ducendo
1139 1353 1179 1383 ad
1201 1353 1349 1394 impossi-

283 1401 362 1432 bile:
382 1401 499 1432 scilicet
513 1400 603 1442 quod
617 1400 709 1430 Pater
723 1406 884 1439 generaret
899 1399 1035 1436 Patrem,
1051 1397 1132 1428 sicut
1146 1397 1190 1427 ibi
1205 1397 1348 1429 Socrates

282 1444 445 1476 Socratem
467 1444 617 1485 gigneret.

338 1489 379 1520 V.
403 1488 521 1526 Quoad
542 1493 706 1528 quartum,
731 1486 894 1518 conclusio
916 1485 1100 1526 responsiva
1118 1485 1261 1525 quaesito
1285 1492 1346 1516 est:

279 1532 428 1566 Potentia
449 1531 619 1572 generandi
642 1530 796 1571 significat
818 1530 958 1561 divinam
980 1535 1127 1560 naturam
1145 1528 1179 1559 in
1198 1536 1293 1566 recto,
1318 1536 1349 1560 et

277 1576 502 1621 ,paternitatem
516 1575 550 1606 in
566 1575 708 1616 obliquo.
725 1592 744 1598 —
760 1575 802 1605 Et
824 1574 956 1605 infertur
974 1583 1011 1604 ex
1030 1582 1125 1613 supra
1139 1571 1158 1590 ⁴¹*
1181 1573 1270 1603 dictis
1292 1574 1346 1604 sic.

283 1620 360 1659 Quo
382 1619 474 1651 Pater
491 1625 626 1660 generat,
647 1626 694 1650 est
717 1619 822 1649 divina
845 1624 965 1654 natura,
990 1617 1065 1657 quia
1080 1616 1113 1646 in
1130 1626 1166 1646 ea
1189 1616 1247 1647 sibi
1272 1617 1347 1647 assi-

281 1659 412 1695 'milatur
432 1663 550 1700 Filius;
575 1670 606 1694 et
628 1663 797 1703 generatio,
822 1662 908 1702 apud
931 1661 1175 1697 Damascenum‚
1199 1670 1279 1701 opus
1301 1667 1348 1692 est

283 1713 437 1745 naturae,
461 1717 528 1738 non
552 1714 588 1738 ut
610 1707 710 1748 quod,
736 1707 791 1738 5εά
813 1713 849 1737 ut
871 1715 943 1746 quo.
967 1705 1063 1745 Ergo.

339 1752 382 1784 Et
403 1752 528 1782 adverte
551 1752 641 1792 quod
663 1761 722 1792 pro
746 1749 920 1786 constanti,
945 1759 1019 1780 cum
1042 1747 1150 1779 ceteris
1173 1748 1345 1788 theologis,

282 1795 435 1837 supponit
457 1797 579 1826 Auctor
600 1795 776 1836 potentiam
798 1793 967 1835 generandi
990 1793 1134 1823 claudere
1156 1792 1189 1822 in
1213 1802 1246 1822 se
1268 1793 1346 1823 rela-

281 1840 419 1872 tionem:
445 1846 475 1871 et
496 1839 570 1870 ideo
594 1849 660 1870 non
684 1839 744 1869 fuit
770 1837 923 1869 sollicitus
947 1843 983 1867 ut
1005 1837 1151 1876 probaret
1173 1835 1276 1876 ipsam
1298 1836 1345 1867 in-

282 1883 383 1920 cludi;
407 1884 463 1914 sed
477 1890 525 1914 sat
540 1882 600 1914 fuit
615 1883 748 1924 probare
770 1882 860 1923 quod
878 1891 944 1911 non
964 1881 1041 1917 sola,
1058 1886 1089 1910 et
1105 1880 1193 1920 quod
1208 1890 1275 1910 non
1291 1881 1345 1917 sic,

281 1927 398 1959 scilicet
413 1937 450 1958 ex
464 1937 578 1968 aequo,
594 1926 775 1958 includitur.
792 1943 811 1949 -
827 1926 868 1956 Et
883 1925 961 1955 scito
977 1924 1066 1965 quod
1082 1924 1219 1954 secunda
1235 1924 1345 1964 opinio

281 1972 469 2013 reprehensa
487 1971 520 2002 in
538 1971 647 2007 littera,
673 1977 720 2001 est
738 1980 774 2001 ea
796 1979 894 2011 quam
913 1971 1034 1999 Auctor
1049 1973 1175 1998 secutus
1195 1968 1296 1999 fuerat
1313 1969 1346 1999 in

281 2026 325 2046 vn
348 2015 548 2047 distinctione
575 2015 692 2051 Primi,
721 2024 774 2055 qu.
791 2025 817 2051 1,
842 2020 898 2044 art.
917 2023 946 2043 2.
970 2015 1018 2043 Ac
1041 2021 1097 2053 per
1119 2010 1197 2049 hoc,
1227 2019 1274 2043 est
1295 2012 1346 2044 hic

281 2066 452 2092 retractatas

339 2104 393 2135 VI.
412 2103 503 2135 Circa
517 2103 659 2144 primum
674 2109 885 2143 assumptum,
902 2100 1027 2136 scilicet,
1045 2101 1191 2140 potentia
1215 2101 1247 2130 in
1267 2110 1345 2131 uno-

282 2157 406 2190 quoque
428 2153 546 2189 agente
568 2152 615 2178 est
638 2147 671 2178 id
692 2156 754 2188 quo
776 2155 880 2188 agens
901 2145 972 2186 agit
989 2144 1016 2181 *,
1041 2144 1176 2175 dubium
1200 2145 1344 2181 occurrit,

280 2195 323 2223 an
345 2192 408 2223 hoc
431 2192 471 2222 sit
492 2201 603 2222 verum
627 2191 666 2221 de
690 2190 779 2220 omni
801 2199 867 2231 quo
888 2198 982 2229 agens
998 2188 1079 2228 agit;
1105 2195 1159 2218 aut
1178 2188 1284 2218 solum
1308 2188 1346 2218 de

282 2246 350 2277 quo
366 2237 499 2276 primo;
521 2242 576 2266 aut
598 2235 706 2265 solum
729 2234 768 2265 de
791 2243 858 2275 quo
875 2234 1037 2273 proxime.
1061 2233 1137 2262 Non
1159 2238 1264 2272 potest
1285 2232 1346 2262 dici

282 2281 372 2322 quod
394 2289 492 2311 omne
513 2289 580 2320 quo
595 2289 690 2319 agens
706 2278 778 2318 agit,
799 2278 838 2308 sit
853 2276 1004 2317 potentia.
1030 2276 1112 2312 Quia
1137 2282 1212 2306 tunc
1236 2285 1346 2316 seque-

281 2331 368 2357 retur
390 2324 479 2365 quod
501 2323 534 2354 in
557 2323 684 2354 Socrate
708 2328 811 2352 essent
828 2321 934 2362 plures
953 2319 1112 2360 potentiae
1131 2319 1344 2359 generativae:

282 2367 437 2410 quoniam
459 2374 586 2408 generat
608 2366 822 2402 humanitate,
854 2371 885 2395 et
906 2370 1034 2405 generat
1056 2363 1197 2403 potentia
1220 2373 1346 2403 genera-

280 2411 354 2449 tiva,
378 2422 460 2454 quae
479 2418 525 2442 est
546 2411 594 2441 vis
617 2410 713 2451 partis
728 2409 930 2450 vegetativae.
946 2426 965 2431 -
980 2409 1046 2438 Nec
1061 2414 1166 2447 potest
1181 2407 1242 2437 dici
1257 2408 1346 2448 quod

280 2452 458 2487 verificatur
473 2455 580 2486 solum
596 2455 634 2485 de
649 2465 716 2495 quo
733 2455 852 2494 primo.
877 2452 1041 2489 Quoniam
1061 2457 1242 2491 sequeretur
1258 2452 1347 2491 quod

282 2500 368 2531 calor
389 2500 423 2530 in
445 2500 517 2539 igne
540 2508 607 2528 non
630 2505 711 2528 esset
733 2497 874 2537 potentia
897 2495 1092 2530 calefactiva;
1117 2495 1172 2524 sed
1189 2494 1256 2524 eius
1272 2495 1346 2525 sub-

283 2543 412 2579 stantia,
436 2553 518 2583 quae
541 2549 588 2573 est
610 2541 751 2582 primum
779 2540 971 2581 principium
994 2537 1214 2569 calefactionis.
1239 2556 1258 2561 -
1281 2539 1346 2568 Nec

280 2593 389 2627 ,potest
404 2586 465 2617 did
481 2586 570 2626 quod
585 2585 761 2616 verificatur
782 2591 907 2615 tantum
931 2584 969 2613 de
992 2592 1058 2623 quo
1076 2583 1237 2622 proxime.
1263 2582 1346 2619 Quia

283 2630 327 2662 sic
346 2630 462 2661 falsum
481 2629 600 2660 dictum
620 2636 700 2660 esset
718 2629 751 2659 in
767 2628 876 2664 littera,
896 2627 986 2668 quod
1004 2633 1116 2656 natura
1137 2626 1278 2656 humana
1301 2632 1347 2656 est

282 2674 425 2716 potentia
451 2667 628 2715 generativa
650 2672 799 2703 hominis.
830 2672 871 2702 Et
901 2670 1043 2701 similiter
1072 2670 1153 2700 male
1182 2670 1347 2700 inferretur

284 2718 446 2750 conclusio
469 2717 668 2758 principalis:
693 2716 848 2757 quoniam
863 2722 975 2746 natura
994 2714 1099 2744 divina
1116 2723 1182 2744 non
1202 2714 1261 2744 nisi
1280 2724 1346 2744 me-

283 2763 388 2794 diante
411 2762 570 2793 intellectu
594 2768 624 2791 et
646 2761 825 2795 voluntate,
855 2766 901 2789 est
923 2758 1115 2801 principium
1137 2757 1346 2798 generationis

283 2813 314 2838 et
337 2806 532 2847 spirationis,
557 2812 592 2836 ut
615 2815 652 2836 ex
675 2814 770 2844 supra
784 2801 800 2818 *
823 2803 912 2834 dictis
935 2809 1030 2843 patet.

340 2851 409 2882 vll.
433 2850 485 2880 Ad
512 2850 574 2880 hoc
602 2848 732 2884 dicitur,
762 2847 851 2888 quod
880 2854 1082 2886 assumptum
1105 2853 1151 2876 est
1172 2855 1284 2876 verum
1307 2845 1346 2875 de

283 2895 374 2926 omni
396 2904 463 2935 quo
488 2904 582 2934 agens
606 2893 684 2932 agit,
710 2892 833 2922 duabus
862 2890 1098 2921 conditionibus
1121 2889 1263 2920 servatis:
1288 2889 1346 2919 sci-

282 2939 355 2970 licet
377 2938 466 2980 quod
489 2938 569 2968 illud
592 2937 631 2967 sit
654 2936 759 2977 aliqua
783 2935 885 2965 forma
908 2934 1026 2975 agentis
1051 2932 1095 2975 (et
1118 2934 1179 2964 hoc
1199 2933 1238 2963 ad
1262 2932 1346 2963 diffe-

283 2982 417 3013 rentiam
445 2978 760 3022 instrumentorum);
785 2986 816 3009 et
838 2979 926 3019 quod
953 2978 992 3008 sit
1019 2988 1075 3017 per
1098 2987 1130 3007 se
1154 2976 1347 3017 principium

283 3026 368 3057 illius
394 3025 542 3061 actionis,
567 3025 631 3055 sive
660 3023 831 3054 elicitivum
859 3022 924 3052 sive
949 3021 1121 3061 principale
1145 3020 1195 3063 (et
1216 3021 1279 3051 hoc
1307 3021 1346 3050 ad

284 3069 490 3100 differentiam
505 3065 813 3109 concomitantiurn).
826 3084 845 3089 -
861 3067 926 3096 Nec
941 3072 1107 3106 propterea
1122 3064 1264 3105 sequitur
1279 3074 1345 3094 esse

284 3114 390 3154 plures
405 3113 561 3154 potentias
577 3113 718 3143 eiusdem
736 3110 863 3141 rationis
878 3110 912 3140 in
929 3110 1052 3140 eodem.
1071 3108 1154 3146 Quia
1170 3108 1346 3138 secundum

238 3187 241 3190 ,
285 3167 334 3193 se,
363 3156 523 3198 potentiae
551 3157 584 3188 in
607 3157 721 3187 eodem
750 3162 823 3185 sunt
852 3154 1048 3184 diversorum
1077 3152 1242 3188 ordinum,
1268 3152 1346 3182 dum

285 3201 381 3232 altera
403 3200 520 3241 prima,
545 3200 640 3231 altera
667 3199 811 3240 proxima
839 3205 898 3234 est,
923 3204 958 3228 ut
981 3203 1066 3237 patet
1093 3197 1131 3226 de
1154 3203 1266 3226 natura
1287 3196 1345 3226 hu-

285 3254 380 3275 mana
403 3251 433 3275 et
456 3244 597 3284 potentia
620 3243 814 3284 generativa:
849 3242 882 3272 in
912 3241 1021 3271 ordine
1043 3250 1118 3271 vero
1150 3240 1190 3270 ad
1220 3247 1344 3275 actum,

286 3288 440 3319 unitatem
455 3288 580 3319 habent.
605 3288 686 3318 Sunt
705 3287 789 3318 enim
809 3286 903 3316 unius
927 3291 957 3315 et
980 3284 1123 3315 eiusdem
1136 3283 1345 3323 generationis

286 3332 495 3372 principium:
521 3338 551 3362 et
566 3332 650 3368 ideo,
666 3338 703 3362 ut
718 3331 771 3367 sic,
797 3335 1022 3370 computantur
1036 3328 1126 3369 quasi
1142 3337 1245 3358 unum
1261 3327 1346 3367 prin·-

286 3376 406 3416 cipium
430 3382 460 3406 et
483 3385 547 3406 una
562 3375 712 3416 potentia,
730 3381 876 3406 constans
892 3383 928 3404 ex
944 3372 1090 3413 proximo
1107 3378 1137 3402 et
1151 3371 1256 3412 primo
1272 3381 1347 3401 con-

286 3419 491 3451 currentibus.
1237 3422 1242 3426 ·

338 3464 421 3494 VIII.
446 3463 537 3494 Circa
553 3462 756 3503 positionem,
771 3469 926 3503 quatenus
941 3460 1074 3491 affirmat
1091 3460 1266 3500 potentiam
1290 3469 1346 3499 ge-

286 3509 462 3538 nerativam
487 3516 554 3538 esse
577 3507 716 3537 divinam
741 3511 891 3536 naturam
908 3505 939 3542 *,
965 3515 1001 3535 ex
1024 3503 1142 3544 duplici
1166 3503 1266 3543 capite
1290 3503 1346 3532 du-

286 3552 375 3582 bium
406 3550 550 3582 occurrit.
583 3550 710 3586 Primo,
741 3559 778 3580 ex
805 3549 909 3579 divina
941 3555 1052 3579 natura
1079 3554 1115 3578 ut
1145 3547 1346 3587 distinguitur

2387 230 2459 275 431

1406 311 1513 335 contra
1531 306 1737 346 perfectiones
1752 308 1953 344 attributales,
1970 315 2047 349 puta
2063 309 2257 340 intellectum
2274 316 2304 340 et
2319 309 2463 339 volunta-

1404 355 1484 379 tem:
1506 357 1536 380 et
1551 358 1659 381 contra
1673 351 1734 382 hoc
1749 351 1920 382 afferuntur
1936 360 2119 392 argumenta
2134 353 2219 383 Scoti
2228 353 2255 384 *.
2271 370 2289 376 -
2306 353 2462 388 Secundo,

1404 402 1440 422 ex
1464 394 1574 424 eadem
1597 402 1633 425 ut
1654 394 1855 435 distinguitur
1870 403 1978 426 contra
1996 397 2197 427 relationem:
2223 404 2253 427 et
2272 403 2380 427 contra
2402 396 2464 427 hoc

1404 436 1575 468 afferuntur
1597 446 1780 478 argumenta
1802 440 2057 476 Bonaventurae,
2087 440 2252 477 Garronis,
2282 440 2410 471 Henrici
2434 446 2464 470 et

1404 480 1546 511 Durandi
1561 480 1590 512 ’ἦ

1461 525 1590 561 Verum,
1607 525 1681 566 quia
1696 528 1818 557 Auctor
1835 536 1902 557 non
1921 527 2018 558 sumit
2039 527 2090 558 hic
2108 528 2248 558 divinam
2266 534 2411 558 naturam
2428 533 2463 558 ut

1404 567 1604 608 distinguitur
1623 576 1731 600 contra
1754 570 1948 601 intellectum
1971 578 2002 601 et
2021 572 2228 608 voluntatem,
2245 571 2304 601 nisi
2321 571 2400 602 forte
2416 581 2462 601 se-

1404 612 1545 642 cundum
1560 613 1651 653 quid:
1667 631 1688 635 -
1702 614 1855 654 quoniam
1869 615 1955 654 apud
1973 615 2088 655 ipsum,
2106 615 2166 646 etsi
2178 622 2288 646 natura
2304 615 2410 645 divina
2424 615 2463 645 sit

1403 655 1543 695 primum
1566 657 1757 696 principium
1771 667 1833 698 quo
1848 659 2066 698 generationis,
2087 669 2152 689 non
2176 666 2281 689 tamen
2300 659 2383 695 sola;
2407 659 2462 689 sed

1403 699 1471 739 ipsa
1486 707 1532 731 est
1546 707 1582 731 ut
1596 701 1736 740 primum
1754 711 1827 742 quo,
1851 702 2026 733 intellectus
2042 709 2149 733 autem
2165 710 2211 733 est
2229 710 2266 733 ut
2279 702 2462 742 proximum

1403 753 1476 783 quo,
1501 750 1536 774 ut
1560 754 1595 774 ex
1619 745 1754 775 tractatis
1769 746 1807 775 de
1823 746 2024 785 processione
2047 746 2118 776 Filii
2133 753 2163 776 et
2177 746 2309 786 Spiritus
2323 746 2428 777 Sancti
2442 745 2462 764 ⁴¹*

1403 787 1567 818 manifeste
1582 795 1682 828 patet:
1708 789 1792 819 unde
1809 789 1913 819 divina
1929 796 2039 820 natura
2054 790 2104 820 hic
2120 790 2255 821 sumitur
2274 800 2339 820 non
2355 790 2462 820 solum

1403 838 1439 862 ut
1460 831 1546 871 ipsa,
1578 833 1633 862 sed
1659 833 1930 872 comprehendens
1958 833 2185 874 quodcumque
2215 834 2397 864 absolutum
2427 840 2462 864 ut

1402 875 1593 915 principium
1616 886 1677 916 quo
1701 886 1890 907 concurrens
1906 877 1946 906 ad
1959 877 2144 907 huiusmodi
2159 884 2245 908 actus
2264 877 2460 908 notionales:

1403 926 1433 949 et
1455 926 1622 960 propterea
1644 920 1723 950 nihil
1742 920 1843 956 refert,
1868 927 2024 961 quantum
2047 921 2087 951 ad
2109 921 2317 961 propositum'
2333 927 2460 961 spectat,

1401 963 1492 1003 loqui
1515 963 1554 993 de
1578 963 1683 994 divina
1705 971 1826 1001 natura,
1843 971 1874 994 et
1889 965 1927 994 de
1943 974 2150 1005 quocumque
2169 965 2231 995 alio
2250 965 2396 995 absoluto
2413 974 2460 994 es-

1402 1007 1537 1037 sentiali:
1554 1024 1573 1030 -
1589 1014 1718 1047 propter
1733 1008 1831 1047 quod,
1849 1008 1970 1038 Scotica
1986 1015 2170 1048 argumenta
2185 1008 2359 1039 omittenda
2377 1014 2460 1039 sunt.

1460 1051 1511 1081 IX.
1537 1051 1683 1081 Aliorum
1706 1061 1791 1087 vero,
1815 1052 1871 1092 qui
1895 1052 2061 1082 essentiam
2081 1059 2116 1083 ut
2131 1052 2332 1092 distinguitur
2354 1059 2462 1083 contra

1402 1094 1567 1124 relationes
1582 1095 1779 1134 impugnant,
1796 1095 1931 1125 rationes
1946 1105 1982 1125 ex
1997 1096 2146 1127 essentiae
2161 1096 2290 1132 ratione,
2304 1106 2341 1126 ex
2359 1096 2462 1136 forma

1403 1138 1578 1178 personali,
1603 1149 1640 1169 ex
1663 1146 1733 1169 actu
1758 1139 1925 1174 notionali,
1950 1146 2044 1179 atque
2067 1140 2251 1170 auctoritate
2274 1140 2459 1180 procedunt.

1460 1182 1507 1212 Ex
1530 1182 1663 1212 essentia
1686 1182 1832 1222 quidem,
1857 1183 1961 1222 primo
1986 1183 2038 1213 sic.
2068 1184 2202 1214 Formae
2225 1194 2306 1224 quae
2330 1191 2376 1214 est
2399 1183 2460 1214 for-

1403 1225 1493 1255 malis
1512 1225 1591 1255 ratio
1611 1226 1742 1256 alicuius
1766 1226 1906 1262 actionis,
1931 1227 2061 1257 debetur
2083 1227 2136 1257 illa
2158 1228 2249 1263 actio,
2271 1228 2364 1258 etiam
2381 1228 2405 1257 si
2422 1227 2461 1258 sit

1403 1276 1544 1308 separata
1558 1279 1577 1299 a
1593 1269 1743 1305 subiecto,
1768 1276 1803 1300 ut
1826 1276 1911 1309 patet
1934 1271 1972 1300 de
1996 1270 2138 1301 albedine
2161 1278 2301 1311 separata
2318 1278 2460 1311 respectu

1403 1313 1659 1352 disgregationis:
1685 1313 1739 1343 sed
1763 1313 1882 1349 deitati,
1907 1320 1942 1344 ut
1964 1313 2146 1353 intelligitur
2169 1322 2308 1354 separata
2328 1325 2346 1345 a
2360 1316 2459 1351 Patre,

1403 1366 1470 1387 non
1493 1356 1623 1386 debetur
1645 1356 1703 1387 ista
1726 1356 1824 1392 actio,
1849 1364 1925 1396 puta
1948 1366 2109 1397 generare:
2139 1368 2212 1398 ergo
2236 1358 2304 1398 ipsa
2327 1368 2392 1388 non
2416 1365 2462 1389 est

1402 1400 1482 1431 ratio
1497 1400 1675 1439 generandi.
1691 1418 1712 1422 -
1726 1401 1896 1436 Praeterea,
1922 1400 2018 1431 deitas
2034 1408 2080 1431 est
2096 1402 2190 1432 unius
2213 1402 2461 1442 simplicissimae

1401 1444 1549 1475 rationis:
1574 1453 1648 1483 ergo
1672 1454 1737 1474 non
1761 1450 1807 1474 est
1826 1444 1907 1474 ratio
1923 1445 2059 1475 duarum
2077 1452 2200 1476 tantum
2216 1446 2387 1482 actionum,
2405 1445 2460 1477 sci-

1402 1488 1474 1519 licet
1496 1487 1704 1528 generationis
1727 1494 1758 1518 et
1780 1488 1974 1527 spirationis,
1999 1489 2053 1519 sed
2077 1496 2132 1519 aut
2154 1489 2258 1526 unius,
2282 1496 2337 1520 aut
2358 1489 2460 1520 infini-

1402 1539 1516 1563 tarum.
1534 1549 1554 1554 -
1569 1532 1748 1567 Praeterea,
1774 1531 1870 1562 deitas
1893 1538 1939 1562 est
1968 1533 2147 1563 communis
2175 1533 2273 1564 tribus
2301 1533 2458 1573 personis:

1402 1586 1477 1616 ergo
1493 1586 1559 1606 non
1576 1582 1622 1606 est
1635 1575 1762 1615 propria
1775 1575 1854 1605 ratio
1869 1582 1955 1606 actus
1971 1576 2092 1616 proprii
2107 1577 2163 1607 uni
2178 1587 2340 1617 personae.

1459 1620 1506 1650 Ex
1529 1619 1632 1650 forma
1654 1629 1730 1649 vero
1759 1618 1958 1649 constitutiva
1987 1620 2099 1656 Patris,
2125 1621 2240 1651 scilicet
2262 1621 2459 1661 paternitate:

1401 1664 1477 1705 quia
1502 1664 1587 1694 idem
1619 1669 1665 1693 est
1691 1662 1883 1703 principium
1911 1664 2032 1693 essendi
2064 1670 2094 1694 et
2122 1665 2288 1704 operandi;
2317 1664 2461 1704 imperfe-

1402 1707 1513 1738 ctionis
1537 1707 1622 1738 enim
1645 1713 1700 1743 est,
1724 1713 1760 1737 ut
1783 1706 1886 1737 forma
1909 1707 1962 1737 det
1984 1715 2090 1738 actum
2110 1708 2260 1747 primum,
2281 1715 2311 1739 et
2329 1718 2394 1738 non
2414 1719 2461 1739 se·

1401 1752 1553 1783 cundum.

1458 1796 1504 1826 Ex
1527 1802 1599 1826 actu
1621 1803 1710 1825 vero:
1740 1794 1815 1835 quia
1837 1794 1918 1825 sicut
1940 1802 2027 1825 actus
2051 1795 2221 1826 essentialis
2249 1806 2268 1826 a
2290 1796 2392 1826 forma
2415 1807 2460 1827 es-

1400 1839 1530 1876 sentiali,
1554 1839 1597 1870 ita
1620 1838 1792 1879 personalis
1815 1848 1834 1868 a
1856 1839 2022 1879 personali.

1457 1883 1637 1914 Auctoritas
1656 1889 1762 1913 autem
1782 1889 1827 1912 est
1842 1882 2021 1922 Augustini,
2046 1883 2075 1914 V
2097 1884 2137 1914 de
2164 1884 2263 1921 Trin„
2280 1894 2347 1924 cap.
2364 1893 2399 1914 v:
2425 1894 2460 1914 eo

1399 1928 1512 1965 Pater,
1535 1936 1597 1967 quo
1621 1932 1668 1957 est
1689 1927 1718 1956 ei
1739 1926 1851 1956 Filius.
1882 1926 1966 1966 Ergo
1994 1936 2061 1956 non
2084 1927 2258 1963 divinitate,
2283 1927 2337 1957 sed
2359 1934 2460 1968 pater-

1400 1971 1496 2002 nitate
1519 1978 1565 2002 est
1588 1971 1616 2001 ei
1640 1970 1747 2001 Filius.
1772 1970 1814 2000 Et
1836 1977 1920 2000 tenet
1943 1971 2086 2011 sequela:
2111 1971 2186 2011 quia
2209 1971 2391 2011 paternitate
2415 1978 2461 2002 est

1400 2015 1500 2046 Pater.

1457 2060 1497 2089 X.
1522 2059 1573 2089 Ad
1596 2058 1784 2088 evidentiam
1807 2057 1939 2094 horum,
1964 2058 2041 2089 scito
2065 2059 2153 2099 quod
2176 2059 2209 2088 in
2232 2059 2293 2089 hoc
2316 2059 2461 2090 videntur

1401 2109 1598 2143 opponentes
1623 2102 1740 2142 decipi,
1769 2101 1844 2142 quia
1867 2112 1932 2132 non
1956 2102 2135 2133 discernunt
2163 2110 2319 2143 quantum
2341 2103 2461 2134 intersit

1400 2147 1480 2177 inter
1502 2147 1641 2177 divinam
1666 2151 1816 2176 naturam
1841 2152 1871 2176 et
1893 2146 2033 2176 divinam
2057 2152 2207 2177 naturam
2231 2148 2263 2177 in
2286 2147 2360 2184 hoc,
2383 2154 2461 2187 puta

1400 2191 1499 2221 Patre.
1523 2191 1598 2220 Non
1617 2189 1750 2220 intendit
1765 2191 1885 2220 Auctor
1908 2189 1996 2230 quod
2019 2189 2124 2220 divina
2139 2197 2250 2220 natura
2266 2190 2304 2221 sit
2320 2191 2461 2231 potentia

1400 2234 1592 2274 generativa:
1622 2233 1677 2263 sed
1705 2233 1793 2273 quod
1822 2238 1941 2263 natura
1969 2233 2078 2264 divina
2102 2235 2133 2264 in
2151 2235 2312 2274 principio
2336 2244 2398 2264 non
2422 2234 2462 2265 de

1394 2279 1554 2318 principio
1578 2283 1624 2307 est
1646 2277 1787 2317 potentia
1809 2277 1994 2316 generativa.
2019 2277 2060 2308 Et
2082 2278 2122 2307 ad
2140 2277 2202 2308 hoc
2224 2277 2459 2314 insinuandum,

1400 2323 1433 2352 in
1447 2322 1557 2357 littera,
1570 2321 1750 2351 immediate
1765 2327 1837 2351 ante
1853 2320 2070 2351 auctoritatem
2085 2321 2205 2358 Hilarii,
2226 2322 2346 2358 dicitur,
2371 2322 2462 2352 Unde

1401 2365 1509 2397 divina
1534 2370 1652 2395 natura
1677 2366 1708 2394 in
1732 2365 1844 2401 Patre,
1874 2370 1921 2395 est
1938 2366 2081 2405 potentia
2104 2367 2292 2406 generativa
2316 2367 2348 2396 in
2372 2367 2461 2406 ipso:

1401 2410 1456 2440 ubi
1479 2409 1526 2439 bis
1549 2418 1719 2449 personam
1742 2408 1933 2444 nominavit,
1964 2409 2061 2439 semel
2089 2419 2125 2439 ex
2147 2416 2233 2449 parte
2261 2416 2404 2445 naturae,
2429 2416 2461 2440 et

1401 2453 1498 2484 semel
1522 2463 1558 2483 ex
1581 2459 1667 2492 parte
1697 2452 1856 2492 potentiae
1888 2452 2074 2491 generandi,
2105 2459 2140 2482 ut
2168 2453 2345 2483 ostenderet
2372 2453 2461 2493 quod

1401 2503 1550 2527 neutrum
1573 2495 1708 2526 sumitur
1730 2505 1808 2534 pure
1837 2495 1989 2526 absolute.
2021 2495 2135 2526 Divina
2165 2496 2320 2536 siquidem
2350 2503 2461 2527 natura

1401 2539 1581 2571 communis
1609 2546 1655 2569 est
1677 2539 1793 2575 tribus,
1828 2548 1903 2569 cum
1933 2539 2082 2569 omnibus
2112 2539 2176 2569 suis
2199 2540 2458 2580 proprietatibus:

1401 2584 1507 2614 divina
1529 2590 1636 2613 autem
1659 2589 1779 2618 natura,
1803 2592 1869 2612 non
1886 2583 1994 2617 solum
2008 2590 2044 2613 ut
2061 2583 2160 2619 Pater,
2181 2584 2235 2613 sed
2251 2591 2286 2614 ut
2305 2585 2336 2614 in
2350 2584 2459 2622 Patre,

1401 2628 1499 2658 solius
1523 2634 1569 2657 est
1591 2626 1707 2657 Patris:
1731 2626 1800 2666 ipsa
1823 2626 1908 2656 enim
1931 2633 1967 2657 ut
1988 2627 2042 2663 sic,
2065 2626 2145 2657 idest
2167 2634 2203 2657 ut
2225 2627 2258 2657 in
2280 2628 2379 2663 Patre,
2404 2638 2459 2658 seu

1402 2679 1436 2702 ut
1458 2670 1574 2706 Patris,
1599 2669 1740 2710 potentia
1768 2676 1814 2700 est
1835 2670 2013 2710 generandi.
2044 2670 2085 2700 Et
2106 2678 2271 2711 propterea
2299 2671 2331 2701 in
2359 2671 2460 2702 littera

1401 2715 1514 2745 dicitur
1531 2714 1620 2755 quod
1643 2713 1783 2754 potentia
1801 2714 1968 2753 generandi
1991 2714 2123 2744 includit
2146 2715 2372 2754 paternitatem,
2394 2725 2460 2745 non

1400 2759 1433 2789 in
1457 2765 1558 2794 recto,
1583 2758 1637 2788 sed
1664 2757 1697 2787 in
1725 2757 1873 2797 obliquo:
1899 2758 1995 2788 deitas
2019 2758 2113 2794 enim,
2138 2768 2204 2788 non
2229 2765 2263 2789 ut
2281 2759 2458 2799 paternitas,

1401 2803 1456 2834 sed
1479 2809 1515 2833 ut
1536 2801 1644 2837 Patris,
1661 2801 1803 2841 potentia
1824 2808 1870 2831 est
1892 2801 2069 2841 generandi,
2090 2808 2121 2832 et
2134 2802 2216 2832 Patri
2232 2803 2367 2843 propria.
2384 2820 2403 2825 -
2419 2803 2460 2833 Et

1401 2857 1456 2887 per
1478 2846 1539 2876 hoc
1563 2845 1652 2876 facile
1675 2845 1882 2885 respondetur
1904 2845 2143 2876 obiectionibus.

1456 2890 1508 2920 XI.
1533 2890 1624 2920 Unde
1653 2889 1772 2928 primae
1795 2888 1923 2919 rationis
1945 2889 1962 2908 *
1983 2889 2055 2919 licet
2077 2897 2184 2929 posset
2213 2890 2317 2929 negari
2347 2890 2457 2926 maior,

1401 2933 1554 2974 quoniam
1578 2933 1689 2962 albedo
1706 2939 1844 2972 separata
1861 2943 1878 2962 a
1894 2933 2066 2973 quantitate
2089 2943 2154 2963 non
2174 2933 2372 2973 disgregaret;
2398 2933 2458 2963 dis-

1401 2977 1561 3017 tinguatur
1576 2983 1691 3012 tamen,
1708 2976 1796 3016 quod
1812 2983 1898 3007 actus
1913 2976 2090 3007 attribuitur
2110 2977 2274 3016 dupliciter
2290 2977 2381 3007 alicui
2399 2977 2460 3007 for-

1401 3031 1480 3051 mae.
1506 3021 1579 3051 Uno
1603 3020 1712 3055 modo,
1732 3020 1874 3050 absolute
1895 3030 1935 3050 ac
1951 3030 2014 3060 per
2035 3030 2070 3051 se
2086 3022 2231 3060 positive.
2255 3021 2297 3051 Et
2315 3021 2366 3057 sic,
2385 3021 2457 3051 dato

1401 3065 1489 3106 quod
1507 3064 1610 3094 maior
1628 3070 1707 3095 esset
1724 3073 1807 3101 vera,
1826 3063 1933 3094 minor
1949 3071 1994 3094 est
2012 3064 2104 3094 falsa:
2129 3064 2281 3104 quoniam
2299 3065 2457 3104 generatio

1401 3119 1466 3139 non
1490 3107 1666 3139 attribuitur
1696 3107 1817 3137 divinae
1840 3114 1969 3138 naturae
1992 3108 2134 3138 absolute
2161 3118 2218 3138 nec
2240 3118 2296 3147 per
2319 3118 2351 3138 se
2374 3108 2458 3148 posi-

1400 3153 1471 3188 tive,
1496 3151 1650 3192 quoniam
1673 3151 1853 3182 conveniret
1876 3152 1904 3181 ei
1926 3151 1959 3181 in
1982 3162 2187 3192 quocumque
2206 3151 2378 3188 invenitur;
2403 3153 2459 3182 sed

1401 3196 1490 3237 quasi
1513 3195 1704 3235 permissive,
1722 3205 1760 3225 eo
1776 3195 1875 3225 modo
1890 3205 1955 3235 quo
1971 3195 2167 3235 particularia
2183 3195 2375 3226 conveniunt
2389 3196 2458 3226 uni-

1400 3239 1586 3275 versalibus;
1611 3239 1654 3269 sic
1671 3239 1755 3269 enim
1771 3246 1993 3278 comparantur
2008 3249 2159 3278 personae
2176 3239 2215 3268 ad
2231 3239 2406 3275 essentiam,
2423 3245 2459 3270 ut

1400 3284 1432 3313 in
1448 3293 1502 3324 qu.
1514 3294 1552 3313 XL
1569 3283 1586 3302 *
1609 3283 1728 3313 dictum
1748 3289 1803 3313 est.
1827 3283 1900 3313 Alio
1920 3283 2018 3313 modo
2037 3283 2214 3313 attribuitur
2232 3290 2318 3313 actus
2338 3283 2458 3313 formae

1401 3333 1435 3358 ut
1459 3329 1490 3357 in
1514 3328 1580 3357 hoc.
1605 3327 1646 3357 Et
1669 3326 1712 3357 sic
1735 3326 1836 3356 maior
1859 3333 1905 3356 est
1927 3326 2013 3362 falsa,
2038 3333 2068 3356 et
2090 3326 2196 3356 minor
2213 3337 2294 3357 vera.
2310 3344 2329 3349 -
2344 3327 2386 3357 Et
2403 3337 2459 3367 per

1400 3371 1462 3401 hoc
1485 3377 1570 3411 patet
1593 3370 1756 3410 responsio
1781 3371 1820 3400 ad
1842 3370 1979 3400 tertium.
2005 3369 2187 3400 Commune
2211 3371 2295 3400 enim
2319 3376 2355 3401 ut
2376 3380 2457 3401 com-

1401 3424 1511 3451 mune,
1536 3424 1602 3444 non
1626 3421 1672 3444 est
1695 3414 1821 3454 propria
1843 3414 1922 3444 ratio
1947 3414 2079 3454 proprii:
2109 3414 2163 3444 sed
2186 3414 2265 3444 bene
2288 3424 2458 3445 commune

1401 3464 1435 3489 ut
1451 3458 1589 3498 proprii,
1614 3457 1693 3488 idest
1716 3467 1892 3497 personae,
1910 3465 1955 3488 est
1978 3457 2105 3497 propria
2127 3458 2206 3488 ratio
2229 3464 2316 3488 actus
2339 3458 2458 3498 proprii

1400 3502 1458 3542 ipsi
1482 3511 1644 3542 personae.
1667 3519 1687 3523 —
1707 3501 1759 3531 Ad
1788 3501 1959 3531 secundam
1982 3511 2056 3531 vero
2085 3508 2190 3541 potest
2216 3511 2272 3542 per
2301 3502 2385 3532 idem
2413 3512 2458 3532 re-

1399 3545 1546 3586 sponderi
1565 3545 1662 3587 quod,
1686 3545 1758 3576 licet
1781 3545 1887 3580 deitas,
1908 3545 2082 3575 secundum
2097 3555 2138 3581 se,
2159 3555 2225 3575 non
2244 3546 2342 3586 magis
2361 3546 2457 3585 respi-

2491 356 2704 384 ‘capre01.15ent.,

2492 382 2585 409 dist.v11,
2592 389 2631 411 qu.
2637 389 2652 410 1,
2658 388 2701 405 art.

2491 415 2511 435 2,
2518 413 2597 431 contra
2606 410 2701 432 concha.

2490 488 2502 499 ⁴
2515 487 2572 509 Ibid.

2489 745 2583 792 “h‘Locis
2598 750 2662 767 num.
2676 750 2700 766 vt

2490 777 2509 792 c1
2523 786 2528 791 .

2485 2903 2496 2914 ⁴⁵
2511 2903 2547 2925 Cf.
2564 2909 2631 2925 num.
2646 2909 2679 2924 ix.

2487 3294 2495 3301 “
2509 3293 2559 3315 Art.
2575 3299 2595 3321 3.
