2768 4178
318 266 391 302 114

1034 256 1302 302 QUAESTIO
1331 257 1419 304 XII,
1447 257 1745 295 ARTICULUS
1776 258 1789 293 1

939 479 1354 558 QUAESTIO
1391 481 1873 538 DUODECIMA

729 615 733 619 ψ
763 600 1073 653 QUOMODO
1107 599 1270 641 DEUS
1305 599 1348 640 A
1380 598 1560 641 NOBIS
1595 600 2054 644 COGNOSCATUR

1097 706 1131 731 IN
1160 706 1342 731 TREDECIM
1370 705 1574 731 ARTICULOS
1601 706 1718 731 DIVISA

408 828 467 853 UIA
495 815 534 852 in
568 814 828 864 superioribus
864 813 1190 851 consideravimus
1223 813 1384 862 qualiter

409 870 514 906 Deus
543 868 589 906 sit
615 867 827 905 secundum
857 867 1038 916 seipsum,
1068 875 1181 904 restat
1210 866 1382 904 conside-

313 922 476 959 randum
510 922 672 971 qualiter
704 920 750 957 sit
783 920 821 958 in
854 920 1068 968 cognitione
1101 928 1251 968 nostra,
1287 920 1383 957 idest

312 975 512 1023 quomodo
543 981 794 1023 cognoscatur
822 986 844 1010 a
873 973 1053 1010 creaturis
1071 972 1102 1010 ³⁸.

312 1029 361 1065 Et
389 1028 487 1065 circa
515 1029 590 1065 hoc
619 1034 852 1076 quaeruntur
879 1026 1074 1063 tredecim.

365 1081 516 1118 Primo:
546 1088 674 1117 utrum
702 1080 836 1129 aliquis
865 1079 1074 1116 intellectus
1094 1086 1242 1116 creatus
1262 1079 1383 1128 possit

417 1133 548 1171 videre
579 1133 782 1170 essentiam
811 1132 894 1170 Dei.

367 1187 564 1224 Secundo:
593 1194 723 1224 utrum
751 1186 825 1223 Dei
853 1185 1017 1222 essentia
1044 1185 1220 1223 videatur
1248 1185 1296 1222 ab
1325 1185 1380 1222 in-

418 1241 567 1277 tellectu
594 1252 664 1289 per
691 1239 860 1289 aliquam
889 1238 1056 1288 speciem
1086 1247 1264 1276 creatam.

365 1293 518 1330 Tertio:
560 1301 689 1330 utrum
729 1293 840 1330 oculo
880 1304 1068 1341 corporeo
1107 1292 1180 1329 Dei
1218 1292 1380 1329 essentia

417 1346 537 1396 possit
563 1346 697 1384 videri.

366 1400 534 1447 Quarto:
569 1407 697 1437 utrum
725 1399 852 1448 aliqua
879 1398 1089 1436 substantia
1121 1398 1380 1436 intellectualis

419 1461 544 1490 creata
581 1465 627 1490 ex
656 1452 732 1490 suis
762 1452 995 1490 naturalibus
1024 1451 1217 1489 sufficiens
1251 1451 1297 1488 sit
1324 1451 1379 1488 vi-

420 1506 509 1543 dere
538 1506 611 1543 Dei
640 1506 854 1543 essentiam.

366 1559 531 1606 Quinto:
565 1567 694 1596 utrum
732 1559 940 1596 intellectus
977 1565 1123 1595 creatus
1160 1558 1210 1595 ad
1245 1558 1379 1595 viden-

168 1620 184 1636 α
419 1613 508 1650 dam
529 1619 545 1634 ‘¹‘
569 1612 641 1649 Dei
666 1612 869 1650 essentiam
897 1611 1062 1660 indigeat
1086 1611 1213 1661 aliquo
1235 1611 1379 1648 lumine

419 1674 556 1703 creato.

71 979 224 1033 mei-Instrgdxai
228 985 283 1027 mqu

1493 813 1629 849 Sexto:
1659 819 1787 849 utrum
1821 813 2035 852 videntium
2074 816 2277 854 essentiam
2306 817 2379 854 Dei
2407 830 2508 855 unus

1545 865 1618 902 alio
1646 866 1850 915 perfectius
1878 867 2017 905 videat.

1492 918 1686 967 Septimo:
1715 926 1846 956 utrum
1870 920 2004 970 aliquis
2023 921 2233 959 intellectus
2254 931 2400 961 creatus
2418 936 2507 973 pos-

1545 972 1591 1008 sit
1619 973 1947 1020 comprehendere
1976 974 2050 1011 Dei
2079 975 2292 1013 essentiam.

1492 1025 1664 1062 Octavo:
1693 1032 1823 1063 utrum
1855 1026 2065 1064 intellectus
2095 1036 2242 1065 creatus
2269 1029 2405 1067 videns
2434 1029 2507 1067 Dei

1545 1079 1760 1127 essentiam,
1791 1079 1922 1116 omnia
1950 1079 1989 1117 in
2016 1080 2099 1129 ipsa
2128 1090 2344 1129 cognoscat.

1490 1132 1630 1182 Nono:
1659 1139 1789 1169 utrum
1818 1145 1863 1169 ea
1891 1145 1990 1180 quae
2018 1133 2071 1170 ibi
2105 1134 2310 1183 cognoscit,
2340 1147 2409 1184 per
2442 1136 2508 1173 ali-

1543 1197 1638 1233 quas
1667 1185 1931 1223 similitudines
1961 1195 2168 1235 cognoscat
2185 1185 2214 1224 β.

1490 1238 1674 1276 Decimo:
1704 1246 1832 1276 utrum
1860 1239 1973 1276 simul
2009 1249 2214 1288 cognoscat
2249 1241 2380 1278 omnia
2407 1254 2507 1291 quae

1543 1291 1581 1328 in
1609 1293 1695 1328 Deo
1723 1292 1839 1330 videt.

1490 1344 1727 1382 Undecimo:
1757 1353 1886 1382 utrum
1915 1345 1953 1383 in
1983 1353 2080 1383 statu
2105 1346 2218 1383 huius
2237 1346 2338 1384 vitae
2353 1352 2368 1373 ⁷
2386 1348 2508 1396 possit

1542 1397 1677 1447 aliquis
1705 1399 1827 1436 homo
1857 1399 2062 1436 essentiam
2090 1400 2164 1436 Dei
2191 1399 2335 1438 videre.

1489 1451 1755 1488 Duodecim0:
1793 1459 1925 1489 utrum
1959 1464 2030 1501 per
2069 1452 2257 1490 rationem
2294 1446 2520 1492 naturalem

1542 1505 1671 1541 Deum
1700 1504 1739 1541 in
1768 1505 1840 1542 hac
1868 1505 1946 1541 vita
1972 1505 2167 1554 possimus
2196 1518 2439 1554 cognoscere.

1488 1557 1797 1595 Tertiodecimo:
1831 1565 1977 1605 utrum,
2012 1571 2127 1608 supra
2157 1559 2413 1607 cognitionem
2442 1572 2508 1598 na-

1541 1610 1670 1648 turalis
1694 1608 1706 1632 ⁸
1731 1611 1896 1659 rationis,
1923 1611 1969 1648 sit
1996 1611 2035 1649 in
2063 1612 2252 1661 praesenti
2279 1612 2358 1650 vita
2381 1613 2508 1662 aliqua

1545 1664 1710 1712 cognitio
1740 1664 1813 1701 Dei
1841 1677 1910 1714 per
1942 1665 2111 1713 gratiam.

1128 1783 1447 1825 ARTICULUS
1479 1783 1686 1825 PRIMUS

511 1877 667 1908 UTRUM
691 1876 864 1914 ALIQUIS
889 1875 1191 1907 INTELLECTUS
1215 1875 1416 1907 CREATus
1439 1874 1587 1906 POSSIT
1611 1875 1735 1906 DEUM
1759 1875 1918 1906 VIDERE
1941 1875 2024 1906 PER
2048 1875 2289 1907 ESSENTIAM

698 1964 773 1995 Infra,
792 1970 838 1990 art.
857 1972 882 1996 4,
903 1964 934 1988 ad
955 1963 985 1994 3;
1004 1963 1024 1988 1·
1045 1963 1097 1994 11⁰,

418 2001 448 2026 111
470 2001 545 2026 Cont.
564 2001 650 2030 Geni„
671 2008 726 2033 cap.
741 2008 774 2030 ιι,
794 2008 843 2029 mv,
862 2007 927 2030 Lvm
950 1999 990 2024 De
1010 1998 1098 2028 verit„
1118 2006 1162 2032 qu.
1174 2005 1228 2028 vm.
1248 2003 1296 2023 m.
1313 2005 1334 2029 1;

1117 1971 1161 1996 qu.
1180 1970 1218 1993 111,
1238 1967 1285 1988 art.
1304 1962 1329 1993 8,
1349 1967 1375 1988 et
1393 1970 1438 1996 qu.
1457 1969 1482 1993 v,
1502 1966 1548 1987 art.
1567 1969 1588 1992 1;
1608 1962 1641 1986 1v
1661 1962 1744 1992 sent„
1764 1962 1823 1987 dist.
1842 1970 1908 1993 mx,
1928 1970 1972 1995 qu.
1990 1970 2018 1992 11,
2037 1967 2084 1988 art.
2103 1970 2124 1992 ις

1355 1997 1451 2029 Quodl.
1469 1997 1501 2027 X,
1521 2004 1566 2030 qu.
1579 2004 1639 2028 vm;
1659 1997 1804 2030 Compend-
1821 1997 1917 2027 Tneol„
1938 2005 1993 2031 cap.
2007 2005 2058 2029 cxv,
2077 2003 2103 2023 et
2121 2003 2186 2031 part.
2206 1998 2235 2029 11,
2254 2006 2310 2031 cap.
2325 2005 2358 2029 tx,
2372 2006 2402 2030 x;

1094 2033 1120 2058 in
1138 2033 1229 2064 Matr„
1243 2041 1299 2067 cap.
1310 2041 1341 2065 νς
1359 2033 1386 2058 in
1405 2033 1490 2063 Ioan„
1508 2040 1565 2066 cap.
1577 2040 1594 2064 1,
1607 2033 1665 2058 leet.
1679 2040 1714 2058 xx.

358 2147 502 2197 mvi&
525 2137 547 2163 D
577 2137 714 2162 PRIMUM
743 2137 796 2162 sm
819 2135 1060 2161 pnoeemwn.
1090 2122 1251 2161 Videtur
1276 2122 1382 2172 quod

454 2171 498 2239 (220
525 2179 650 2215 nullus
663 2178 873 2215 intellectus
885 2184 1032 2214 creatus
1043 2176 1162 2225 possit
1172 2177 1301 2213 Deum
1313 2187 1383 2225 per

351 2268 355 2278 Δ
378 2272 380 2275 ,
468 2223 729 2269 essentiam
748 2231 892 2268 videre.
925 2230 1227 2278 Chrysostomus
1257 2228 1382 2275 enim,

373 2302 381 2310 =
484 2277 638 2333 &super
665 2286 849 2321 Ioannem
869 2283 901 2330 ²⁸,
932 2295 1128 2332 exponens
1156 2282 1248 2318 illud
1276 2281 1383 2341 quod

315 2336 449 2374 dicitur
477 2337 672 2386 loan.1*,
702 2338 826 2374 Deum
856 2348 966 2373 nemo
994 2336 1088 2373 vidit
1114 2347 1300 2383 unquam,
1330 2334 1383 2371 sic

316 2389 420 2427 dicit:
447 2390 577 2438 Ipsum
601 2391 702 2439 quod
719 2395 774 2427 est
790 2391 906 2436 Deus,
927 2401 1002 2426 non
1026 2389 1148 2426 solum
1162 2389 1380 2437 prophetae,

314 2443 380 2480 sed
412 2454 480 2479 nec
515 2444 646 2494 angeli
681 2444 856 2480 viderunt
898 2454 966 2480 nec
1002 2441 1247 2492 archangeli:
1285 2441 1386 2489 quod

315 2496 415 2533 enim
443 2497 615 2534 creabilis
643 2502 697 2534 est
723 2502 895 2541 naturae,
916 2495 1077 2544 qualiter
1104 2495 1232 2532 videre
1246 2494 1389 2542 poterit

315 2550 418 2598 quod
444 2550 645 2587 increabile
673 2549 756 2586 est?
784 2549 994 2598 Dionysius
1023 2548 1158 2595 etiam,
1189 2560 1198 2584 1
1229 2559 1311 2596 cap.
1340 2547 1386 2584 de

74 2612 84 2623 ⁸
100 2611 179 2633 S·Th·
191 2611 242 2633 ¹201·
254 2616 287 2633 ¹¹¹·
315 2603 402 2640 Div.
418 2603 535 2640 Nom.
552 2603 583 2650 ²⁸,
606 2604 766 2652 loquens
787 2603 834 2640 de
855 2603 952 2649 Deo,
975 2602 1083 2639 dicit:
1114 2612 1234 2650 neque
1256 2612 1385 2638 sensus

315 2662 369 2693 est
396 2656 486 2702 eius,
507 2668 626 2705 neque
644 2656 858 2705 phantasia,
880 2667 1000 2704 neque
1027 2654 1166 2704 opinio,
1186 2666 1255 2691 nec
1274 2654 1384 2699 ratio,

317 2721 385 2746 nec
411 2709 576 2746 scientia.

372 2773 407 2798 2.
437 2763 670 2809 PmfiTEREA,
693 2774 811 2798 omne
838 2761 1044 2809 infinitum,
1068 2760 1295 2810 inquantum
1315 2760 1386 2796 hu-

71 2293 83 2303 ·
98 2291 186 2315 Homil.
203 2298 240 2317 xv.
256 2291 287 2313 nl.

72 2325 166 2367 {uvel-⁵⁴
178 2345 211 2367 ι8.

179 2827 189 2843 ε
316 2815 504 2862 iusmodi,
535 2823 591 2853 est
629 2815 800 2863 ignotum
821 2820 842 2851 ¹.
874 2814 951 2852 Sed
978 2815 1085 2852 Deus
1115 2822 1170 2851 est
1198 2813 1384 2859 infinitus,

75 2881 86 2891 ·
103 2880 287 2908 Qu‚v11‚an.=.
316 2875 358 2905 ut
387 2880 500 2917 supra
518 2868 538 2890 ’¹‘
566 2876 764 2905 ostensum
799 2876 865 2904 est.
896 2869 999 2916 Ergo
1026 2868 1239 2905 secundum
1261 2879 1301 2903 se
1330 2873 1387 2903 est

317 2929 479 2970 ignotus.

373 2975 407 3012 3.
437 2975 676 3021 PRAETEREA,
705 2973 913 3010 intellectus
943 2981 1090 3011 creatus
1124 2985 1204 3011 non
1239 2980 1294 3010 est
1322 2985 1386 3009 co—

317 3027 549 3076 gnoscitivus
578 3027 647 3064 nisi
677 3026 936 3064 existentium:
966 3026 1135 3075 primum
1156 3026 1259 3063 enim
1280 3025 1386 3075 quod

318 3081 417 3119 cadit
449 3081 487 3118 in
516 3079 820 3140 apprehensione
858 3080 1082 3128 intellectus,
1113 3087 1169 3117 est
1197 3091 1276 3116 ens.
1307 3079 1385 3117 Sed

181 3142 194 3170 ζ
318 3135 423 3172 Deus
452 3146 531 3172 non
560 3142 616 3171 est
644 3133 819 3180 existens,
850 3132 947 3170 εεάζ
971 3145 1087 3182 supra
1115 3132 1324 3180 existentia,
1344 3140 1386 3169 ut

80 3196 290 3245 οθῡειρῑζξρΐπῄ
320 3187 407 3225 dicit
435 3187 643 3236 Dionysius
663 3186 694 3223 ²⁸.
725 3187 827 3234 Ergo
857 3198 936 3223 non
961 3194 1016 3223 est
1035 3185 1288 3235 intelligibilis3
1318 3185 1386 3222 sed

81 3230 163 3272 ¹ec⁸³13v
146 3256 172 3271 n
320 3248 375 3277 est
403 3253 518 3290 supra
546 3251 704 3278 omnem
732 3239 976 3276 intellectum.

371 3305 409 3340 4.
438 3295 673 3342 PRAETEREA,
695 3292 958 3341 cognoscentis
978 3292 1028 3329 ad
1049 3292 1243 3341 cognitum
1273 3304 1386 3341 opor-

320 3353 370 3383 tet
399 3359 480 3384 esse
510 3347 675 3396 aliquam
714 3345 1025 3395 proportionem,
1065 3358 1153 3382 curn
1192 3344 1384 3393 cognitum

375 3478 401 3510 α)
417 3477 567 3503 videndam.
581 3491 599 3496 -
613 3477 756 3502 videndum
777 3477 878 3501 codices
898 3481 922 3501 et
941 3483 958 3500 a
969 3477 992 3501 b.
1005 3490 1026 3495 ·-
1038 3477 1128 3508 aliquo
1147 3477 1267 3501 omittunt
1287 3476 1387 3501 codices

321 3518 346 3538 et
365 3513 406 3581 egi).
424 3520 523 3573 gctavo
572 3551 724 3581 cognoscat.
742 3561 760 3566 -
783 3547 892 3576 Octavo,
911 3550 1000 3571 utrum
1016 3554 1047 3571 ea
1061 3554 1129 3579 quae
1144 3546 1179 3572 ibi
1193 3547 1266 3572 videt
1278 3546 1333 3571 sive
1346 3553 1388 3571 co-

321 3583 434 3617 gnoscit,
444 3590 495 3615 per
508 3583 612 3616 aliquas
626 3583 813 3608 similitudines
833 3585 986 3616 cognoscat.
1005 3582 1091 3611 Nono,
1108 3586 1197 3607 utrum
1211 3582 1322 3607 scientia
1338 3581 1390 3606 Dei

320 3619 356 3644 sit
375 3626 465 3644 eorum
485 3626 551 3651 quae
571 3626 621 3643 non
640 3622 702 3644 sunt
721 3619 749 3643 B.

1438 2121 1485 2159 sit
1501 2121 1683 2171 perfectio
1709 2123 1984 2170 cognoscentis.
2016 2123 2094 2160 Sed
2114 2124 2217 2160 nulla
2236 2130 2293 2160 est
2310 2122 2508 2173 proportio

1437 2174 1649 2212 intellectus
1673 2174 1788 2212 creati
1817 2176 1866 2213 ad
1894 2176 2046 2213 Deum:
2076 2176 2165 2226 quia
2184 2175 2223 2213 in
2242 2175 2435 2215 infinitum
2452 2175 2510 2216 di-

1438 2235 1550 2265 stant.
1580 2228 1683 2276 Ergo
1713 2227 1922 2266 intellectus
1952 2237 2099 2267 creatus
2127 2242 2207 2266 non
2231 2237 2359 2279 potest
2375 2228 2508 2268 videre

1439 2280 1643 2318 essentiam
1672 2281 1755 2318 Dei.

1493 2334 1568 2372 SED
1597 2345 1743 2371 CONTRA
1771 2346 1837 2371 EST
1865 2335 1971 2384 quod
2001 2335 2135 2373 dicitur
2164 2337 2177 2372 1
2203 2337 2307 2373 loan.
2329 2347 2365 2373 111
2384 2335 2425 2373 *ε
2453 2336 2508 2373 νί-
2536 2353 2545 2362 ·

1438 2387 1607 2424 dehimus
1635 2399 1721 2424 eum
1748 2388 1859 2424 sicuti
1883 2394 1947 2425 est.

1494 2441 1720 2477 RESPONDEO
1740 2452 1925 2478 memnon
1945 2441 2062 2490 quod,
2085 2453 2174 2479 cum
2198 2441 2507 2491 unumquodque

1439 2493 1486 2530 sit
1513 2492 1769 2542 cognoscibile
1807 2494 2020 2532 secundum
2058 2494 2165 2544 quod
2199 2503 2255 2532 est
2291 2494 2330 2532 in
2362 2501 2450 2533 actu
2466 2494 2505 2542 ¹⁸³,

1440 2547 1567 2594 Deus,
1606 2546 1671 2595 qui
1710 2554 1765 2583 est
1802 2554 1907 2584 actus
1940 2560 2060 2597 purus
2096 2548 2242 2597 absque
2279 2547 2387 2585 omni
2422 2560 2508 2598 per—

1439 2598 1619 2639 mixtione
1647 2599 1860 2648 potentiae,
1890 2609 2077 2650 quantum
2105 2601 2144 2638 in
2172 2613 2214 2638 se
2243 2608 2311 2649 est,
2341 2601 2508 2639 maxime

1440 2652 1703 2701 cognoscibilis
1731 2661 1798 2690 est.
1829 2654 1907 2691 Sed
1935 2654 2041 2702 quod
2077 2662 2133 2692 est
2160 2653 2328 2692 maxime
2366 2666 2508 2703 cogno-

1440 2705 1570 2743 scibile
1598 2705 1637 2742 in
1665 2718 1726 2750 se,
1757 2706 1867 2743 alicui
1900 2706 2103 2744 intellectui
2137 2706 2394 2756 cognoscibile
2428 2719 2508 2745 non

1441 2767 1511 2806 est,
1540 2766 1697 2808 propter
1726 2771 1925 2797 excessum
1958 2760 2194 2809 intelligibilis
2222 2772 2338 2811 supra
2364 2759 2508 2799 intelle-

1441 2820 1566 2850 ctum:
1595 2811 1693 2850 sicut
1721 2813 1795 2860 sol,
1826 2814 1890 2862 qui
1920 2822 1975 2851 est
2003 2813 2169 2851 maxime
2197 2813 2366 2862 visibilis,
2385 2813 2508 2852 videri

1440 2878 1520 2903 non
1547 2873 1673 2915 potest
1691 2878 1713 2903 a
1731 2866 2013 2915 vespertilione,
2041 2874 2198 2916 propter
2223 2878 2423 2904 excessum
2451 2867 2507 2904 lu-

1439 2918 1563 2957 minis.
1595 2919 1682 2956 Hoc
1708 2918 1820 2967 igitur
1847 2920 2096 2968 attendentes,
2117 2918 2276 2968 quidam
2294 2927 2508 2968 posuerunt

1441 2971 1547 3022 quod
1567 2972 1692 3009 nullus
1711 2971 1920 3010 intellectus
1949 2980 2096 3011 creatus
2125 2972 2329 3010 essentiam
2353 2972 2427 3010 Dei
2449 2972 2507 3010 vi-

1441 3025 1530 3063 dere
1559 3032 1694 3074 potest.

1495 3078 1571 3116 Sed
1591 3078 1666 3115 hoc
1684 3077 1998 3117 inconvenienter
2017 3077 2163 3117 dicitur.
2194 3078 2295 3116 Cum
2320 3078 2424 3116 enim
2451 3079 2507 3116 ul-

1440 3131 1533 3169 tima
1561 3130 1728 3169 hominis
1756 3131 1950 3170 beatitudo
1978 3132 2018 3170 in
2045 3131 2224 3169 altissima
2263 3131 2344 3169 eius
2372 3143 2507 3181 opera-

1426 3184 1543 3222 ‘tione
1573 3184 1767 3231 consistat,
1798 3197 1898 3234 quae
1928 3193 1984 3223 est
2011 3184 2182 3234 operatio
2216 3184 2446 3231 intellectus,
2476 3185 2507 3222 si

1441 3250 1639 3287 nunquam
1660 3238 1863 3275 essentiam
1891 3238 1965 3276 Dei
1991 3237 2123 3276 videre
2150 3245 2276 3287 potest
2299 3237 2507 3276 intellectus

1442 3299 1599 3339 creatus,
1619 3291 1681 3328 vel
1701 3303 1900 3340 nunquam
1929 3290 2203 3328 beatitudinem
2223 3290 2424 3351 obtinebit,
2445 3291 2507 3328 vel

1441 3344 1479 3381 in
1507 3344 1579 3381 alio
1610 3344 1694 3386 eius
1719 3344 1914 3381 beatitudo
1944 3343 2162 3381 consistet
2160 3356 2310 3394 quam
2339 3343 2377 3381 in
2406 3345 2502 3382 Deo.

1494 3478 1521 3508 γ)
1541 3475 1618 3500 vitae.
1637 3489 1656 3494 -
1674 3475 1732 3499 viae
1749 3473 1929 3499 ABCDFGab.

1495 3509 1520 3543 ὃ)
1540 3510 1681 3535 naturalis.
1699 3523 1718 3528 -
1736 3509 1885 3534 naturalem
1906 3509 1936 3533 Α.

1496 3546 1518 3578 ε)
1538 3546 1668 3579 ignotum.
1685 3557 1705 3564 ·-
1723 3543 1886 3577 incognitum
1906 3544 2028 3570 ABCDE.

1496 3580 1521 3613 ζ)
1540 3580 1596 3606 sed.
1612 3593 1632 3600 ·-
1648 3587 1707 3605 cum
1726 3579 1762 3604 sit
1780 3580 1809 3604 B.
1828 3593 1847 3598 -
1865 3582 1904 3604 est
1923 3584 1980 3604 ante
1999 3587 2082 3612 supra
2101 3587 2203 3606 omnem
2223 3587 2275 3605 om.
2291 3579 2393 3605 codices
2413 3584 2438 3604 et
2455 3580 2507 3605 ab.

1496 3616 1523 3648 η)
1541 3615 1674 3641 consistet.
1692 3627 1711 3633 —
1727 3614 1849 3639 consistit
1867 3615 1967 3639 codices
1987 3620 2012 3640 ct
2030 3623 2047 3640 a
2058 3616 2080 3641 b.

2560 2351 2628 2374 Vm.
2638 2357 2660 2374 ι.

2534 2506 2546 2517 “
2559 2505 2588 2527 D.
2603 2505 2652 2534 ⁷⁶¹·

2629 3353 2646 3378 Ἰ
