2768 4178
34 1758 36 1763 =
73 1742 276 1767 ·S.·rh.10et.1.

980 278 1248 324 QUAEST10
1279 279 1422 325 xxm,

368 357 421 387 lv.
438 356 531 387 Circa
546 356 627 388 hanc
646 357 802 388 rationem
817 357 952 388 dubium
971 356 1121 387 occurrit:
1146 357 1300 397 quoniam
1314 362 1381 386 tota

312 400 360 431 vis
385 400 452 431 eius
479 411 546 431 non
573 401 667 433 infert
692 402 861 432 intentum.
892 403 960 431 Aut
986 400 1072 431 enim
1104 400 1238 431 intendit
1266 399 1379 430 inferre

314 445 404 486 quod
426 445 627 485 reprobatio,
657 456 712 476 seu
740 445 907 486 permissio
936 444 1077 475 defectus
1105 455 1123 475 a
1150 444 1214 475 vita
1237 451 1379 480 aeterna,

314 495 396 519 recte
419 488 551 520 infertur
574 500 611 520 ex
634 489 706 526 hoc,
731 489 821 530 quod
843 488 1016 529 provisoris
1040 495 1087 519 est
1105 488 1300 528 permittere:
1326 495 1381 518 aut

313 532 448 564 intendit
470 534 560 574 quod
575 543 613 564 ex
628 534 690 564 hoc
712 539 795 564 recte
818 531 950 563 infertur
971 532 1060 573 quod
1082 532 1259 572 permissio,
1281 532 1308 562 si
1324 538 1379 567 est,

313 576 451 618 pertinet
466 577 506 607 ad
520 577 763 618 providentiam.
786 577 828 607 Et
843 576 869 606 si
885 576 1016 617 quidem
1034 576 1169 607 intendit
1191 575 1254 606 hoc
1270 586 1380 606 secun-

315 621 404 657 dum,
421 631 488 651 non
502 621 672 662 respondet
685 620 844 662 quaesito:
859 620 1015 661 quoniam
1032 630 1070 650 ex
1089 620 1151 650 hoc
1167 630 1233 650 non
1249 620 1381 650 habetur

315 665 405 706 quod
427 664 518 696 Deus
538 665 662 706 aliquos
681 665 844 705 reprobat;
870 664 925 694 sed
941 664 1040 705 quod,
1057 664 1083 694 si
1099 665 1255 704 reprobat,
1272 674 1379 704 repro-

314 710 388 739 bare
404 709 444 739 ad
457 708 690 749 providentiam
709 718 800 739 suam
817 714 944 748 spectat.
961 726 981 730 -
997 708 1029 738 Si
1045 715 1152 738 autem
1168 708 1302 738 intendit
1317 708 1380 748 pri-

313 762 426 788 mum,
455 758 532 783 tunc
554 752 634 783 ratio
658 751 736 782 nihil
758 752 860 783 valet:
894 752 961 782 imo
986 752 1195 783 committitur
1217 752 1381 792 sophisma

316 796 560 837 consequentis,
577 796 656 826 dum
674 795 817 836 arguitur
830 806 849 826 a
864 796 1063 836 providentia
1085 796 1118 826 in
1142 796 1317 832 communi,
1334 806 1380 826 re-

315 846 424 881 spectu
448 838 519 870 finis
542 840 576 870 in
597 840 774 876 communi,
799 841 840 870 ad
863 840 1095 880 providentiam
1117 847 1261 880 respectu
1285 840 1380 870 huius

314 882 406 920 finis,
435 883 552 914 scilicet
573 884 655 915 vitae
679 891 832 915 aeternae.
863 884 1017 922 Quamvis
1041 884 1127 915 enim
1149 885 1190 914 ad
1213 884 1381 925 providen-

314 927 393 958 tiam
407 927 546 958 universi
569 927 709 968 exigatur
727 928 894 969 permissio
911 928 1043 959 alicuius
1067 928 1222 965 defectus;
1247 935 1277 958 et
1296 928 1380 958 sirni-

314 971 385 1002 liter
413 972 630 1012 providentiae
659 972 692 1002 in
724 972 889 1003 communi
921 982 987 1003 non
1017 979 1172 1013 repugnet
1200 972 1380 1013 permittere

315 1015 440 1056 aliquos
464 1015 623 1047 defectus:
648 1026 715 1047 non
730 1023 838 1047 tamen
854 1017 958 1047 omnis
982 1016 1180 1057 providentia
1198 1017 1260 1047 hoc
1277 1016 1379 1056 exigit,

317 1065 352 1090 ut
373 1066 461 1100 patet
484 1060 523 1090 de
546 1060 745 1101 providentia
768 1061 1036 1097 necessariorum,
1062 1067 1098 1091 ut
1120 1060 1175 1091 sic.
1206 1061 1247 1091 Et
1274 1067 1380 1091 tamen

315 1103 418 1134 littera
432 1103 536 1141 infert,
561 1114 596 1135 ac
613 1104 639 1135 si
653 1104 706 1135 illa
728 1104 917 1145 propositio,
934 1105 1061 1142 scilicet,
1085 1105 1128 1135 ad
1141 1105 1379 1145 providentiam

310 1149 454 1189 pertinet
470 1149 670 1189 permittere,
689 1155 769 1179 esset
784 1148 978 1183 universalis.

370 1192 409 1223 V.
424 1193 476 1222 Ad
498 1192 560 1223 hoc
579 1192 713 1224 breviter
731 1193 949 1233 respondetur,
967 1192 1054 1233 quod
1071 1191 1193 1232 primus
1209 1201 1320 1222 sensus
1336 1198 1382 1222 est

317 1235 431 1266 directe
451 1236 489 1267 de
508 1236 684 1278 intentione
707 1237 842 1268 litterae:
867 1236 1022 1277 quoniam
1038 1236 1082 1266 sic
1098 1236 1268 1276 respondet
1286 1245 1381 1276 quae-

316 1277 612 1321 sitorNeeop'ortet
626 1283 793 1322 propterea
808 1280 971 1321 sophisma
987 1280 1118 1321 aliquod
1133 1279 1306 1315 admittere,
1323 1289 1382 1309 nec

1451 278 1748 316 ARTICULUS
1778 279 1829 315 lV

1434 357 1487 388 illa
1505 358 1725 398 propositione
1742 365 1777 389 ut
1793 359 1974 399 simpliciter
1993 360 2159 391 universali
2174 360 2236 391 uti:
2261 361 2315 391 sed
2330 361 2496 391 universali

1435 403 1466 431 in
1491 403 1627 433 materia
1651 402 1823 444 defectibili
1845 404 2018 434 secundum
2043 414 2085 435 se.
2118 405 2163 435 Ita
2188 405 2275 445 quod
2299 415 2408 435 sensus
2433 411 2494 435 est:

1433 445 1485 475 Ad
1501 446 1732 486 providentiam
1751 457 1857 477 rerum
1881 448 2056 478 secundum
2079 458 2111 478 se
2135 448 2360 479 defectibilium
2383 459 2401 479 a
2423 448 2495 485 fine,

1435 496 1554 529 spectat
1568 491 1758 530 permittere,
1779 498 1837 522 etc.
1861 491 1902 521 Et
1917 497 1992 521 tunc
2007 492 2128 531 optime
2144 493 2299 533 sequitur:
2324 493 2408 533 Ergo
2423 503 2495 533 pro-

1433 534 1570 564 videntia
1587 534 1692 565 divina
1707 535 1802 566 habet
1815 535 1901 565 hunc
1917 542 2032 571 actum,
2050 536 2165 567 scilicet
2180 537 2358 576 permittere
2372 536 2496 577 aliquos

1435 577 1566 608 deficere
1589 588 1607 608 a
1627 579 1692 609 vita
1713 585 1856 616 aeterna;
1881 579 2035 620 quoniam
2055 587 2211 611 creaturae
2234 581 2399 611 rationales
2423 587 2497 611 sunt

1435 621 1627 652 defectibiles
1650 623 1689 653 ab
1704 623 1767 654 hoc
1782 622 1855 653 fine.
1873 641 1893 645 -
1909 623 1951 653 Et
1966 623 1991 653 si
2007 633 2137 664 quaeras
2154 624 2397 655 fundamentum
2412 624 2496 655 illius

1434 666 1636 705 praemissae,
1662 667 1740 697 scito
1763 667 1853 707 quod
1876 673 1923 697 est
1946 667 2050 697 suavis
2071 667 2235 708 dispositio
2263 679 2369 699 rerum
2391 668 2496 709 provi-

1435 719 1551 740 sarum.
1580 710 1627 740 Ex
1650 710 1712 741 hoc
1736 711 1822 741 enim
1852 711 1942 752 quod
1969 711 2167 751 providentia
2189 712 2324 742 suaviter
2346 712 2495 752 disponit,

1435 753 1622 784 defectibilia
1645 755 1710 785 suis
1732 755 1851 785 viribus
1875 754 2037 795 relinquit:
2063 761 2093 786 et
2116 756 2159 786 sic
2183 756 2331 786 eveniunt
2347 756 2495 787 defectus.

1488 798 1540 829 VI.
1559 798 1677 835 Quoad
1689 799 1864 830 secundum
1878 796 1903 835 *,
1917 798 1975 829 tria
1989 799 2028 829 de
2043 799 2262 839 reprobatione
2274 800 2358 830 dicit.
2374 800 2495 837 Primo,

1435 842 1523 882 quod
1540 848 1586 872 est
1601 852 1672 882 pars
1688 842 1913 882 providentiae.
1938 843 1980 873 Et
1995 843 2109 883 probat
2123 843 2188 873 hoc*
2201 853 2238 874 ex
2253 843 2496 884 proportionali-

1434 892 1496 916 tate
1516 886 1555 916 ad
1570 886 1899 926 praedestinationem.
1913 904 1933 909 —
1949 886 2106 925 Secundo,
2123 887 2212 927 quod
2231 897 2297 917 non
2313 894 2359 918 est
2373 894 2497 918 tantum

1434 929 1647 969 praescientia.
1672 931 1714 961 Et
1736 931 1849 971 probat
1871 931 1934 961 hoe
1958 940 1995 961 ex
2018 941 2077 961 suo
2107 937 2195 967 toto,
2226 931 2342 962 scilicet
2365 941 2402 961 ex
2424 941 2497 971 pro-

1434 973 1580 1010 videntia,
1598 984 1680 1015 quae
1696 974 1861 1005 manifeste
1877 974 1963 1005 addit
1978 985 2073 1015 supra
2087 975 2333 1015 praescientiam.
2345 993 2365 997 —
2379 976 2496 1012 Tertio,

1435 1018 1524 1058 quod
1546 1017 1680 1049 includit
1701 1019 1899 1050 voluntatem
1923 1018 2125 1058 permittendi
2150 1029 2268 1056 casum,
2293 1026 2324 1050 et
2345 1019 2498 1059 puniendi

1435 1062 1573 1102 culpam.
1598 1062 1639 1093 Et
1654 1063 1769 1103 probat
1784 1062 1846 1093 hoc
1862 1073 1969 1093 rursus
1987 1073 2023 1093 ex
2038 1063 2330 1103 proportionalitate
2347 1063 2387 1093 ad
2409 1072 2497 1103 prae-

1436 1105 1686 1143 destinationem,
1705 1106 1739 1136 in
1761 1107 1824 1137 hoc
1840 1107 1929 1147 quod
1943 1106 1997 1137 illa
2012 1107 2138 1147 respicit
2154 1113 2184 1138 et
2198 1107 2229 1137 id
2249 1108 2337 1148 quod
2354 1113 2399 1137 est
2413 1116 2499 1147 prae-

1435 1149 1530 1180 sentis
1555 1150 1687 1187 saeculi,
1713 1156 1743 1181 et
1766 1151 1855 1191 quod
1878 1150 1985 1187 futuri,
2011 1157 2068 1181 etc.

1490 1193 1538 1223 Ex
1560 1193 1609 1224 his
1633 1201 1739 1225 autem
1755 1194 1844 1224 facile
1860 1194 2018 1234 colligitur
2036 1194 2114 1236 quid
2131 1201 2176 1226 est
2191 1194 2384 1235 reprobatio:
2410 1194 2499 1236 quod

1436 1236 1553 1268 scilicet
1569 1245 1615 1268 est
1627 1239 1856 1277 praescientia,
1873 1248 1944 1269 cum
1962 1239 2126 1270 voluntate
2139 1239 2343 1280 permittendi
2359 1239 2496 1279 culpam,

1436 1285 1466 1310 et
1488 1281 1664 1312 damnandi
1681 1287 1817 1322 propter
1839 1283 1977 1322 culpam.

2419 282 2492 329 275

1097 1410 1418 1453 ARTICULUS
1449 1411 1721 1463 QUARTUS

926 1495 1083 1526 UTRUM
1106 1495 1452 1526 PRAEDESTINATI
1477 1495 1731 1528 ELIGANTUR
1754 1498 1783 1526 A
1806 1496 1895 1527 1)Εο

343 1580 361 1584 ,
838 1565 847 1589 1
867 1565 950 1594 Sent„
965 1565 1024 1590 dist.
1037 1573 1086 1596 m,
1107 1570 1153 1590 nrt.
1170 1572 1198 1596 25
1219 1565 1260 1590 De
1283 1564 1374 1596 Verit„
1387 1573 1432 1598 qu.
1446 1573 1480 1596 w,
1494 1570 1540 1590 art.
1557 1572 1570 1590 2
1578 1573 1586 1596 ς
1605 1566 1643 1590 ad
1660 1566 1747 1595 Rom„
1762 1574 1818 1599 cap.
1831 1574 1864 1595 rx,
1878 1567 1937 1591 lect.
1950 1573 1978 1591 11.

360 1675 363 1679 s
392 1671 411 1681 r,
528 1648 552 1674 D
572 1648 745 1679 QUARTUM
764 1648 817 1673 Sic
837 1647 1076 1673 PROCEDrrUR.
1097 1635 1256 1673 Videtur
1280 1635 1384 1684 quod

312 1711 315 1714 ·
347 1684 400 1737 §fiir
449 1683 503 1740 *ἷῆ
529 1689 797 1739 praedestinati
817 1701 895 1726 non
924 1688 1107 1737 eligantur
1126 1701 1148 1725 a
1167 1690 1266 1725 Deo.
1286 1687 1385 1725 Dicit

337 1736 375 1792 γ’
386 1762 451 1791 ‚sn
468 1731 633 1788 'r'enim
653 1741 873 1791 Dionysius,
895 1754 930 1779 iv
950 1754 1032 1791 cap.
1049 1742 1095 1779 de
1112 1743 1200 1779 Div.
1215 1742 1334 1780 Nom.
1349 1740 1382 1788 ²¹⁹,

377 1777 466 1827 Ψὲ
489 1791 648 1846 Χ«Ῑιιοά,
669 1796 765 1832 sicut
793 1796 849 1832 sol
879 1807 1087 1844 corporeus
1106 1807 1186 1832 non
1206 1794 1380 1842 eligendo

318 1850 497 1887 omnibus
527 1849 752 1898 corporibus
780 1849 912 1885 lumen
939 1848 1117 1896 immittit,
1136 1848 1187 1884 ita
1215 1855 1252 1884 et
1279 1848 1384 1884 Deus

318 1915 429 1940 suam
457 1902 680 1939 bonitatem.
703 1902 779 1938 Sed
799 1901 948 1938 bonitas
973 1901 1102 1938 divina
1127 1900 1382 1938 communica-

317 1963 378 1993 tur
394 1957 600 2005 praecipue
620 1955 806 2004 aliquibus
825 1955 1039 1991 secundum
1054 1953 1383 2002 participationem

317 2009 457 2058 gratiae
487 2016 523 2046 et
559 2008 712 2057 gloriae.
739 2009 841 2055 Ergo
875 2008 982 2044 Deus
1016 2008 1162 2056 absque
1201 2005 1384 2043 electione

317 2062 476 2111 gratiam
505 2069 542 2098 et
568 2061 728 2110 gloriam
757 2061 1027 2097 communicat.
1054 2060 1172 2108 Qu‘od
1199 2060 1249 2096 ad
1275 2071 1384 2108 prae-

305 2115 610 2153 destinationem
636 2114 809 2163 pertinet.

373 2180 408 2205 2.
429 2169 663 2214 PRAETEREA,
685 2166 816 2203 electio
838 2174 893 2203 est
913 2178 1047 2202 eorum
1069 2178 1167 2214 quae
1187 2173 1285 2202 sunt.
1307 2166 1385 2202 Sed

283 2245 286 2247 Δ
315 2220 608 2272 praedestinatio
621 2221 669 2258 ab
685 2227 840 2256 aeterno
853 2226 908 2256 est
923 2219 1036 2255 etiam
1048 2231 1180 2256 eorum
1192 2231 1290 2267 quae
1306 2231 1386 2255 non

317 2282 414 2313 sunt.
431 2275 533 2323 Ergo
549 2273 878 2322 praedestinantur
897 2271 1011 2321 aliqui
1027 2272 1171 2320 absque
1187 2271 1382 2308 electione.

311 2332 315 2334 ’
371 2328 406 2365 3.
431 2327 666 2374 PRAETEREA,
696 2325 830 2362 electio
859 2324 1055 2374 quandam
1085 2324 1352 2361 discretionem
1368 2330 1384 2345 α

314 2381 506 2431 importat.
524 2380 602 2417 Sed
613 2380 719 2416 Deus
729 2379 811 2416 vult
823 2390 952 2415 omnes
966 2378 1135 2415 homines
1148 2378 1273 2416 salvos
1275 2378 1384 2425 fieri,

283 2455 291 2460 -
314 2441 356 2471 ut
369 2433 528 2472 diciturl
541 2433 636 2470 Tim.
649 2444 672 2469 11
681 2432 712 2469 ²⁸.
725 2432 828 2479 Ergo
844 2430 1149 2480 praedestinatio,
1162 2443 1261 2479 quae
1275 2443 1385 2479 prae-

315 2486 466 2525 ordinat
483 2486 660 2523 homines
678 2485 719 2522 in
733 2486 906 2531 salutem,
924 2492 979 2521 est
993 2482 1010 2512 β
1022 2485 1171 2533 ‘absque
1187 2484 1381 2520 electione.

369 2541 443 2577 SED
472 2550 618 2576 CONTRA
645 2550 711 2575 EST
739 2538 846 2586 quod
865 2537 999 2575 dicitur
1016 2538 1152 2586 Ephes.
1174 2549 1183 2574 1
1203 2536 1238 2573 *ε
1258 2536 1386 2586 Elegit

314 2604 383 2630 nos
411 2593 448 2629 in
478 2592 557 2640 ipso
585 2597 673 2628 ante
699 2591 833 2627 mundi
858 2590 1165 2628 constitutionem.

369 2646 595 2682 RESPONDEO
610 2655 794 2681 chENDUM
810 2643 916 2692 quod
930 2643 1236 2692 praedestinatio,
1249 2655 1382 2680 secun-

315 2698 410 2736 dum
425 2698 623 2744 rationem,
638 2696 913 2746 praesupponit
932 2696 1173 2742 electionem;
1195 2704 1231 2733 et
1250 2696 1380 2732 electio

316 2751 570 2789 dilectionem.
593 2750 711 2787 Cuius
730 2749 824 2786 ratio
855 2757 930 2796 est,
961 2749 1050 2798 quia
1072 2749 1378 2798 praedestinatio,

314 2812 356 2842 ut
375 2804 518 2842 dictum
540 2811 596 2840 est
612 2803 643 2850 ²³⁸,
666 2811 722 2839 est
739 2815 827 2851 pars
846 2802 1120 2852 providentiae.
1138 2802 1381 2839 Providentia

315 2864 458 2904 autem,
487 2857 583 2894 sicut
611 2863 647 2893 et
673 2855 894 2904 prudentia,
922 2862 977 2893 est
1004 2856 1098 2892 ratio
1128 2856 1167 2892 in
1194 2855 1382 2892 intellectu

316 2911 490 2958 existens,
512 2909 755 2960 praeceptiva
782 2914 796 2934 ⁷
825 2908 1072 2946 ordinationis
1100 2908 1315 2957 aliquorum
1342 2907 1382 2944 in

315 2964 448 3011 finem,
468 2971 511 3001 ut
529 2975 644 3012 supra
658 2962 678 2984 ’¹‘
694 2961 836 3000 dictum
857 2969 922 3004 est.
940 2963 1032 2999 Non
1051 2969 1179 2999 autem
1198 2961 1383 3010 praecipi-

316 3025 378 3054 tur
391 3017 530 3065 aliquid
545 3015 801 3054 ordinandum
818 3015 857 3052 in
875 3015 1007 3062 finem,
1023 3014 1093 3052 nisi
1108 3014 1381 3064 praeexistente

315 3070 511 3107 voluntate
548 3070 646 3106 finis.
687 3068 796 3106 Unde
835 3067 1128 3117 praedestinatio
1166 3067 1381 3117 aliquorum

315 3123 355 3160 in
383 3123 545 3159 salutem
573 3129 770 3159 aeternam
799 3119 823 3168 δ,
853 3121 1137 3170 praesupponit,
1169 3120 1380 3158 secundum

316 3176 522 3223 rationem,
552 3175 657 3225 quod
691 3176 797 3212 Deus
826 3174 977 3212 illorum
1001 3174 1092 3211 velit
1119 3175 1290 3211 salutern.
1320 3173 1381 3210 Ad

316 3228 422 3278 quod
449 3228 610 3277 pertinet
629 3228 762 3265 electio
784 3235 820 3264 et
840 3226 1001 3264 dilectio.
1021 3227 1182 3264 Dilectio
1212 3227 1379 3276 quidem,

315 3282 542 3331 inquantum
569 3282 652 3318 vult
680 3281 732 3318 eis
760 3282 834 3318 hoc
867 3281 1015 3316 bonurn
1039 3279 1166 3317 salutis
1186 3288 1379 3316 aeternae:

315 3346 406 3372 nam
434 3334 587 3382 diligere
617 3341 672 3371 est
697 3335 798 3372 velle
830 3333 940 3370 alicui
967 3333 1128 3380 bonum,
1157 3340 1200 3370 ut
1227 3345 1342 3382 supra
1361 3332 1381 3354 '¹‘

317 3388 460 3425 dictum
481 3394 547 3424 est.
568 3387 714 3424 Electio
735 3395 875 3434 autern,
895 3386 1120 3435 inquantum
1139 3387 1214 3423 hoc
1234 3386 1380 3422 bonum

369 3493 396 3526 α)
415 3492 552 3525 quandam
571 3491 765 3517 discretionem.
783 3505 803 3511 -
821 3491 1018 3517 distinctionem
1035 3490 1171 3523 quandam
1190 3491 1224 3520 B,
1243 3490 1383 3515 discretio-
1407 3489 1409 3515 Ι

315 3536 375 3554 nem
394 3528 529 3560 quandam
549 3527 636 3551 ceteri.

370 3563 394 3596 β)
409 3570 476 3596 quae
524 3565 571 3587 est.
583 3575 603 3581 -
614 3569 704 3586 omnes
711 3562 891 3594 praeordinat
906 3562 931 3587 in
947 3562 1058 3586 salutem
1069 3562 1102 3591 B;
1117 3568 1184 3592 quae
1198 3565 1224 3585 et
1235 3563 1275 3585 est
1284 3568 1336 3585 om.
1348 3560 1382 3585 G.

368 3600 395 3633 γ)
403 3598 585 3631 praeceptiva.
598 3610 618 3617 -
625 3596 848 3629 praeconceptiva
860 3597 890 3622 C.
902 3611 920 3616 —
933 3597 984 3621 Pro
1000 3596 1186 3626 ordinationis,
1202 3596 1306 3621 ordinis
1319 3597 1350 3620 Β.
1363 3609 1382 3614 -

315 3635 366 3660 Pro
379 3634 556 3667 praecipitur,
571 3632 791 3665 praeconcipitur
809 3632 854 3657 sC.

1439 1636 1627 1684 aliquibus
1645 1650 1737 1685 prae
1758 1637 1838 1674 aliis
1852 1638 1944 1685 vult,
1963 1650 2050 1674 cum
2066 1639 2256 1687 quosdam
2275 1639 2453 1687 reprobet
2477 1647 2499 1686 ε,

1439 1697 1481 1726 ut
1508 1702 1622 1738 supra
1641 1690 1661 1712 '¹‘
1690 1690 1831 1727 dictum
1861 1698 1926 1727 est.

1493 1743 1638 1779 Electio
1657 1751 1787 1780 tamen
1808 1750 1844 1780 et
1863 1743 2010 1780 dilectio
2027 1743 2132 1780 aliter
2146 1743 2367 1780 ordinantur
2381 1744 2419 1781 in
2434 1757 2501 1781 no-

1439 1795 1497 1832 bis
1513 1795 1600 1833 etin
1611 1797 1714 1833 Deo:
1731 1809 1778 1833 eo
1794 1796 1899 1846 quod
1914 1796 1952 1833 in
1967 1796 2078 1834 nobis
2094 1797 2271 1833 voluntas
2287 1797 2475 1845 diligendo
2488 1798 2502 1824 t

1439 1861 1518 1885 non
1539 1857 1669 1886 causat
1688 1850 1850 1895 bonum;
1876 1849 1945 1886 sed
1965 1862 2009 1886 ex
2029 1849 2134 1886 bono
2152 1850 2426 1898 praeexistente
2446 1851 2501 1887 in-

1440 1901 1599 1938 citamur
1617 1902 1667 1939 ad
1686 1902 1931 1950 diligendum.
1953 1904 2002 1939 Et
2019 1902 2108 1939 ideo
2129 1903 2301 1950 eligimus
2321 1903 2499 1952 aliquem,

1439 1966 1556 2003 quem
1586 1955 1801 2003 diligamus:
1832 1963 1868 1992 et
1895 1955 1948 1992 sic
1977 1955 2109 1992 electio
2135 1956 2375 1992 dilectionem
2394 1969 2501 2005 prae-

1440 2007 1539 2044 cedit
1557 2007 1595 2044 in
1615 2008 1737 2045 nobis.
1760 2010 1802 2045 In
1815 2010 1900 2045 Deo
1921 2016 2049 2045 autem
2069 2016 2125 2045 est
2139 2021 2159 2044 e
2176 2021 2375 2046 converso.
2398 2010 2500 2046 Nam

1438 2062 1614 2098 voluntas
1632 2062 1724 2107 eius,
1741 2073 1818 2109 qua
1830 2062 1912 2098 vult
1931 2062 2077 2098 bonurn
2097 2061 2207 2099 alicui
2228 2062 2429 2109 diligendo,
2447 2071 2502 2100 est

1440 2126 1554 2150 causa
1568 2115 1673 2163 quod
1691 2115 1782 2151 illud
1798 2115 1944 2151 bonum
1964 2116 2011 2151 ab
2028 2127 2074 2151 eo
2094 2126 2185 2164 prae
2206 2114 2286 2151 aliis
2304 2115 2499 2153 habeatur.

1439 2167 1488 2203 Et
1503 2167 1555 2203 sic
1571 2176 1674 2215 patet
1688 2167 1795 2215 quod
1816 2167 1964 2204 dilectio
1979 2167 2299 2216 praesupponitur
2314 2169 2500 2216 electioni,

1440 2220 1651 2257 secundum
1686 2220 1893 2267 rationem3
1924 2228 1960 2257 et
1989 2221 2120 2257 electio
2157 2221 2500 2269 praedestinationi.

1439 2272 1551 2309 Unde
1576 2285 1710 2309 omnes
1738 2273 2004 2322 praedestinati
2033 2281 2121 2310 sunt
2149 2273 2255 2310 electi
2285 2281 2321 2310 et
2339 2274 2474 2311 dilecti.

1492 2327 1551 2362 An
1572 2338 1710 2363 prunum
1730 2337 1827 2363 ERGO
1847 2338 2031 2363 montinum
2052 2326 2168 2375 quod,
2190 2326 2219 2363 si
2245 2326 2502 2364 consideretur

1440 2378 1737 2416 communicatio
1758 2379 1935 2416 bonitatis
1956 2379 2106 2416 divinae
2130 2379 2169 2415 in
2189 2380 2396 2427 communi,
2418 2381 2502 2417 abs-

1439 2443 1512 2480 que
1543 2432 1724 2469 electione
1758 2432 1966 2469 bonitatem
2002 2444 2111 2469 suam
2141 2432 2418 2479 communicat3
2447 2433 2502 2470 in-

1438 2492 1625 2532 quantum
1664 2485 1804 2522 scilicet
1830 2485 1921 2521 nihil
1951 2493 2026 2532 est,
2056 2485 2161 2533 quod
2198 2497 2277 2521 non
2304 2486 2502 2535 participet

1437 2537 1578 2586 aliquid
1607 2537 1653 2574 de
1684 2537 1849 2574 bonitate
1879 2538 1976 2585 eius,
2002 2545 2043 2574 ut
2071 2550 2184 2586 supra
2211 2537 2232 2559 '¹‘
2260 2538 2402 2575 dictum
2433 2547 2497 2576 est.

1437 2590 1514 2626 Sed
1534 2590 1564 2626 si
1594 2590 1852 2627 consideretur
1872 2590 2167 2627 communicatio
2187 2590 2291 2627 istius
2318 2592 2381 2628 vel
2404 2591 2500 2628 illius

1436 2643 1538 2690 boni,
1559 2655 1638 2680 non
1657 2643 1801 2692 absque
1831 2643 2012 2680 electione
2032 2643 2173 2680 tribuit:
2200 2643 2288 2691 quia
2308 2644 2513 2691 quaedam¹

1436 2697 1539 2733 bona
1569 2696 1632 2733 dat
1660 2696 1859 2744 aliquibus,
1886 2709 1983 2745 quae
2011 2709 2090 2733 non
2120 2696 2183 2733 dat
2209 2702 2223 2719 ⁷¹
2252 2697 2341 2734 aliis.
2369 2698 2418 2734 Et
2445 2698 2498 2734 sic

1434 2749 1474 2786 in
1503 2749 1702 2786 collatione
1731 2749 1869 2797 gratiae
1890 2756 1927 2786 et
1953 2749 2093 2797 gloriae
2123 2749 2323 2787 attenditur
2352 2750 2495 2787 electio.

1488 2803 1547 2838 AD
1576 2814 1765 2839 SECUNDUM
1793 2813 1978 2839 morannum
2005 2802 2122 2852 quod,
2144 2802 2297 2852 quando
2321 2804 2497 2840 voluntas

1435 2855 1603 2903 eligentis
1631 2863 1863 2903 provocatur
1891 2855 1939 2892 ad
1968 2855 2183 2904 eligendum
2210 2868 2232 2892 a
2260 2856 2363 2892 bono
2391 2856 2430 2893 in
2457 2869 2496 2893 re

1434 2908 1720 2957 praeexistente,
1740 2915 1831 2945 tunc
1850 2915 1999 2957 oportet
2022 2908 2128 2957 quod
2148 2908 2279 2945 electio
2300 2908 2346 2945 sit
2365 2921 2497 2945 eorum

1436 2973 1534 3010 quae
1563 2968 1665 3006 sunt;
1691 2961 1786 2997 sicut
1813 2961 1947 2998 accidit
1975 2961 2013 2998 in
2047 2961 2230 2998 electione
2250 2968 2388 2998 nostra.
2420 2962 2497 2998 Sed

1435 3014 1474 3051 in
1503 3015 1587 3050 Deo
1617 3021 1672 3050 est
1700 3014 1814 3060 aliter,
1834 3022 1876 3051 ut
1900 3014 2042 3051 dictum
2071 3022 2128 3051 est
2146 3014 2176 3051 ²⁸.
2198 3015 2247 3050 Et
2274 3013 2373 3061 ideo,
2404 3015 2496 3051 sicut

1437 3067 1524 3104 dicit
1543 3067 1775 3114 Augustinus
1794 3066 1830 3103 *ε
1865 3067 2056 3117 eliguntur
2074 3079 2097 3104 a
2116 3069 2198 3104 Deo
2218 3067 2284 3115 qui
2306 3079 2380 3103 non
2399 3073 2495 3113 sunt,

1437 3132 1556 3168 neque
1583 3125 1707 3156 tamen
1736 3126 1839 3156 errat
1867 3121 1932 3169 qui
1957 3120 2071 3170 eligit.

1489 3175 1546 3209 An
1566 3184 1726 3209 TERTmM
1740 3185 1924 3210 hienimum
1944 3174 2060 3222 quod,
2078 3173 2172 3210 sicut
2187 3184 2300 3220 supra
2314 3171 2334 3193 ²³⁸
2353 3172 2497 3210 dictum

1438 3234 1502 3272 est,
1525 3227 1629 3262 Deus
1656 3227 1738 3262 vult
1766 3237 1900 3263 omnes
1928 3226 2103 3263 homines
2132 3226 2258 3262 salvos
2286 3224 2367 3261 fieri
2395 3231 2496 3262 ante-

1437 3279 1622 3325 cedenter,
1653 3278 1758 3326 quod
1777 3291 1855 3315 non
1881 3287 1937 3315 est
1967 3278 2183 3327 simpliciter
2208 3277 2318 3324 velle,
2349 3278 2416 3314 sed
2441 3291 2497 3315 se-

1437 3331 1605 3368 cundum
1625 3331 1736 3379 quid:
1767 3344 1846 3369 non
1865 3339 1991 3368 autem
2016 3336 2292 3380 consequenter,
2313 3331 2418 3379 quod
2444 3339 2498 3368 est

1435 3384 1650 3433 simpliciter
1676 3385 1786 3421 velle.

1488 3488 1512 3521 ὃ)
1531 3492 1677 3513 aeternam.
1695 3502 1715 3507 -
1733 3489 1794 3514 Om.
1813 3489 1924 3513 codices.

1490 3524 1512 3556 ε)
1533 3524 1663 3555 reprobet.
1681 3537 1699 3542 —-
1718 3524 1842 3556 reprobat
1861 3523 1962 3548 codices
1984 3528 2009 3547 et
2027 3530 2043 3547 a
2054 3523 2076 3547 b.

1450 3595 1456 3600 ¹
1481 3559 1513 3600 J)
1533 3559 1679 3592 diligendo.
1696 3573 1715 3578 -
1733 3558 1864 3592 diligendi
1881 3559 1910 3582 B.
1928 3571 1947 3578 -
1966 3558 2037 3582 Idem
2050 3565 2097 3590 pro
2111 3564 2186 3590 quem
2202 3557 2354 3591 diligamus,
2368 3565 2443 3591 quem
2459 3558 2499 3583 di-

1436 3595 1593 3662 llglssusdat.
1609 3643 1629 3648 -
1647 3629 1824 3655 communicat
1842 3629 1872 3653 B.

2524 806 2534 815 ²
2549 806 2586 828 Cf.
2602 812 2666 828 num.
2677 812 2701 828 ιι.

2625 1650 2636 1666 ε

2528 1703 2539 1714 “
2553 1703 2605 1724 Art.
2620 1702 2726 1729 praeced.

2626 1800 2641 1828 t

2530 2553 2539 2562 '
2557 2553 2604 2580 Qu.
2618 2559 2647 2579 vr,
2664 2556 2706 2575 art.
2718 2560 2742 2579 4.

2527 3030 2535 3038 '¹
2551 3028 2577 3049 In
2587 3033 2699 3055 corpore;
2714 3031 2736 3048 et

2525 3061 2564 3082 qu.
2575 3061 2613 3079 xx,
2629 3057 2673 3076 art.
2689 3060 2710 3075 2.

2524 3085 2535 3096 ⁸
2550 3085 2625 3106 Ser-m.
2645 3084 2678 3105 ad
2692 3084 2737 3105 Po-

2521 3112 2571 3140 pul.
2587 3117 2641 3132 xxvi
2657 3111 2691 3135 (al.
2708 3110 2738 3131 de

2529 3138 2593 3159 Verb.
2603 3138 2683 3165 Apost.
2698 3139 2739 3163 xi),

2526 3171 2551 3186 ca
2571 3180 2577 3186 .
2592 3170 2622 3186 iv.

2525 3193 2533 3202 '¹
2571 3197 2594 3212 u.
2604 3197 2651 3217 xix,
2662 3193 2704 3211 art.
2714 3189 2735 3210 6.
