2768 4178
76 527 88 539 ¹*
103 527 162 556 Cap.
177 533 229 549 vm.

68 1276 78 1286 ⁶
94 1274 242 1302 Fulgentius.

67 1302 90 1314 *⁸
105 1301 163 1329 Cap.
179 1307 194 1322 ι.

317 286 394 331 436

1019 282 1287 329 QUAESTIO
1317 283 1437 331 XLII,
1467 284 1764 321 ARTICULUS
1795 285 1809 321 l

317 373 440 402 turae:
471 373 507 401 et
534 364 585 401 sic
619 363 753 400 dicitur
785 362 1007 410 magnitudo
1037 361 1236 411 spiritualis
1247 390 1256 408 ‚
1287 362 1382 399 sicut
1436 362 1571 399 dicitur
1603 362 1642 399 in
1672 363 1809 400 divinis
1845 364 2020 412 pei-sonis
2059 371 2094 401 et
2128 365 2355 403 similitudo:
2386 367 2501 404 Filius

317 418 450 455 dicitur
486 429 646 465 magnus
675 417 778 453 calor
805 423 960 465 propter
988 428 1097 453 suam
1126 413 1379 451 intensionem

317 479 352 508 et
378 471 663 520 perfectionem.
695 470 744 506 Et
770 469 857 506 ideo
889 468 976 506 dicit
998 467 1243 516 Augustinus,
1264 467 1315 504 VI
1335 468 1381 505 de

319 526 355 561 T
351 525 422 562 rin.
442 523 473 571 ²¹⁶,
504 523 607 572 quod
628 523 665 559 in
684 523 741 559 his
769 534 866 571 quae
893 534 967 558 non
996 521 1096 558 mole
1118 531 1263 570 magna
1281 527 1378 567 sunt,

313 579 385 614 hoc
412 582 466 614 est
497 577 619 613 maius
647 587 744 621 esse,
780 575 882 624 quod
908 580 962 611 est
991 575 1124 611 melius
1155 584 1255 610 esse.-
1288 586 1378 610 narn

313 630 448 667 melius
477 629 611 666 dicitur
639 629 744 677 quod
771 627 972 677 perfectius
1002 634 1067 664 est.
1105 626 1286 664 Secundo
1314 639 1379 663 au-

313 690 391 720 tem
412 682 613 719 attenditur
633 681 820 731 quantitas
842 680 1010 717 virtualis
1029 680 1067 717 in
1087 679 1285 717 effectibus
1304 680 1379 717 for—

314 748 413 773 mae.
451 735 602 772 Primus
639 742 767 772 autem
806 733 963 770 effectus
1001 733 1150 770 formae
1188 740 1377 770 estesse:

313 801 403 826 nam
431 788 555 824 omnis
585 800 643 825 res
671 788 787 825 habet
815 799 896 823 esse
926 787 1138 823 secundum
1167 797 1277 822 suam
1304 786 1378 823 for-

312 854 429 878 mam.
452 842 652 879 Secundus
667 848 797 878 autem
817 839 974 876 effectus
1002 846 1057 875 est
1076 836 1269 887 operatio?
1288 851 1377 875 nam

314 907 428 931 omne
466 906 581 942 agens
610 894 685 942 agit
711 906 780 942 per
808 905 917 929 suam
946 892 1123 929 formam.
1163 891 1379 929 Attenditur

312 949 421 997 igitur
455 947 642 997 quantitas
678 946 848 983 virtualis
882 953 918 982 et
952 946 1163 982 secundum
1202 956 1306 992 esse,
1342 953 1379 982 et

313 1001 525 1038 secundum
554 999 837 1049 operationem:
867 998 1079 1035 secundum
1105 1010 1187 1034 esse
1208 997 1376 1046 quidem,

312 1055 538 1103 inquantum
560 1066 604 1090 ea
623 1064 722 1101 quae
743 1058 830 1088 sunt
847 1051 1080 1100 perfectioris
1100 1058 1270 1098 naturae,
1291 1059 1379 1089 sunt

312 1107 466 1144 maioris
487 1105 715 1151 durationis3
745 1103 960 1142 secundum
984 1103 1249 1153 operationem
1268 1116 1376 1152 vero,

310 1161 538 1208 inquantum
563 1172 607 1196 ea
626 1171 725 1208 quae
746 1164 832 1195 sunt
851 1157 1081 1206 perfectioris
1101 1164 1270 1204 naturae,
1291 1166 1378 1195 sunt

311 1213 431 1262 magis
454 1212 623 1262 potentia
651 1212 699 1249 ad
728 1210 932 1259 agendum.
964 1210 1027 1247 Sic
1046 1209 1167 1258 igitur,
1187 1217 1230 1247 ut
1248 1212 1378 1258 Augu-

311 1266 458 1304 stinus*
479 1266 576 1313 dicit,
597 1266 635 1302 in
655 1265 751 1302 libro
771 1264 817 1301 de
830 1264 924 1301 Fide
937 1263 991 1300 ad
999 1264 1154 1300 Petrum
1168 1263 1219 1311 ²¹⁶⁸,
1236 1276 1376 1312 aequa-

310 1320 392 1357 litas
411 1319 623 1368 intelligitur
642 1318 681 1355 in
700 1319 811 1355 Patre
831 1325 868 1354 et
888 1316 983 1354 Filio
1005 1324 1041 1353 et
1061 1316 1202 1365 Spiritu
1222 1318 1375 1365 Sancto,

310 1374 531 1422 inquantum
551 1372 674 1410 nullus
693 1372 829 1408 horum
849 1375 916 1407 aut
935 1370 1133 1418 praecedit
1148 1370 1376 1418 aeternitate,

310 1432 377 1463 aut
402 1426 548 1463 excedit
574 1424 846 1474 magnitudine,
870 1428 939 1460 aut
954 1428 1109 1471 superat
1127 1429 1321 1471 potestate.

362 1480 422 1516 An
451 1490 641 1516 SECUNDUM
668 1488 852 1514 DICENDUM
881 1475 988 1525 quod
1007 1475 1074 1512 ubi
1093 1476 1296 1514 attenditur
1315 1489 1377 1513 ae-

309 1532 467 1580 qualitas
492 1531 704 1569 secundum
733 1529 982 1578 quantitatem
1002 1529 1216 1577 virtualem,
1238 1542 1377 1578 aequa-

309 1585 391 1622 litas
420 1585 576 1622 includit
594 1585 632 1621 in
652 1596 692 1621 se
706 1582 719 1604 λ
739 1582 1094 1630 3ἰῐῐιὶὶίωάὶηεῐῐι,,εϊ
1112 1582 1254 1632 aliquid
1273 1584 1376 1632 plus:

309 1638 398 1687 quia
426 1638 589 1675 excludit
609 1648 818 1674 excessum.
850 1636 1131 1684 Quaecumque
1150 1635 1252 1672 enim
1272 1648 1377 1673 com-

309 1691 505 1729 municant
540 1691 580 1728 in
610 1702 689 1728 una
721 1690 869 1737 forma,
908 1696 1070 1738 possunt
1106 1688 1179 1726 dici
1216 1688 1375 1737 similia,

310 1745 455 1782 etiamsi
493 1743 737 1793 inaequaliter
776 1742 879 1779 illam
917 1742 1083 1779 formam
1125 1741 1375 1791 participant,

309 1798 404 1835 sicut
432 1798 462 1835 si
492 1798 637 1836 dicatur
664 1809 730 1834 aer
757 1807 840 1833 esse
865 1794 996 1832 similis
1023 1794 1099 1843 igni
1117 1801 1137 1822 ¹²
1164 1794 1203 1832 in
1228 1796 1375 1842 calore:

308 1851 376 1889 sed
404 1864 484 1888 non
514 1858 675 1900 possunt
713 1848 785 1887 dici
819 1848 1011 1897 aequalia,
1051 1848 1081 1884 si
1109 1860 1229 1886 unum
1259 1849 1375 1885 altero

306 1904 510 1953 perfectius
539 1905 704 1941 formam
732 1902 835 1939 illam
863 1901 1071 1951 participet.
1102 1901 1152 1938 Et
1179 1901 1270 1949 quia
1298 1913 1377 1938 non

307 1958 433 1995 solum
461 1970 538 1995 una
567 1964 623 1994 est
650 1964 785 1993 natura
817 1954 938 1992 Patris
967 1962 1005 1991 et
1032 1953 1133 2001 Filii,
1163 1954 1231 1992 sed
1260 1954 1374 1992 etiam

308 2023 429 2059 aeque
454 2011 621 2060 perfecte
639 2016 651 2030 ’
680 2017 736 2046 est
763 2009 802 2045 in
829 2015 1005 2057 utroque,
1026 2007 1113 2044 ideo
1142 2020 1222 2044 non
1250 2008 1375 2045 solum

307 2064 468 2101 dicimus
497 2064 633 2101 Filium
663 2074 745 2100 esse
775 2061 937 2099 similem
963 2060 1074 2108 Patri,
1094 2068 1136 2097 ut
1155 2060 1376 2098 excludatur

308 2129 411 2154 error
439 2116 650 2168 Eunomii3'
674 2115 741 2153 sed
771 2114 885 2163 etiam
915 2113 1077 2152 dicimus
1101 2115 1314 2162 aequalem,
1334 2121 1376 2151 ut

308 2171 528 2208 excludatur
556 2182 662 2207 error
689 2168 781 2206 Arii.

360 2225 419 2260 AD
439 2235 599 2261 ”rt-:anum
618 2233 802 2260 chENDuM
831 2221 937 2270 quod
956 2220 1163 2269 aequalitas
1181 2220 1244 2257 vel
1272 2219 1374 2256 simi-

306 2277 426 2314 litudo
455 2276 652 2326 dupliciter
679 2282 805 2324 potest
824 2273 1024 2322 significari
1043 2271 1056 2297 ⁵
1075 2273 1113 2310 in
1134 2272 1283 2319 divinis,
1304 2272 1374 2309 sci-

306 2330 390 2367 licet
407 2342 477 2379 per
495 2329 653 2366 nomina
673 2336 709 2365 et
727 2340 797 2377 per
814 2327 946 2364 verba.
973 2327 1196 2363 Secundum
1217 2325 1374 2373 quidem

307 2384 412 2433 quod
445 2383 676 2432 significatur
703 2394 773 2431 per
800 2380 976 2428 nomina,
1007 2386 1140 2416 mutua
1167 2377 1375 2427 aequalitas

357 2497 385 2530 λ)
402 2497 427 2522 in
443 2505 479 2523 se.
497 2511 516 2516 -
533 2496 663 2521 Omittunt
681 2495 783 2519 codices
803 2499 828 2519 et
846 2494 903 2524 ab‚·
922 2498 981 2519 ante
999 2493 1201 2519 similitudinem
1218 2493 1238 2517 B
1253 2492 1323 2517 addit
1334 2491 1371 2525 fl-

304 2534 401 2559 nalem.

359 2569 386 2603 μ.)
406 2575 462 2594 esse
479 2568 575 2593 similis
594 2567 659 2600 igni.
678 2581 696 2586 -
713 2567 808 2592 similis
828 2565 867 2590 illi
885 2566 943 2600 igni
961 2566 990 2591 Β.

357 2605 380 2637 ν)
395 2604 523 2638 perfecte.
541 2617 559 2623 -
578 2606 604 2628 et
618 2603 737 2636 perfecte
754 2601 877 2627 ABCDE.

357 2639 381 2672 ξ)
399 2639 556 2673 significari.
573 2653 592 2657 -
609 2638 747 2671 assignari
765 2637 838 2669 DpB.

357 2676 383 2708 o)
410 2675 504 2708 igitur.
520 2688 539 2693 -
558 2674 620 2699 Om.
644 2673 765 2698 ABCDE.
783 2687 802 2692 -
819 2673 870 2698 Pro
896 2673 979 2703 unde,
1001 2676 1031 2698 ut
1050 2672 1079 2703 C,
1098 2673 1192 2698 omittit
1210 2672 1258 2704 sF,
1283 2676 1371 2698 tamen

304 2712 381 2737 editio
400 2717 432 2740 a;
450 2718 498 2743 pro
516 2713 555 2735 est
573 2709 692 2742 aequalis
710 2709 742 2738 ei,
762 2709 798 2733 sit
815 2708 840 2733 ei
857 2708 976 2741 aequalis
990 2708 1118 2740 ABCDE;
1133 2711 1249 2740 propter
1265 2708 1314 2734 hoc
1333 2708 1373 2733 di-

1436 415 1538 452 enim
1560 422 1615 452 est
1643 416 1809 465 aequalis
1839 424 1875 453 et
1902 417 2033 454 similis
2061 418 2174 465 Patri,
2205 426 2241 455 et
2261 431 2281 455 e
2302 431 2501 457 converso.

1436 469 1484 505 Et
1511 469 1592 506 hoc.
1614 468 1714 516 ideo,
1745 469 1834 518 quia
1863 470 2024 507 essentia
2048 471 2178 508 divina
2205 483 2285 508 non
2307 472 2427 520 magis
2447 480 2504 510 est

1434 521 1556 558 Patris
1592 533 1710 570 quarn
1740 522 1842 559 Filii:
1871 524 1986 571 unde,
2015 523 2112 561 sicut
2138 524 2252 561 Filius
2279 525 2396 562 habet
2422 537 2502 562 ma-

1433 574 1670 621 gnitudinem
1690 575 1822 623 Patris,
1853 576 1957 624 quod
1986 584 2042 613 est
2070 589 2153 614 esse
2183 589 2273 614 eum
2301 579 2501 627 aequalem

1434 627 1547 674 Patri,
1576 627 1626 665 ita
1654 628 1767 665 Pater
1793 629 1909 666 habet
1936 630 2240 677 magnitudinem
2269 630 2366 678 Filii,
2397 631 2502 680 quod

1434 686 1490 716 est
1517 692 1601 717 esse
1631 693 1720 718 eum
1754 683 1954 730 aequalem
1984 683 2091 720 Filio.
2132 683 2210 720 Sed
2238 691 2424 732 quantum
2453 683 2501 721 ad

1433 740 1635 780 creaturas,
1650 741 1692 770 ut
1706 733 1912 783 Dionysius
1928 735 2028 783 dicit,
2045 748 2081 773 tx
2096 749 2178 784 cap.
2191 736 2236 773 de
2249 737 2336 774 Diu.
2348 736 2500 784 Nom.*,

1433 797 1508 821 non
1528 786 1706 833 recipitur
1720 788 1914 825 conversio
1934 789 2167 837 aequalitatis
2186 795 2223 826 et
2237 789 2499 832 similitudinis.

1433 837 1621 875 Dicuntur
1650 838 1752 876 enim
1782 848 1935 877 causata
1957 841 2094 878 similia
2119 842 2253 890 causis,
2274 842 2499 891 inquantum

1432 890 1576 927 habent
1603 891 1769 928 formam
1799 904 2015 930 causarum:
2046 894 2115 932 sed
2139 907 2219 932 non
2248 908 2268 932 e
2297 907 2499 944 converSO,

1433 943 1522 992 quia
1549 943 1674 981 forma
1701 944 1959 994 principaliter
1985 954 2041 984 est
2067 947 2107 984 in
2126 959 2270 996 causa,
2301 956 2337 985 et
2365 959 2500 986 secun-

1433 996 1540 1033 dario
1559 996 1598 1033 in
1614 1005 1780 1034 causato.
1797 1019 1821 1026 -
1839 998 1917 1036 Sed
1934 999 2055 1036 verba
2070 999 2281 1048 significant
2296 1001 2500 1050 aequalita-

1432 1057 1509 1086 tem
1531 1062 1620 1086 cum
1649 1058 1768 1087 motu.
1799 1052 1849 1088 Et
1867 1052 1952 1088 licet
1972 1060 2100 1089 motus
2119 1065 2198 1090 non
2227 1053 2329 1091 sitin
2351 1054 2498 1102 divinis,

1434 1109 1489 1139 est
1506 1110 1637 1140 tamen
1656 1103 1706 1140 ibi
1726 1104 1907 1153 accipere.
1939 1105 2040 1152 Quia
2060 1105 2171 1154 igitur
2188 1111 2202 1127 ⁰
2230 1106 2346 1143 Filius
2366 1106 2501 1156 accipit

1433 1167 1455 1192 a
1483 1156 1594 1192 Patre
1623 1156 1726 1193 unde
1756 1164 1812 1194 est
1839 1157 2008 1207 aequalis
2033 1159 2078 1206 ei,
2101 1166 2137 1196 et
2156 1171 2235 1196 non
2255 1171 2276 1196 e
2297 1171 2499 1208 converso,

1431 1216 1589 1258 propter
1606 1210 1682 1246 hoc
1701 1209 1863 1247 dicimus
1882 1211 1988 1261 quod
2004 1211 2120 1249 Filius
2140 1219 2372 1261 coaequatur
2386 1213 2499 1262 Patri,

1433 1269 1470 1299 et
1497 1274 1576 1299 non
1605 1275 1626 1299 e
1656 1275 1844 1301 converso
1863 1263 1894 1301 *.

1485 1317 1544 1352 AD
1565 1327 1738 1358 QUARTUM
1756 1328 1941 1355 mceunum
1962 1318 2069 1366 quod
2097 1318 2135 1355 in
2165 1317 2302 1355 divinis
2325 1318 2500 1367 personis

1432 1368 1524 1405 nihil
1554 1375 1609 1405 est
1637 1369 1879 1407 considerare
1904 1371 1972 1408 nisi
2004 1371 2219 1419 essentiam,
2240 1371 2278 1408 in
2299 1383 2375 1420 qua
2394 1384 2499 1409 com-

1432 1421 1640 1469 municant,
1671 1429 1708 1459 et
1735 1423 1948 1472 relationes,
1978 1424 2016 1461 in
2040 1424 2180 1473 quibus
2209 1424 2498 1473 distinguuntur.

1432 1474 1652 1523 Aequalitas
1689 1482 1818 1512 autem
1846 1484 2051 1526 utrumque
2084 1477 2283 1526 importat:
2314 1477 2454 1515 scilicet
2480 1483 2500 1500 ’²

1432 1527 1713 1565 distinctionem
1741 1541 2007 1578 personarum,
2028 1530 2118 1579 quia
2146 1530 2235 1567 nihil
2263 1530 2333 1567 sibi
2356 1531 2428 1580 ipsi
2447 1530 2500 1568 di-

1432 1580 1528 1618 citur
1556 1582 1734 1630 aequale;
1764 1590 1802 1619 et
1827 1583 2013 1624 unitatem
2034 1584 2231 1631 essentiae,
2252 1583 2342 1632 quia
2361 1596 2406 1621 ex
2425 1584 2505 1627 hoc>

1431 1646 1621 1683 personae
1649 1642 1737 1672 sunt
1755 1635 1826 1675 sibi
1846 1635 2013 1674 invicem
2034 1637 2225 1686 aequales,
2246 1637 2352 1685 quod
2369 1643 2388 1669 P
2414 1644 2502 1675 sunt

1430 1687 1544 1725 unius
1572 1687 1844 1737 magnitudinis
1870 1696 1908 1726 et
1936 1689 2132 1727 essentiae.
2166 1689 2416 1727 Manifestum
2443 1698 2500 1728 est

1432 1748 1560 1778 autern
1581 1740 1687 1790 quod
1709 1741 1818 1789 idem
1841 1742 1890 1779 ad
1909 1742 2078 1792 seipsum
2098 1755 2178 1780 non
2197 1742 2356 1780 refertur
2372 1742 2500 1792 aliqua

1431 1793 1613 1831 relatione
1642 1794 1743 1831 reali.
1784 1795 1868 1832 Nec
1902 1795 2040 1833 iterum
2068 1807 2147 1833 una
2174 1795 2306 1833 relatio
2340 1795 2501 1834 refertur

1432 1847 1480 1884 ad
1508 1847 1621 1884 aliam
1651 1853 1665 1868 ‘
1692 1859 1763 1896 per
1789 1847 1956 1897 aliquam
1985 1848 2098 1886 aliam
2131 1848 2377 1886 relationem:
2411 1860 2500 1887 cum

1432 1899 1533 1937 enim
1553 1900 1715 1937 dicimus
1735 1901 1840 1951 quod
1859 1901 2065 1951 paternitas
2085 1901 2292 1951 opponitur
2313 1901 2498 1951 filiationi,

1430 1953 1620 2003 oppositio
1654 1965 1734 1991 non
1764 1961 1820 1991 est
1846 1954 1977 1992 relatio
2014 1955 2142 1993 media
2174 1955 2271 1992 inter
2297 1954 2501 2005 paternita-

1429 2014 1507 2043 tem
1537 2014 1574 2044 et
1600 2006 1836 2052 filiationem.
1877 2007 1977 2055 Quia
2013 2015 2178 2057 utroque
2214 2009 2334 2046 modo
2367 2007 2498 2046 relatio

1430 2059 1739 2109 multiplicaretur
1772 2060 1810 2098 in
1848 2060 2050 2099 infinitum.
2089 2062 2139 2099 Et
2166 2061 2254 2099 ideo
2292 2061 2500 2111 aequalitas

1430 2120 1468 2150 et
1494 2113 1700 2151 similitudo
1728 2113 1768 2151 in
1798 2113 1935 2151 divinis
1969 2114 2143 2164 personis
2180 2126 2260 2152 non
2289 2122 2345 2152 est
2372 2114 2499 2166 aliqua

1429 2166 1540 2203 realis
1557 2172 1574 2188 ¹·
1602 2166 1731 2203 relatio
1761 2166 1933 2204 distincta
1962 2179 1984 2204 a
2012 2167 2256 2205 relationibus
2291 2167 2499 2218 personali·

1429 2220 1522 2256 bus:
1552 2219 1620 2256 sed
1648 2219 1686 2256 in
1715 2232 1785 2257 suo
1820 2220 2011 2258 intellectu
2048 2220 2205 2258 includit
2232 2228 2269 2258 et
2297 2221 2498 2260 relationes

1429 2271 1698 2320 distinguentes
1726 2285 1923 2321 personas,
1955 2281 1991 2310 et
2009 2274 2195 2312 essentiae
2222 2274 2419 2312 unitatem.
2449 2275 2499 2312 Et

1428 2332 1631 2374 propterea
1653 2330 1668 2346 ⁰
1696 2325 1877 2374 Magister
1905 2325 2012 2374 dicit,
2042 2326 2080 2364 in
2108 2339 2192 2364 xxxt
2221 2327 2304 2364 dist.
2336 2329 2350 2365 1
2379 2328 2495 2376 Seni„

1430 2377 1534 2426 quod
1563 2377 1600 2415 in
1629 2378 1687 2415 his
1715 2379 1914 2427 appellatio
1938 2385 2084 2417 tantum
2111 2385 2167 2417 est
2191 2379 2361 2418 relativa.

1425 2494 1553 2520 cimus...
1568 2496 1595 2519 et
1613 2500 1665 2518 non
1685 2500 1699 2518 e
1716 2500 1844 2519 converso
1862 2494 1984 2519 omittunt
2003 2494 2105 2519 codices
2124 2499 2150 2519 et
2168 2493 2245 2519 editio
2263 2501 2292 2524 a,
2312 2497 2339 2519 et
2356 2479 2498 2528 praemittit

1427 2529 1504 2555 editio
1523 2530 1547 2554 b.

1479 2565 1510 2597 π)
1528 2564 1636 2591 scilicet.
1653 2578 1672 2583 -
1689 2564 1789 2589 scilicet
1807 2567 1834 2589 et
1850 2565 1951 2595 AEFG,
1970 2567 1997 2590 et
2015 2564 2069 2590 cD.

1480 2601 1506 2634 ρ)
1525 2600 1605 2633 quod.
1622 2606 1648 2619 -·
1659 2599 1723 2632 quia
1741 2599 1919 2625 ABCDEFab.

1481 2636 1507 2669 σ)
1526 2636 1618 2661 aliam.
1635 2649 1655 2655 —
1672 2636 1787 2661 alteram
1807 2635 1917 2661 codices.

1481 2672 1507 2705 τ)
1526 2671 1616 2697 realis.
1633 2684 1652 2690 -—
1670 2670 1732 2696 Om.
1750 2670 1827 2695 ACE.

1482 2708 1508 2740 υ)
1523 2710 1679 2742 μνορϊᾳτα.
1697 2719 1716 2725 -
1730 2709 1845 2738 propter
1862 2706 1912 2732 hoc
1930 2705 2051 2731 ABCDE.

989 2797 1320 2830 Commentaria
1343 2796 1593 2830 Car-dinan&
1616 2795 1815 2829 Caietani

365 2895 471 2915 1Tums
491 2883 564 2915 satis
588 2883 689 2914 clarus
709 2889 764 2914 est.
790 2883 835 2913 Ita
854 2882 939 2913 enim
958 2882 1198 2913 indeterminate
1216 2889 1252 2914 ut
1272 2889 1373 2919 sonat,

306 2897 614 2970 Tinterpretandus
631 2935 690 2959 est:
716 2927 949 2958 discutiendum
964 2933 1010 2957 est
1032 2926 1118 2957 enim
1143 2933 1174 2957 et
1201 2937 1244 2958 an
1265 2927 1317 2964 sit,
1345 2933 1375 2957 et

304 2974 459 3015 quomodo
482 2974 533 3011 sit,
551 2979 609 3003 etc.

365 3019 399 3048 In
424 3027 556 3058 corpore
580 3016 673 3047 unica
696 3022 742 3046 est
761 3015 934 3052 conclusio,
951 3015 1065 3046 directe
1082 3014 1264 3056 responsiva
1279 3024 1374 3056 quae·

305 3062 382 3093 sito:
408 3063 541 3092 Necesse
557 3067 603 3091 est
626 3070 744 3101 ponere
763 3060 984 3100 aequalitatem
1000 3060 1033 3090 in
1050 3059 1164 3090 divinis
1183 3059 1336 3100 personis.
1351 3076 1373 3082 ·-·

305 3107 346 3137 Et
369 3107 519 3147 probatur
543 3105 596 3136 sic.
617 3105 652 3135 ln
676 3104 789 3135 divinis
808 3104 950 3144 personis
974 3114 1041 3135 non
1062 3114 1236 3145 possumus
1254 3112 1373 3144 ponere

305 3150 407 3181 maius
431 3157 461 3181 et
483 3150 603 3181 minus:
629 3159 703 3190 ergo
728 3158 853 3179 necesse
877 3155 923 3179 est
946 3158 1065 3189 ponere
1095 3148 1328 3190 aequalitatem.

361 3194 597 3235 Consequentia
612 3194 764 3234 probatur
780 3203 816 3223 ex
828 3193 857 3223 X
869 3193 1073 3234 Metaphys..·
1091 3193 1165 3234 quia
1180 3192 1311 3234 aequale
1328 3191 1372 3222 di-

307 3238 385 3269 citur
399 3239 489 3279 quasi
508 3248 563 3279 per
579 3237 780 3278 negationem
796 3236 925 3267 maioris
940 3244 970 3268 et
986 3236 1129 3268 minoris.
1143 3255 1161 3260 -
1175 3236 1372 3268 Antecedens

306 3293 380 3313 vero
400 3283 550 3322 probatur
565 3281 740 3322 dupliciter.
756 3281 874 3318 Primo,
892 3281 1076 3312 auctoritate
1095 3281 1207 3312 Boetii.
1224 3280 1372 3312 Secundo

306 3327 442 3362 ratione,
464 3327 517 3357 sic.
542 3327 574 3357 Si
598 3333 678 3357 esset
701 3325 906 3367 inaequalitas
930 3325 963 3355 in
987 3325 1100 3356 divinis
1124 3324 1285 3366 personis,
1306 3333 1372 3355 non

308 3378 387 3401 esset
409 3371 441 3400 in
465 3371 509 3401 eis
533 3381 597 3401 una
616 3380 750 3401 numero
771 3369 943 3411 quantitas:
969 3379 1043 3410 ergo
1064 3379 1121 3401 nec
1135 3379 1199 3400 una
1223 3368 1370 3400 essentia:

308 3424 380 3454 ergo
400 3421 460 3445 tres
484 3425 637 3455 personae
652 3424 718 3445 non
742 3421 845 3445 essent
859 3424 942 3444 unus
959 3414 1055 3450 Deus,
1080 3414 1169 3455 quod
1188 3420 1234 3444 est
1252 3413 1372 3453 impos-

308 3458 404 3489 sibile.
422 3458 526 3489 Prima
545 3458 770 3500 consequentia
784 3458 952 3499 probatur:
978 3458 1052 3499 quia
1075 3457 1292 3499 inaequalium
1306 3466 1371 3487 non

308 3508 412 3541 potest
435 3512 501 3533 esse
523 3513 588 3534 una
610 3501 750 3533 'numero
778 3502 947 3543 quantitas.
972 3502 1117 3533 Secunda
1148 3508 1272 3533 autem:
1297 3500 1372 3542 quia

308 3546 464 3586 quantitas
488 3546 520 3576 in
544 3547 655 3577 divinis
675 3546 754 3577 nihil
776 3546 863 3577 aliud
886 3553 932 3578 est
955 3557 1054 3588 quam
1077 3546 1220 3577 essentia.

369 3589 405 3620 11.
423 3589 513 3620 Circa
529 3590 608 3621 hanc
625 3591 789 3626 rationem,
808 3591 931 3622 adverte
947 3591 1046 3631 quod,
1063 3590 1135 3621 licet
1150 3600 1187 3621 ex
1206 3589 1372 3630 negatione

309 3632 537 3674 inaequalitatis
561 3644 626 3664 non
650 3642 798 3675 sequatur
822 3635 1004 3675 simpliciter
1021 3634 1187 3666 affirmatio
1204 3633 1372 3675 aequalita-

1428 2881 1477 2918 tis,
1502 2887 1538 2912 ut
1560 2887 1648 2921 patet
1669 2881 1708 2911 de
1731 2887 1851 2921 puncto
1875 2887 2019 2920 respectu
2042 2880 2157 2917 lineam
2179 2886 2209 2911 et
2224 2886 2353 2921 propter
2374 2879 2446 2917 hoc,
2462 2879 2495 2911 in

1428 2925 1529 2956 littera
1552 2925 1628 2956 dixit
1650 2926 1772 2955 Auctor
1795 2924 1883 2966 quod
1907 2925 2037 2966 aequale
2061 2924 2174 2956 dicitur
2195 2925 2290 2965 quasi
2304 2933 2369 2965 per
2397 2934 2496 2966 nega·-

1427 2971 1564 3000 tionem?
1585 2968 1751 3010 supposita
1773 2975 1879 2999 tamen
1903 2969 2077 3010 quantitate
2099 2968 2132 2999 in
2156 2967 2308 2999 distinctis
2332 2968 2494 3006 extremis,

1428 3013 1571 3055 sequitur
1585 3023 1622 3044 ex
1641 3013 1809 3054 negatione
1832 3013 2071 3054 inaequalitatis,
2096 3011 2262 3043 affirmatio
2286 3012 2493 3054 aequalitatis.

1428 3058 1546 3089 Utrum
1567 3064 1676 3089 autem
1698 3064 1848 3098 sequatur
1864 3057 2035 3099 aequalitas
2049 3066 2131 3099 quae
2149 3056 2190 3088 sit
2204 3056 2314 3087 relatio
2333 3056 2424 3088 realis
2438 3063 2495 3088 aut

1428 3112 1504 3139 non,
1529 3102 1659 3133 inferius
1674 3102 1692 3121 *
1714 3101 1842 3142 patebit.

1488 3147 1539 3177 111.
1561 3147 1597 3177 In
1612 3145 1818 3187 responsione
1835 3146 1875 3177 ad
1890 3145 2041 3186 primum,
2057 3144 2193 3181 adverte,
2209 3143 2388 3182 Thomista,
2405 3145 2494 3186 quod

1427 3191 1512 3232 apud
1532 3201 1556 3222 s.
1570 3190 1733 3221 Thomam
1749 3189 1809 3226 hic,
1829 3189 1965 3221 intensio
1985 3195 2015 3220 et
2029 3188 2173 3220 remissio
2190 3188 2311 3219 formae
2327 3195 2374 3220 est
2394 3189 2494 3230 ipsius

1427 3235 1578 3266 essentiae
1595 3234 1725 3270 formae,
1751 3241 1782 3265 et
1804 3244 1873 3265 non·
1890 3234 1996 3264 solum
2019 3233 2118 3274 ipsius
2142 3242 2218 3264 esse.
2244 3233 2317 3264 Hoc
2335 3232 2368 3264 in
2387 3233 2492 3274 primo

1426 3279 1526 3310 modo
1550 3278 1732 3320 quantitatis
1755 3278 1895 3309 virtualis
1918 3278 2024 3308 habes.

1483 3324 1534 3354 IV.
1560 3324 1595 3353 In
1618 3323 1824 3363 responsione
1839 3322 1878 3353 ad
1894 3321 2080 3358 secundum,
2096 3321 2191 3352 habes
2214 3320 2408 3351 solutionem
2423 3330 2492 3352 om·

1426 3367 1517 3398 nium
1540 3373 1802 3408 argumentorum
1819 3365 1960 3402 Aureoli,
1977 3366 2064 3406 apud
2080 3365 2285 3406 Capreolum,
2302 3364 2334 3395 in
2354 3364 2424 3396 dist.
2440 3375 2492 3396 xxx

1425 3411 1522 3442 Primi
1537 3411 1566 3442 “.
1589 3411 1771 3452 Aequalitas
1792 3410 1877 3441 enirn
1893 3409 2023 3440 fundata
2046 3409 2078 3439 in
2103 3409 2275 3440 substantia
2291 3408 2493 3449 distinguitur
2518 3413 2528 3423 ·
2586 3427 2592 3434 -

1426 3466 1443 3486 a
1468 3455 1673 3486 similitudine
1697 3462 1727 3486 et
1750 3454 1909 3485 identitate
1930 3453 2106 3484 secundum
2130 3453 2275 3489 modum,
2293 3452 2375 3484 sicut
2396 3452 2492 3484 etiam

1426 3499 1633 3530 fundamenta
1657 3499 1700 3530 sic
1724 3498 1968 3538 distinguuntur,
1993 3504 2028 3528 ut
2049 3497 2081 3528 in
2096 3497 2198 3528 littera
2221 3496 2438 3528 manifestatur
2452 3496 2491 3527 de

1427 3543 1614 3584 aequalitate
1633 3550 1664 3573 et
1679 3542 1885 3573 similitudine
1909 3542 2065 3578 alborum,
2082 3548 2119 3573 ut
2134 3541 2194 3572 sic:
2219 3541 2328 3572 album
2343 3540 2438 3576 enim,
2457 3546 2492 3570 ut

1427 3588 1522 3618 habet
1549 3587 1704 3618 rationem
1728 3586 1790 3616 albi
1821 3596 1887 3616 non
1911 3585 2086 3616 excedentis
2109 3595 2167 3616 nec
2194 3584 2309 3615 excessi
2332 3584 2365 3614 in
2389 3583 2490 3624 perfe-

1429 3631 1532 3663 ctione
1557 3631 1594 3661 ab
1619 3630 1681 3661 alio
1705 3630 1788 3666 albo,
1813 3629 1926 3660 dicitur
1949 3629 2050 3660 simile
2074 3636 2104 3660 et
2127 3628 2257 3670 aequale
2281 3627 2390 3659 eadem
2413 3627 2489 3658 rela—

2529 741 2538 749 ·
2549 740 2574 763 S.
2584 740 2629 764 Th.
2638 741 2689 764 lect.
2697 747 2735 764 ιιι.

2521 3109 2531 3119 '
2546 3107 2582 3131 Cf.
2599 3113 2708 3131 numni.
