2768 4178
341 273 391 308 90

1069 260 1337 308 QUAEST10
1367 262 1436 308 lx,
1466 262 1766 300 ARTICULUS
1796 264 1809 299 1

1105 488 1519 566 QUAESTIO
1557 489 1781 545 NONA

954 609 1048 649 DE
1092 609 1215 649 DEI
1261 608 1925 650 IMMUTABILITATE

1167 719 1203 744 IN
1231 719 1327 745 DUOS
1355 719 1558 746 ARTICULOS
1586 720 1704 746 DIVISA

419 830 683 861 ONSEQUENTER
716 817 1038 855 considerandum
1069 823 1124 853 est
1152 816 1200 853 de
1228 816 1408 853 immuta·

339 831 558 913 Cbilitate
588 880 624 909 et
651 871 870 909 aeternitate
899 870 1041 918 divina,
1067 882 1166 918 quae
1190 869 1408 906 immutabi-

336 927 477 965 litatem
508 924 763 974 consequitur.
804 969 807 977 s

337 981 448 1018 Circa
474 978 821 1016 immutabilitatem
848 989 944 1015 vero
971 983 1208 1026 quaeruntur
1237 975 1327 1013 duo.

1516 816 1667 854 Primo:
1696 825 1826 855 utrum
1854 819 1961 855 Deus
1989 816 2035 854 sit
2063 816 2224 854 omnino
2253 817 2515 855 immutabilis.

1467 886 1470 889 >
1517 870 1717 908 Secundo:
1741 877 1872 908 utrum
1897 883 1981 908 esse
2005 870 2246 908 immutabile
2267 871 2313 908 sit
2335 870 2535 920 proprium

1572 923 1656 960 Dei.

1152 1085 1474 1127 ARTICULUS
1506 1084 1714 1127 PRIMUS

987 1174 1145 1205 UTRUM
1168 1173 1281 1205 DEus
1305 1173 1372 1204 SIT
1396 1173 1569 1205 0MN1N0
1594 1174 1879 1206 IMMUTABILIS

619 1258 628 1282 1
648 1258 730 1287 Sent..
751 1257 809 1282 dist.
821 1264 876 1288 vm,
895 1264 939 1289 qu.
952 1263 990 1286 111.
1009 1261 1056 1281 art.
1074 1264 1099 1288 1;
1119 1257 1129 1281 1
1151 1257 1228 1282 Cont.
1249 1257 1337 1287 Gent..
1357 1240 1421 1290 cap:
1433 1264 1486 1286 xm.
1505 1264 1563 1287 x1v;
1584 1257 1613 1289 ll,
1633 1265 1688 1290 cap.
1707 1265 1770 1289 xxv;
1790 1258 1832 1283 De
1850 1258 1918 1287 Pot„
1938 1265 1983 1290 qu.
1997 1264 2052 1288 vm,
2071 1262 2118 1283 art.
2136 1265 2156 1289 1,
2176 1257 2208 1282 ad
2226 1264 2257 1291 93

936 1292 1080 1324 Compend.
1103 1292 1201 1322 sseol„
1222 1300 1277 1325 cap.
1292 1299 1331 1324 1v;
1351 1292 1377 1317 in
1396 1293 1470 1318 Boet.
1490 1292 1524 1317 de
1539 1292 1623 1323 Trin„
1644 1301 1689 1326 qu.
1702 1301 1727 1325 v,
1747 1298 1795 1319 art.
1814 1301 1840 1325 4,
1860 1293 1892 1318 ad
1913 1300 1937 1318 2.

368 1397 429 1427 «τῲ-»ν
451 1400 524 1428 „21
546 1394 569 1419 D
598 1393 734 1418 ptumum
764 1392 817 1417 sm
847 1391 1087 1417 PRocizmrua.
1117 1379 1278 1416 Videtur
1298 1379 1404 1428 quod

362 1418 517 1494 &Za
547 1436 653 1472 Deus
669 1445 748 1471 non
763 1434 810 1470 sit
824 1432 984 1470 omnino
1000 1432 1260 1470 immutabilis.
1282 1432 1405 1480 Quid-

352 1489 389 1534 ’,γ’
412 1504 472 1533 ν,
484 1473 639 1538 'r'quid
673 1487 777 1524 enim
809 1494 946 1523 movet
977 1486 1159 1536 seipsum,
1191 1493 1247 1523 est
1274 1484 1403 1535 aliquo

353 1534 365 1545 ’”
391 1517 479 1568 &ff
504 1534 535 1577 Κ
549 1541 667 1578 modo
684 1540 879 1577 mutabile.
897 1539 988 1588 Sed,
1004 1540 1101 1577 sicut
1120 1539 1208 1577 dicit
1226 1539 1404 1587 Augusti-

333 1609 416 1644 nus,
445 1597 532 1633 Vlll
561 1605 676 1643 super
706 1594 881 1631 Genesim
909 1593 961 1630 ad
990 1593 1153 1630 litteram
1177 1592 1214 1629 *ε
1245 1592 1404 1641 Spiritus

194 1663 209 1678 α
333 1655 482 1689 creator
500 1653 626 1685 movet
650 1659 690 1684 se
709 1659 778 1684 nec
802 1653 819 1667 α
838 1658 912 1696 per
930 1652 1074 1695 tempus
1093 1657 1162 1682 nec
1173 1657 1248 1694 per
1266 1646 1402 1683 locum.

316 1703 434 1751 ‘Ergo
463 1703 569 1739 Deus
598 1708 653 1738 est
680 1700 807 1749 aliquo
835 1700 956 1737 modo
984 1699 1188 1737 mutabilis.

387 1768 422 1792 2.
458 1756 698 1801 PRAETEREA,
734 1755 823 1802 Sap.
847 1765 895 1790 vu
923 1753 944 1774 '¹‘
977 1753 1112 1790 dicitur
1145 1753 1192 1790 de
1221 1750 1405 1801 sapientia

332 1809 438 1858 quod
468 1817 523 1845 est
551 1807 726 1845 mobilior
754 1806 928 1844 omnibus
959 1806 1169 1843 mobilibus.
1201 1806 1279 1843 Sed
1298 1806 1405 1842 Deus

333 1870 388 1899 est
414 1862 497 1911 ipsa
525 1860 719 1910 sapientia.
751 1861 852 1908 Ergo
882 1861 988 1897 Deus
1018 1867 1074 1897 est
1101 1858 1264 1896 mobilis.

387 1916 422 1952 3.
453 1916 696 1962 PRAETEREA,
726 1912 1025 1962 appropinquari
1060 1920 1095 1949 et
1124 1910 1292 1960 elongari
1321 1922 1404 1947 mo-

189 1975 204 2008 β
331 1976 413 2005 tum
437 1967 664 2016 significant.
696 1966 926 2003 Huiusmodi
959 1973 1086 2003 autem
1109 1964 1126 1994 β
1146 1965 1323 2003 dicuntur
1357 1962 1404 2000 de

93 1605 103 1615 ⁸
118 1604 175 1631 Cap.
191 1610 229 1624 xx.

93 1769 100 1776 ·
117 1767 183 1788 Vers.
199 1772 235 1793 ²4·

92 2033 100 2041 ·
117 2031 183 2053 Vers-
200 2032 222 2052 ⁸-
330 2023 416 2060 Deo
446 2022 484 2058 in
514 2020 728 2070 Scriptura:
752 2021 825 2057 lac.
857 2032 891 2057 1v
914 2019 949 2055 *ε
979 2019 1278 2068 appropinquate
1302 2018 1404 2063 Deo,

331 2081 367 2112 et
384 2074 703 2124 appropinquabit
724 2073 840 2110 vobis.
871 2073 974 2121 Ergo
995 2074 1102 2110 Deus
1123 2080 1179 2109 est
1197 2070 1403 2109 mutabilis.

90 2138 99 2148 “
116 2137 183 2158 vers·
200 2137 222 2158 6-
386 2129 461 2165 Si-:n
482 2139 627 2164 CONTRA
648 2139 713 2164 EST
732 2127 839 2176 quod
860 2126 995 2163 dicitur
1014 2126 1178 2163 Malach.
1200 2137 1235 2162 111
1255 2124 1290 2161 *τ
1317 2125 1404 2174 Ego

190 2191 205 2215 Υ
331 2183 447 2226 Deus,
477 2187 513 2217 et
539 2192 614 2217 non
643 2185 770 2216 mutor
787 2185 814 2216 Ὺ.

386 2235 612 2270 ΒΕεΡοΝοΕο
633 2244 818 2270 melerinum
839 2231 945 2280 quod
971 2243 1016 2268 ex
1040 2230 1259 2280 praemissis
1280 2237 1405 2267 osten-

333 2287 431 2325 ditur
445 2288 573 2324 Deum
590 2298 672 2323 esse
689 2285 847 2322 omnino
863 2284 1157 2322 immutabilem.
1178 2283 1308 2320 Primo
1324 2282 1404 2332 qui-

333 2342 435 2387 dem,
465 2340 554 2389 quia
582 2351 698 2388 supra
726 2346 923 2376 ostensum
952 2344 1007 2374 est
1036 2349 1119 2374 esse
1147 2336 1304 2386 aliquod
1330 2335 1405 2386 pri-

90 2403 100 2413 ·
118 2402 200 2429 Qu-11r
216 2405 291 2430 art-3·
333 2405 442 2430 mum
463 2405 542 2441 ens,
567 2392 674 2441 quod
693 2393 822 2429 Deum
843 2391 1005 2429 dicimus
1024 2390 1063 2427 *t
1092 2397 1130 2427 et
1152 2391 1258 2440 quod
1276 2390 1405 2427 huius-

194 2452 207 2476 ὃ
333 2446 439 2484 modi
467 2446 637 2495 primum
667 2457 735 2482 ens
763 2443 776 2466 δ
805 2451 956 2494 oportet
985 2456 1068 2481 esse
1101 2455 1242 2492 purum
1275 2450 1404 2480 actum

332 2501 479 2548 absque
507 2499 761 2549 permixtione
797 2498 957 2535 alicuius
983 2497 1199 2546 potentiae,
1221 2509 1267 2533 eo
1297 2497 1404 2546 quod

93 2563 295 2590 'Qu-nuwa-
331 2553 502 2602 potentia
535 2552 754 2602 simpliciter
789 2559 845 2588 est
878 2551 1068 2600 posterior
1102 2557 1189 2587 actu
1213 2550 1244 2587 *.
1275 2550 1404 2587 Omne

332 2615 460 2644 autem
476 2606 582 2654 quod
597 2617 846 2654 quocumque
864 2604 984 2642 modo
1005 2611 1184 2650 mutatur,
1201 2611 1257 2640 est
1275 2603 1403 2652 aliquo

332 2661 451 2698 modo
473 2660 511 2696 in
530 2659 710 2708 potentia.
741 2659 800 2695 Ex
824 2670 900 2707 quo
921 2665 1025 2707 patet
1043 2657 1150 2706 quod
1168 2657 1404 2706 impossibile

333 2721 389 2750 est
416 2714 544 2750 Deum
574 2712 701 2762 aliquo
731 2712 851 2748 modo
881 2711 1031 2748 mutari.

387 2766 579 2813 Secund0‚
601 2765 690 2815 quia
719 2777 836 2802 omne
866 2764 972 2813 quod
999 2771 1192 2811 movetur,
1217 2770 1402 2812 quantum

333 2819 381 2857 ad
410 2819 552 2868 aliquid
581 2826 722 2866 manet,
745 2826 780 2855 et
799 2825 986 2868 quantum
1006 2818 1055 2855 ad
1084 2817 1227 2865 aliquid
1255 2817 1403 2854 transit:

332 2873 428 2911 sicut
455 2873 561 2922 quod
589 2879 770 2909 movetur
799 2872 845 2909 de
875 2871 1050 2909 albedine
1079 2871 1118 2908 in
1147 2870 1402 2919 nigredinem,

191 2941 201 2956 ε
332 2933 463 2964 manet
490 2925 703 2963 secundum
731 2925 981 2962 substantiam
1007 2932 1029 2961 ε.
1060 2926 1109 2962 Et
1141 2923 1195 2961 sic
1223 2924 1262 2961 in
1295 2924 1402 2962 omni

333 2992 379 3017 eo
408 2979 514 3029 quod
543 2986 742 3026 movetur,
773 2978 975 3016 attenditur
1004 2978 1131 3026 aliqua
1160 2978 1400 3028 compositio.

333 3034 542 3071 Ostensum
572 3040 628 3069 est
656 3039 784 3069 autern
813 3044 928 3081 supra
946 3031 966 3053 *
994 3032 1100 3079 quod
1128 3032 1167 3069 in
1194 3033 1279 3069 Deo
1300 3031 1403 3068 nulla

333 3095 389 3124 est
418 3085 667 3135 compositio,
697 3085 765 3122 sed
794 3093 850 3122 est
878 3085 1034 3122 omnino
1078 3085 1250 3135 simplex.
1290 3084 1402 3122 Unde

334 3140 578 3177 manifestum
609 3146 664 3176 est
696 3138 799 3188 quod
830 3139 936 3175 Deus
965 3139 1116 3175 moveri
1145 3151 1224 3176 non
1251 3145 1386 3187 potest.

386 3194 534 3239 Tertio,
565 3192 655 3241 quia
683 3204 801 3229 omne
830 3191 935 3239 quod
965 3200 1162 3239 movetur,
1192 3198 1302 3228 motu
1330 3203 1401 3228 suo

192 3251 206 3279 ζ
333 3246 474 3295 aliquid
502 3245 678 3295 acquirit,
709 3252 745 3282 et
771 3245 948 3294 pertingit
976 3245 1024 3282 ad
1053 3245 1142 3282 illud
1176 3244 1190 3271 ζ
1217 3244 1267 3282 ad
1296 3244 1401 3294 quod

94 3042 100 3049 ·
118 3039 176 3061 ibid.
192 3043 235 3060 an.
247 3045 267 3066 7.

387 3378 414 3408 α)
433 3384 460 3402 se
479 3383 533 3402 nec.
552 3390 570 3395 -
588 3384 615 3402 se
633 3376 681 3401 sed
700 3383 752 3400 non
773 3376 808 3406 B,
827 3375 942 3407 seipsum
961 3375 1007 3399 sed
1027 3383 1073 3400 nec
1092 3377 1122 3406 D,
1142 3376 1189 3401 sed
1208 3383 1255 3400 nec
1274 3375 1367 3407 CEpA.

388 3411 412 3444 β)
433 3412 594 3437 Huiusmodi
614 3415 712 3437 autem.
731 3425 750 3429 -
770 3411 844 3436 Haec
867 3414 955 3435 autem
975 3411 1050 3441 ACE,
1071 3411 1125 3436 Sed
1143 3410 1296 3436 huiusmodi
1314 3410 1367 3435 BD.
1385 3423 1404 3429 -

334 3447 384 3471 Pro
405 3447 555 3479 Scriptura,
576 3446 724 3479 Scripturis
744 3446 855 3471 codices.

387 3483 413 3515 γ)
434 3485 532 3507 mutor.
549 3496 568 3501 -
585 3486 634 3508 etc.
653 3483 730 3515 Ergo
749 3489 801 3506 non
820 3485 859 3506 est
878 3481 1012 3506 mutabilis
1032 3482 1100 3506 addit
1119 3482 1148 3506 B.

387 3517 411 3549 ὃ)
431 3525 484 3542 ens.
503 3532 521 3536 -
540 3519 601 3543 Om.
614 3518 714 3542 ABDE.
731 3531 750 3536 -
769 3518 819 3541 Pro
834 3524 944 3549 purum,
964 3523 1009 3541 ens
1024 3525 1124 3548 purum
1145 3517 1174 3542 C.

1455 1379 1561 1428 prius
1589 1393 1670 1418 non
1696 1381 1946 1430 pertingebat.
1977 1382 2085 1418 Deus
2115 1388 2264 1428 autern,
2294 1393 2385 1418 cum
2413 1380 2460 1418 sit
2478 1380 2534 1419 in-

1458 1433 1598 1482 finitus,
1615 1434 1950 1483 comprehendens
1964 1434 2004 1472 in
2023 1447 2063 1472 se
2080 1446 2239 1471 omnem
2253 1433 2534 1484 plenitudinem

1457 1486 1700 1536 perfectionis
1718 1487 1833 1525 totius
1853 1500 1937 1526 esse
1947 1487 1979 1535 *,
2002 1500 2083 1525 non
2096 1495 2223 1536 potest
2242 1487 2386 1537 aliquid
2405 1487 2534 1538 acqui-

1459 1552 1554 1588 rere,
1570 1552 1642 1577 nec
1662 1541 1866 1578 extendere
1894 1553 1935 1578 se
1963 1540 2003 1578 in
2027 1548 2043 1572 'a
2063 1540 2206 1590 aliquid
2225 1541 2275 1579 ad
2294 1541 2401 1591 quod
2427 1541 2534 1591 prius

1459 1605 1538 1630 non
1565 1594 1814 1643 pertingebat.
1844 1594 1958 1632 Unde
1986 1594 2092 1632 nullo
2119 1593 2241 1632 modo
2260 1594 2333 1632 sibi
2352 1594 2535 1645 competit

1459 1654 1598 1684 motus.
1619 1668 1643 1675 -
1664 1648 1715 1685 Et
1741 1647 1832 1685 inde
1861 1655 1918 1685 est
1945 1647 2052 1696 quod
2081 1647 2241 1698 quidam
2269 1648 2531 1697 antiquorum,

1459 1700 1567 1749 quasi
1595 1702 1644 1737 ab
1673 1700 1756 1750 ipsa
1782 1701 1940 1739 veritate
1961 1701 2094 1750 coacti,
2123 1708 2335 1751 posuerunt
2360 1701 2532 1751 primum

1458 1753 1688 1803 principium
1718 1766 1801 1791 esse
1830 1754 2041 1792 immobile.

1512 1808 1572 1843 An
1600 1819 1738 1844 patmum
1757 1819 1856 1845 ERGO
1884 1819 2069 1845 DtcENDUM
2093 1807 2200 1856 quod
2226 1807 2462 1856 Augustinus
2479 1807 2532 1846 ibi

1458 1859 1624 1909 loquitur
1661 1860 1875 1898 secundum
1914 1861 2076 1898 modum
2122 1873 2200 1910 quo
2234 1861 2343 1898 Plato
2381 1861 2533 1899 dicebat

1458 1912 1628 1962 primum
1648 1925 1812 1950 movens
1832 1925 1994 1951 movere
2012 1912 2026 1934 ⁰
2053 1913 2237 1963 seipsum,
2257 1925 2418 1952 omnem
2438 1926 2530 1965 ope-

1459 1966 1646 2004 rationem
1661 1966 1866 2004 nominans
1882 1974 2051 2014 motum;
2068 1966 2283 2005 secundum
2298 1967 2404 2022 quod
2415 1966 2530 2006 etiam

1459 2019 1586 2069 ipsum
1623 2019 1827 2068 intelligere
1858 2027 1894 2057 et
1925 2020 2024 2058 velle
2054 2028 2091 2057 et
2125 2031 2256 2058 amare
2285 2027 2414 2058 motus
2447 2020 2530 2070 qui·

1459 2073 1550 2110 dam
1580 2072 1768 2110 dicuntur.
1790 2073 1891 2120 Quia
1920 2085 2011 2122 ergo
2041 2074 2148 2111 Deus
2171 2073 2340 2122 intelligit
2373 2081 2410 2111 et
2427 2081 2533 2113 amat

1460 2125 1641 2175 seipsum,
1658 2126 1874 2163 secundum
1893 2127 1969 2164 hoc
1988 2126 2164 2164 dixerunt
2187 2127 2292 2176 quod
2311 2127 2418 2164 Deus
2446 2139 2530 2165 mo-

1458 2187 1524 2216 vet
1560 2179 1751 2228 seipsum:
1781 2191 1861 2216 non
1898 2187 2027 2216 autern
2056 2181 2272 2218 secundum
2305 2181 2412 2230 quod
2444 2192 2530 2219 mo·

1459 2240 1518 2269 tus
1548 2239 1584 2269 et
1612 2232 1772 2269 mutatio
1802 2240 1858 2270 est
1881 2232 2073 2270 existentis
2091 2231 2130 2270 in
2149 2233 2338 2282 potentia,
2367 2241 2410 2271 ut
2427 2246 2532 2272 nunc

1458 2285 1654 2335 loquimur
1682 2285 1730 2322 de
1758 2285 1968 2323 mutatione
1998 2293 2035 2323 et
2061 2293 2182 2323 motu.

1512 2339 1572 2375 An
1600 2350 1790 2376 SECUNDUM
1819 2350 2003 2376 memnona
2032 2340 2139 2388 quod
2176 2338 2361 2388 sapientia
2395 2339 2532 2380 dicitur

1460 2391 1612 2428 mobilis
1632 2403 1715 2428 esse
1734 2391 2032 2430 similitudinarie
2044 2399 2064 2440 ⁰,
2076 2393 2290 2430 seeundum
2302 2392 2409 2441 quod
2421 2404 2530 2430 suam

1459 2444 1746 2482 similitudinem
1782 2445 1957 2482 diffundit
1993 2458 2115 2495 usque
2143 2445 2194 2483 ad
2220 2445 2355 2483 ultima
2387 2457 2529 2484 rerum.

1459 2498 1564 2535 Nihil
1592 2498 1694 2536 enim
1723 2510 1805 2535 esse
1832 2506 1969 2548 potest,
1999 2500 2104 2548 quod
2123 2511 2203 2536 non
2229 2499 2414 2548 procedat
2433 2511 2456 2537 a
2475 2499 2532 2538 di-

1457 2551 1549 2589 vina
1577 2551 1760 2601 sapientia
1787 2564 1856 2600 per
1880 2552 2075 2600 quandam
2105 2552 2371 2600 imitationem,
2392 2552 2489 2590 sicut
2507 2565 2531 2591 a

1456 2605 1583 2654 primo
1611 2604 1799 2654 principio
1829 2605 2006 2643 effectivo
2032 2613 2069 2643 et
2094 2605 2261 2652 formali3
2281 2613 2396 2655 prout
2415 2606 2530 2644 etiam

1458 2658 1654 2696 artificiata
1671 2658 1885 2708 procedunt
1904 2671 1926 2696 a
1945 2658 2130 2708 sapientia
2149 2658 2312 2696 artificis.
2335 2658 2400 2697 Sic
2417 2659 2530 2708 igitur

1457 2712 1684 2761 inquantum
1714 2711 1920 2749 similitudo
1946 2711 2097 2750 divinae
2117 2712 2324 2762 sapientiae
2343 2713 2529 2761 gradatim

1456 2765 1630 2815 procedit
1658 2777 1680 2802 a
1708 2765 1918 2813 supremis,
1948 2777 2047 2814 quae
2082 2765 2204 2814 magis
2231 2765 2457 2816 participant
2480 2766 2529 2804 de

1458 2819 1539 2856 eius
1567 2817 1822 2866 similitudine,
1852 2831 1975 2868 usque
2004 2820 2054 2857 ad
2082 2819 2216 2856 infima
2244 2831 2396 2867 rerum,
2430 2831 2529 2869 quae

1457 2872 1585 2909 minus
1606 2880 1620 2895 ἰ
1641 2871 1876 2921 participant,
1893 2871 2028 2909 dicitur
2047 2884 2130 2910 esse
2149 2871 2306 2921 quidam
2325 2884 2528 2921 processus

1457 2933 1494 2963 et
1522 2933 1650 2962 motus
1679 2924 1831 2962 divinae
1859 2925 2066 2974 sapientiae
2094 2925 2133 2963 in
2151 2937 2229 2962 res:
2258 2924 2355 2962 sicut
2377 2925 2409 2962 si
2427 2925 2528 2963 dica-

1455 2991 1542 3016 mus
1561 2979 1682 3016 solem
1695 2979 1906 3028 procedere
1921 2991 2045 3028 usque
2064 2978 2114 3016 ad
2132 2985 2285 3025 terram,
2301 2977 2527 3028 inquantum

1457 3032 1586 3082 radius
1611 3031 1766 3069 luminis
1794 3031 1874 3069 eius
1894 3045 2016 3081 usque
2036 3031 2086 3070 ad
2104 3038 2243 3068 terram
2271 3031 2458 3080 pertingit.
2479 3032 2530 3070 Et

1457 3086 1532 3123 hoc
1560 3086 1680 3124 modo
1709 3085 1864 3134 exponit
1891 3085 2111 3134 Dionysius,
2142 3096 2223 3133 cap.
2246 3096 2255 3121 1
2281 3084 2381 3122 Cael.
2401 3085 2527 3132 Ilien,

1459 3138 1588 3176 dicens
1608 3138 1713 3188 quod
1734 3138 1856 3175 omnis
1869 3150 2070 3187 processus
2089 3137 2240 3175 divinae
2258 3138 2527 3187 manifestatio-

1458 3192 1515 3229 nis
1533 3189 1545 3212 λ
1573 3192 1675 3229 venit
1699 3191 1752 3228 ad
1778 3204 1845 3229 nos
1872 3204 1896 3228 a
1924 3193 2039 3229 Patre
2064 3190 2250 3228 luminum
2279 3196 2391 3228 moto.

1511 3247 1570 3282 AD
1585 3256 1746 3282 Tannum
1762 3256 1947 3282 mOENDUM
1964 3243 2069 3293 quod
2084 3243 2306 3282 huiusmodi
2321 3249 2341 3272 μ
2351 3243 2528 3282 dicuntur

1513 3378 1539 3407 η)
1560 3376 1596 3400 ιἠ.
1614 3389 1633 3394 -
1650 3376 1687 3400 ad
1706 3376 1760 3400 DE.

1512 3409 1536 3442 0)
1551 3411 1671 3442 primum
1692 3417 1800 3436 mouens
1814 3417 1927 3436 movere.
1940 3423 1959 3428 -
1974 3410 2046 3442 quod
2060 3410 2180 3442 primum
2195 3417 2301 3436 movens
2314 3413 2402 3435 movet
2419 3416 2481 3435 vere
2494 3410 2525 3436 B.

1512 3446 1530 3477 ι)
1549 3445 1778 3471 similitudinarie.
1796 3459 1814 3464 —
1833 3445 1894 3470 Om.
1908 3445 1937 3470 B.
1951 3459 1971 3464 -
1983 3445 2033 3469 Pro
2050 3445 2145 3470 ultima
2164 3452 2262 3475 rerum,
2283 3445 2404 3471 unimam
2424 3452 2480 3470 rem
2494 3445 2524 3477 F,

1459 3481 1578 3506 ultimam
1598 3487 1687 3506 rerum
1707 3481 1739 3511 G,
1759 3480 1881 3505 ultimum
1901 3487 1991 3505 rerum
2011 3481 2043 3505 ed
2062 3488 2087 3505 a.

1511 3516 1536 3548 κ)
1557 3516 1652 3541 minus.
1670 3529 1689 3535 -
1707 3515 1814 3540 minime
1833 3516 1942 3540 codices.
1961 3530 1979 3535 —
1998 3516 2060 3541 Post
2069 3516 2239 3549 participant
2253 3516 2274 3541 B
2289 3516 2357 3541 addit
2372 3515 2405 3540 de
2417 3515 2474 3541 efus
2487 3516 2524 3541 si-

387 3554 408 3584 ε)
428 3553 610 3578 substantiam.
629 3567 647 3572 —
665 3556 691 3577 et
710 3553 807 3578 transit
826 3552 969 3578 secundum
983 3553 1139 3584 qualitatem
1159 3553 1229 3577 addit
1246 3553 1276 3577 B.
1294 3565 1312 3570 —
1331 3551 1401 3576 ldem
1457 3551 1615 3576 militudine.

334 3596 387 3613 om.
407 3589 487 3613 omni.

388 3622 412 3655 ζ)
433 3623 506 3648 illud.
526 3638 542 3642 -
561 3624 663 3656 aliquid
682 3623 802 3648 ABCDF..

1426 3589 1431 3655 Ι

1509 3585 1537 3618 λ)
1558 3585 1791 3620 manifestationis.
1810 3599 1828 3604 -
1847 3586 1994 3612 maiestatis
2013 3587 2110 3612 ABCE.

1510 3622 1538 3654 μ.)
1558 3621 1718 3646 huiusmodi.
1735 3621 1837 3663 -Uhaec
1856 3622 1954 3647 ABCE.

2560 1491 2572 1504 ⁸
2586 1491 2636 1521 Qu.
2643 1498 2684 1520 vu,
2694 1495 2738 1515 nrt.
2747 1498 2765 1514 ι.
