2768 4178
61 773 71 782 '¹
82 771 190 799 Qu.xxx,
199 774 241 793 art.
251 777 272 792 2.

59 1385 70 1396 ⁴⁸
85 1384 122 1406 cf.
136 1389 201 1405 num.
216 1389 250 1405 ιιι.

59 1433 70 1444 '⁴‘
86 1432 122 1455 Cf.
137 1438 202 1454 num.
214 1437 246 1454 tv.

61 2271 72 2281 ⁶
88 2270 140 2292 Art.
156 2276 173 2292 1.

66 2887 76 2897 '
91 2886 126 2909 ef.
141 2892 207 2909 num.
220 2892 235 2908 ι.

64 2973 76 2984 “
90 2974 142 2996 Art.
156 2980 177 2996 2.

300 270 378 304 412

302 347 338 375 et
365 337 496 375 filiatio
526 336 662 383 Filius,
698 343 734 372 et
764 335 958 384 processio
995 335 1155 390 Spiritus
1194 335 1367 372 Sanctus.

301 387 554 440 Proprietates
575 397 704 426 autem
724 401 803 425 non
821 389 1042 437 personales
1058 395 1145 424 sunt
1163 387 1267 425 idem
1282 401 1369 425 cum

299 443 473 493 personis
493 442 706 480 secundum
721 441 834 478 aliam
855 441 1043 478 rationem
1062 440 1276 488 identitatis,
1293 453 1369 490 qua

302 509 418 534 omne
438 496 530 532 illud
548 501 560 516 ⁰
585 495 691 543 quod
710 494 923 531 attribuitur
941 494 1039 541 Deo,
1068 501 1123 530 est
1143 493 1223 530 eius
1243 505 1369 531 essen-

300 549 361 587 tia.
393 548 455 585 Sic
483 549 594 596 igitur
622 547 839 584 communis
868 546 1023 596 spiratio
1054 554 1109 583 est
1141 546 1244 583 idem
1279 559 1368 583 cum

298 614 463 652 persona
492 601 612 638 Patris
642 607 677 637 et
706 613 793 636 cum
821 612 987 649 persona
1015 599 1115 647 Filii,
1154 612 1234 636 non
1262 600 1368 648 quod

300 655 346 692 sit
372 667 450 692 una
472 666 639 704 persona
666 666 735 702 per
755 666 795 690 se
816 652 1040 698 subsistens;
1071 653 1152 700 secl,
1178 652 1273 689 sicut
1291 665 1369 690 una

301 707 462 745 essentia
491 715 547 744 est
574 707 614 744 in
643 707 792 744 duabus
820 705 1006 755 personiS,
1037 705 1087 742 ita
1117 712 1152 741 et
1178 718 1257 742 una
1278 718 1367 755 pro-

298 761 449 810 prietas,
477 768 520 797 ut
548 772 663 809 supra
681 759 702 781 ‘¹‘
730 759 873 797 dictum
903 766 969 795 est.

352 816 411 851 An
440 826 631 851 SECUNDUM
669 824 852 850 mcaNDUM
890 811 997 860 quod
1030 810 1281 859 proprietates
1315 811 1368 847 di-

301 874 436 904 cuntur
473 879 556 903 esse
584 866 623 903 in
653 865 833 911 essentia,
862 877 931 913 per
966 864 1129 901 modum
1166 863 1368 901 identitatis

299 928 458 958 tantum.
489 921 531 957 In
550 918 725 968 personis
749 925 877 955 autem
899 917 1075 954 dicuntur
1095 929 1176 954 esse
1196 929 1267 966 per
1285 929 1369 953 rno-

353 1067 378 1100 o)
398 1073 474 1092 omne
493 1066 568 1091 illud.
585 1080 604 1085 -
622 1066 689 1091 illud
707 1066 736 1090 P.

352 1103 382 1135 π)
402 1106 505 1127 tantum
560 1101 718 1126 identitatis.
729 1115 748 1120 -
762 1101 892 1126 Omittunt
904 1099 950 1124 FG
958 1108 965 1132 ;
984 1107 1040 1125 esse
1052 1105 1112 1133 post
1132 1100 1281 1125 identitatis
1295 1100 1368 1133 ponit

300 1138 340 1163 ed.
359 1146 415 1163 a.-
433 1138 523 1162 Statim
543 1144 594 1162 non
616 1142 641 1162 et
659 1140 763 1162 tantum
783 1144 838 1161 om.
856 1135 1018 1166 ABCDEFa,
1039 1138 1144 1160 tantum
1163 1143 1216 1160 om.
1231 1135 1264 1160 G.

1017 256 1284 303 QUAESTIO
1314 258 1402 305 XL,
1432 256 1731 295 ARTICULUS
1761 259 1776 294 Ι
1822 292 1826 295 .

1424 336 1518 373 dum
1552 336 1755 373 identitatis
1779 342 1815 384 π,
1851 349 1929 373 non
1967 337 2124 385 quidem
2160 338 2374 376 secundum
2411 351 2494 377 rem

1422 396 1591 436 tantum,
1623 389 1689 426 sed
1728 396 1915 437 quantum
1954 389 2003 426 ad
2038 390 2202 428 modum
2237 391 2492 440 significandi,

1423 441 1519 478 sicut
1538 442 1663 478 forma
1681 442 1720 479 in
1740 442 1951 491 supposito,
1983 444 2032 479 Et
2050 443 2139 480 ideo
2157 444 2408 492 proprietates
2428 446 2494 483 de-

1422 494 1628 532 terminant
1657 502 1693 531 et
1717 495 1951 543 distinguunt
1969 508 2166 544 personas,
2187 509 2267 534 non
2286 504 2415 534 autern
2436 510 2494 535 es-

1424 547 1598 584 sentiam.

1476 602 1534 638 AD
1562 613 1722 638 TERTIUM
1750 613 1934 638 DICENDUM
1963 603 2069 650 quod
2098 602 2294 651 participia
2319 610 2356 640 et
2374 603 2494 641 verba

1422 653 1631 690 notionalia
1658 654 1872 702 significant
1900 662 2006 692 actus
2030 655 2254 692 notionales.
2285 657 2404 693 Actus
2428 668 2494 693 au-

1421 713 1500 742 tern
1530 707 1817 755 suppositorum
1847 715 1944 744 sunt.
1975 708 2230 757 Proprietates
2259 716 2388 746 autem
2415 721 2494 746 non

1423 759 1685 806 significantur
1703 766 1719 790 Ρ
1738 767 1779 796 ut
1797 761 2005 809 supposita,
2026 762 2095 799 sed
2114 770 2156 798 ut
2183 762 2331 799 formae
2351 774 2493 810 suppo-

1423 811 1595 848 sitorum.
1632 813 1681 848 Et
1714 813 1802 850 ideo
1836 813 1976 850 modus
2010 814 2247 862 significandi
2286 822 2492 864 repugnat,

1422 872 1463 900 ut
1481 864 1679 913 participia
1700 873 1736 902 et
1754 866 1875 903 verba
1903 867 2111 905 notionalia
2132 868 2178 905 de
2197 868 2494 918 proprietatibus

1422 917 1689 966 praedicentur
1706 917 1726 940 ²³⁸
1746 924 1770 955 ⁰.

1475 1064 1500 1098 ρ)
1519 1065 1717 1097 significantur.
1734 1079 1754 1085 —
1771 1065 1924 1099 significant
1943 1066 2030 1092 PDab.

1475 1101 1501 1134 σ)
1517 1100 1719 1133 praedicentur.
1737 1115 1757 1120 —
1775 1109 1827 1126 non
1842 1102 2037 1134 praedicentur
2056 1103 2212 1128 CDEFGab.

981 1233 1314 1266 Commentariis.
1337 1233 1588 1266 Cardinalis
1610 1233 1811 1267 Caietani

360 1344 468 1364 rrums
492 1333 593 1364 clarus
613 1339 668 1363 est.
687 1350 707 1354 -
723 1332 758 1362 In
783 1341 916 1372 corpore
937 1331 995 1363 tria
1012 1331 1101 1362 facit:
1127 1331 1242 1371 primo,
1259 1337 1369 1362 tractat

302 1347 550 1419 Topinionem
576 1376 754 1412 Porretani;
785 1376 943 1413 secundo,
968 1375 1176 1416 Praepositivi
1198 1374 1235 1412 '¹‘;
1266 1375 1368 1412 tertio,

299 1422 470 1463 respondet
492 1421 636 1463 quaesito
652 1421 678 1452 *.

353 1469 537 1507 Antequam
552 1466 634 1496 ultra
649 1464 847 1506 procedatur,
864 1464 990 1495 adverte
1007 1465 1096 1505 quod
1111 1471 1250 1505 quatuor
1264 1464 1369 1494 modis

300 1517 436 1553 possunt
457 1509 568 1540 variari
597 1509 766 1550 opiniones
795 1509 829 1539 in
858 1509 1043 1549 proposito:
1076 1509 1201 1549 primo,
1231 1509 1369 1539 tenendo

299 1555 506 1597 proprietates
529 1564 634 1595 neque
657 1563 724 1584 esse
751 1563 920 1594 personas,
952 1563 1056 1594 neque
1079 1553 1112 1583 in
1137 1552 1296 1593 personis;
1321 1563 1370 1583 se—

300 1600 417 1636 cundo,
435 1608 501 1629 esse
517 1608 679 1639 personas,
700 1598 753 1628 sed
773 1607 839 1628 non
855 1597 888 1627 in
904 1597 1066 1638 personis;
1087 1597 1189 1633 tertio,
1210 1607 1226 1627 e
1250 1599 1384 1634 contra,'

301 1654 367 1675 esse
387 1644 419 1674 in
443 1642 595 1684 personis,
621 1643 675 1672 sed
699 1652 766 1672 non
790 1651 856 1672 esse
879 1651 1047 1682 personas;
1073 1648 1197 1682 quarto,
1218 1651 1284 1671 esse
1301 1651 1370 1681 per-

301 1698 395 1719 sonas
412 1694 442 1718 et
457 1687 490 1717 in
506 1687 658 1727 personis.
683 1687 758 1717 Non
781 1692 887 1726 potest
903 1686 988 1716 enim
1007 1686 1138 1727 quintus
1154 1686 1271 1716 modus
1290 1685 1370 1716 ima-

300 1732 408 1773 ginari.
434 1732 476 1762 Et
494 1730 670 1771 significant
693 1730 830 1761 diversas
848 1730 1048 1760 habitudines
1071 1730 1105 1771 ly
1128 1739 1196 1761 esse
1220 1736 1250 1760 et
1268 1730 1301 1770 ly
1317 1731 1371 1760 in:

300 1787 375 1807 nam
399 1776 432 1817 ly
455 1785 523 1806 esse
545 1775 751 1811 identitatem,
775 1775 808 1816 ly
830 1784 905 1805 vero
930 1776 962 1805 in
991 1774 1159 1805 formalem
1183 1774 1370 1805 denomina-

301 1821 423 1852 tionem
446 1819 632 1860 significant.

361 1865 454 1895 Unde
478 1874 590 1894 omnes
614 1863 647 1893 hi
670 1863 768 1899 modi,
794 1869 924 1903 excepto
949 1862 1051 1899 tertio,
1078 1861 1179 1893 sortiti
1203 1869 1278 1893 sunt
1301 1862 1369 1902 opi-

301 1915 420 1945 nantes,
438 1915 474 1939 ut
489 1908 522 1938 in
536 1907 668 1938 articulo
692 1914 787 1947 patet.
811 1907 955 1937 Primum
975 1907 1070 1943 enim,
1096 1906 1213 1937 scilicet
1228 1906 1369 1948 proprie-

302 1960 380 1984 tates
404 1962 505 1993 neque
528 1961 596 1982 esse
613 1961 772 1992 personas
796 1961 896 1992 neque
919 1953 951 1982 in
970 1952 1131 1991 personis,
1151 1950 1314 1981 Porretani
1334 1960 1370 1981 ea

301 1997 423 2028 ratione
453 1997 613 2032 dicebant,
638 1995 714 2036 quia
737 1995 904 2026 relationes
927 2002 963 2026 ut
986 1995 1164 2025 assistentes
1192 1995 1369 2025 considera—

301 2043 377 2072 bant
392 2041 425 2072 in
442 2041 552 2072 ordine
568 2041 607 2070 ad
623 2040 719 2071 aliud.
736 2058 757 2062 -
774 2040 835 2070 Sed
859 2040 921 2070 hoc
944 2040 977 2070 in
996 2039 1096 2070 littera
1120 2039 1368 2079 reprehenditur,

300 2086 422 2116 ratione
445 2085 563 2126 pluries
587 2084 686 2115 dicta:
715 2083 792 2125 quia
814 2083 932 2115 scilicet
958 2083 1069 2114 relatio
1098 2090 1144 2114 est
1171 2083 1257 2114 idem
1281 2084 1370 2124 quod

303 2130 436 2161 essentia
459 2129 574 2160 divina.

361 2174 397 2204 11.
423 2173 515 2204 Circa
537 2173 618 2203 hanc
641 2179 763 2213 partem
787 2172 922 2203 dubium
946 2172 1097 2203 occurrit:
1122 2172 1197 2212 quia
1218 2172 1300 2202 male
1315 2172 1370 2202 ad-

303 2217 376 2248 duci
397 2218 521 2248 videtur
544 2217 655 2256 opinio
678 2216 850 2247 Porretani.
876 2216 1049 2253 Quoniam,
1070 2222 1106 2247 ut
1128 2216 1161 2246 in
1185 2215 1370 2256 quaestione

303 2260 540 2302 praecedente*
563 2261 734 2300 allegatum
757 2267 817 2296 est,
842 2261 982 2300 ponebat
1001 2261 1068 2300 ipse
1091 2260 1278 2290 relationem
1303 2270 1370 2290 esse

302 2315 482 2346 personam,
499 2315 669 2345 personam
685 2311 792 2335 autem
809 2314 875 2334 non
899 2314 966 2334 esse
985 2303 1170 2334 essentiam:
1196 2304 1278 2334 male
1295 2313 1370 2344 ergo

302 2350 354 2381 hic
377 2349 436 2380 sibi
459 2348 638 2380 attribuitur
661 2348 846 2380 relationem
870 2358 935 2379 non
960 2358 1027 2379 esse
1050 2357 1229 2388 personam.

360 2394 412 2424 Ad
435 2393 497 2424 hoc
525 2393 658 2423 breviter
690 2393 820 2429 dicitur,
853 2392 942 2433 quod
972 2392 1005 2422 in
1028 2391 1091 2422 hoc
1116 2392 1189 2422 loco
1218 2391 1372 2432 supponit

302 2440 425 2469 Auctor
451 2447 622 2478 personam
644 2436 827 2467 identificari
851 2436 1018 2467 essentiae:
1049 2436 1138 2477 quod
1162 2445 1228 2466 non
1252 2446 1370 2476 suppo-

304 2482 375 2519 suit,
401 2482 455 2512 sed
479 2481 658 2522 quaerebat,
680 2481 713 2511 in
736 2491 744 2511 1
770 2480 902 2511 articulo
927 2480 1121 2521 quaestionis
1145 2480 1368 2520 praecedentis.

303 2526 344 2557 Et
360 2532 526 2566 propterea
549 2525 600 2555 hic
616 2531 647 2556 et
662 2525 705 2555 ibi
727 2534 840 2555 verum
862 2524 1011 2556 recitavit.
1035 2525 1129 2560 Nam,
1148 2525 1312 2565 loquendo
1332 2525 1370 2554 de

303 2580 439 2611 persona
462 2569 585 2605 divina,
613 2579 679 2599 non
704 2569 844 2599 curando
868 2575 977 2600 utrum
1001 2569 1041 2599 sit
1064 2569 1175 2599 eadem
1199 2568 1369 2605 essentiae,

304 2614 426 2644 dicebat
448 2614 637 2644 Porretanus
660 2613 763 2654 ipsam
786 2612 973 2644 relationem
997 2613 1196 2644 assistentem
1216 2622 1282 2643 esse
1301 2622 1371 2653 per—

304 2668 427 2689 sonam.
453 2657 627 2697 Supposito
651 2664 759 2688 autem
782 2657 871 2698 quod
893 2667 1030 2697 persona
1051 2657 1090 2687 sit
1110 2657 1196 2687 idem
1219 2657 1309 2698 quod
1325 2667 1370 2687 es-

304 2702 412 2738 sentia,
437 2702 626 2742 sequebatur
646 2711 681 2732 ex
699 2702 872 2732 Porretano
896 2702 984 2742 quod
1009 2701 1117 2732 relatio
1141 2711 1207 2731 non
1231 2707 1278 2731 est
1301 2711 1370 2741 per-

304 2754 399 2776 sona:
428 2745 503 2786 quia
525 2746 634 2776 relatio
659 2745 790 2782 assistit,
823 2752 853 2776 et
885 2756 951 2776 non
974 2745 1185 2776 identificatur
1208 2745 1369 2776 essentiae.

305 2790 355 2821 Sic
379 2796 486 2820 autem
509 2796 595 2830 patet
617 2790 650 2819 in
673 2789 734 2820 hoc
759 2790 890 2820 articulo
915 2799 1098 2820 sermonem
1120 2789 1228 2820 haberi
1247 2790 1286 2820 de
1302 2799 1370 2830 per-

304 2832 397 2865 sona:
423 2843 519 2874 quare
542 2834 650 2864 nullus
673 2843 758 2864 error
781 2840 836 2865 est.

362 2878 414 2909 111.
440 2878 557 2915 Quoad
579 2878 753 2908 secundum
767 2877 802 2915 ὓ,
827 2878 1060 2918 Praepositivus
1083 2878 1207 2909 dicebat
1228 2878 1368 2919 proprie-

304 2928 381 2953 tates
405 2932 473 2953 esse
489 2931 660 2962 personas,
683 2927 714 2953 et
737 2932 799 2953 non
825 2923 856 2952 in
875 2923 1035 2963 personis,
1061 2932 1096 2953 ea
1115 2922 1236 2953 ratione
1252 2933 1316 2964 qua
1336 2922 1368 2953 in

304 2976 357 3007 qu.
370 2976 453 2996 xxxn
467 2966 485 2985 *
507 2966 632 3007 negavit
648 2966 805 3002 notiones,
826 2967 1014 3007 exponendo
1031 2977 1156 3007 semper
1179 2967 1369 2998 abstractum

303 3020 362 3050 pro
387 3017 544 3041 concreto.
561 3028 580 3033 -
597 3010 690 3041 Unde
713 3017 743 3041 et
765 3010 797 3040 in
812 3010 913 3041 littera
936 3011 1191 3051 reprehenditur:
1216 3011 1291 3052 quia
1314 3021 1369 3041 ne-

304 3064 389 3085 cesse
413 3061 458 3085 est
481 3064 599 3095 ponere
618 3055 824 3095 proprietates
846 3055 878 3085 in
895 3055 1050 3086 abstracto
1067 3062 1103 3086 ut
1117 3055 1262 3086 formalia
1285 3055 1369 3096 prin-

305 3098 385 3139 cipia
408 3108 625 3139 personarum,
650 3105 686 3130 ut
707 3098 826 3129 ibidem
850 3100 1020 3139 probatum
1043 3099 1113 3131 fuit.

1481 1331 1533 1363 IV.
1559 1332 1677 1369 Quoad
1700 1333 1828 1363 tertium
1844 1331 1872 1369 θ,
1899 1333 2062 1364 conclusio
2086 1334 2270 1374 responsiva
2294 1334 2495 1375 amplectitur

1423 1383 1573 1417 quartum
1597 1376 1744 1407 modum.
1774 1377 1816 1407 Et
1839 1383 1901 1407 est:
1925 1377 2135 1418 Proprietates
2166 1385 2240 1409 sunt
2257 1388 2440 1419 personae,
2465 1386 2496 1411 et

1423 1422 1456 1450 in
1474 1422 1635 1461 personis.
1660 1438 1678 1443 -—
1703 1421 1745 1451 Et
1767 1420 1987 1452 manifestatur
2010 1421 2188 1462 dupliciter.
2212 1423 2336 1460 Primo,
2360 1423 2492 1461 ratione,

1423 1465 1477 1495 sic.
1507 1465 1556 1495 De
1583 1465 1704 1496 ratione
1733 1464 1855 1495 formae
1883 1473 1930 1497 est
1959 1476 2026 1496 esse
2053 1466 2086 1496 in
2117 1476 2155 1496 eo
2185 1467 2275 1497 cuius
2303 1474 2349 1499 est
2372 1467 2493 1499 forma:

1423 1519 1498 1549 ergo
1522 1509 1749 1550 proprietatem
1772 1516 1898 1550 oportet
1913 1520 1980 1541 esse
1993 1510 2027 1540 in
2042 1520 2188 1550 persona.
2212 1511 2253 1542 Et
2275 1512 2430 1551 probatur
2447 1521 2494 1544 se-

1423 1554 1530 1594 quela:
1548 1553 1623 1595 quia
1638 1560 1684 1584 est
1699 1553 1803 1584 forma
1819 1564 1982 1594 personae.
1996 1573 2016 1577 —
2028 1555 2186 1592 Secundo,
2200 1556 2309 1596 quoad
2324 1562 2495 1597 utramque

1423 1605 1546 1639 partem
1569 1597 1675 1634 simul,
1700 1607 1737 1628 ex
1761 1597 1874 1628 simili:
1898 1599 2012 1630 Deitas
2035 1606 2081 1630 est
2103 1599 2136 1630 in
2159 1600 2239 1636 Deo,
2265 1606 2296 1631 et
2319 1607 2365 1631 est
2387 1600 2491 1638 Deus;

1423 1651 1508 1683 ergo.

1477 1687 1516 1717 V.
1534 1687 1670 1717 Adverte
1686 1686 1738 1717 hic
1755 1687 1844 1727 quod
1859 1687 2066 1727 proprietates
2083 1697 2150 1718 esse
2168 1687 2201 1718 in
2215 1688 2369 1728 personiS,
2387 1694 2493 1729 potest

1423 1730 1556 1771 intelligi
1580 1737 1610 1761 et
1633 1732 1811 1768 transitive,
1830 1738 1861 1762 et
1877 1732 2086 1762 intransitive.
2111 1732 2153 1762 Et
2167 1731 2193 1762 si
2215 1732 2347 1773 quidem
2369 1733 2493 1764 intran-

1423 1776 1514 1806 sitive
1537 1775 1738 1815 intelligatur,
1755 1775 1835 1806 redit
1858 1775 1969 1815 opinio
1993 1775 2219 1815 Praepositivi:
2244 1776 2400 1817 quoniam
2415 1776 2494 1808 nihil

1424 1819 1511 1850 aliud
1530 1818 1722 1859 significatur
1738 1819 1798 1849 nisi
1813 1819 2020 1859 proprietates
2037 1830 2103 1850 esse
2122 1830 2284 1860 personas.
2302 1837 2322 1844 -
2337 1820 2370 1851 Si
2386 1827 2494 1852 autem

1424 1864 1600 1900 transitive,
1619 1862 1785 1903 dupliciter
1800 1863 1932 1904 intelligi
1948 1870 2063 1904 potest.
2082 1863 2199 1900 Primo,
2217 1870 2254 1895 ut
2267 1864 2301 1906 ly
2315 1865 2348 1895 in
2365 1865 2494 1896 denotet

1424 1907 1642 1938 transitionem
1662 1907 1839 1937 secundum
1855 1916 1935 1938 rem:
1962 1914 1992 1938 et
2011 1908 2055 1938 sic
2071 1915 2118 1939 est
2141 1907 2266 1939 falsum.
2291 1908 2366 1939 Alio
2381 1908 2492 1946 modo,

1423 1958 1459 1982 ut
1483 1952 1612 1982 denotet
1634 1951 1853 1982 transitionem
1877 1952 2054 1982 secundum
2077 1952 2243 1989 rationem,
2267 1962 2333 1983 non
2348 1952 2494 1994 qualem-

1424 2005 1572 2036 cumque,
1590 1996 1645 2026 sed
1667 1995 1756 2026 velut
1779 1996 1900 2026 formae
1923 1996 1958 2026 in
1981 1996 2166 2037 supposito:
2192 2003 2223 2027 et
2245 1997 2289 2028 sic
2308 1997 2446 2028 sumitur
2459 1996 2494 2028 in

1423 2040 1602 2080 proposito.
1635 2068 1637 2075 ,
2203 2046 2206 2051 “

1482 2085 1536 2116 VI.
1560 2084 1617 2115 Est
1640 2091 1748 2115 autem
1774 2084 1854 2115 ratio
1878 2084 2068 2116 necessitans
2097 2085 2138 2116 ad
2161 2091 2330 2127 utramque
2358 2085 2493 2117 affirma-

1424 2128 1556 2165 tionem,
1581 2128 1699 2159 scilicet
1715 2138 1781 2159 esse
1797 2138 1967 2169 personam
1983 2136 2014 2160 et
2029 2129 2062 2159 in
2078 2139 2215 2170 persona
2229 2127 2255 2166 *,
2280 2129 2365 2170 quia,
2383 2129 2409 2160 si
2425 2126 2494 2162 sola

1423 2173 1569 2204 identitas
1588 2179 1768 2213 poneretur,
1795 2183 1869 2203 cum
1892 2173 2067 2214 proprietas
2091 2173 2130 2205 sit
2153 2173 2247 2205 etiam
2264 2174 2376 2205 eadem
2390 2183 2493 2205 essen-

1424 2217 1496 2253 tiae,
1521 2226 1586 2247 non
1611 2217 1756 2257 pluribus
1780 2217 1885 2247 modis
1909 2224 1989 2248 esset
2003 2218 2180 2258 proprietas
2196 2218 2228 2249 in
2245 2228 2380 2259 persona
2394 2228 2494 2260 quam

1424 2261 1457 2291 in
1477 2261 1620 2291 essentia.
1645 2261 1686 2291 Et
1708 2261 1752 2291 sic
1775 2261 1861 2291 idem
1884 2268 1964 2292 esset
1987 2261 2143 2292 iudicium
2166 2263 2205 2293 de
2223 2263 2292 2299 hac,
2310 2264 2494 2303 paternitas

1425 2310 1472 2336 est
1495 2305 1528 2335 in
1551 2305 1661 2342 Patre,
1679 2311 1709 2335 et
1721 2306 1905 2345 paternitas
1928 2310 1975 2336 est
1991 2307 2023 2336 in
2041 2307 2199 2337 essentia:
2222 2317 2297 2338 cum
2312 2314 2419 2338 tamen
2434 2306 2494 2339 ista

1425 2348 1465 2380 sit
1486 2348 1622 2379 identica
1645 2355 1786 2385 tantum,
1811 2349 1914 2390 prima
1936 2356 2044 2381 autern
2067 2350 2106 2381 sit
2128 2350 2264 2381 identica
2286 2357 2317 2382 et
2340 2350 2493 2383 formalis.

1424 2411 1443 2415 -
1463 2393 1505 2424 Et
1527 2392 1606 2423 scito
1635 2393 1724 2434 quod
1753 2392 1999 2424 fundamentum
2025 2393 2196 2425 identitatis
2224 2401 2270 2425 est
2298 2394 2492 2426 indistinctio

1425 2437 1529 2467 realis:
1555 2436 1800 2468 fundamentum
1816 2444 1924 2469 autem
1943 2437 2211 2469 denominationis
2235 2438 2378 2469 formalis
2399 2438 2494 2480 exigit

1424 2481 1545 2522 aliquid
1560 2482 1738 2512 secundum
1752 2481 1920 2518 rationem,
1933 2482 2050 2513 scilicet
2062 2481 2297 2513 distinctionem
2312 2483 2393 2514 inter
2408 2483 2494 2524 quod

1424 2532 1455 2556 et
1477 2535 1549 2566 quo.

1484 2570 1552 2600 V11.
1576 2570 1618 2600 Et
1641 2579 1677 2600 ex
1704 2569 1752 2600 his
1781 2569 1871 2600 facile
1901 2571 2091 2611 respondere
2122 2577 2214 2611 potes
2244 2571 2284 2601 ad
2308 2577 2494 2611 argumenta

1425 2613 1569 2653 Gregorii
1594 2614 1632 2644 de
1654 2614 1811 2650 Arimino,
1835 2613 1868 2644 in
1890 2624 1963 2645 xxvi
1982 2621 2013 2645 et
2025 2624 2108 2645 xxvn
2126 2615 2328 2646 distinctione
2350 2615 2448 2646 Primi
2462 2614 2492 2652 θ,

1425 2657 1567 2698 negantis
1591 2658 1656 2688 dari
1675 2658 1881 2699 proprietates
1897 2658 1930 2689 in
1947 2658 2101 2699 personis.
2126 2658 2245 2690 Omnia
2261 2659 2347 2690 enim
2363 2659 2492 2691 solvun-

1425 2708 1485 2738 tur,
1510 2701 1701 2732 advertendo
1725 2703 1814 2743 quod
1829 2712 1895 2733 non
1913 2703 2082 2734 denotatur
2104 2703 2246 2734 transitio
2271 2703 2413 2734 formalis
2431 2703 2492 2735 nisi

1425 2745 1602 2777 secundum
1624 2746 1790 2777 rationem.

1483 2790 1576 2821 Unde
1592 2797 1623 2821 et
1637 2791 1717 2821 ratio
1733 2790 1813 2821 facta
1835 2790 1869 2821 in
1891 2790 1992 2822 littera
2008 2801 2045 2822 ex
2059 2791 2122 2822 hoc
2144 2792 2259 2822 eodem
2282 2791 2491 2823 fundamento

1425 2841 1526 2865 tenet:
1558 2834 1676 2865 scilicet
1701 2835 1807 2876 quod,
1832 2835 1913 2867 sicut
1941 2836 1979 2866 de
2008 2835 2128 2867 ratione
2158 2835 2280 2867 formae
2303 2835 2492 2868 inhaerentis

1425 2878 1601 2910 secundum
1631 2889 1699 2910 rem
1727 2879 1912 2920 supposito,
1937 2886 1983 2911 est
2011 2880 2101 2921 quod
2123 2880 2245 2911 realiter
2267 2879 2342 2911 insit
2363 2879 2425 2916 ini;
2449 2879 2492 2911 ita

1425 2923 1464 2953 de
1487 2923 1608 2954 ratione
1632 2922 1753 2954 formae
1777 2933 1832 2954 seu
1857 2923 2002 2965 principii
2026 2923 2167 2955 formalis
2190 2923 2223 2954 in
2248 2923 2490 2964 cognoscendo,

1425 2973 1471 2998 est
1494 2967 1584 3008 quod
1606 2967 1783 2998 secundum
1799 2967 1954 2999 rationem
1969 2967 2053 3000 insit.
2082 2968 2127 2999 Ita
2142 2968 2231 3009 quod
2247 2968 2315 2999 sola
2331 2966 2492 2999 distinctio

1424 3011 1594 3052 importata
1610 3021 1666 3052 per
1680 3012 1713 3053 ly
1729 3013 1820 3050 inest,
1847 3019 1893 3043 est
1915 3013 2093 3043 secundum
2110 3011 2282 3043 rationem:
2308 3011 2491 3043 coniunctio

1425 3055 1512 3086 enirn
1535 3056 1734 3096 proprietatis
1748 3055 1781 3087 in
1798 3057 1965 3097 supposito
1982 3063 2029 3088 est
2043 3056 2220 3088 secundum
2238 3066 2315 3093 rem,
2333 3056 2415 3088 sicut
2428 3055 2491 3087 for—

1424 3109 1495 3130 mae
1517 3099 1551 3130 in
1574 3100 1753 3142 supposito.

2521 872 2531 882 '¹
2545 871 2582 894 Cf.
2596 877 2637 900 qu.
2650 878 2734 900 xxxix.

2519 902 2564 920 nrt.
2578 904 2599 927 2,
2614 898 2644 921 ud
2657 904 2679 922 a.

2521 1341 2532 1352 '
2546 1340 2584 1364 (Ξ.
2597 1347 2663 1364 num.
2673 1347 2692 1364 ι.

2521 2137 2531 2147 ·
2545 2136 2583 2160 Cf.
2596 2142 2662 2160 num.
2676 2143 2710 2160 nr.

2518 2616 2733 2646 *An-tacemus.
