2768 4178
967 269 1232 322 QUAEsTm
1262 270 1400 317 xxxi,
1429 271 1724 309 ARTicULus
1754 274 1767 309 1

2386 274 2459 320 343

786 493 1195 568 QUAESTIO
1234 494 1944 568 TRIGESIMAPRIMA

589 618 672 659 DE
705 618 803 660 HIS
838 619 1127 671 QUAE-AD
1162 621 1480 663 UNITATEM
1513 624 1633 664 VEL
1667 625 2144 668 PLURALITATEM

1019 682 1364 723 PERTINENT
1396 684 1457 724 IN
1490 685 1713 727 DIVINIS

1075 795 1108 820 IN
1130 795 1302 826 QUATUOR
1320 797 1520 823 ARTICULOS
1539 799 1655 824 DIVISA

346 899 414 924 osr
441 887 537 924 haec
566 886 884 923 considerandum
915 895 971 924 est
1003 888 1050 925 de
1077 888 1134 924 his
1162 901 1259 936 quae
1289 890 1338 926 ad

278 898 340 980 Ρ

128 2152 146 2178 οι

30 3005 43 3015 ·
56 3005 83 3027 Iu
97 3005 220 3033 symbolo.

345 940 529 977 unitatem
547 940 610 976 vel
623 940 873 988 pluralitatem
888 941 1076 989 pertinent
1090 941 1128 977 in
1155 942 1290 979 divinis
1305 941 1335 978 ²³⁶.

273 993 324 1030 Et
351 993 450 1030 circa
476 993 551 1029 hoc
579 1000 812 1041 quaeruntur
837 1001 1010 1041 quatuor.

317 1046 464 1083 Primo:
494 1045 542 1083 de
570 1046 653 1094 ipso
683 1045 838 1082 nomine
867 1046 1049 1083 trinitatis.

319 1099 510 1136 Secundo:
522 1106 648 1136 utrum
659 1098 872 1147 possitdici,
880 1099 999 1135 Filius
1009 1105 1062 1136 est
1070 1099 1166 1135 alius
1176 1111 1200 1136 a
1211 1100 1335 1136 Patre.

1447 891 1599 928 Tertio:
1628 900 1756 929 utrum
1792 893 1904 930 dictio
1935 895 2141 942 exclusiva,
2171 909 2269 945 quae
2301 897 2452 934 videtur

1498 944 1687 981 alietatem
1717 946 1927 994 excludere,
1948 948 2067 996 possit
2088 948 2240 997 adiungi
2268 950 2414 987 nomini
2433 957 2451 972 α

1500 997 1685 1034 essentiali
1713 998 1752 1034 in
1781 998 1928 1036 divinis.

1446 1049 1615 1138 Quartolz-
1642 1058 1769 1087 utrum
1796 1052 1916 1099 possit
1943 1052 2095 1101 adiungi
2131 1054 2293 1092 termino
2322 1053 2339 1084 β
2365 1068 2450 1104 per-

1497 1114 1592 1138 sona
1606 1115 1629 1138 1.

1084 1208 1402 1249 ARTICULUS
1433 1209 1638 1252 PRIMUS

1003 1300 1158 1331 UTRUM
1182 1300 1248 1330 SIT
1272 1300 1474 1331 TRINITAS
1498 1301 1541 1331 IN
1564 1302 1719 1334 D1V1N1s

1117 1377 1126 1401 1
1146 1377 1229 1406 Sent„
1249 1377 1307 1402 dist.
1326 1385 1392 1409 xxrv,
1412 1385 1456 1410 qu.
1474 1386 1502 1409 11,
1521 1384 1567 1404 art.
1584 1387 1608 1404 2.

271 1679 416 1721 trinitas
443 1689 523 1715 non
551 1677 735 1726 significat
759 1677 1023 1713 substantiam:
1054 1677 1335 1726 praedicaretur

272 1732 374 1769 enim
404 1731 451 1768 de
475 1731 628 1779 singulis
647 1730 831 1779 personiS.
862 1730 999 1778 Neque
1029 1730 1214 1778 significat
1241 1732 1334 1767 rela—

270 1785 435 1823 tionem:
466 1784 555 1832 quia
593 1796 671 1820 non
705 1783 839 1820 dicitur
866 1783 1079 1819 secundum
1114 1796 1258 1820 nomen
1285 1784 1337 1820 ad

271 1837 385 1875 aliud.
416 1837 518 1885 Ergo
538 1836 696 1873 nomine
724 1836 895 1872 trinitatis
923 1848 1001 1872 non
1021 1845 1076 1873 est
1094 1836 1281 1873 utendum
1296 1837 1334 1873 in

273 1890 422 1927 divinis.

327 1955 362 1980 2.
383 1943 616 1989 PRAETEREA,
637 1941 712 1978 hoc
731 1954 875 1978 nomen
896 1941 1041 1978 trinitas
1055 1947 1069 1968 ⁷
1084 1942 1232 1979 videtur
1252 1955 1333 1979 esse

273 2007 418 2033 nomen
447 1995 699 2041 collectivum,
721 2007 808 2031 cum
829 1995 1013 2042 significet
1040 1994 1332 2032 multitudinem.

273 2049 369 2086 Tale
389 2055 518 2085 autem
537 2059 681 2084 nomen
700 2060 779 2084 non
799 2048 976 2084 convenit
994 2048 1032 2084 in
1057 2047 1214 2085 divinis:
1245 2061 1334 2085 cum

271 2102 394 2139 unitas
422 2101 623 2150 importata
650 2113 719 2149 per
746 2113 890 2137 nomen
923 2100 1162 2137 collectivum
1191 2100 1237 2137 sit
1265 2101 1333 2138 mi-

273 2155 378 2192 nima
396 2154 532 2201 unitas,
554 2154 592 2190 in
613 2153 747 2190 divinis
763 2161 892 2190 autem
913 2161 968 2190 est
987 2154 1154 2190 maxima
1168 2155 1291 2191 unitas
1308 2151 1332 2191 δ.

273 2209 375 2255 Ergo
394 2208 469 2244 hoc
496 2218 641 2243 nornen
660 2207 804 2243 trinitas
823 2219 902 2243 non
928 2206 1107 2243 convenit
1125 2206 1163 2243 in
1183 2206 1332 2244 divinis.

329 2261 362 2297 3.
384 2261 616 2306 PRAETEREA,
637 2271 753 2295 omne
773 2259 913 2296 trinum
935 2266 990 2295 est
1018 2259 1160 2307 triplex.
1192 2260 1268 2296 Sed
1295 2259 1334 2296 in

273 2314 358 2350 Deo
386 2325 465 2349 non
487 2319 542 2349 est
565 2311 779 2360 triplicitas.-
809 2324 895 2348 cum
915 2311 1105 2360 triplicitas
1125 2311 1170 2348 sit
1189 2312 1334 2361 species

271 2365 557 2414 inaequalitatis.
587 2366 690 2412 Ergo
719 2377 791 2401 nec
817 2365 974 2402 trinitas.

276 2449 278 2451 ,
323 2430 361 2466 4.
383 2419 616 2465 PRAETEREA,
646 2417 831 2466 quidquid
852 2425 907 2454 est
933 2417 971 2454 in
1004 2418 1100 2465 Deo,
1123 2425 1178 2454 est
1195 2417 1233 2454 in
1251 2418 1334 2455 uni-

272 2479 347 2508 tate
367 2471 550 2508 essentiae
572 2470 741 2508 divinae:
764 2470 851 2519 quia
871 2472 976 2507 Deus
997 2478 1052 2507 est
1071 2483 1140 2507 sua
1159 2471 1332 2508 essentia.

274 2524 314 2562 Si
332 2524 441 2572 igitur
467 2523 611 2560 trinitas
632 2530 687 2559 est
713 2523 753 2560 in
772 2524 870 2570 Deo,
892 2523 960 2559 erit
978 2523 1016 2559 in
1034 2523 1177 2560 unitate
1207 2536 1333 2560 essen-

272 2578 346 2614 tiae
366 2576 529 2613 divinae.
548 2576 604 2612 ¹Et
624 2575 676 2612 sic
695 2576 734 2612 in
753 2577 837 2612 Deo
858 2583 869 2599 Ε
895 2583 1003 2612 erunt
1022 2583 1096 2612 tres
1117 2577 1333 2614 essentiales

272 2630 451 2666 unitates:
482 2628 587 2677 quod
616 2635 671 2665 est
698 2628 942 2665 haereticum.

331 2683 362 2719 5.
384 2683 625 2728 PRAETEREA,
655 2681 693 2717 in
727 2681 904 2718 omnibus
941 2693 1040 2730 quae
1074 2681 1248 2719 dicuntur
1285 2684 1332 2719 de

272 2737 369 2782 Deo,
391 2741 612 2771 concretum
628 2734 868 2782 praedicatur
887 2734 934 2771 de
949 2734 963 2760 ζ
982 2735 1190 2772 abstracto:
1216 2735 1332 2772 deitas

273 2788 375 2825 enim
404 2795 459 2824 est
486 2789 608 2834 Deus,
639 2794 676 2823 et
702 2787 905 2835 paternitas
934 2795 990 2824 est
1017 2789 1139 2824 Pater.
1170 2788 1247 2825 Sed
1271 2789 1332 2825 tri-

271 2841 368 2878 nitas
387 2853 467 2877 non
485 2847 610 2888 potest
630 2839 701 2876 dici
721 2840 841 2876 trina:
865 2840 954 2887 quia
973 2840 1026 2877 sic
1046 2848 1170 2877 essent
1188 2853 1331 2878 novem

271 2906 331 2931 res
359 2893 398 2930 in
427 2893 575 2940 divinis,
597 2893 703 2940 quod
722 2900 777 2929 est
798 2905 1013 2929 erroneum.
1044 2894 1147 2941 Ergo
1176 2894 1331 2931 nomine

272 2947 444 2983 trinitatis
472 2959 551 2983 non
580 2954 635 2982 est
663 2945 846 2982 utendum
873 2945 910 2982 in
940 2946 1085 2983 divinis.

326 3000 400 3036 SED
429 3010 575 3036 CONTRA
602 3010 667 3035 EST
687 2998 791 3047 quod
819 2999 1046 3035 Athanasius
1075 2998 1162 3035 dicit
1175 2998 1206 3045 ²¹5,
1228 2999 1332 3047 quod

273 3052 395 3088 unitas
429 3052 466 3088 in
504 3051 685 3097 trinitate,
723 3057 758 3088 et
792 3051 936 3088 trinitas
973 3052 1010 3088 in
1049 3052 1188 3088 unitate
1222 3063 1332 3088 vene—

273 3105 395 3141 randa
421 3105 477 3140 sit.

326 3158 551 3194 RESPONDEO
580 3169 763 3194 DICENDUM
793 3157 896 3205 quod
924 3169 1068 3194 nomen
1095 3157 1267 3193 trinitatis
1294 3157 1356 3194 in'

274 3209 410 3247 divinis
439 3209 622 3257 significat
650 3209 944 3247 determinatum
971 3222 1175 3246 numerum
1202 3222 1332 3258 perso-

273 3274 422 3299 narum.
444 3262 549 3299 Sicut
566 3263 676 3310 igitur
702 3263 854 3312 ponitur
872 3262 1062 3311 pluralitas
1081 3275 1332 3311 personarum

327 3393 354 3426 α)
374 3393 484 3417 nomini.
501 3405 519 3412 -
537 3393 650 3418 termino
669 3393 701 3418 G.

327 3427 351 3461 β)
372 3428 494 3453 termino.
511 3441 531 3447 -
549 3428 650 3453 nomini
667 3429 844 3454 ABCDEFab.

325 3464 352 3497 γ)
372 3463 420 3488 hoc
439 3469 532 3487 nomen
553 3463 668 3488 trinitas.
687 3478 705 3482 —
723 3471 816 3488 nomen
837 3464 966 3489 trinitatis
984 3464 1106 3489 ABCDE.

326 3498 351 3531 δ)
371 3499 397 3523 in
417 3498 515 3523 divinis
538 3501 627 3522 autem
648 3502 687 3523 est
705 3499 826 3524 maxima
853 3500 949 3524 unitas.
963 3513 981 3517 —
999 3499 1060 3524 Om.
1081 3499 1181 3523 codices
1201 3503 1226 3523 et
1245 3500 1284 3524 ed.
1299 3505 1332 3527 a;

273 3542 321 3567 pro
339 3534 474 3562 maxima,
494 3533 613 3557 maxime
632 3533 672 3558 ed.
686 3533 709 3558 b.

327 3569 349 3601 ε)
369 3569 395 3594 ἰη
416 3569 482 3593 Deo.
499 3582 518 3587 —
536 3568 562 3592 in
583 3568 640 3593 Deo
660 3575 710 3593 non
730 3569 770 3593 ed.
790 3569 818 3598 b,
837 3577 890 3594 om.
909 3569 1011 3594 codices
1031 3574 1055 3594 et
1075 3570 1114 3594 ed.
1129 3577 1154 3595 a.

326 3604 352 3637 ζ)
367 3604 543 3636 praedicatur
562 3603 603 3628 de.
621 3617 639 3621 -
652 3603 766 3635 ponitur
779 3611 832 3635 pro
851 3605 880 3629 B.

1388 1466 1427 1502 in
1447 1467 1594 1514 divinis,
1615 1468 1666 1504 ita
1684 1469 1870 1506 utendum
1891 1479 1946 1507 est
1963 1472 2120 1509 nomine
2139 1474 2332 1511 trinitatis:
2361 1475 2449 1524 quia

1388 1520 1462 1556 hoc
1481 1519 1584 1557 idern
1605 1522 1709 1569 quod
1729 1522 1914 1570 significat
1928 1524 2125 1572 pluralitas
2148 1526 2447 1576 indeterminate,

1388 1572 1573 1619 significat
1600 1574 1675 1610 hoc
1704 1587 1847 1612 nomen
1875 1577 2019 1613 trinitas
2048 1578 2305 1616 determinate.

1441 1627 1500 1662 AD
1529 1638 1666 1663 PRIMUM
1700 1640 1798 1665 ERGO
1836 1641 2019 1667 DICENDUM
2052 1632 2157 1679 quod
2194 1632 2270 1668 hoc
2306 1644 2449 1669 nomen

1389 1678 1545 1725 trinitas,
1567 1680 1779 1717 secundum
1803 1683 2074 1730 etymologiam
2093 1685 2280 1732 vocabuli,
2300 1685 2450 1722 videtur

1389 1731 1600 1778 significare
1633 1746 1751 1770 unam
1790 1735 1992 1772 essentiam
2024 1736 2138 1773 trium
2174 1749 2448 1785 personarum,

1388 1785 1599 1822 secundum
1620 1787 1726 1833 quod
1747 1786 1880 1824 dicitur
1898 1788 2039 1825 trinitas
2055 1789 2162 1838 quasi
2182 1790 2295 1826 trium
2315 1791 2447 1828 unitas.

1389 1837 1467 1874 Sed
1494 1839 1707 1876 secundum
1740 1840 2010 1888 proprietatem
2037 1842 2236 1889 vocabuli,
2267 1843 2450 1890 significat

1387 1890 1506 1938 magis
1521 1899 1535 1921 η
1556 1903 1761 1929 numerum
1779 1905 2031 1941 personarum
2050 1895 2163 1931 unius
2184 1896 2378 1932 essentiae.
2401 1897 2450 1932 Et

1387 1951 1543 1991 propter
1570 1945 1645 1980 hoc
1665 1957 1744 1982 non
1761 1958 1967 1993 possumus
1997 1947 2120 1984 dicere
2143 1949 2246 1996 quod
2274 1949 2386 1985 Pater
2404 1949 2450 1985 sit

1389 1996 1540 2042 trinitas,
1563 1996 1651 2045 quia
1678 2009 1758 2034 non
1787 2006 1842 2034 est
1870 1997 1953 2035 tres
1971 2012 2170 2047 personae.
2201 2001 2292 2037 Non
2320 2009 2449 2038 autem

1389 2049 1571 2096 significat
1598 2049 1699 2097 ipsas
1727 2051 1925 2088 relationes
1953 2064 2216 2100 personarum,
2238 2054 2305 2090 sed
2330 2055 2449 2102 magis

1389 2113 1593 2139 numerum
1626 2107 1877 2151 personarum
1912 2104 1962 2141 ad
1996 2105 2160 2142 invicem
2194 2107 2396 2143 relatarum
2423 2105 2447 2144 ⁰.

1389 2156 1438 2191 Et
1465 2154 1552 2192 inde
1582 2163 1636 2191 est
1664 2157 1789 2204 quod,
1828 2157 2039 2194 secundum
2078 2171 2242 2206 nomen,
2271 2159 2320 2196 ad
2348 2160 2450 2196 aliud

1389 2219 1467 2244 non
1496 2208 1664 2244 refertur.
2097 2221 2102 2225 ’

1441 2261 1500 2296 AD
1529 2272 1719 2297 SECUNDUM
1751 2273 1934 2299 DICENDUM
1970 2263 2075 2311 quod
2109 2276 2252 2300 nomen
2290 2264 2450 2301 collecti-

1388 2324 1482 2349 vum
1511 2313 1588 2349 duo
1617 2313 1806 2362 importat,
1837 2314 1974 2351 scilicet
2000 2316 2250 2363 pluralitatem
2277 2318 2450 2365 supposi-

1388 2372 1528 2412 torum,
1550 2373 1586 2402 et
1612 2366 1796 2403 unitatem
1825 2367 2031 2416 quandam,
2053 2368 2192 2406 scilicet
2221 2369 2362 2406 ordinis
2386 2370 2450 2407 ali-

1389 2418 1514 2455 cuius:
1537 2419 1701 2466 populus
1730 2420 1832 2456 enirn
1853 2427 1909 2456 est
1927 2421 2127 2458 multitudo
2153 2422 2356 2459 hominurn
2376 2424 2446 2459 sub

1388 2471 1514 2519 aliquo
1548 2471 1680 2508 ordine
1716 2473 2094 2520 comprehensorum.
2125 2475 2322 2521 Quantum
2358 2487 2446 2523 ergo

1388 2523 1438 2560 ad
1465 2524 1655 2572 primum,
1682 2525 1757 2561 hoc
1785 2537 1927 2562 nomen
1965 2526 2110 2563 trinitas
2142 2527 2320 2564 convenit
2358 2540 2446 2565 cum

1388 2576 1607 2613 nominibus
1628 2577 1850 2614 collectivis:
1876 2578 1943 2615 sed
1963 2587 2147 2627 quantum
2167 2579 2215 2616 ad
2234 2581 2446 2617 secundum

1388 2629 1523 2675 differt,
1544 2629 1633 2678 quia
1652 2629 1690 2666 in
1710 2630 1839 2667 divina
1857 2631 2017 2668 trinitate
2037 2644 2116 2668 non
2135 2633 2260 2669 solum
2290 2641 2345 2669 est
2363 2634 2446 2670 uni-

1386 2689 1442 2718 tas
1471 2682 1629 2729 ordinis,
1655 2683 1723 2719 sed
1751 2695 1840 2720 cum
1868 2684 1943 2720 hoc
1972 2691 2026 2721 est
2055 2684 2167 2721 etiam
2194 2692 2202 2705 ¹
2231 2685 2354 2722 unitas
2390 2699 2445 2723 es-

1387 2735 1540 2771 sentiae.
2408 2766 2410 2768 ,

1439 2790 1497 2823 AD
1534 2799 1692 2824 TERTIUM
1734 2800 1917 2825 DtCENDUM
1955 2789 2059 2837 quod
2095 2790 2239 2827 trinitas
2273 2791 2444 2828 absolute

1387 2840 1539 2878 dicitur:
1560 2840 1744 2888 significat
1763 2841 1866 2877 enim
1885 2854 2089 2878 numerum
2104 2849 2116 2863 '‘
2135 2843 2342 2880 ternarium
2360 2856 2444 2892 per-

1387 2905 1577 2930 sonarum.
1609 2893 1685 2930 Sed
1705 2893 1895 2941 triplicitas
1923 2894 2106 2942 significat
2125 2896 2414 2944 proportionem
2432 2895 2445 2918 λ

1386 2945 1677 2994 inaequalitatis:
1709 2953 1764 2982 est
1791 2947 1894 2983 enirn
1931 2948 2075 2996 species
2107 2949 2362 2997 proportionis
2390 2949 2444 2986 in-

1387 2999 1564 3046 aequaliS,
1587 2998 1682 3035 sicut
1699 3006 1802 3047 patet
1819 3011 1887 3047 per
1905 3000 2082 3037 Boetium
2098 3001 2136 3038 in
2154 3002 2397 3038 Arithmetica
2411 3002 2442 3040 ²⁸.

1386 3053 1435 3088 Et
1462 3051 1550 3087 ideo
1578 3063 1656 3087 non
1686 3059 1741 3088 est
1768 3051 1807 3088 in
1834 3053 1918 3089 Deo
1947 3053 2150 3101 triplicitas,
2176 3054 2243 3090 sed
2262 3054 2416 3091 trinitas.

1439 3106 1497 3140 AD
1527 3115 1698 3146 QUARTUM
1726 3116 1908 3142 DICENDUM
1937 3106 2042 3154 quod
2060 3106 2099 3142 in
2126 3106 2285 3143 trinitate
2315 3107 2443 3144 divina

1387 3157 1599 3204 intelligitur
1628 3164 1663 3193 et
1696 3169 1895 3205 numerus,
1930 3166 1966 3195 et
1992 3171 2177 3207 personae
2211 3167 2441 3197 numeratae.

1389 3211 1488 3247 Cum
1518 3221 1605 3257 ergo
1635 3209 1796 3247 dicimus
1824 3211 2022 3248 trinitatem
2046 3212 2082 3248 in
2109 3211 2256 3258 unitate,
2278 3225 2356 3250 non
2374 3225 2442 3262 po-

1387 3263 1511 3300 nimus
1531 3274 1735 3299 numerum
1753 3263 1792 3299 in
1811 3263 1952 3300 unitate
1972 3264 2167 3312 essentiae,
2189 3265 2296 3313 quasi
2324 3265 2370 3302 sit
2387 3273 2444 3303 ter

1438 3394 1464 3425 η)
1485 3394 1579 3426 magis.
1597 3407 1616 3411 -
1634 3394 1696 3418 Om.
1714 3394 1789 3418 ACE.

1438 3427 1462 3461 θ)
1481 3429 1527 3453 sed
1546 3429 1664 3461 magis...
1678 3430 1833 3454 relatarum.
1852 3443 1871 3447 —
1890 3430 1951 3454 Om.
1970 3430 2118 3460 BCDEFG;
2137 3430 2184 3454 sed
2202 3430 2288 3463 magis
2305 3438 2443 3456 numerum

1381 3471 1558 3496 personarum
1578 3471 1631 3488 om.
1650 3464 1690 3488 ed.
1703 3471 1729 3488 a.

1440 3499 1457 3531 ι)
1477 3506 1535 3523 cum
1555 3499 1603 3523 hoc
1621 3502 1661 3523 est
1678 3499 1795 3524 etiams-
1807 3503 1847 3524 est
1862 3507 1921 3524 cum
1936 3500 1984 3525 hoc
1997 3499 2077 3524 etiam
2092 3500 2133 3525 ed.
2145 3506 2162 3524 a
2167 3507 2176 3529 ‚·
2194 3503 2233 3525 est
2250 3508 2304 3525 orn.
2316 3501 2444 3532 ABCDE;

1386 3535 1465 3559 etiam
1484 3541 1536 3557 om.
1556 3534 1609 3558 FG.

1439 3570 1463 3601 κ)
1484 3576 1630 3593 numerum.
1648 3582 1667 3587 -
1685 3576 1778 3594 nomen
1797 3569 1826 3600 F,
1845 3577 1898 3594 om.
1917 3569 2071 3594 ABCDEab.

1439 3603 1466 3636 λ)
1482 3604 1693 3636 proportionem.
1711 3619 1731 3623 -
1747 3605 1960 3636 compositionem
1975 3606 2006 3635 A,
2021 3605 2245 3637 comparationem
2259 3606 2335 3631 ceteri
2350 3612 2375 3631 et
2393 3614 2410 3631 a
2420 3607 2444 3631 b.

2565 2856 2580 2872 κ

2566 2899 2582 2924 λ

2468 3012 2479 3023 “
2494 3011 2545 3033 Lib.
2558 3011 2580 3038 Ι,
2596 3017 2650 3039 cap.

2470 3044 2535 3059 xxm.
