2768 4178
73 1231 137 1263 (Cf.
147 1237 170 1253 n.
180 1237 212 1259 1¹,
223 1230 286 1259 prin-

74 1264 120 1286 cip.

74 1982 83 1993 ·
97 1981 168 2005 Num.
182 1988 214 2009 ix,
228 1988 253 2005 x.

77 2980 86 2990 ο

76 3279 88 3300 ‘3

101 2979 172 3001 Num.
187 2986 220 3002 xi.

98 3247 145 3275 Qu.
155 3253 228 3275 mn,
239 3252 284 3270 art.

308 271 382 308 368

310 351 452 394 procedit
475 351 513 381 ab
533 351 611 381 alio:
636 350 669 380 in
693 350 833 380 secundo
852 359 938 386 vero,
963 349 1051 390 quod
1070 358 1118 378 res
1135 347 1306 388 significata
1328 348 1374 378 in-

311 396 460 436 telligitur
476 402 506 426 et
520 394 712 435 significatur
735 400 771 424 ut
794 394 978 434 procedens,
999 402 1054 423 seu
1075 402 1130 432 per
1153 392 1289 422 modum
1304 403 1377 432 pro-

313 440 449 472 cedentis
465 440 503 470 ab
521 439 593 469 alio.
619 438 701 468 Inter
724 438 800 468 haec
824 445 931 468 autem
955 438 1020 467 duo
1039 437 1142 466 maior
1161 443 1207 466 est
1230 436 1376 467 distantia

312 495 410 525 quam
433 484 512 514 inter
536 482 659 513 caelum
683 488 714 512 et
736 489 867 512 terram:
893 481 1046 522 quoniam
1070 487 1156 511 tanta
1180 487 1235 516 est,
1256 487 1375 521 quanta

312 535 358 559 est
381 528 460 558 inter
483 537 550 557 esse
574 533 604 557 et
627 525 803 566 significari.
834 526 869 556 In
892 525 997 565 primo
1021 525 1107 554 enirn
1130 534 1178 554 res
1203 523 1375 563 significata

313 579 358 603 est
381 573 419 602 ab
444 571 525 601 alio:
550 571 582 600 in
606 570 746 600 secundo
769 580 855 606 vero,
881 568 1072 609 significatur
1096 575 1131 599 ut
1155 569 1193 598 ab
1218 568 1292 599 alio.

369 617 407 646 X.
426 615 484 645 His
500 621 607 645 autem
624 614 786 650 stantibus,
807 614 1015 654 respondetur
1033 613 1122 653 quod
1141 612 1376 653 propositiones

311 661 344 690 in
368 660 468 690 littera
492 666 672 698 assumptae
688 668 754 688 non
778 665 852 688 sunt
876 657 1127 696 distinguendae:
1153 656 1308 697 quoniam
1324 667 1375 687 ex-

311 714 416 744 presse
440 702 616 743 significant
640 696 875 742 processionem
900 701 1008 732 cadere
1029 710 1124 741 supra
1139 710 1206 730 rem
1223 700 1375 739 significa-

311 756 387 779 tam.
405 748 471 778 Stat
486 757 560 786 ergo
573 746 652 777 ratio
668 747 702 776 in
717 746 788 776 hoc.
813 746 907 777 Verbi
923 755 1042 775 nomen
1058 744 1186 784 proprie
1210 751 1376 784 sumptum

312 792 345 822 in
363 791 535 827 intellectu,
556 790 708 830 significat
732 797 923 830 conceptum
939 789 1163 829 procedentem
1183 789 1221 818 ab
1238 788 1312 824 alio,
1332 788 1375 819 ita

313 836 402 877 quod
426 835 586 876 processio
611 834 797 865 determinat
820 834 852 875 ly
876 838 1059 873 conceptum
1089 833 1266 863 secundum
1289 842 1374 862 rem:

313 879 467 921 quoniam
490 879 579 910 aliter
601 878 761 919 processio
778 888 844 909 non
862 885 917 909 est.
941 878 982 908 Et
1005 876 1132 917 proprie
1149 876 1262 906 dicitur
1276 876 1310 906 in
1327 876 1374 906 di-

312 924 403 954 vinis.
420 924 505 963 Ergo
522 923 659 954 salvatur
674 922 716 953 ibi
733 923 841 963 quoad
857 929 1043 962 utrumque:
1065 921 1152 952 aliter
1167 930 1233 951 non
1249 920 1375 960 proprie

314 968 476 999 diceretur.
501 968 586 1006 Ergo
610 974 656 997 est
679 977 799 997 nomen
822 965 1003 1006 personale:
1029 965 1104 1006 quia
1119 965 1162 995 ibi
1178 964 1256 995 nihil
1273 971 1319 995 est
1337 965 1376 995 ab

313 1012 376 1042 alio
393 1012 453 1042 nisi
468 1021 619 1051 persona,
643 1010 789 1051 quamvis
803 1010 904 1041 multa
920 1009 1134 1049 intelligantur
1150 1015 1186 1039 ut
1201 1009 1239 1039 ab
1257 1008 1330 1039 alio.

371 1056 413 1086 Et
434 1065 488 1095 per
503 1055 565 1085 hoc
585 1061 670 1095 patet
699 1054 865 1095 responsio
885 1054 923 1084 ad
950 1053 1124 1084 instantias.
1145 1054 1267 1084 Amare
1289 1053 1374 1084 enim

313 1110 379 1130 non
403 1098 556 1139 significat
579 1098 699 1139 aliquid
722 1098 896 1139 procedens
915 1098 953 1128 ab
974 1097 1050 1129 alio:
1075 1097 1130 1127 sed
1149 1097 1303 1137 significat
1321 1097 1377 1127 ali-

314 1144 392 1184 quid
409 1153 473 1183 per
494 1143 622 1173 modum
640 1143 846 1183 procedentis
868 1142 909 1172 ab
932 1143 1006 1173 alio.
1032 1142 1073 1172 Et
1096 1142 1208 1172 eadem
1231 1142 1310 1172 ratio
1331 1148 1377 1173 est

313 1188 352 1218 de
376 1187 484 1218 ceteris
507 1187 704 1217 huiusmodi.

370 1232 423 1262 XI.
449 1231 566 1268 Quoad
589 1234 764 1262 Auctorem
779 1230 796 1250 *
815 1240 901 1266 vero,
927 1230 1039 1261 dicitur
1062 1230 1165 1270 quod,
1190 1236 1226 1260 ut
1248 1237 1378 1270 apparet

313 1276 476 1315 diligenter
498 1275 633 1306 intuenti
657 1275 724 1305 eius
747 1275 854 1311 libros,
880 1274 1034 1315 paulatim
1056 1274 1089 1304 in
1105 1274 1164 1304 hac
1181 1273 1377 1305 dubitatione

313 1320 353 1350 ad
368 1320 504 1350 veritatis
523 1319 751 1359 perfectionem
774 1318 924 1359 pervenit.
949 1319 1033 1349 Nam
1052 1318 1084 1348 in
1101 1318 1112 1348 1
1132 1318 1232 1356 Sent.,
1251 1325 1377 1349 secutus

313 1370 360 1395 est
378 1363 508 1394 illorum
531 1363 727 1403 opinionem,
753 1363 818 1404 qui,
842 1363 929 1393 verbi
953 1372 1073 1393 nomen
1089 1362 1170 1393 sicut
1185 1363 1302 1393 amoris
1319 1372 1377 1393 no-

313 1418 388 1438 men
412 1408 654 1444 considerantes,
679 1408 873 1448 quandoque
897 1407 1070 1443 essentiale,
1091 1407 1285 1447 quandoque
1308 1416 1377 1446 per-

314 1452 422 1482 sonale
445 1452 601 1483 dixerunt.
623 1452 845 1488 Postmodum,
865 1451 898 1482 in
915 1451 977 1492 Qq.
994 1451 1034 1482 de
1055 1451 1138 1488 Ver„
1163 1451 1331 1481 declinavit
1345 1450 1377 1481 in

314 1496 444 1526 alteram
467 1503 599 1536 partem,
624 1496 741 1527 scilicet
763 1496 852 1536 quod
869 1495 981 1526 dicitur
1004 1495 1223 1535 personaliter:
1248 1506 1314 1526 non
1334 1502 1378 1526 ta·

314 1549 388 1570 men
405 1541 523 1581 absque
539 1540 710 1571 formidine
727 1540 864 1576 alterius,
880 1546 916 1570 ut
931 1546 1017 1580 patet
1032 1549 1070 1570 ex
1085 1549 1124 1570 eo
1140 1540 1229 1580 quod
1244 1549 1377 1579 respon-

315 1584 367 1614 det
389 1584 564 1615 rationibus
584 1585 624 1615 ad
643 1591 811 1625 utramque
830 1590 963 1624 partem,
981 1583 1076 1614 altera
1096 1590 1131 1614 ut
1149 1583 1378 1614 rationabiliori

314 1628 468 1668 amplexa.
492 1629 674 1665 Postremo,
698 1628 761 1659 hoc
783 1628 817 1658 in
839 1628 928 1664 loco,
953 1628 1082 1658 alteram
1105 1634 1237 1667 partem,
1262 1627 1379 1659 scilicet

314 1673 404 1713 quod
416 1673 621 1713 personaliter
633 1672 755 1709 dicitur,
767 1672 908 1709 asseruit,
920 1682 995 1703 cum
1007 1681 1152 1712 expressa
1167 1672 1379 1703 destructione

314 1717 458 1753 alterius,
491 1717 723 1757 scilicet'quod
746 1717 837 1747 nullo
861 1717 961 1746 modo
990 1716 1203 1746 essentialiter.
1234 1717 1276 1747 Et
1297 1717 1378 1752 hoc,

314 1761 389 1801 quia
404 1761 482 1792 vidit
496 1761 605 1792 omnia
627 1761 680 1792 illa
703 1771 786 1801 quae
809 1760 944 1791 dubium
963 1759 1100 1791 fecerant
1118 1760 1301 1800 aliquando,
1322 1760 1380 1791 hac

314 1815 378 1835 una
401 1805 523 1836 ratione
547 1815 680 1842 cessare,
705 1805 822 1836 scilicet
851 1805 940 1846 quod
968 1804 1054 1835 verbi
1084 1814 1204 1835 nomen
1227 1804 1380 1844 significat

314 1849 433 1890 aliquid
451 1851 625 1890 procedens
641 1850 679 1880 ab
696 1849 758 1880 alio
769 1858 777 1886 ;
801 1859 857 1889 per
875 1849 938 1879 hoc
961 1858 1125 1879 secernens
1147 1848 1254 1888 ipsum
1273 1849 1312 1879 ab
1332 1848 1380 1878 his

314 1903 397 1935 quae
413 1893 589 1934 significant
612 1903 667 1934 per
683 1894 820 1924 modum
847 1892 1056 1933 procedentis.
1081 1892 1202 1923 Contra
1217 1892 1279 1923 hoc
1295 1892 1380 1923 enim

314 1938 401 1969 nulla
423 1938 571 1969 instantia
595 1938 716 1974 militat,
733 1938 765 1967 in
781 1937 843 1967 hoc
863 1937 949 1967 nulla
973 1936 1131 1967 distinctio
1147 1937 1242 1967 habet
1258 1936 1379 1973 locum,

315 1989 350 2014 ut
365 1988 451 2023 patet
465 1992 502 2013 ex
518 1982 607 2013 dictis
617 1982 644 2013 *.
661 1983 772 2023 Neque
786 1981 958 2021 assumpsit
972 1981 1034 2011 hoc
1046 1981 1165 2021 absque
1180 1981 1378 2021 probatione,

973 268 1239 316 QUAESTIO
1269 269 1443 315 xxxiv,
1474 268 1771 306 ARTICULUS
1802 270 1833 306 11

1430 349 1484 379 sed
1507 348 1653 390 probavit
1675 348 1737 379 hoc
1757 359 1794 379 ex
1808 348 1877 388 ipsa
1899 348 2021 379 ratione
2045 348 2089 378 rei
2112 347 2320 388 significatae:
2345 348 2429 389 Ipse,
2449 349 2498 379 in-

1430 392 1508 433 quit,
1534 398 1703 433 conceptus
1727 393 1831 423 cordis
1854 393 1894 423 de
1917 394 2041 423 ratione
2063 402 2123 423 sua
2147 393 2241 423 habet
2262 393 2348 433 quod
2370 393 2410 423 ab
2433 394 2498 424 alio

1423 437 1590 477 procedat.
1624 437 1699 467 Non
1731 447 1805 477 ergo
1837 444 1883 467 est
1914 437 2034 477 aliquid
2065 437 2250 467 essentiale:
2283 437 2438 477 quoniam
2465 437 2498 467 in

1430 481 1548 511 nullius
1573 481 1744 511 essentialis
1769 481 1890 511 ratione
1914 481 2070 511 clauditur
2093 480 2158 511 sive
2181 480 2357 517 intrinsece,
2378 480 2442 511 sive
2462 488 2498 511 ut

1430 525 1604 555 necessario
1629 525 1858 561 concomitans,
1884 525 1973 565 quod
1997 525 2147 565 procedat
2170 525 2208 555 ab
2233 524 2306 555 alio.
2323 542 2344 547 -—
2359 525 2426 555 Nec
2446 525 2498 555 de-

1430 576 1519 609 rogat
1541 569 1604 599 hoc
1628 569 1769 609 dignitati
1793 569 1955 600 Doctoris:
1980 569 2135 609 quoniam
2159 569 2300 599 naturale
2317 575 2363 599 est
2377 568 2497 599 intelle-

1431 613 1494 643 ctui
1519 613 1663 644 humano
1685 613 1792 653 perfici
1807 613 1840 643 in
1857 623 2007 653 processu
2028 613 2190 653 temporis.
2216 612 2407 643 Retractavit
2422 622 2496 652 ergo

1431 657 1595 694 antedicta,
1621 667 1686 687 non
1709 658 1993 688 commemorando
2010 657 2151 697 seipsum
2168 657 2257 687 aliter
2275 656 2418 693 sensisse,
2443 657 2498 687 sed

1430 701 1613 741 repellendo
1636 701 1824 741 opinionem
1843 711 1941 742 quam
1961 701 2161 732 sustinuerat.

1487 745 1555 775 XII.
1580 746 1614 775 In
1639 745 1846 785 responsione
1875 746 1915 776 ad
1938 746 2096 786 primum,
2127 746 2252 776 adverte
2275 746 2365 785 quod
2389 744 2498 775 condi-

1430 788 1556 819 tionalis
1579 789 1649 825 illa,
1673 790 1702 820 si
1723 791 1859 829 ponitur
1882 790 2011 820 verbum
2035 790 2099 820 Dei
2122 790 2336 830 metaphorice
2357 789 2498 826 dictum,

1430 838 1554 873 oportet
1570 834 1652 873 poni
1675 833 1806 863 verbum
1829 834 1893 864 Dei
1909 835 2046 874 proprie
2068 834 2199 871 dictum,
2217 844 2284 864 non
2300 840 2385 864 tenet
2400 833 2499 873 gratia

1431 876 1562 912 formae,
1588 877 1642 907 sed
1658 877 1756 916 gratia
1770 877 1928 907 materiae.
1954 877 2127 915 Quoniam,
2148 884 2184 908 ut
2202 878 2236 908 in
2251 878 2354 908 littera
2375 877 2497 913 dicitur,

1431 920 1457 950 si
1480 921 1612 960 ponitur
1634 921 1767 951 verbum
1790 921 1850 952 Dei
1873 921 2105 962 metaphorice,
2135 922 2266 962 ponitur
2289 929 2344 953 aut
2366 920 2498 952 manife-

1431 971 1549 996 statum
1572 965 1669 995 verbo
1693 965 1762 1000 Dei,
1787 972 1842 995 aut
1861 965 2065 996 manifestans
2088 966 2222 996 verbum
2244 966 2320 996 Dei:
2345 966 2394 996 his
2413 965 2499 996 enim

1432 1009 1559 1039 duobus
1582 1008 1687 1039 modis
1711 1008 1826 1039 dicitur
1840 1009 2064 1050 metaphorice.
2090 1009 2267 1050 Utrobique
2291 1016 2398 1040 autem
2415 1009 2500 1040 clau-

1431 1053 1516 1084 ditur
1531 1053 1665 1083 verbum
1680 1053 1807 1093 proprie
1824 1053 1958 1084 dictum:
1979 1060 2010 1084 et
2026 1060 2257 1094 consequenter
2279 1053 2497 1094 personaliter,

1432 1104 1468 1128 ut
1484 1097 1658 1127 deductum
1681 1104 1728 1127 est
1749 1097 1783 1127 in
1805 1097 1917 1128 littera.
1941 1097 2030 1128 Nihil
2054 1097 2140 1127 enim
2156 1103 2202 1128 est
2220 1097 2253 1128 in
2269 1098 2391 1128 ratione
2412 1097 2500 1128 verbi

1432 1142 1520 1183 quod
1537 1141 1810 1182 imperfectionem
1826 1142 1987 1182 importet,
1999 1141 2054 1172 sed
2070 1147 2195 1172 tantum
2211 1149 2279 1172 esse
2295 1142 2333 1172 ab
2350 1141 2424 1178 alio,
2441 1148 2499 1172 etc.

1490 1186 1571 1216 XIII.
1597 1186 1632 1215 In
1657 1185 1863 1225 responsione
1879 1186 1919 1215 ad
1939 1186 2126 1222 secundum,
2151 1186 2277 1216 adverte
2300 1185 2400 1226 quod,
2425 1195 2500 1216 cum

1432 1230 1546 1261 dicitur
1567 1229 1600 1260 in
1623 1229 1726 1260 littera
1753 1230 1842 1270 quod
1865 1229 2038 1270 intelligere
2065 1230 2108 1260 ita
2132 1239 2165 1260 se
2187 1229 2282 1261 habet
2311 1230 2352 1260 ad
2379 1228 2500 1260 intelle-

1433 1281 1521 1305 ctum
1543 1273 1577 1304 in
1600 1280 1682 1310 actu,
1707 1273 1788 1304 sicut
1812 1284 1878 1304 esse
1901 1274 1942 1304 ad
1965 1284 2021 1304 ens
2044 1274 2077 1304 in
2101 1281 2187 1310 actu,
2217 1280 2264 1304 est
2288 1273 2410 1304 locutio
2433 1283 2502 1303 non

1433 1318 1694 1354 similitudinarie,
1720 1318 1776 1348 sed
1798 1318 1906 1358 potius
1931 1318 2121 1358 expressiva:
2149 1328 2184 1348 ac
2208 1318 2234 1348 si
2257 1317 2386 1354 diceret,
2412 1317 2501 1358 quod

1433 1363 1513 1393 sicut
1536 1372 1603 1393 esse
1634 1362 1667 1392 in
1691 1362 1856 1393 communi
1885 1363 1925 1392 ad
1953 1372 2009 1393 ens
2032 1363 2065 1393 in
2089 1368 2161 1393 actu
2192 1362 2226 1393 in
2249 1362 2434 1398 communi,
2458 1361 2503 1392 ita

1433 1407 1494 1438 tale
1518 1416 1594 1443 esse,
1615 1406 1696 1437 idest
1718 1406 1900 1446 intelligere,
1925 1407 1965 1437 ad
1989 1407 2050 1437 tale
2074 1416 2129 1437 ens
2152 1406 2186 1436 in
2209 1413 2291 1443 actu,
2309 1406 2390 1437 idest
2410 1405 2502 1436 intel-

1432 1452 1551 1482 lectum
1574 1450 1607 1480 in
1630 1458 1713 1481 actu.
1737 1451 1938 1482 Declaratum
1963 1458 2009 1482 est
2032 1451 2119 1482 enim
2142 1451 2288 1491 superius
2303 1450 2322 1470 '⁸‘
2343 1450 2433 1491 quod
2449 1459 2502 1480 co-

1433 1504 1583 1536 gnoscere
1607 1494 1727 1536 aliquid
1750 1502 1796 1526 est
1813 1505 1880 1525 esse
1903 1495 2001 1532 illud;
2022 1502 2053 1526 et
2068 1495 2158 1535 quod
2179 1495 2213 1526 in
2237 1493 2502 1535 cognoscentibus

1433 1539 1466 1570 in
1489 1539 1650 1580 potentia,
1682 1539 1935 1579 cognoscitivum
1963 1546 2010 1570 est
2032 1539 2138 1580 primo
2168 1539 2202 1569 in
2230 1539 2373 1579 potentia
2395 1538 2504 1579 ipsum

1434 1583 1609 1623 cognitum,
1632 1583 1746 1614 deinde
1769 1583 1876 1614 medio
1901 1583 2000 1614 modo
2024 1583 2105 1614 inter
2128 1583 2305 1623 potentiam
2332 1590 2363 1614 et
2381 1589 2498 1619 actum,

1434 1634 1465 1659 et
1481 1628 1614 1658 demum
1637 1634 1683 1658 est
1705 1627 1829 1668 ipsum;
1855 1634 1885 1658 et
1908 1634 1984 1658 tunc
2008 1634 2133 1658 tantum
2157 1627 2271 1658 dicitur
2285 1634 2357 1658 actu
2382 1637 2503 1667 cogno-

1434 1681 1534 1703 scens.
1550 1672 1617 1702 Nec
1633 1672 1738 1702 obstat
1761 1671 1850 1712 quod
1873 1671 2046 1711 intelligere
2069 1672 2192 1703 dicatur
2214 1671 2314 1702 actio:
2337 1678 2409 1702 tum
2427 1671 2503 1712 quia

1434 1723 1481 1746 est
1502 1716 1696 1752 immanens,
1723 1722 1757 1746 ut
1779 1716 1812 1746 in
1835 1715 1938 1746 littera
1960 1716 2092 1752 dicitur;
2116 1723 2187 1747 tum
2210 1715 2300 1756 quia,
2324 1715 2503 1746 secundum

1432 1760 1607 1796 veritatem,
1624 1759 1724 1799 magis
1739 1760 1834 1790 habet
1850 1760 1888 1790 de
1903 1760 2086 1800 signficari
2101 1770 2199 1801 quam
2215 1769 2284 1791 esse
2299 1759 2442 1790 actionis.

1494 1804 1577 1835 XIV.
1597 1804 1632 1834 In
1648 1804 1857 1844 responsione
1873 1804 1913 1834 ad
1929 1804 2067 1840 tertium,
2085 1804 2223 1834 dubium
2239 1810 2286 1835 est
2303 1813 2343 1834 an
2358 1803 2502 1835 Verbum

1435 1847 1580 1878 divinum
1602 1848 1753 1888 procedat
1769 1858 1806 1878 ex
1821 1847 1972 1878 omnibus
1996 1858 2077 1889 quae
2097 1855 2171 1879 sunt
2188 1848 2223 1878 in
2246 1847 2376 1879 scientia
2394 1847 2502 1884 Patris,

1435 1891 1552 1923 scilicet
1573 1892 1674 1928 Patre,
1690 1891 1772 1922 Filio
1792 1899 1823 1923 et
1842 1892 1960 1933 Spiritu
1977 1892 2104 1928 Sancto,
2122 1899 2152 1923 et
2168 1891 2319 1923 omnibus
2343 1891 2501 1923 creaturis.

1433 1936 1496 1967 Sed
1520 1935 1676 1976 quoniam
1691 1936 1754 1967 hoc
1775 1936 1808 1966 in
1833 1936 1966 1967 articulo
1986 1936 2079 1967 tertio
2106 1936 2201 1967 huius
2225 1935 2421 1977 quaestionis
2445 1942 2504 1967 tra·

1433 1987 1534 2011 ctatur
1559 1980 1659 2020 magis
1684 1990 1721 2010 ex
1740 1980 1920 2021 proposito,
1940 1980 2060 2011 ibidem
2074 1980 2092 2000 *
2112 1980 2288 2012 definietur.

1084 2142 1402 2184 ARTICULUS
1432 2141 1733 2184 SECUNDUS

906 2235 1062 2266 UTRUM
1085 2234 1264 2266 VERBUM
1287 2234 1355 2265 Sir
1377 2234 1598 2265 PROPRIUM
1621 2234 1777 2265 NOMEN
1803 2234 1899 2265 F1L11

635 2316 644 2340 I
664 2315 746 2344 Sent„
767 2314 825 2339 dist.
844 2321 920 2343 xxvn.
940 2321 983 2347 qu.
1002 2321 1029 2343 11,
1049 2318 1097 2339 art.
1117 2321 1168 2374 2301
1160 2315 1218 2373 qq}
1229 2320 1245 2373 ἶ
1251 2319 1258 2343 3
1279 2313 1321 2337 De
1341 2312 1429 2372 Veritl„
1449 2320 1494 2345 qu.
1513 2320 1547 2343 ιν,
1567 2317 1613 2337 art.
1629 2312 1642 2337 3
1649 2320 1656 2344 ;
1679 2313 1780 2338 Contra
1799 2320 1906 2338 errores
1927 2314 2032 2344 Graec„
2052 2322 2108 2347 cap.
2127 2322 2177 2347 1113

1215 2356 1229 2374 e
1247 2357 1278 2378 r.,
1299 2355 1355 2380 cap.
1373 2355 1390 2378 1,
1420 2353 1468 2373 eet.
1486 2355 1514 2373 11.

505 2462 507 2464 -
525 2452 548 2477 D
564 2451 754 2477 SECUNDUM
769 2451 821 2477 SIC
842 2450 1080 2477 moer-:orrum
1101 2437 1260 2476 Videtur
1274 2438 1379 2487 quod

449 2524 493 2554 χ’,
524 2494 698 2531 Verbum
717 2505 796 2530 non
825 2493 870 2530 sit
897 2492 1098 2541 proprium
1118 2504 1262 2528 nomen
1282 2491 1374 2528 Filii.

328 2536 641 2604 35,xr;²‹.'1³11111s
674 2546 776 2583 enim
811 2554 867 2583 est
902 2557 1069 2594 persona
1107 2544 1314 2582 subsistens
1341 2544 1379 2581 in

368 2576 465 2631 ἐξ)
480 2591 513 2635 K
526 2599 672 2637 divinis.
704 2599 780 2636 Sed
800 2599 964 2636 verbum
984 2611 1063 2636 non
1092 2598 1276 2646 significat
1295 2610 1378 2634 rem

314 2653 591 2700 subsistentem,
607 2660 649 2690 ut
667 2652 706 2689 in
725 2652 835 2690 nobis
854 2659 968 2701 patet.
990 2653 1092 2700 Ergo
1107 2652 1281 2688 Verbum
1300 2662 1379 2688 non

313 2714 438 2756 potest
466 2718 548 2743 esse
575 2706 773 2758 proprium
804 2718 947 2742 nomen
974 2717 1162 2755 personae
1192 2703 1284 2741 Filii.

369 2772 404 2798 2.
425 2760 656 2806 ΡΜΕΤΕΒΕΑ,
676 2759 841 2796 verbum
867 2759 1075 2808 prolatione
1094 2757 1263 2807 quadam
1291 2769 1379 2806 pro-

315 2813 413 2850 cedit
441 2825 463 2850 a
491 2812 647 2850 dicente.
689 2812 728 2849 Si
757 2825 846 2860 ergo
875 2812 991 2849 Filius
1020 2819 1077 2848 est
1103 2811 1256 2860 proprie
1285 2811 1378 2848 Ver-

314 2866 419 2913 bum,
449 2878 527 2903 non
552 2865 723 2914 procedit
741 2877 763 2902 a
783 2866 893 2902 Patre
922 2864 991 2902 nisi
1019 2877 1089 2914 per
1108 2864 1271 2901 modurn
1290 2876 1379 2913 pro-

312 2919 471 2956 lationis.
502 2919 619 2966 Quod
640 2925 695 2955 est
713 2918 879 2955 haeresis
898 2917 1100 2966 Valentini,
1120 2925 1161 2954 ut
1179 2925 1282 2967 patet
1309 2929 1378 2967 per

313 2972 587 3020 Augustinum,
616 2972 655 3009 in
682 2971 777 3008 libro
807 2972 852 3008 de
878 2972 1112 3008 Haeresibus
1130 2970 1161 3008 *.
1183 3002 1187 3004 .

369 3026 403 3062 3.
429 3026 661 3071 PRAETEREA,
683 3037 798 3062 omne
827 3037 970 3061 nomen
996 3024 1193 3073 proprium
1223 3023 1377 3060 alicuius

312 3090 498 3127 personae
526 3078 710 3126 significat
728 3078 999 3127 proprietatem
1019 3077 1186 3127 aliquam
1215 3076 1306 3114 eius.
1337 3076 1377 3114 Si

314 3132 421 3180 igitur
439 3132 611 3168 Verbum
641 3131 687 3168 sit
712 3131 911 3180 proprium
940 3143 1084 3168 nornen
1114 3130 1209 3177 Filii,
1239 3129 1376 3178 signifi-

314 3185 412 3222 cabit
448 3184 613 3233 aliquam
651 3184 920 3234 proprietatem
960 3184 1052 3221 eius.
1092 3184 1141 3220 Et
1178 3183 1231 3220 sic
1267 3190 1377 3220 erunt

312 3238 438 3286 plures
467 3237 714 3287 proprietates
738 3237 777 3274 in
798 3237 934 3275 divinis
968 3249 1084 3286 quarn
1105 3249 1219 3286 supra
1237 3235 1258 3258 '¹‘
1287 3248 1377 3273 enu-

314 3298 479 3328 meratae
509 3298 606 3328 sunt.

365 3356 402 3391 4.
422 3345 655 3391 PRAETEREA,
676 3343 908 3392 quicumque
936 3342 1112 3390 intelligit,
1133 3341 1374 3390 intelligendo

315 3396 477 3445 concipit
503 3398 679 3434 verbum.
711 3397 787 3434 Sed
817 3396 930 3433 Filius
960 3395 1136 3444 intelligit.
1168 3396 1269 3443 Ergo
1294 3394 1376 3432 Filii

314 3457 368 3486 est
388 3450 541 3497 aliquod
559 3450 735 3487 verbum.
766 3450 814 3486 Et
833 3449 885 3486 sic
904 3461 982 3486 non
1003 3457 1057 3486 est
1075 3448 1274 3498 proprium
1294 3447 1376 3484 Filii

314 3515 395 3540 esse
423 3503 607 3540 Verbum.

446 2468 468 2489 1]

452 2493 457 2501 ›

455 2505 463 2512 n

366 3615 393 3648 α)
412 3615 477 3641 eius.
494 3628 512 3634 —
531 3615 591 3640 Om.
604 3616 715 3641 codices.

1492 2439 1524 2475 5.
1555 2438 1788 2484 ΡΒΑΕΤΕΗΕΑ,
1817 2437 2006 2475 Hebr.1*
2034 2438 2169 2476 dicitur
2197 2438 2244 2476 de
2273 2438 2387 2487 Filio,
2410 2451 2504 2489 por·
2531 2455 2542 2464 ·

1434 2496 1517 2527 tans
1545 2491 1673 2528 omnia
1700 2491 1816 2528 verbo
1845 2492 1991 2529 virtutis
2017 2504 2131 2529 suae:
2161 2503 2206 2528 ex
2235 2504 2312 2541 quo
2341 2493 2502 2532 Basilius

1434 2543 1569 2593 accipit
1586 2543 1606 2565 '¹‘
1634 2544 1740 2592 quod
1770 2544 1930 2593 Spiritus
1959 2545 2120 2582 Sanctus
2149 2544 2196 2582 sit
2214 2546 2379 2582 verbum
2409 2546 2502 2585 Filii.

1434 2597 1526 2634 Non
1555 2605 1611 2634 est
1639 2609 1728 2645 ergo
1757 2597 1957 2646 proprium
1987 2598 2069 2635 Filii
2098 2610 2181 2635 esse
2209 2598 2394 2636 Verbum.

1488 2650 1562 2687 Sao
1592 2662 1738 2687 CONTRA
1766 2662 1832 2688 EST
1860 2651 1964 2699 quod
1993 2651 2229 2700 Augustinus
2258 2651 2356 2700 dicit,
2385 2652 2436 2689 Vl
2457 2652 2504 2690 de

1438 2704 1474 2740 T
1469 2704 1540 2740 rin.
1561 2703 1597 2740 *ε
1634 2704 1796 2740 Verbum
1824 2704 1925 2742 solus
1952 2704 2070 2742 Filius
2098 2705 2291 2754 accipitur.

1487 2757 1712 2794 RESPONDEO
1741 2769 1925 2795 DICENDUM
1954 2757 2060 2806 quod
2079 2758 2253 2795 Verbum
2273 2757 2427 2807 proprie
2447 2757 2503 2796 di-

1433 2817 1536 2847 ctum
1565 2809 1603 2846 in
1633 2809 1769 2847 divinis
1797 2811 2044 2859 personaliter
2069 2810 2262 2860 accipitur,
2284 2819 2320 2848 et
2339 2819 2396 2848 est
2414 2823 2503 2860 pro-

1431 2862 1558 2911 prium
1574 2875 1718 2900 nornen
1733 2875 1920 2912 personae
1937 2864 2030 2901 Filii.
2053 2864 2247 2912 Significat
2262 2863 2365 2901 enim
2381 2875 2502 2914 quan-

1433 2915 1523 2953 dam
1540 2915 1821 2953 emanationem
1837 2916 2061 2954 intellectus:
2076 2929 2241 2967 persona
2257 2924 2385 2954 autem
2402 2928 2501 2966 quae

1431 2969 1603 3018 procedit
1622 2969 1661 3006 in
1681 2969 1817 3007 divinis
1846 2970 2058 3008 secundum
2087 2969 2368 3007 emanationem
2396 2969 2501 3008 intel-

1431 3023 1560 3069 lectus,
1591 3022 1726 3060 dicitur
1754 3022 1881 3070 Filius,
1912 3031 1948 3061 et
1974 3022 2195 3061 huiusmodi
2222 3023 2416 3071 processio
2446 3023 2501 3062 di-

1433 3075 1527 3112 citur
1559 3075 1770 3123 generatio,
1802 3083 1842 3113 ut
1870 3089 1984 3126 supra
2004 3076 2024 3099 *
2053 3083 2248 3114 ostensum
2283 3083 2348 3113 est.
2387 3076 2500 3116 Unde

1432 3128 1652 3177 relinquitur
1670 3129 1776 3177 quod
1796 3131 1898 3167 solus
1928 3129 2042 3167 Filius
2061 3129 2214 3179 proprie
2243 3129 2388 3166 dicatur
2405 3130 2500 3168 Ver-

1431 3182 1525 3218 bum
1554 3181 1591 3218 in
1621 3181 1770 3219 divinis.

1484 3235 1543 3271 An
1572 3246 1710 3272 ptumum
1738 3247 1836 3273 ERGO
1866 3247 2050 3273 mcENDUM
2079 3236 2185 3284 quod
2212 3235 2251 3273 in
2278 3235 2390 3273 nobis
2418 3247 2497 3275 non

1431 3295 1487 3325 est
1514 3287 1616 3325 idem
1637 3300 1719 3325 esse
1749 3296 1786 3326 et
1810 3288 2035 3336 intelligere:
2064 3289 2167 3326 unde
2196 3288 2287 3326 illud
2307 3289 2412 3338 quod
2431 3289 2498 3327 ha-

1431 3341 1494 3378 bet
1522 3340 1560 3378 in
1598 3341 1708 3378 nobis
1738 3354 1821 3378 esse
1859 3341 2108 3390 intelligibile,
2136 3354 2216 3379 non
2252 3341 2413 3391 pertinet
2449 3343 2497 3380 ad

1430 3401 1604 3431 naturam
1634 3402 1813 3432 nostram.
1845 3394 1920 3432 Sed
1950 3406 2032 3431 esse
2062 3395 2134 3432 Dei
2159 3403 2215 3432 est
2233 3395 2360 3444 ipsum
2380 3394 2460 3431 eius
2480 3400 2498 3417 '³

1430 3446 1654 3495 intelligere:
1689 3447 1791 3484 unde
1820 3447 1990 3484 Verbum
2029 3448 2102 3485 Dei
2137 3460 2216 3486 non
2253 3456 2309 3485 est
2341 3447 2497 3496 aliquod

1430 3499 1605 3537 accidens
1642 3500 1682 3537 in
1717 3500 1821 3549 ipso,
1851 3501 1912 3537 vel
1942 3500 2074 3550 aliquis
2113 3501 2270 3539 effectus
2299 3501 2400 3548 eius;
2429 3500 2497 3538 sed

2527 1459 2540 1471 ⁸
2555 1458 2604 1487 Qu.
2613 1465 2659 1486 ιπ,
2669 1462 2712 1482 nrt.
2721 1465 2738 1487 1,

2529 1485 2663 1508 Commeat.
2674 1491 2741 1508 uum.

2529 1518 2566 1539 ιτς
2581 1515 2624 1534 ιη.
2633 1518 2658 1540 4,
2673 1518 2741 1535 eom-

2529 1542 2602 1562 mem.
2616 1544 2679 1561 uum.
2689 1544 2724 1561 ιιι.

2530 1986 2543 1999 ¹⁵
2559 1985 2596 2009 cf.
2611 1985 2745 2010 commem.

2560 2453 2627 2477 Vera.
2641 2460 2664 2483 3.

2529 2554 2744 2609 fflftfflt

2530 2613 2583 2636 cap.
2597 2613 2630 2630 ιι.
