2768 4178
1006 247 1272 294 QUAESTIO
1302 247 1423 294 XLV,
1453 248 1749 285 ARTICULUS
1781 249 1794 284 I

681 490 1096 568 QUAESTIO
1136 492 1983 572 QUADRAGESIMAQUIN
1985 494 2102 550 TA

412 621 505 662 DE
547 619 752 660 MODO
797 619 1311 661 EMANATIONIS
1353 620 1605 662 RERUM
1647 623 1689 663 A
1732 623 1955 665 PRIMO
1999 625 2370 667 PRINCIPIO

1125 736 1160 761 IN
1190 736 1289 761 OCTO
1317 736 1520 762 ARTICULOS
1549 738 1665 764 DIVISA

379 852 487 877 EINDE
515 839 707 889 quaeritur
731 840 779 877 de
807 839 927 876 modo
946 836 1208 890 {emanationis
1237 851 1365 876 rerum

57 899 67 910 ⁸
87 898 124 920 Cf·
163 904 267 925 ¹³·¹L¹v›
297 849 402 932 Da
429 893 555 942 primo
583 893 782 942 principio,
812 893 878 942 qui
906 892 1040 930 dicitur
1069 892 1209 929 creatio
1229 891 1260 929 ³¹⁶.

295 947 354 983 De
385 959 459 995 qua
489 953 722 995 quaeruntur
750 953 849 983 octo.

349 999 496 1036 Primo:
527 999 617 1048 quid
646 1000 692 1036 sit
720 998 872 1036 creatio.

350 1053 547 1090 Secundo:
577 1059 706 1089 utrum
735 1053 841 1089 Deus
868 1051 988 1100 possit
1015 1050 1158 1100 aliquid
1187 1063 1327 1088 creare.

349 1106 500 1143 Tertio:
530 1113 658 1143 utrum
688 1105 828 1142 creatio
849 1105 895 1142 sit
914 1104 1070 1154 aliquod
1090 1116 1157 1141 ens
1177 1103 1216 1141 in
1235 1117 1364 1142 rerum

401 1166 547 1196 natura.

348 1212 517 1259 Quarto:
548 1211 609 1249 cui
638 1211 820 1260 competit
849 1211 978 1248 creari.

56 925 144 947 Introd.

1475 849 1640 895 Quinto:
1670 857 1798 886 utrum
1828 850 1945 887 solius
1973 851 2046 887 Dei
2075 851 2121 888 sit
2149 864 2289 890 creare.

1475 909 1612 946 Sexto:
1642 916 1771 946 utrum
1805 922 2014 947 commune
2042 910 2088 947 sit
2115 912 2183 949 toti
2212 912 2400 962 Trinitati,
2430 922 2494 952 aut

1526 969 1727 1019 proprium
1757 969 1913 1007 alicuius
1941 971 2148 1009 Personae.
2404 1002 2411 1011 .

1475 1030 1670 1079 Septimo:
1690 1037 1818 1067 utrum
1837 1029 2041 1078 vestigium
2061 1030 2219 1079 aliquod
2239 1032 2433 1070 Trinitatis
2448 1034 2494 1071 sit

1526 1090 1565 1127 in
1594 1090 1708 1127 rebus
1737 1089 1881 1127 creatis.

1474 1150 1646 1188 Octavo:
1676 1157 1806 1187 utrum
1835 1162 1932 1199 opus
1962 1150 2160 1188 creationis
2180 1151 2436 1190 admisceatur
2454 1152 2494 1191 in

1527 1210 1709 1259 operibus
1738 1217 1896 1247 naturae
1926 1216 1962 1246 et
1988 1210 2205 1248 voluntatis.

1113 1329 1431 1372 ARTICULUS
1462 1329 1669 1371 PRIMUS

841 1423 997 1455 UTRUM
1022 1423 1195 1454 CREARE
1219 1424 1286 1454 SIT
1306 1424 1367 1474 sz
1389 1423 1542 1454 NIHILO
1565 1423 1746 1461 ALIQUID
1771 1422 1942 1454 FACERE

1162 1503 1182 1527 11
1202 1503 1284 1533 Seni„
1305 1503 1363 1528 dist.
1382 1510 1404 1535 1,
1424 1511 1469 1535 qu.
1487 1510 1510 1534 ι,
1529 1507 1575 1527 art.
1597 1510 1621 1527 2.

414 1619 488 1675 13<
506 1614 528 1638 D
558 1613 695 1638 PRIMUM
724 1613 777 1638 SIC
806 1612 1046 1638 PROCEDITUR.
1075 1600 1235 1638 Videtur
1258 1600 1363 1649 quod

421 1640 482 1714 {¹32
507 1667 635 1691 creare
663 1667 743 1691 non
771 1653 818 1691 sit
847 1666 892 1691 ex
911 1653 1029 1691 nihilo
1056 1653 1197 1702 aliquid
1224 1654 1360 1690 facere.

392 1741 396 1746 .
448 1694 607 1745 “fDieit
635 1707 738 1744 enirn
767 1707 1014 1756 Augustinus,
1049 1707 1190 1744 Contra
1218 1707 1364 1744 Adver-

385 1756 394 1768 '
464 1749 649 1798 &sarium
673 1767 691 1782 α
720 1761 835 1810 Legis
862 1766 899 1797 et
927 1761 1204 1809 Prophetarum
1223 1759 1260 1796 *ε
1288 1761 1363 1797 Fa-

293 1826 378 1851 cere
405 1820 460 1851 est
484 1814 586 1863 quod
611 1814 763 1851 omnino
798 1826 872 1851 non
902 1819 1000 1860 erat,
1030 1825 1162 1850 creare
1192 1824 1282 1850 vero
1312 1819 1367 1850 est

293 1880 343 1904 ex
370 1879 413 1904 eo
442 1867 543 1916 quod
560 1868 636 1904 iam
656 1873 739 1904 erat
756 1867 944 1903 educendo
964 1866 1108 1915 aliquid
1129 1866 1360 1903 constituere.

348 1932 383 1957 2.
414 1922 655 1967 PRAETEREA,
690 1920 866 1957 nobilitas
904 1919 1062 1956 actionis
1096 1927 1132 1956 et
1160 1927 1288 1956 motus
1317 1932 1363 1956 ex

294 1974 464 2011 terminis
502 1973 774 2010 consideratur.
814 1973 994 2010 Nobilior
1027 1972 1138 2020 igitur
1175 1980 1230 2010 est
1263 1973 1360 2010 actio

294 2039 393 2076 quae
423 2039 468 2064 ex
497 2027 601 2064 bono
630 2026 669 2063 in
698 2027 845 2063 bonum
875 2033 941 2074 est,
973 2034 1008 2062 et
1038 2038 1083 2063 ex
1111 2033 1196 2062 ente
1221 2026 1261 2063 in
1282 2039 1361 2075 ens,

294 2092 411 2128 quarn
437 2093 535 2129 quae
565 2087 620 2117 est
648 2092 693 2116 ex
722 2079 836 2117 nihilo
865 2079 903 2116 in
932 2078 1099 2128 aliquid„
1116 2079 1194 2116 Sed
1223 2080 1361 2117 creatio

293 2133 444 2170 videtur
481 2146 563 2170 esse
601 2132 834 2170 nobilissima
874 2132 999 2181 actio,
1036 2139 1071 2169 et
1106 2131 1231 2182 prima
1267 2133 1364 2170 inter

295 2199 431 2223 omnes
460 2187 639 2223 actiones.
678 2187 780 2235 Ergo
811 2198 889 2222 non
918 2193 973 2222 est
1003 2198 1047 2222 ex
1075 2186 1193 2222 nihilo
1227 2186 1265 2223 in
1299 2187 1363 2224 ali-

295 2239 399 2288 quid,
430 2240 497 2276 sed
527 2239 647 2287 magis
677 2251 722 2276 ex
751 2246 836 2275 ente
865 2238 902 2276 in
933 2251 1011 2276 ens.

351 2293 386 2330 3.
406 2293 639 2339 PRAETEREA,
661 2293 756 2329 haec
781 2291 1011 2341 praepositio
1032 2303 1082 2328 ex
1099 2291 1280 2340 importat
1297 2292 1364 2329 ha-

295 2344 506 2382 bitudinem
536 2345 691 2382 alicuius
712 2357 861 2391 causae,
883 2352 919 2381 et
946 2344 1112 2381 maxime
1139 2344 1362 2392 materialis3

296 2398 390 2435 sicut
418 2410 506 2435 cum
536 2398 697 2435 dicimus
730 2398 833 2447 quod
862 2405 984 2434 statua
1011 2398 1054 2434 fit
1082 2410 1127 2434 ex
1155 2410 1254 2435 aere.
1286 2398 1363 2436 Sed

156 2454 171 2487 β
296 2452 388 2488 nihil
414 2463 493 2488 non
520 2459 646 2500 potest
674 2464 756 2488 esse
775 2449 793 2479 β
821 2450 979 2487 materia
1008 2450 1114 2497 entis,
1144 2463 1215 2487 nec
1235 2451 1362 2500 aliquo

295 2505 414 2541 modo
444 2517 558 2541 causa
587 2505 678 2541 eius.
709 2505 811 2552 Ergo
841 2516 969 2541 creare
998 2516 1077 2540 non
1106 2511 1162 2540 est
1181 2516 1226 2541 ex
1246 2504 1363 2542 nihilo

296 2557 437 2605 aliquid
464 2558 599 2594 facere.
933 2579 940 2586 ·

350 2612 424 2648 SED
444 2622 590 2648 CONTRA
613 2622 680 2647 EsT
712 2610 817 2658 quod
847 2622 962 2659 super
989 2609 1082 2647 illud
1113 2610 1205 2647 Gen.
1223 2610 1284 2647 1²⁸:
1314 2612 1361 2648 In

57 2673 269 2722 gvigiehgagistr-tl
290 2664 476 2713 principio
505 2664 647 2701 creavit
671 2665 775 2700 Deus
803 2663 949 2700 caelum
975 2671 1058 2712 etc.,
1080 2662 1168 2700 dicit
1188 2663 1325 2701 Glossa
1342 2664 1363 2686 ‘¹‘

75 2706 130 2727 ‘’n''
162 2703 228 2722 'w'
297 2717 401 2766 quod
429 2729 560 2754 creare
587 2724 642 2754 est
670 2716 812 2765 aliquid
838 2729 887 2753 ex
914 2716 1028 2765 nihilo
1044 2717 1195 2765 facere.

350 2771 578 2807 RESPONDEO
598 2781 781 2807 DICENDUM
801 2769 918 2818 quod,
936 2769 1031 2827 sicut
1050 2782 1164 2818 supra
1178 2769 1199 2792 ’¹‘
1218 2770 1361 2807 dictum

298 2831 372 2871 est,
411 2835 489 2860 non
526 2824 651 2860 solum
690 2830 840 2872 oportet
877 2822 1118 2861 considerare
1154 2823 1363 2860 emanatio-

297 2888 387 2913 nem
417 2876 572 2914 alicuius
594 2876 688 2913 entis
716 2876 947 2926 particularis
977 2877 1024 2913 ab
1045 2875 1172 2925 aliquo
1201 2876 1363 2926 particu-

297 2929 363 2966 lari
391 2937 537 2977 agente,
567 2929 634 2966 sed
669 2929 782 2966 etiam
812 2929 1095 2966 emanationem
1124 2929 1238 2967 totius
1267 2929 1362 2967 entis

297 2995 320 3019 a
349 2995 461 3019 causa
487 2982 704 3030 universali,
725 2995 824 3032 quae
854 2991 909 3020 est
936 2984 1063 3020 Deus:
1094 2990 1129 3020 et
1156 2983 1255 3020 hanc
1283 2983 1363 3032 qui-

299 3035 387 3072 dem
408 3035 688 3073 emanationem
709 3035 952 3084 designamus
974 3035 1130 3073 nomine
1150 3036 1359 3074 creationis.

299 3089 414 3136 Quod
451 3097 578 3126 autem
616 3089 787 3138 procedit
829 3089 1041 3126 secundum
1080 3089 1363 3127 emanationem

153 3149 169 3175 Υ
297 3142 578 3190 particularem,
609 3155 687 3179 non
723 3142 1043 3191 praesupponitur
1075 3142 1307 3180 emanationi
1326 3147 1363 3180 ⁷:

299 3194 409 3242 sicut,
439 3195 469 3232 si
497 3203 697 3243 generatur
724 3196 866 3242 homo,
898 3208 976 3232 non
1005 3195 1072 3233 fuit
1099 3195 1204 3244 prius
1230 3197 1362 3244 homo,

299 3248 365 3284 sed
393 3249 510 3285 homo
540 3249 582 3285 fit
611 3261 655 3285 ex
684 3261 763 3286 non
790 3248 959 3296 homine,
991 3256 1027 3286 et
1054 3249 1183 3286 album
1212 3261 1258 3286 ex
1285 3261 1365 3287 non

300 3301 397 3338 albo.
427 3301 549 3350 Unde,
571 3301 599 3338 si
620 3301 880 3339 consideretur
908 3302 1099 3339 emanatio
1127 3302 1241 3339 totius
1270 3302 1364 3339 entis

55 1797 265 1825 ‘Lib.1,cap.xxm.

60 2618 68 2626 ”
83 2616 151 2638 Vers.
166 2623 181 2638 ι.

57 2780 65 2788 ·
75 2778 187 2806 Qu.x1.1v‚
197 2782 239 2800 art.
247 2785 268 2800 2.

354 3432 380 3464 α)
399 3432 599 3457 Adversarium.
617 3445 636 3451 —
655 3432 783 3457 Faustum
803 3432 989 3458 adversarium
1009 3433 1038 3462 B,
1057 3433 1228 3458 adversarios
1246 3433 1278 3458 G.

1418 1599 1641 1637 universalis
1668 1598 1681 1621 δ
1709 1613 1731 1637 a
1758 1600 1884 1649 primo
1917 1600 2126 1650 principio,
2161 1601 2397 1651 impossibile
2436 1610 2492 1641 est

1419 1653 1525 1702 quod
1546 1653 1701 1702 aliquod
1716 1666 1783 1690 ens
1797 1662 2130 1703 praesupponatur
2143 1655 2231 1692 huic
2246 1655 2489 1694 emanationi.

1419 1707 1526 1744 Idem
1565 1714 1693 1744 autem
1723 1714 1779 1743 est
1806 1707 1899 1744 nihil
1919 1713 1931 1728 ‘
1959 1708 2066 1756 quod
2094 1709 2241 1745 nullum
2271 1721 2350 1746 ens.
2386 1709 2492 1747 Sicut

1418 1759 1528 1808 igitur
1546 1759 1738 1808 generatio
1759 1759 1927 1797 hominis
1956 1768 2013 1797 est
2041 1773 2086 1797 ex
2105 1773 2186 1798 non
2205 1769 2290 1798 ente
2310 1762 2416 1811 quod
2436 1769 2491 1800 est

1418 1825 1498 1850 non
1524 1813 1667 1860 homo,
1697 1812 1747 1850 ita
1777 1812 1927 1860 creatio,
1948 1825 2047 1863 quae
2073 1822 2129 1851 est
2157 1814 2348 1852 emanatio
2377 1815 2490 1853 totius

1420 1878 1514 1913 esse,
1546 1873 1602 1903 est
1629 1878 1675 1902 ex
1702 1878 1782 1903 non
1812 1873 1897 1903 ente
1926 1866 2033 1914 quod
2061 1874 2118 1904 est
2144 1867 2247 1905 nihil.

1471 1921 1531 1956 AI>
1560 1931 1697 1956 PRIMUM
1726 1931 1825 1956 ERGO
1845 1931 2030 1957 DICENDUM
2050 1920 2155 1969 quod
2175 1920 2408 1969 Augustinus
2428 1934 2491 1959 ae-

1418 1972 1583 2021 quivoce
1602 1972 1718 2009 utitur
1736 1972 1894 2009 nomine
1915 1972 2128 2021 creationis,
2149 1974 2363 2012 secundum
2383 1974 2489 2023 quod

1418 2025 1545 2062 creari
1571 2025 1748 2062 dicuntur
1777 2038 1822 2062 ea
1850 2038 1948 2075 quae
1976 2026 2015 2063 in
2044 2027 2180 2064 melius
2218 2027 2489 2076 reformantur,

1418 2086 1459 2116 ut
1487 2091 1575 2116 cum
1605 2078 1740 2116 dicitur
1777 2079 1909 2128 aliquis
1942 2080 2070 2116 creari
2095 2081 2132 2117 in
2161 2081 2387 2130 episcopum.
2427 2081 2491 2119 Sic

1419 2139 1547 2169 autem
1568 2144 1646 2169 non
1666 2132 1857 2181 loquimur
1877 2132 1891 2159 t
1917 2133 1979 2170 hic
2006 2133 2053 2171 de
2083 2134 2285 2182 creatione,
2307 2135 2374 2172 sed
2393 2134 2490 2172 sicut

1419 2185 1562 2222 dictum
1592 2193 1647 2222 est
1665 2185 1696 2222 ⁹¹⁶.

1472 2239 1531 2274 An
1560 2250 1751 2275 SECUNDUM
1779 2250 1963 2276 DICENDUM
1992 2239 2099 2288 quod
2136 2240 2366 2278 mutationes
2394 2240 2491 2278 acci-

1417 2290 1528 2339 piunt
1546 2291 1714 2340 speciem
1738 2299 1775 2328 et
1794 2291 2015 2339 dignitatem
2043 2305 2123 2330 non
2143 2305 2165 2330 a
2183 2294 2348 2331 termino
2363 2306 2388 2332 a
2403 2305 2489 2343 qu0,

1419 2343 1488 2381 sed
1515 2355 1538 2381 a
1566 2343 1729 2381 termino
1757 2345 1809 2381 ad
1836 2356 1958 2393 quem.
1989 2346 2116 2382 Tanto
2138 2358 2227 2394 ergo
2246 2352 2261 2369 '¹
2288 2347 2490 2396 perfectior

1420 2404 1456 2433 et
1481 2396 1586 2446 prior
1614 2404 1669 2434 est
1697 2397 1822 2446 aliqua
1850 2397 2022 2445 mutatio,
2053 2406 2197 2448 quanto
2225 2400 2411 2437 terminus
2439 2399 2490 2438 ad

1419 2462 1536 2499 quem
1560 2449 1658 2486 illius
1679 2450 1897 2488 mutationis
1918 2458 1973 2488 est
1992 2451 2155 2489 nobilior
2184 2460 2221 2489 et
2247 2452 2372 2502 prior;
2402 2452 2489 2490 licet

1417 2502 1603 2540 terminus
1623 2515 1645 2540 a
1665 2515 1754 2552 quo,
1771 2503 1836 2552 qui
1857 2504 2063 2553 opponitur
2077 2503 2090 2526 θ
2108 2505 2273 2542 termino
2294 2506 2344 2543 ad
2357 2517 2488 2555 quem,

1418 2556 1464 2593 sit
1482 2556 1749 2605 imperfectior.
1772 2556 1876 2594 Sicut
1894 2558 2087 2605 generatio
2104 2557 2323 2608 simpliciter
2341 2566 2398 2596 est
2420 2570 2490 2596 no-

1418 2609 1529 2647 bilior
1553 2616 1588 2646 et
1615 2609 1720 2659 prior
1748 2622 1866 2658 quam
1896 2610 2078 2659 alteratio,
2098 2619 2256 2661 propter
2274 2613 2350 2649 hoc
2382 2612 2489 2662 quod

1418 2663 1542 2700 forma
1570 2663 1823 2700 substantialis
1853 2671 1908 2700 est
1935 2663 2100 2702 nobilior
2127 2677 2246 2714 quam
2279 2665 2403 2703 forma
2428 2678 2489 2704 ac-

1418 2716 1633 2754 cidentalis:
1666 2723 1796 2754 tamen
1832 2716 1995 2766 privatio
2034 2718 2287 2756 substantialis
2320 2719 2488 2767 formae,

1417 2781 1516 2818 quae
1545 2776 1601 2806 est
1628 2769 1811 2806 terminus
1831 2782 1853 2807 a
1874 2782 1951 2819 quo
1980 2770 2019 2808 in
2047 2771 2303 2819 generatione,
2334 2779 2390 2809 est
2418 2772 2488 2810 im-

1415 2822 1618 2871 perfectior
1645 2835 1763 2871 quam
1793 2823 2038 2870 contrarium,
2060 2824 2165 2874 quod
2185 2832 2241 2862 est
2264 2825 2447 2863 terminus
2466 2837 2490 2863 a

1417 2888 1495 2925 quo
1523 2875 1562 2913 in
1591 2876 1823 2913 alteratione.
1863 2877 1912 2914 Et
1939 2876 2109 2915 similiter
2141 2877 2280 2915 creatio
2316 2885 2373 2915 est
2402 2891 2489 2928 per-

1417 2929 1549 2966 fectior
1569 2936 1605 2966 et
1630 2929 1736 2979 prior
1764 2942 1882 2978 quarn
1910 2930 2102 2978 generatio
2132 2938 2168 2968 et
2195 2930 2375 2979 alteratio,
2397 2931 2487 2980 quia

1415 2982 1600 3019 terminus
1629 2982 1678 3020 ad
1707 2995 1823 3032 quem
1853 2990 1910 3020 est
1936 2991 2015 3021 tota
2038 2983 2247 3021 substantia
2266 2983 2330 3021 rei.
2361 2984 2404 3022 Id
2423 2997 2490 3022 au-

1416 3042 1495 3072 tem
1524 3035 1630 3084 quod
1655 3035 1870 3084 intelligitur
1887 3044 1930 3074 ut
1949 3036 2132 3074 terminus
2151 3049 2174 3074 a
2194 3049 2285 3085 quo,
2316 3045 2371 3075 est
2398 3037 2488 3076 sim-

1416 3088 1562 3138 pliciter
1588 3101 1667 3126 non
1696 3101 1774 3126 ens.

1470 3144 1530 3179 An
1558 3154 1718 3180 TERTIUM
1737 3154 1921 3180 DICENDUM
1941 3142 2058 3191 quod,
2080 3154 2169 3180 cum
2190 3142 2326 3181 dicitur
2344 3142 2488 3192 aliquid

1418 3207 1464 3232 ex
1484 3195 1600 3232 nihilo
1629 3195 1725 3243 fieri,
1755 3196 1852 3246 haec
1879 3195 2111 3245 praepositio
2145 3208 2195 3232 ex
2218 3208 2297 3234 non
2318 3196 2490 3245 designat

2521 2199 2531 2208 ·
2542 2197 2569 2221 In
2583 2203 2692 2228 corpore.

1419 3261 1574 3286 causam
1604 3248 1861 3296 materialem,
1891 3249 1959 3286 sed
1993 3248 2169 3286 ordinem
2198 3256 2364 3296 tantum3
2394 3249 2489 3287 sicut
2543 3286 2546 3288 .

1419 3314 1507 3338 cum
1541 3301 1694 3349 dicitur,
1724 3314 1774 3339 ex
1806 3314 1919 3339 mane
1941 3303 1995 3350 fit
2028 3302 2222 3349 meridies,
2261 3302 2377 3350 idest,
2404 3308 2491 3354 post

1470 3431 1495 3464 δ)
1515 3432 1734 3457 consideretur...
1750 3432 1916 3458 universalis.
1934 3445 1954 3451 —
1971 3433 2168 3459 consideremus
2191 3433 2387 3459 emanationem
2407 3433 2488 3460 totius

354 3466 379 3499 β)
399 3467 464 3492 nihil
483 3475 535 3492 non
555 3470 646 3499 potest
664 3474 727 3493 esse.
745 3481 764 3486 —
784 3468 850 3493 nihil
869 3475 919 3493 non
940 3472 979 3493 ast
997 3468 1066 3498 Palm
1085 3476 1133 3501 pro
1153 3468 1230 3498 nihil,
1253 3468 1364 3494 nihilum
1418 3467 1485 3492 entis
1504 3468 1679 3492 universalem
1699 3467 1811 3492 codices.

300 3502 566 3570 Αεξξὶέηιαηαείοηί.
575 3552 594 3556 -
608 3538 628 3562 Β
644 3538 726 3562 addit:
742 3538 893 3567 uniuersali,
909 3538 972 3571 quia
985 3538 1009 3563 si
1017 3542 1280 3571 praesupponeretur
1293 3545 1364 3564 ema-

301 3573 405 3640 ξιέἔιίεηὲ
406 3573 570 3640 13u)niversali‚
581 3577 757 3606 generaretur
765 3574 844 3606 prius
859 3574 917 3607 (pro
924 3577 986 3606 post
992 3574 1018 3607 9)
1034 3581 1113 3606 quam
1127 3574 1179 3600 iam
1195 3578 1262 3600 esset
1276 3577 1364 3600 actum

1472 3503 1494 3535 ε)
1515 3502 1587 3527 nihil.
1606 3516 1624 3522 -
1643 3502 1754 3528 nihilum
1773 3502 1920 3528 ACDEFG.
1938 3516 1957 3522 —
1976 3503 2027 3528 Pro
2045 3503 2124 3537 quod,
2144 3507 2171 3530 et
2189 3503 2261 3529 FGa.

1471 3537 1496 3570 ζ)
1516 3538 1658 3570 loquimur.
1676 3551 1696 3557 ·-
1715 3538 1833 3571 loquitur
1852 3538 1906 3563 FG.
1924 3552 1943 3557 -
1961 3538 2012 3563 Pro
2030 3539 2080 3570 hic,
2101 3546 2171 3565 nunc
2188 3539 2218 3570 B,
2238 3547 2292 3566 om.
2309 3539 2410 3565 ACDE.

1471 3573 1498 3605 η)
1518 3580 1591 3606 ergo.
1609 3587 1628 3592 -
1645 3577 1734 3598 autem
1755 3573 1855 3598 codices
1875 3578 1900 3598 et
1918 3581 1935 3598 a
1946 3574 1969 3599 b.

1473 3607 1497 3641 θ)
1517 3608 1669 3640 opponitur.
1687 3622 1706 3627 -
1724 3608 1860 3641 oppositus
1878 3612 1918 3634 est
1937 3609 1990 3634 BG.
