2768 4178
0 555 11 575 -ι
0 481 11 549 νῆα-’,ε
0 393 13 475 ’,α-κ,
2 359 11 373 u
0 270 16 354 cmvi-gram.
8 257 9 261 „
0 247 3 249 ’
6 211 13 227 v<
8 125 10 127 .

22 911 139 980 πὲρι.
146 935 196 957 xxx,
205 929 246 951 In-

31 1141 45 1156 *
57 1141 108 1170 Qn.
116 1147 185 1164 xxm.

29 1825 115 1842 vem·
128 1818 206 1842 finem

31 2273 88 2296 *De
97 2272 158 2302 πως
170 2272 247 2301 Orth„

30 2299 78 2324 lib.
85 2299 114 2328 11,
123 2305 176 2328 etp.
182 2305 247 2322 xxix.

19 2581 160 2620 &Ver-4.

32 2799 51 2812 ⁴
64 2799 112 2828 Qu.
126 2805 157 2826 vr,
171 2803 214 2822 art.
227 2805 251 2826 4.

39 3064 51 3076 ·
58 3063 108 3092 Qu.
115 3069 164 3092 xxx,
175 3067 218 3086 art.
227 3070 250 3091 4.

27 3275 53 3287 ⁴
66 3275 115 3304 Qu.
124 3282 162 3304 xv,
177 3279 252 3303 art.2;

26 3307 90 3330 zu,
105 3306 180 3330 nrt-4.

31 1791 246 1819 ‘neme-mm,
292 1784 294 1786 '
324 1772 342 1785 '‘

962 247 1228 294 QUAESTIO
1258 247 1380 294 xxn,
1411 247 1706 285 ARTICULUS
1737 249 1751 284 1

2384 247 2459 284 263

753 484 1165 562 QUAESTIO
1202 484 1984 541 VIGESIMASECUNDA

1035 603 1119 642 DE
1149 602 1566 644 PROVIDENTIA
1599 605 1702 645 DEI

954 709 998 733 IN
1041 708 1268 739 QUATUOR
1308 709 1582 734 ARTICULOS
1622 710 1784 735 DIVISA

356 826 589 854 ONSIDERATIS
626 820 755 850 autem
791 812 849 849 his
884 824 981 861 quae
1018 812 1067 848 ad
1102 812 1339 848 voluntatem
1395 811 1506 849 Circa
1532 812 1814 860 providentiam
1844 820 1971 849 autem
2000 813 2072 850 Dei
2101 822 2332 862 quaeruntur
2364 829 2459 864 qua-

276 826 529 909 Cabsolute
561 866 767 915 pertinent,
803 865 1094 914 procedendum
1129 872 1184 901 est
1218 864 1266 901 ad
1295 877 1340 901 ea

274 935 372 972 quae
388 920 593 970 respiciunt
606 919 718 957 simul
734 919 967 956 intellectum
997 926 1032 955 et
1050 919 1287 955 voluntatem
1307 917 1339 954 ²¹².

274 975 506 1013 Huiusmodi
534 982 664 1012 autem
694 980 750 1010 est
777 972 1017 1021 providentia
1037 971 1193 1020 quidem
1214 983 1339 1019 respe-

246 1070 251 1077 ,
274 1037 335 1067 ctu
364 1028 556 1075 omnium3
586 1026 879 1077 praedestinatio
908 1037 1002 1062 vero
1033 1032 1069 1061 et
1101 1024 1338 1072 reprobatio,

274 1090 310 1120 et
325 1094 424 1131 quae
444 1082 494 1119 ad
513 1082 609 1118 haec
629 1086 924 1128 consequuntur,
942 1085 1116 1127 respectu
1136 1076 1339 1114 hominum

272 1135 495 1185 specialiter,
515 1135 555 1172 in
579 1134 711 1172 ordine
728 1134 776 1170 ad
797 1140 989 1169 aeternam
1010 1131 1180 1167 salutem.
1196 1130 1216 1151 '¹‘
1235 1131 1339 1166 Nam

274 1197 311 1226 et
337 1196 425 1238 post
452 1188 617 1225 morales
644 1187 814 1233 virtutes,
836 1186 873 1222 in
902 1184 1057 1222 scientia
1076 1182 1223 1229 morali,
1251 1195 1340 1219 con-

273 1242 460 1280 sideratur
489 1241 535 1279 de
554 1240 768 1290 prudentia,
789 1240 838 1276 ad
858 1250 976 1287 quarn
995 1236 1236 1286 providentia
1255 1247 1339 1284 per-

272 1295 390 1333 tinere
398 1296 406 1297 ’
417 1292 580 1332 Videtur.

1500 873 1598 901 tuor.

1446 918 1599 955 Primo:
1629 925 1757 955 utrum
1786 920 1872 956 Deo
1901 919 2104 956 conveniat
2130 920 2382 969 providentia.

1449 971 1649 1008 Secundo:
1678 978 1805 1009 utrum
1844 972 1975 1009 omnia
2010 972 2161 1010 divinae
2194 973 2456 1022 providentiae

1503 1025 1659 1060 subsint.
2238 1029 2242 1032 ⁴

1448 1077 1600 1114 Tertio:
1634 1085 1762 1114 utrum
1798 1078 1925 1115 divina
1961 1078 2202 1127 providentia
2238 1079 2456 1117 immediate

1501 1130 1547 1166 sit
1576 1130 1623 1167 de
1652 1131 1842 1168 omnibus.

1448 1183 1613 1230 Quarto:
1642 1191 1770 1220 utrum
1790 1184 2028 1233 providentia
2054 1185 2181 1222 divina
2201 1185 2374 1234 imponat
2392 1198 2460 1223 ne-

1503 1236 1714 1272 cessitatem
1745 1238 1857 1274 rebus
1889 1237 2065 1286 provisis.

1092 1406 1411 1449 ARTICULUS
1443 1406 1648 1448 PRIMUS

874 1502 1061 1534 UTRUM
1088 1499 1432 1531 PROVIDENTIA
1455 1471 1559 1530 on
1593 1499 1892 1532 CONVENIAT

913 1582 922 1606 1
942 1582 1024 1611 Sent„
1045 1581 1104 1605 dist.
1123 1587 1204 1609 xxxix,
1224 1587 1268 1612 qu.
1281 1587 1308 1610 11,
1329 1584 1376 1604 art.
1394 1587 1414 1610 13
1435 1579 1477 1604 De
1495 1579 1585 1609 Verit„
1606 1587 1651 1612 qu.
1665 1588 1689 1611 v,
1710 1586 1755 1606 art.
1776 1589 1783 1605 1
1809 1589 1831 1606 2.

343 1692 369 1714 -2
394 1695 462 1735 ,Ἤ
486 1687 509 1712 D
543 1685 680 1711 PRIMUM
709 1684 762 1710 sm
783 1682 1022 1708 moenum-ua.
1052 1669 1212 1706 Videtur
1236 1668 1340 1717 quod

416 1726 462 1766 it
487 1726 728 1777 providentia
756 1727 841 1763 Deo
862 1736 941 1761 non
963 1722 1179 1760 conveniat.
1208 1721 1341 1758 Provi-

352 1796 402 1813 vv
424 1764 615 1819 'fdentia
644 1779 759 1826 enim,
789 1777 1000 1815 secundum
1030 1775 1201 1813 Tullium
1219 1775 1256 1822 ⁹³,
1287 1781 1342 1811 est

295 1811 315 1827 ι1Λ
340 1819 341 1822 ,
394 1811 414 1823 «
452 1821 453 1824 ,

298 1826 307 1834 „
332 1809 431 1864 4⁶:⁹5)
446 1824 576 1884 pars
594 1832 829 1883 prudentiae.
859 1830 1066 1868 Prudentia
1085 1836 1226 1876 autem,
1253 1840 1341 1864 cum

275 1889 322 1926 sit
348 1889 446 1926 bene
476 1885 726 1933 consiliativa,
757 1885 969 1922 secundum
997 1883 1276 1931 Philosophum
1305 1881 1342 1918 in

200 1957 206 1977 ς
243 1967 249 1978 ,
275 1942 328 1979 VI
346 1941 467 1978 Ethic.
483 1941 515 1987 ³⁸,
545 1941 630 1977 Deo
660 1945 880 1987 competere
908 1949 987 1973 non
1014 1943 1150 1985 potest,
1176 1935 1241 1984 qui
1261 1935 1342 1971 nul-

242 1993 249 2000 '
276 1996 357 2032 lum
376 1994 548 2034 ,dubium
577 1993 703 2039 habet,
732 1991 836 2028 unde
866 2002 955 2027 eum
976 1995 992 2010 ⁶²
1021 1988 1208 2025 consiliari
1229 2000 1342 2037 opor-

277 2055 364 2086 teat.
393 2048 496 2095 Ergo
524 2045 767 2096 providentia
794 2045 879 2081 Deo
909 2055 987 2080 non
1017 2041 1208 2091 competit.

332 2113 367 2138 2.
397 2101 631 2146 PRAETEREA,
661 2097 849 2147 quidquid
878 2103 934 2133 est
961 2096 1000 2132 in
1028 2097 1126 2142 Deo,
1150 2102 1206 2131 est
1225 2101 1343 2131 aeter-

277 2166 382 2192 num.
415 2153 492 2191 Sed
519 2151 761 2202 providentia
789 2163 868 2188 non
888 2157 944 2186 est
963 2148 1103 2197 aliquid
1123 2155 1341 2185 aeternum:

277 2215 333 2245 est
361 2207 465 2244 enim
493 2207 594 2243 circa
614 2205 819 2250 existentia,
850 2215 949 2252 quae
973 2214 1052 2238 non
1072 2208 1158 2238 sunt
1177 2208 1341 2248 aeterna,

276 2260 489 2309 secundum
518 2260 803 2296 Damascenum
825 2256 856 2294 ³¹⁸.
878 2257 981 2303 Ergo
1005 2254 1245 2304 providentia
1264 2266 1344 2291 non

277 2321 333 2352 est
359 2314 399 2351 in
421 2314 520 2350 Deo.

332 2368 365 2405 3.
396 2367 630 2412 PRAETEREA,
661 2364 808 2401 nullum
835 2361 1092 2411 compositum
1113 2368 1168 2397 est
1186 2360 1225 2397 in
1244 2361 1341 2398 Deo.

277 2421 355 2458 Sed
373 2418 614 2469 providentia
627 2417 779 2455 videtur
800 2428 880 2453 esse
901 2414 1044 2463 aliquid
1064 2413 1342 2462 compositum:

277 2473 366 2523 quia
402 2472 557 2510 includit
594 2471 633 2508 in
670 2483 710 2508 se
747 2470 987 2507 voluntatem
1026 2475 1061 2504 et
1098 2467 1341 2504 intellectum.

277 2527 380 2574 Ergo
408 2524 649 2575 providentia
677 2536 755 2560 non
785 2531 840 2559 est
866 2522 904 2559 in
933 2523 1030 2558 Deo.

331 2581 406 2616 SED
426 2590 572 2616 CONTRA
591 2589 656 2614 EST
675 2576 781 2626 quod
801 2575 935 2613 dicitur
954 2575 1041 2623 Sap.
1062 2585 1123 2610 X1v
1140 2573 1175 2609 *z
1201 2574 1257 2610 Tu
1277 2585 1343 2609 au—

277 2638 371 2678 tem,
400 2633 531 2677 Pater,
560 2631 752 2680 gubernas
781 2629 909 2666 omnia
932 2627 1182 2676 providentia.

333 2686 559 2722 REspoNnEo
587 2694 770 2720 DlCENDuM
800 2681 906 2730 quod
933 2693 1089 2717 necesse
1119 2687 1175 2716 est
1198 2691 1343 2728 ponere

278 2737 563 2787 providentiam
591 2736 631 2772 in
658 2737 758 2772 Deo.
785 2735 914 2771 Omne
944 2733 1045 2770 enim
1071 2733 1219 2770 bonum
1239 2733 1344 2782 quod

279 2799 335 2828 est
353 2791 391 2828 in
411 2791 536 2837 rebus,
558 2802 580 2826 a
599 2790 684 2825 Deo
710 2795 879 2824 creatum
899 2794 965 2834 est,
985 2794 1028 2823 ut
1046 2799 1161 2835 supra
1179 2786 1199 2808 '¹‘
1218 2793 1343 2822 osten-

279 2857 365 2882 sum
386 2851 452 2881 est.
474 2844 518 2880 In
546 2843 659 2879 rebus
679 2848 808 2878 autem
832 2839 849 2869 β
867 2839 1057 2878 invenitur
1084 2841 1242 2886 bonum,
1265 2851 1343 2875 non

279 2899 405 2935 solum
434 2903 621 2945 quantum
642 2895 690 2931 ad
710 2893 959 2931 substantiam
979 2905 1120 2941 rerum,
1141 2893 1210 2930 sed·
1230 2892 1343 2928 etiam

279 2958 466 3000 quantum
495 2949 543 2986 ad
572 2948 747 2985 ordinem
778 2959 909 2983 earum
938 2946 976 2983 in
1004 2947 1140 2993 finem,
1172 2953 1208 2982 et
1234 2957 1343 2994 prae-

280 3003 388 3052 cipue
418 3003 456 3040 in
483 3003 603 3039 finem
630 3001 818 3046 ultimum,
849 2999 914 3048 qui
944 3008 999 3037 est
1026 2999 1175 3036 bonitas
1202 2998 1341 3045 divina,

277 3064 320 3092 ut
339 3067 453 3104 supra
471 3055 491 3077 ’¹‘
509 3054 681 3091 habiturn
703 3061 768 3090 est.
800 3053 886 3089 Hoc
905 3052 1014 3100 igitur
1033 3053 1181 3089 bonum
1202 3052 1343 3089 ordinis

279 3109 318 3145 in
337 3109 452 3145 rebus
472 3108 604 3144 creatis
625 3107 797 3153 existens,
819 3119 841 3142 a
860 3107 944 3142 Deo
965 3113 1133 3143 creatum
1154 3112 1220 3142 est.
1242 3105 1343 3141 Cum

281 3169 409 3198 autem
446 3162 552 3198 Deus
581 3160 625 3197 sit
653 3172 766 3197 causa
804 3171 931 3195 rerum
959 3171 1028 3207 per
1062 3171 1174 3196 suum
1202 3158 1344 3195 intelle-

281 3222 406 3261 ctum,
437 3221 473 3250 et
500 3213 553 3250 sic
587 3213 784 3250 cuiuslibet
822 3212 880 3248 sui
914 3211 1070 3248 effectus
1103 3219 1253 3260 oportet
1287 3224 1343 3248 ra-

279 3267 424 3304 tionem
453 3266 492 3303 in
518 3266 600 3314 ipso
629 3266 892 3315 praeexistere,
913 3272 955 3301 ut
984 3277 1029 3301 ex
1048 3264 1306 3314 superioribus
1325 3264 1344 3286 ³⁸⁸

279 3327 408 3369 patet3
442 3331 598 3356 necesse
627 3327 682 3356 est
710 3319 816 3367 quod
845 3317 939 3355 ratio
969 3317 1111 3355 ordinis
1146 3329 1273 3354 rerum
1306 3317 1344 3355 in

1395 1668 1516 1727 finem
1549 1668 1588 1704 in
1617 1676 1745 1706 mente
1772 1669 1900 1707 divina
1926 1672 2163 1720 praeexistat.
2193 1674 2303 1711 Ratio
2331 1681 2458 1711 autern

1397 1721 1698 1758 ordmandorum
1727 1722 1766 1759 in
1794 1723 1926 1770 finem,
1946 1725 2098 1774 proprie
2121 1726 2361 1775 providentia
2391 1736 2456 1766 est.

1396 1775 1465 1811 Est
1494 1774 1596 1811 enim
1624 1775 1840 1824 principalis
1867 1789 1955 1826 pars
1974 1783 1989 1804 ⁷
2015 1778 2251 1828 prudentiae,
2273 1781 2321 1818 acl
2341 1793 2458 1829 quam

1397 1827 1491 1864 aliae
1527 1828 1625 1865 duae
1656 1836 1783 1877 partes
1820 1830 2059 1879 ordinantur,
2098 1831 2238 1870 scilicet
2271 1835 2459 1872 memoria

1395 1881 1699 1930 praeteritorum,
1729 1889 1766 1919 et
1793 1882 2033 1931 intelligentia
2052 1886 2325 1934 praesentium;
2344 1896 2458 1936 prout

1398 1946 1442 1970 ex
1469 1935 1679 1983 praeteritis
1707 1936 1938 1983 memoratis,
1970 1945 2006 1974 et
2032 1939 2292 1986 praesentibus
2315 1940 2458 1977 intelle-

1398 1987 1484 2035 ctis,
1515 1987 1773 2025 coniectamus
1793 1986 1807 2010 δ
1835 1989 1881 2026 de
1910 1990 2039 2027 futuris
2071 1991 2331 2039 providendis.
2365 1995 2458 2030 Pru-

1398 2040 1545 2077 dentiae
1575 2048 1704 2078 autem
1732 2042 1930 2091 proprium
1960 2050 2025 2090 est,
2055 2045 2266 2082 secundum
2286 2046 2458 2084 Philoso-

1396 2095 1518 2143 phum
1545 2094 1584 2130 in
1610 2095 1662 2131 VI
1681 2095 1801 2132 Ethic.
1822 2095 1853 2143 ²¹⁶,
1875 2095 2050 2133 ordinare
2070 2096 2141 2133 alia
2159 2097 2198 2134 in
2216 2099 2352 2145 finem;
2378 2099 2457 2137 sive

1397 2154 1572 2196 respectu
1600 2147 1657 2184 sui
1682 2148 1811 2197 ipsius,
1841 2148 1935 2185 sicut
1963 2149 2096 2186 dicitur
2123 2151 2242 2187 homo
2272 2152 2456 2200 prudens,

1397 2200 1463 2249 qui
1476 2206 1487 2220 ¹
1507 2201 1604 2237 bene
1625 2201 1774 2238 ordinat
1793 2209 1897 2238 actus
1917 2214 2007 2238 suos
2026 2203 2075 2239 ad
2094 2203 2212 2240 finem
2232 2204 2332 2241 vitae
2347 2218 2456 2252 suae;

1398 2254 1479 2291 sive
1500 2261 1674 2303 respectu
1697 2254 1860 2291 aliorum
1875 2254 1945 2291 sibi
1960 2255 2217 2292 subiectorum
2236 2257 2275 2293 in
2289 2258 2430 2295 familia
2445 2258 2459 2285 t

1398 2308 1460 2344 vel
1490 2307 1638 2343 civitate
1665 2308 1727 2344 vel
1756 2319 1884 2355 regno,
1911 2308 2124 2347 secundum
2153 2321 2268 2357 quem
2297 2311 2458 2348 modurn

1400 2359 1535 2397 dicitur
1563 2360 1670 2397 Matt.
1700 2373 1785 2397 xxlv
1812 2360 1851 2397 *z
1879 2361 2007 2407 fidelis
2034 2373 2164 2398 servus
2200 2369 2235 2399 et
2264 2364 2431 2411 prudens
2447 2393 2457 2410 ,

1398 2426 1507 2462 quem
1528 2414 1712 2450 constituit
1731 2414 1903 2451 dominus
1921 2426 2034 2462 super
2040 2415 2236 2463 familiam
2251 2428 2371 2453 suam.
2390 2418 2455 2453 Se-

1399 2467 1569 2504 cundum
1589 2479 1704 2514 quem
1728 2467 1889 2503 modum
1917 2467 2118 2516 prudentia
2141 2469 2202 2504 vel
2220 2469 2459 2516 providentia

1398 2521 1483 2557 Deo
1514 2519 1718 2556 convenire
1747 2527 1872 2568 potest
1896 2525 1928 2556 ηε
1958 2532 2048 2556 nam
2077 2520 2115 2556 in
2143 2520 2225 2568 ipso
2255 2523 2339 2558 Deo
2368 2522 2458 2559 nihil

1400 2581 1455 2610 est
1474 2573 1511 2609 in
1530 2573 1648 2609 finem
1670 2572 1888 2620 ordinabile,
1911 2585 1997 2609 cum
2020 2573 2100 2621 ipse
2121 2573 2166 2609 sit
2183 2573 2270 2610 finis
2289 2575 2456 2613 ultimus.

1399 2628 1484 2675 Ipsa
1511 2626 1621 2674 igitur
1650 2625 1742 2661 ratio
1772 2625 1913 2662 ordinis
1942 2638 2069 2662 rerum
2097 2625 2135 2662 in
2162 2626 2302 2673 finem,
2331 2628 2458 2676 provi-

1399 2679 1525 2716 dentia
1553 2678 1591 2715 in
1626 2679 1710 2715 Deo
1739 2678 1967 2715 nominatur.
1997 2679 2108 2716 Unde
2128 2679 2298 2727 Boetius,
2330 2681 2380 2717 IV
2413 2682 2459 2718 de

1404 2732 1550 2769 Consol.
1571 2731 1606 2779 ³¹⁶,
1638 2731 1725 2768 dicit
1753 2731 1857 2780 quod
1881 2731 2116 2779 providentia
2145 2738 2199 2768 est
2224 2733 2303 2781 ipsa
2331 2734 2457 2771 divina

1398 2786 1494 2822 ratio
1514 2786 1550 2822 in
1579 2797 1726 2821 summo
1746 2785 1914 2821 omnium
1936 2785 2109 2833 principe
2136 2786 2341 2832 constituta,
2362 2798 2459 2834 quae

1399 2844 1532 2875 cuncta
1560 2838 1728 2886 disponit.
1754 2837 1960 2886 Dispositio
1986 2845 2113 2874 autem
2130 2845 2256 2886 potest
2284 2839 2356 2876 dici
2379 2847 2457 2876 tam

1399 2892 1492 2928 ratio
1522 2890 1664 2928 ordinis
1694 2902 1819 2927 rerum
1846 2891 1884 2927 in
1912 2891 2043 2939 finem,
2065 2903 2181 2939 quam
2203 2891 2297 2928 ratio
2318 2892 2457 2930 ordinis

1398 2952 1563 2994 partium
1590 2956 1629 2980 m
1656 2951 1748 2980 toto.

1451 2999 1510 3034 AD
1530 3008 1666 3033 PRIMUM
1686 3007 1783 3033 ERGO
1802 3008 1986 3034 DICENDUM
2006 2996 2122 3045 quod,
2140 2996 2350 3034 secundum
2370 2997 2457 3033 Phi-

1398 3051 1603 3099 losophum
1631 3049 1670 3086 in
1697 3050 1748 3086 VI
1776 3049 1896 3087 Ethic.
1925 3048 1965 3096 ²¹²,
1994 3049 2194 3097 prudentia
2220 3050 2374 3098 proprie
2403 3057 2458 3086 est

1398 3103 1640 3153 praeceptiva
1660 3114 1805 3149 eorum,
1827 3101 1874 3139 de
1903 3102 2041 3150 quibus
2071 3102 2221 3139 eubulia
2240 3109 2339 3138 recte
2369 3115 2458 3139 con-

1399 3157 1558 3203 siliatur,
1589 3163 1625 3192 et
1648 3155 1794 3203 synesis
1823 3162 1923 3191 recte
1942 3154 2093 3192 iudicat.
2122 3155 2244 3202 Unde,
2264 3154 2349 3191 licet
2368 3167 2457 3192 con-

1400 3210 1511 3247 siliari
1544 3221 1623 3246 non
1651 3215 1843 3256 competat
1870 3209 1967 3255 Deo,
1997 3208 2208 3244 secundum
2237 3208 2340 3256 quod
2369 3220 2457 3244 con-

1400 3263 1526 3301 silium
1556 3269 1611 3298 est
1629 3260 1818 3309 inquisitio
1844 3261 1891 3297 de
1911 3261 2023 3298 rebus
2044 3260 2182 3306 dubiis;
2203 3267 2331 3297 tamen
2349 3273 2457 3309 prae-

1401 3317 1524 3365 cipere
1555 3315 1601 3352 de
1631 3313 1850 3351 ordinandis
1874 3314 1912 3351 in
1938 3314 2070 3361 finem,
2099 3325 2263 3362 quorum
2284 3320 2425 3350 rectam
2444 3311 2457 3334 ⁰

334 3433 361 3466 α)
381 3440 449 3458 eum.
466 3446 485 3451 —
503 3432 565 3457 Om.
585 3433 686 3457 codices
704 3438 731 3457 et
748 3433 799 3458 ab.

335 3467 360 3501 β)
379 3471 478 3493 autem.
495 3481 514 3486 -
531 3468 629 3492 creatis
647 3468 744 3493 addunt
762 3469 863 3493 codices
883 3473 909 3493 et
927 3468 967 3493 ed.
981 3475 1007 3493 a.

334 3504 360 3537 γ)
380 3504 431 3528 Est
449 3503 517 3528 enim
534 3502 694 3534 principalis
712 3510 789 3535 pars.
807 3518 826 3523 —
845 3504 894 3528 Est
918 3504 1002 3536 igitur
1016 3503 1177 3535 principalis
1197 3510 1266 3535 pars
1285 3503 1345 3534 FG,

282 3547 341 3564 cum
361 3539 429 3564 enim
444 3538 605 3570 principalis
619 3545 687 3569 pars
706 3538 747 3562 ed.
766 3546 791 3563 a.

333 3573 358 3607 ὃ)
377 3574 563 3599 consectamus.
582 3586 600 3592 -
617 3573 828 3598 coniecturamus
845 3574 966 3605 ADGsC,
986 3575 1185 3599 coniectus-atur
1207 3574 1240 3605 B,
1259 3574 1345 3599 conie-

279 3613 359 3635 ctura
377 3609 483 3634 videtur
500 3609 529 3639 F,
548 3608 763 3633 coniecturamur
780 3609 838 3633 edd.
857 3609 908 3639 ab,
927 3609 1108 3634 consectamur
1126 3610 1155 3634 P.

1453 3431 1475 3462 ε)
1495 3431 1547 3463 qui.
1565 3443 1584 3448 —
1602 3429 1664 3460 quia
1684 3430 1713 3453 B.
1731 3442 1750 3447 —
1769 3429 1820 3452 Pro
1843 3431 1918 3453 actus
1940 3435 2001 3452 suos
2023 3427 2059 3451 ad
2076 3427 2161 3459 finem
2189 3427 2259 3452 vitae
2276 3434 2357 3457 suae,
2383 3431 2458 3452 actus

1400 3467 1470 3492 vitae
1487 3472 1552 3490 suae
1569 3465 1606 3489 ad
1617 3465 1701 3496 finem
1720 3464 1743 3488 D
1750 3472 1757 3495 ;
1776 3470 1840 3488 suae
1858 3471 1912 3488 om.
1930 3463 1983 3487 FG.

1452 3501 1477 3534 ζ)
1496 3500 1670 3525 subiectorum
1690 3499 1716 3523 in
1729 3499 1849 3532 familia.
1861 3511 1881 3518 -
1893 3498 2080 3527 subiectorum,
2101 3498 2169 3522 sicut
2185 3497 2284 3522 dicitur
2298 3497 2376 3523 homo
2389 3505 2458 3530 pru-

1399 3537 1464 3562 dens
1483 3536 1508 3560 in
1521 3535 1632 3568 familia
1651 3535 1681 3559 B.

1451 3572 1478 3603 η)
1494 3573 1592 3603 potest.
1610 3583 1629 3587 -
1648 3577 1699 3594 non
1715 3572 1805 3601 potest
1824 3569 1891 3593 DsB.

1451 3605 1475 3639 θ)
1496 3609 1603 3631 rectam.
1621 3619 1640 3624 -
1657 3608 1756 3630 certam
1776 3605 1804 3629 F.

2582 2002 2595 2026 ὃ

2484 2110 2493 2119 '¹
2513 2109 2570 2136 Cap.
2585 2115 2612 2135 ν,
2632 2115 2655 2130 n.
2687 2115 2693 2134 3

2484 2135 2640 2162 xu,n.6.—S.
2689 2149 2695 2156 .

2484 2163 2537 2185 lect.
2545 2168 2574 2189 ιν,
2589 2168 2612 2184 x.

2583 2220 2594 2236 Ε

2583 2259 2598 2288 ζ

2485 2378 2494 2387 “
2508 2376 2575 2398 Vers.
2590 2382 2625 2404 45.

2484 2750 2496 2765 ἒ
2509 2750 2580 2771 Prosa
2594 2755 2624 2771 vr.

2484 3061 2493 3071 ²
2509 3060 2565 3088 Cap.
2582 3066 2618 3086 lx,
2634 3066 2657 3081 n.
2687 3067 2693 3085 ς

2484 3087 2644 3113 x‚n.1‚2.-S.
2689 3101 2695 3107 .

2484 3113 2535 3134 lect.
2546 3119 2594 3140 vm,
2610 3119 2641 3134 lx.
