2768 4178
46 959 56 970 ⁴*
72 959 213 985 comment„
223 963 262 979 n.v

49 991 138 1035 §3⁸Art.
148 1017 172 1039 2,
191 1010 263 1033 Com—

49 1042 120 1060 ment.

54 2116 64 2127 ⁸
82 2115 130 2143 Qu.
145 2120 206 2137 ιινι.

57 2708 65 2717 ·
80 2707 131 2728 Art.
150 2711 227 2734 praec.

154 2764 170 2780 α

59 2920 67 2928 ·
84 2918 150 2940 Vers.
163 2923 191 2946 ¹3·

297 269 366 305 172

290 345 350 374 tur,
368 336 443 378 quia
467 336 548 367 clara
564 342 646 366 sunt.
664 335 811 366 Tertium
830 342 938 366 autern
954 330 1107 376 probatur
1123 346 1179 376 per
1198 341 1359 376 quartum,

290 382 379 423 quod
403 381 547 412 relictum
570 387 616 411 est
639 390 697 420 pro
722 380 889 411 constanti.

345 426 482 456 Adverte
505 425 655 462 secundo,
674 424 764 465 quod
786 431 938 465 quartum
962 424 1102 460 dictum,
1129 423 1247 454 scilicet
1270 423 1362 464 quod

289 470 462 510 intelligere
486 469 692 510 consequitur
716 468 855 509 speciem
887 468 1116 509 intelligibilem
1142 474 1178 498 ut
1206 477 1273 498 esse
1298 466 1361 497 for-

289 525 386 550 mam,
404 514 512 555 quoad
535 514 602 550 tria,
627 520 786 554 quantum
809 514 850 543 ad
873 513 1078 553 propositum
1101 518 1237 551 spectat,
1259 510 1361 541 verifi-

290 566 386 589 catur.
404 558 522 594 Primo,
540 558 648 599 quoad
664 559 905 588 causalitatem:
928 557 1083 598 quoniam
1099 555 1203 586 forma
1218 562 1265 586 est
1281 555 1360 586 ratio

290 602 422 638 essendi,
436 609 466 633 et
480 602 599 642 species
611 602 815 642 intelligibilis
830 608 876 632 est
889 601 968 631 ratio
980 599 1186 641 intelligendi.
1202 600 1360 636 Secundo,

289 647 398 688 quoad
421 648 661 677 necessitatem:
684 646 839 687 quoniam
863 646 1002 676 formam
1025 645 1057 675 in
1082 651 1164 680 actu,
1185 643 1361 675 necessario

290 691 460 722 comitatur
484 691 631 727 existere;
657 698 687 722 et
711 691 849 731 speciem
871 689 1103 729 intelligibilem
1125 689 1159 719 in
1182 695 1269 725 actu,
1295 698 1362 718 non

290 735 397 766 medio
421 735 521 766 modo
538 735 618 766 inter
641 735 819 776 potentiam
840 741 870 765 et
893 742 1010 770 actum,
1031 733 1207 765 necessario
1232 732 1362 763 comita-

289 787 341 811 tur
363 780 548 820 intelligere.
573 780 701 816 Tertio,
727 779 834 820 quoad
859 779 987 810 modum
1007 777 1183 809 causandi:
1207 777 1363 818 quoniam

290 825 403 860 forma,
422 824 616 864 complendo
640 825 730 865 quod
749 831 803 860 est,
819 823 894 854 facit
917 831 998 859 esse;
1024 829 1054 853 et
1077 821 1197 862 species
1216 820 1362 861 intelligi-

289 869 360 899 bilis
383 869 416 899 in
440 875 522 905 actu,
543 878 610 898 non
627 868 660 898 in
675 878 789 908 genere
806 868 896 903 entis,
910 867 966 898 sed
981 867 1014 897 in
1029 876 1143 907 genere
1158 865 1363 906 intelligibilis

290 913 484 954 complendo
512 913 724 949 intellectum,
754 911 828 942 facit
854 912 1044 952 intelligere,
1069 918 1106 942 ut
1129 921 1167 941 ex
1190 921 1200 940 1
1230 909 1362 941 articulo

289 958 386 988 huius
410 957 604 998 quaestionis
618 957 648 992 *‚
675 963 705 987 et
729 956 818 986 dictis
841 955 874 986 in
898 966 953 997 qu.
969 966 1011 986 xn
1027 955 1062 975 *⁴*
1084 961 1190 996 patere
1213 961 1329 996 potest.
1343 972 1363 976 —

290 1003 337 1033 Ex
361 1002 409 1032 his
433 1009 549 1037 autem,
569 1008 599 1031 et
621 1001 791 1041 praecipue
815 1010 852 1030 ex
874 1000 937 1031 hoc
961 1000 1087 1036 ultimo,
1110 999 1211 1040 liquet
1234 999 1364 1030 tertium

291 1047 413 1077 dictum
435 1046 573 1081 litterae,
600 1045 690 1086 quod
715 1051 761 1075 est
793 1045 922 1076 effectus
944 1044 1040 1075 huius
1073 1043 1188 1085 quarti.
1214 1043 1364 1084 Sequitur

292 1091 378 1122 enim
402 1100 439 1121 ex
461 1090 520 1126 his,
541 1090 630 1131 quod
652 1089 827 1130 intelligere
851 1096 897 1120 est
927 1088 1079 1129 perfectio
1102 1087 1305 1128 intelligentis
1328 1093 1365 1118 ut

291 1135 419 1166 existere
444 1141 490 1165 est
520 1133 671 1174 perfectio
703 1134 882 1170 existentis;
911 1133 1008 1170 idest,
1033 1132 1206 1173 intelligere
1230 1142 1267 1163 ea
1290 1141 1363 1173 pro-

291 1179 439 1220 portione
462 1178 583 1218 perficit
602 1178 841 1219 intelligentem,
862 1189 925 1219 qua
942 1187 1008 1208 esse
1024 1176 1147 1218 perficit
1163 1176 1363 1213 existentem

290 1225 368 1260 imo,
397 1223 570 1263 intelligere
594 1230 640 1254 est
663 1223 771 1263 ipsum
802 1233 870 1254 esse
892 1221 1095 1262 intelligentis
1118 1221 1151 1252 in
1181 1231 1295 1262 genere
1317 1220 1365 1251 in-

292 1267 456 1308 telligibili,
477 1267 558 1299 sicut
574 1278 640 1298 esse
661 1274 707 1298 est
729 1267 837 1308 ipsum
856 1277 922 1298 esse
947 1266 1027 1298 entis
1043 1266 1077 1297 in
1092 1275 1206 1307 genere
1230 1265 1363 1296 entium.

346 1313 483 1344 Adverte
507 1314 613 1351 tertio,
630 1312 720 1354 quod
743 1312 918 1344 substantia
948 1311 1054 1342 divina
1080 1317 1127 1342 est
1150 1310 1272 1347 forma,
1297 1310 1364 1340 imo

292 1365 380 1389 actus
404 1367 513 1397 puruS,
535 1364 565 1388 et
587 1357 620 1388 in
643 1367 757 1398 genere
781 1357 919 1393 entium,
941 1363 971 1388 et
994 1355 1027 1386 in
1050 1365 1164 1396 genere
1186 1354 1365 1394 intelligibi-

291 1402 382 1433 lium.
410 1402 451 1433 Et
474 1402 594 1432 ratione
617 1402 723 1442 primi,
749 1409 794 1432 est
818 1401 897 1432 ratio
922 1400 1062 1437 essendi,
1088 1407 1119 1431 et
1142 1399 1257 1430 dicitur
1286 1408 1342 1430 ens
1349 1408 1364 1437 ;

990 255 1259 303 QUAEsTio
1290 255 1395 302 xlv,
1426 255 1724 292 ARTICULUS
1753 255 1788 292 v

1416 345 1471 365 seu
1486 336 1606 375 species
1629 335 1850 376 intelligibilis.
1877 334 1969 365 Unde
1989 343 2055 364 esse
2075 332 2134 364 Dei
2148 333 2319 373 respondet
2342 333 2490 363 substan-

1415 379 1477 410 tiae
1500 389 1575 410 suae
1596 386 1631 410 ut
1655 389 1738 420 puro
1762 379 1846 411 actui
1869 379 1902 409 in
1925 388 2039 419 genere
2059 377 2196 414 entium;
2220 377 2394 418 intelligere
2412 386 2488 407 vero

1416 424 1587 464 respondet
1610 423 1715 454 eidem
1737 423 1769 454 in
1794 433 1907 464 genere
1921 422 2178 462 intelligibilium.
2201 422 2243 453 Et
2266 422 2489 462 proportiona-

1416 468 1519 499 biliter
1542 468 1595 504 sic,
1616 468 1706 508 quod
1728 468 1902 508 intelligere
1924 474 1970 498 est
1989 477 2055 498 esse
2079 466 2272 497 substantiae
2295 465 2428 502 divinae,
2453 471 2490 496 ut

1417 512 1536 552 species
1561 519 1607 543 est
1629 512 1849 552 intelligibilis,
1875 512 1909 542 in
1931 521 2044 552 genere
2068 510 2274 550 intelligibili,
2299 517 2336 544 ut
2359 510 2488 541 existere

1417 563 1463 587 est
1486 566 1553 587 esse
1584 556 1727 587 eiusdem
1757 557 1790 587 in
1813 566 1927 596 genere
1951 556 2084 587 entium.
2111 556 2151 586 Et
2182 561 2349 595 propterea
2378 563 2488 585 conse-

1417 600 1556 641 quentia,
1578 611 1653 631 cum
1676 611 1733 631 sua
1757 601 1955 641 probatione,
1981 600 2041 631 fuit
2065 599 2188 640 optima
2209 606 2239 629 et
2262 598 2414 634 formalis,
2439 607 2487 628 ar-

1416 654 1517 684 guens
1533 655 1571 675 ex
1586 654 1744 676 concursu
1764 645 1929 686 utriusque
1946 644 2068 675 formae
2084 644 2117 674 in
2137 653 2245 679 unam,
2263 649 2294 674 et
2316 641 2489 673 identifica-

1417 688 1505 719 tione
1523 688 1608 719 illius
1627 688 1723 719 unius
1741 699 1815 720 cum
1832 689 1963 730 proprio
1980 699 2047 719 esse
2064 689 2241 719 secundum
2258 697 2361 718 unum
2377 696 2488 726 genus.

1417 733 1466 763 Ex
1481 732 1530 763 his
1553 732 1640 763 enim
1663 733 1791 764 duobus
1805 733 1840 763 in
1863 733 2066 764 antecedente
2082 732 2263 772 assumptis,
2280 731 2386 772 primo
2405 730 2490 771 quod

1417 777 1597 807 substantia
1628 782 1676 807 est
1705 778 1775 817 ipsa
1802 778 1923 817 species
1954 778 2181 819 intelligibilis,
2206 786 2246 807 ac
2265 786 2327 817 per
2353 776 2414 806 hoc
2443 780 2491 805 est

1407 821 1526 862 forma
1545 822 1579 851 in
1596 826 1733 862 utroque
1754 831 1886 862 genere,
1902 822 2043 852 secundo
2067 822 2152 862 quod
2165 822 2346 852 substantia
2363 820 2428 850 Dei
2443 824 2491 850 est

1417 876 1512 896 suum
1538 875 1617 903 esse,
1635 875 1675 896 ac
1691 875 1756 905 per
1778 865 1837 896 hoc
1860 865 2037 907 identificat
2059 866 2119 896 sibi
2142 875 2211 897 esse
2234 867 2266 896 in
2290 874 2412 906 genere
2435 873 2490 894 en—

1419 911 1510 948 tium,
1534 909 1677 946 infertur,
1703 919 1783 950 ergo
1807 914 1931 950 oportet
1954 910 2049 940 etiam
2065 910 2151 951 quod
2165 910 2183 929 *
2204 911 2246 941 sit
2260 919 2356 940 suum
2374 908 2490 940 intelli-

1417 964 1509 995 gere,
1534 954 1623 990 idest,
1648 954 1738 995 quod
1761 952 1932 984 identificet
1951 953 2010 984 sibi
2025 963 2092 984 esse
2111 963 2208 984 suum
2223 953 2314 995 quod
2332 953 2391 984 sibi
2415 962 2490 984 con-

1418 999 1505 1030 venit
1527 998 1561 1028 in
1584 1008 1697 1039 genere
1720 997 1919 1038 intelligibili.
1935 997 2010 1028 Non
2034 997 2121 1028 enim
2144 998 2250 1029 minor
2273 1005 2319 1030 est
2342 997 2489 1033 efficacia,

1419 1042 1566 1079 infinitas,
1585 1050 1640 1074 aut
1664 1042 1827 1073 actualitas
1851 1041 2044 1073 substantiae
2059 1041 2186 1072 divinae
2207 1042 2242 1072 in
2264 1051 2378 1082 genere
2400 1041 2491 1072 intel-

1418 1087 1539 1128 ligibili,
1555 1097 1655 1128 quam
1673 1087 1706 1117 in
1729 1096 1843 1127 genere
1863 1086 1996 1117 entium.
2013 1086 2055 1117 Et
2074 1085 2099 1116 si
2118 1086 2308 1126 oppositum
2326 1085 2490 1122 diceretur,

1420 1139 1605 1174 sequeretur
1627 1131 1718 1172 quod
1741 1141 1808 1162 non
1832 1137 1913 1161 esset
1944 1138 2032 1162 actus
2056 1140 2155 1170 purus
2186 1130 2219 1161 in
2242 1140 2356 1170 genere
2379 1130 2492 1161 intelli-

1420 1176 1516 1217 gibili.
1534 1175 1714 1207 Intellectus
1738 1175 1823 1206 enirn
1847 1175 1881 1205 in
1905 1182 1976 1206 actu
2005 1174 2038 1205 in
2061 1184 2175 1215 genere
2206 1174 2410 1214 intelligibili,
2436 1173 2493 1216 qui

1421 1220 1538 1252 claudit
1560 1220 1593 1251 in
1617 1230 1650 1251 se
1673 1227 1820 1252 naturam
1840 1218 2060 1260 cognoscentis
2085 1226 2115 1250 et
2139 1218 2257 1259 cogniti
2276 1225 2312 1249 ut
2334 1218 2388 1254 sic,
2406 1227 2493 1249 com-

1420 1271 1548 1306 paratur
1563 1265 1603 1295 ad
1617 1264 1790 1305 intelligere
1813 1271 1850 1295 ut
1869 1263 2011 1304 potentia
2029 1263 2069 1293 ad
2088 1270 2204 1299 actum,
2225 1269 2261 1294 ut
2280 1272 2335 1293 ens
2355 1262 2394 1292 ad
2416 1271 2494 1293 esse.

1477 1309 1529 1341 IV.
1551 1309 1670 1347 Quoad
1683 1309 1857 1340 secundam
1868 1308 1894 1344 *,
1915 1305 2060 1348 epilogus
2076 1308 2220 1338 adunans
2234 1306 2392 1348 triplicem
2407 1306 2494 1337 iden·

1412 1354 1552 1391 ritatem,
1571 1360 1672 1394 patet;
1697 1363 1773 1384 cum
1796 1352 1965 1384 corollario
1990 1362 2060 1389 suo,
2080 1352 2169 1392 quod
2193 1351 2317 1382 nullam
2332 1350 2425 1392 ponit
2448 1350 2511 1381 di-'

1420 1398 1600 1430 versitatem
1623 1398 1656 1428 in
1679 1398 1749 1429 Deo
1773 1397 1881 1439 ipsum
1904 1407 1973 1428 esse
1996 1396 2235 1437 intelligentem.
2266 1395 2386 1428 Omnia
2414 1395 2497 1427 clara

293 1446 413 1478 ratione
429 1456 504 1477 vero
522 1446 661 1483 secundi,
680 1454 726 1477 est
743 1446 822 1477 ratio
839 1445 1045 1486 intelligendi,
1063 1451 1094 1476 et
1108 1451 1242 1475 vocatur
1248 1443 1366 1485 forma
1423 1449 1508 1474 sunt.
1532 1452 1535 1455 ·

1091 1592 1412 1636 ARTICULUS
1442 1591 1700 1644 QUINTUS

976 1690 1134 1721 UTRUM
1157 1689 1270 1720 DEUS
1295 1687 1564 1720 COGNOSCAT
1588 1687 1690 1718 ALIA
1713 1690 1743 1718 A
1767 1688 1816 1719 SE

520 1773 528 1796 I
549 1772 632 1801 Sent„
653 1771 712 1796 dist.
730 1778 802 1802 xxxv,
823 1775 869 1795 art.
891 1777 918 1802 23
939 1770 948 1794 1
970 1769 1047 1794 Cont.
1069 1770 1156 1797 Gent„
1177 1775 1234 1801 cap.
1252 1775 1338 1796 nvm.
1357 1774 1428 1798 xux;
1452 1767 1494 1791 De
1518 1766 1612 1796 Verit„

1632 1773 1677 1799 qu.
1695 1773 1722 1796 11,
1742 1771 1788 1790 art.
1810 1765 1839 1798 35
1861 1765 2005 1798 compend.
2028 1764 2125 1794 Tneol„
2145 1773 2202 1798 cap.
2219 1773 2267 1790 xxx
2274 1772 2282 1796 ;

1041 1803 1086 1829 XII
1105 1803 1273 1837 Metaphys„
1293 1803 1351 1828 lect.
1370 1810 1413 1834 x1;
1434 1802 1476 1827 De
1497 1802 1599 1830 Causis,
1619 1802 1678 1827 lect.
1696 1808 1750 1826 xm.

333 1910 391 1943 1:⁸³
416 1914 489 1965 13(
508 1908 530 1933 D
559 1907 722 1938 QumTUM
742 1907 795 1932 SIC
815 1905 1057 1931 PROCEDITUR.
1078 1893 1238 1930 Videtur
1262 1892 1367 1940 quod

427 1936 481 2013 <53
508 1950 614 1986 Deus
630 1961 709 1986 non
725 1955 931 1996 cognoscat
951 1947 1022 1984 alia
1038 1959 1061 1984 a
1076 1959 1128 1984 se.
1147 1947 1368 1994 Quaecum-

418 2021 426 2025 „
457 2004 479 2042 (ι
509 2015 584 2051 que
614 2002 715 2039 enim
745 2009 833 2038 sunt
860 2001 932 2038 alia
961 2013 984 2037 a
1012 2001 1115 2048 Deo,
1150 2007 1237 2037 sunt
1266 2007 1369 2036 extra

467 2045 646 2105 Xipsum.
683 2055 762 2093 Sed
790 2054 1025 2103 Augustinus
1059 2053 1164 2100 dicit,
1201 2053 1239 2090 in
1272 2053 1368 2090 libro

301 2110 498 2160 Octoginta
518 2110 632 2146 trium
654 2110 723 2152 Qu.
734 2109 766 2156 *,
784 2109 890 2157 quod
910 2119 1030 2157 neque
1044 2108 1250 2156 quidquam
1266 2107 1370 2144 Deus

296 2169 405 2201 extra
420 2163 582 2212 seipsum
597 2163 771 2200 intuetur.
786 2163 889 2210 Ergo
900 2174 979 2199 non
991 2160 1186 2209 cognoscit
1200 2160 1272 2197 alia
1283 2172 1305 2197 a
1316 2172 1368 2197 se.

352 2229 386 2254 2.
417 2217 651 2262 PRAETEREA,
682 2216 913 2253 intellectum
944 2222 1000 2252 est
1027 2213 1208 2263 perfectio
1237 2212 1371 2250 intelli-

297 2270 429 2319 gentis.
452 2269 492 2306 Si
522 2281 612 2317 ergo
642 2270 748 2306 Deus
781 2268 960 2316 intelligat
987 2267 1060 2304 alia
1089 2279 1111 2304 a
1140 2279 1197 2314 se,
1228 2266 1371 2316 aliquid

298 2324 402 2361 aliud
430 2323 499 2360 erit
530 2322 712 2372 perfectio
741 2322 835 2369 Dei,
868 2329 904 2358 et
932 2320 1097 2358 nobilius
1126 2320 1221 2370 ipso.
1253 2319 1370 2367 Quod

299 2385 355 2415 est
383 2376 630 2426 impossibile.

354 2431 389 2468 3.
420 2431 654 2477 PRAETEREA,
676 2429 804 2478 ipsum
830 2427 1036 2476 intelligere
1061 2426 1231 2476 speciem
1255 2427 1371 2463 habet

299 2484 348 2521 ab
378 2483 617 2532 intelligibili,
649 2482 745 2520 sicut
773 2489 809 2518 et
837 2481 964 2518 omnis
993 2480 1086 2518 alius
1115 2487 1221 2517 actus
1250 2492 1272 2517 a
1301 2492 1371 2517 suo

299 2537 470 2575 obiecto:
494 2537 598 2574 unde
628 2544 664 2573 et
691 2536 818 2586 ipsum
847 2534 1052 2583 intelligere
1085 2541 1191 2571 tanto
1221 2540 1277 2570 est
1305 2545 1373 2571 no-

299 2591 421 2638 bilius,
443 2598 587 2639 quanto
618 2589 732 2627 etiam
761 2588 926 2626 nobilius
951 2595 1007 2625 est
1034 2587 1162 2637 ipsum
1192 2587 1299 2636 quod
1318 2587 1372 2624 in-

299 2644 484 2692 telligitur.
508 2643 586 2681 Sed
610 2645 716 2681 Deus
737 2650 793 2680 est
812 2642 938 2691 ipsum
960 2653 1074 2678 suum
1093 2640 1312 2689 intelligere,
1332 2648 1374 2678 ut

301 2710 344 2735 ex
376 2697 483 2735 dictis
510 2696 531 2719 '¹‘
557 2704 671 2746 patet.
695 2697 735 2734 Si
764 2695 875 2744 igitur
903 2696 1009 2732 Deus
1034 2694 1204 2743 intelligit
1231 2693 1373 2743 aliquid

299 2751 402 2789 aliud
431 2763 454 2788 a
483 2762 544 2798 se,
575 2750 656 2800 ipse
685 2751 792 2788 Deus
820 2748 1062 2798 specificatur
1088 2754 1106 2770 ⁸
1134 2760 1203 2797 per
1231 2747 1374 2796 aliquid

300 2804 404 2842 aliud
433 2817 455 2841 a
483 2816 542 2841 se:
572 2805 678 2853 quod
705 2811 762 2841 est
789 2802 1036 2852 impossibile.
1058 2802 1151 2839 Non
1180 2801 1292 2850 igitur
1319 2801 1374 2838 in-

300 2858 430 2906 telligit
457 2857 530 2895 alia
558 2870 581 2894 a
610 2869 662 2894 se.

356 2912 431 2948 SED
451 2922 597 2948 CONTRA
617 2922 683 2947 EST
707 2910 811 2959 quod
833 2909 968 2947 dicitur
985 2910 1108 2947 Hebr.
1130 2921 1165 2946 1v
1179 2908 1215 2945 *z
1245 2908 1374 2945 omnia

301 2966 403 3002 nuda
432 2970 467 3001 et
493 2970 625 3014 aperta
652 2969 740 3000 sunt
767 2963 883 3000 oculis
911 2963 1001 3000 eius.

355 3019 581 3055 Respoumzo
611 3029 795 3055 mCENDUM
824 3016 930 3065 quod
964 3027 1120 3053 necesse
1155 3022 1211 3052 est
1245 3015 1374 3052 Deum

302 3083 534 3122 cognoscere
563 3071 636 3108 alia
655 3083 678 3108 a
706 3083 759 3108 se.
781 3069 1031 3107 Manifestum
1062 3077 1117 3106 est
1137 3069 1239 3106 enirn
1269 3067 1375 3116 quod

303 3125 472 3174 seipsum
504 3124 672 3174 perfecte
709 3123 898 3171 intelligit:
937 3122 1105 3172 alioquin
1143 3134 1258 3159 suum
1292 3133 1375 3158 esse

303 3191 382 3216 non
410 3185 510 3216 esset
546 3178 781 3228 perfectum,
812 3188 901 3214 cum
930 3189 1044 3213 suurn
1073 3187 1157 3213 esse
1186 3175 1234 3213 sit
1261 3187 1375 3212 suurn

303 3231 508 3280 intelligere
536 3230 564 3269 β.
587 3231 627 3268 Si
656 3238 785 3268 autem
809 3230 975 3279 perfecte
1005 3228 1150 3278 aliquid
1179 3227 1375 3277 cognosci-

304 3292 375 3332 tur,
397 3297 553 3322 necesse
575 3292 632 3322 est
651 3285 755 3334 quod
783 3283 903 3320 virtus
934 3282 1014 3320 eius
1033 3282 1200 3332 perfecte
1235 3293 1377 3330 cogno-

305 3346 441 3376 scatur.
458 3338 587 3375 Virtus
607 3346 737 3375 autem
757 3336 914 3374 alicuius
935 3336 987 3374 rei
1008 3336 1175 3386 perfecte
1197 3334 1378 3384 cognosci

305 3404 384 3429 non
407 3399 544 3441 potest,
565 3391 635 3429 nisi
664 3398 944 3440 cognoscantur
973 3402 1019 3427 ea
1052 3389 1102 3427 ad
1131 3401 1230 3438 quae
1258 3387 1378 3426 virtus

359 3524 387 3555 α)
405 3523 581 3555 specificatur.
599 3536 618 3542 —
635 3522 831 3556 specificabitur
849 3522 938 3548 FGab.

360 3557 385 3591 β)
405 3558 559 3592 intelligere.
577 3572 597 3578 -
614 3559 677 3592 quia
695 3558 764 3584 sicut
782 3566 859 3583 suum
880 3557 1029 3591 Intelligere
1042 3561 1110 3583 esset
1129 3556 1320 3591 imperfectum,
1336 3555 1375 3581 tta

306 3597 333 3619 ct
351 3601 428 3620 suum
447 3601 510 3623 esse,
525 3601 585 3619 cum
605 3601 686 3619 unum
705 3594 740 3619 sit
758 3594 834 3619 aliud
853 3594 921 3619 addit
940 3594 970 3618 B.

360 3629 388 3664 γ)
408 3629 475 3662 ipsa.
492 3643 511 3648 -
529 3629 591 3655 Om.
604 3630 635 3661 Α,
648 3629 703 3662 ipse
721 3630 808 3655 ceteri.
826 3642 845 3650 —
863 3629 981 3654 omnium
1000 3636 1055 3654 om.
1073 3628 1221 3654 ACDEFG.

1424 1903 1464 1928 se
1494 1890 1671 1927 extendit.
1693 1889 1818 1937 Unde,
1847 1901 1934 1926 curn
1953 1889 2073 1927 virtus
2103 1889 2231 1927 divina
2250 1901 2291 1926 se
2321 1888 2499 1926 extendat

1424 1945 1472 1982 ad
1502 1944 1584 1990 alia,
1606 1956 1652 1980 eo
1682 1943 1788 1992 quod
1816 1942 1899 1992 ipsa
1919 1947 1933 1969 ⁷
1954 1950 2010 1980 est
2037 1942 2163 1992 prima
2187 1955 2302 1980 causa
2322 1941 2499 1980 effectiva

1423 1997 1599 2035 omnium
1633 1996 1797 2043 entium,
1830 2003 1873 2033 ut
1901 2008 1947 2033 ex
1975 1995 2201 2046 supradictis
2229 1995 2250 2018 ²¹⁸
2277 2003 2400 2046 patet3
2430 2008 2495 2033 ne-

1425 2063 1530 2088 cesse
1551 2058 1607 2088 est
1626 2050 1731 2100 quod
1746 2050 1853 2087 Deus
1873 2049 1946 2087 alia
1966 2062 1989 2087 a
2008 2062 2049 2087 se
2070 2057 2288 2098 cognoscat.
2309 2070 2334 2078 -
2356 2049 2405 2087 Et
2422 2050 2499 2087 hoc

1425 2105 1540 2142 etiam
1579 2103 1794 2142 evidentius
1821 2103 1885 2151 fit,
1915 2103 1946 2140 si
1975 2103 2201 2152 adiungatur
2225 2103 2332 2154 quod
2370 2102 2499 2152 ipsum

1425 2171 1509 2195 esse
1538 2169 1676 2195 causae
1704 2157 1849 2205 agentis
1877 2156 2039 2206 primae,
2061 2156 2203 2194 scilicet
2227 2156 2313 2205 Dei,
2335 2165 2391 2194 est
2419 2155 2500 2194 eius

1425 2211 1642 2259 intelligere.
1664 2210 1777 2247 Unde
1797 2209 2034 2258 quicumque
2055 2210 2214 2248 effectus
2241 2210 2501 2259 praeexistunt

1426 2265 1464 2302 in
1492 2265 1577 2301 Deo
1613 2263 1709 2300 sieut
1737 2263 1775 2300 in
1805 2275 1920 2300 causa
1947 2263 2088 2311 prima,
2122 2275 2280 2300 necesse
2309 2271 2367 2300 est
2394 2262 2500 2312 quod

1426 2318 1500 2355 sint
1528 2317 1566 2354 in
1594 2316 1677 2366 ipso
1707 2316 1789 2353 eius
1808 2315 2014 2364 intelligere
2043 2314 2079 2362 δ;
2109 2323 2147 2353 et
2174 2316 2282 2365 quod
2310 2316 2441 2354 omnia
2459 2315 2501 2354 in

1428 2383 1474 2408 eo
1510 2370 1583 2408 sint
1619 2370 1836 2408 secundum
1873 2370 2036 2407 modurn
2074 2369 2369 2418 intelligibilem:
2408 2381 2500 2406 nam

1427 2436 1544 2462 omne
1582 2423 1690 2472 quod
1729 2430 1785 2460 est
1811 2422 1850 2460 in
1879 2423 2013 2471 altero,
2044 2429 2100 2460 est
2127 2423 2167 2460 in
2197 2435 2242 2460 eo
2281 2422 2498 2461 secundum

1427 2478 1590 2515 modum
1619 2476 1700 2514 eius
1732 2476 1770 2514 in
1799 2488 1876 2526 quo
1907 2484 1973 2514 est.

1481 2531 1542 2569 Ad
1571 2530 1772 2568 sciendum
1801 2537 1930 2567 autem
1951 2529 2113 2578 qualiter
2140 2529 2214 2566 alia
2241 2541 2263 2566 a
2291 2541 2333 2566 se
2357 2540 2499 2577 cogno—

1428 2593 1528 2633 scat,
1559 2583 1882 2621 considerandum
1913 2591 1969 2620 est
1996 2583 2104 2632 quod
2133 2582 2332 2632 dupliciter
2358 2581 2502 2630 aliquid

1429 2637 1692 2687 cognoscitur:
1725 2649 1804 2674 uno
1839 2636 1981 2683 modo,
2015 2636 2054 2673 in
2082 2636 2228 2686 seipso;
2263 2635 2337 2673 alio
2367 2635 2502 2684 modo,

1428 2692 1466 2730 in
1495 2692 1626 2729 altero.
1658 2691 1700 2727 In
1730 2690 1855 2739 seipso
1886 2689 2043 2739 quidem
2074 2689 2315 2738 cognoscitur
2341 2688 2501 2738 aliquid,

1428 2744 1584 2796 quando
1614 2743 1855 2793 cognoscitur
1873 2755 1943 2793 per
1962 2742 2131 2793 speciem
2160 2742 2357 2793 propriam
2390 2741 2504 2780 adae-

1429 2807 1587 2848 quatam
1607 2797 1679 2848 ipsi
1699 2797 1962 2846 cognoscibili:
1993 2797 2090 2834 sicut
2108 2809 2197 2835 cum
2217 2796 2352 2834 oculus
2371 2795 2478 2833 videt
2491 2800 2502 2816 ‘

1429 2852 1629 2890 hominem
1666 2863 1736 2901 per
1764 2851 1932 2900 speciem
1971 2850 2150 2888 hominis.
2187 2850 2230 2887 In
2264 2849 2338 2887 alio
2373 2856 2503 2886 autem

1427 2906 1580 2944 videtur
1607 2905 1647 2943 id
1671 2904 1777 2954 quod
1804 2904 1956 2941 videtur
1974 2916 2044 2953 per
2063 2903 2232 2953 speciem
2253 2901 2502 2940 continentis:

1430 2960 1526 2998 sicut
1554 2971 1644 2996 cum
1672 2970 1760 3008 pars
1791 2958 1944 2995 videtur
1972 2958 2009 2995 in
2038 2965 2119 2995 toto
2151 2968 2221 3006 per
2249 2955 2417 3005 speciem
2445 2963 2503 2992 to-

1429 3013 1524 3060 tius,
1553 3013 1615 3050 vel
1637 3023 1726 3049 cum
1755 3011 1875 3049 homo
1896 3011 2049 3048 videtur
2077 3010 2115 3048 in
2135 3009 2292 3059 speculo
2326 3021 2395 3058 per
2419 3021 2503 3058 spe—

1430 3067 1529 3108 ciem
1549 3065 1706 3116 speculi,
1722 3066 1785 3103 vel
1805 3076 2053 3115 quocumque
2074 3063 2148 3101 alio
2168 3062 2288 3100 modo
2310 3061 2503 3111 contingat

1431 3119 1575 3168 aliquid
1603 3119 1643 3157 in
1672 3117 1745 3156 alio
1773 3117 1906 3156 videri.

1485 3173 1549 3210 Sic
1586 3173 1696 3221 igitur
1725 3171 1933 3209 dicendum
1964 3178 2019 3208 est
2054 3169 2160 3220 quod
2188 3170 2295 3207 Deus
2332 3169 2503 3219 seipsum

1429 3226 1535 3264 videt
1563 3226 1601 3264 in
1621 3226 1762 3275 seipso,
1784 3225 1873 3274 quia
1893 3224 2062 3274 seipsum
2090 3222 2195 3260 videt
2213 3233 2283 3272 per
2302 3222 2504 3260 essentiam

1432 3292 1555 3317 suam.
1576 3279 1661 3317 Alia
1681 3286 1811 3316 autem
1836 3291 1858 3316 a
1887 3290 1927 3316 se
1955 3276 2060 3315 videt
2088 3288 2167 3314 non
2186 3276 2224 3314 in
2243 3275 2348 3326 ipsis,
2369 3275 2437 3313 sed
2465 3275 2504 3313 in

1431 3333 1570 3383 seipso,
1592 3333 1820 3382 inquantum
1850 3330 2012 3369 essentia
2041 3341 2110 3368 sua
2140 3330 2308 3368 continet
2335 3327 2503 3367 similitu-

1432 3387 1562 3425 dinem
1591 3387 1754 3424 aliorum
1783 3385 1831 3423 ab
1860 3385 1956 3434 ipso.

1485 3519 1509 3552 δ)
1534 3520 1609 3545 Unde
1627 3519 1785 3552 quicumque
1803 3516 1910 3551 effectus
1965 3516 1991 3541 in
2012 3516 2069 3549 ipso
2088 3516 2144 3542 eius
2162 3516 2320 3550 intelligere.
2337 3529 2356 3534 -
2375 3513 2505 3540 Ominum

1431 3555 1610 3597 l3CDEF9pA
1629 3559 1655 3580 et
1673 3554 1751 3579 editio
1763 3559 1790 3578 a.
1802 3565 1823 3573 —
1839 3553 1891 3578 Pro
1909 3556 1936 3578 et
1947 3551 2020 3585 quod
2033 3553 2124 3578 omnia
2137 3552 2163 3578 in
2177 3558 2208 3577 eo
2221 3551 2284 3580 sint,
2298 3554 2326 3577 et
2338 3549 2401 3584 quta
2413 3549 2504 3575 omm'a

1434 3598 1459 3616 m
1479 3597 1510 3660 εἷς
1528 3589 1768 3652 ἶιὶῖιιῨ-(Ξαὶιῐαηει
1785 3623 1951 3657 ACEFGpD.
2159 3602 2163 3606 ⁸

2517 909 2528 921 ⁸¹
2542 908 2607 937 quod
2619 914 2668 930 om.
2677 907 2733 931 edd.

2518 935 2579 964 ¹508,
2597 941 2652 963 ¹5¹4-

2520 1308 2532 1320 *
2547 1307 2583 1331 ef.
2597 1313 2662 1330 num.
2677 1313 2695 1329 ι.

2528 2002 2539 2012 ·
2550 2001 2600 2030 Qu.
2609 2006 2636 2030 n,
2651 2003 2696 2024 ert.
2705 2006 2728 2030 3.
