2768 4178
1008 221 1276 269 QUAESTIO
1305 222 1352 269 V,
1382 221 1677 262 ARTICULUS
1708 222 1739 257 ΙΙ

2421 223 2468 270 57

961 335 1293 369 Commentario,
1317 335 1567 368 cardinalis
1590 335 1789 368 Caietani

307 444 327 464 n
351 433 446 465 titulo
470 433 683 474 quaestionis,
711 432 817 464 statim
841 432 978 463 occurrit
1001 431 1137 462 dubium
1161 430 1241 461 circa
1265 430 1347 460 ordi-

279 446 384 509 Inem
399 478 515 518 ipsius:
541 487 597 508 cur
612 478 690 508 haec
705 476 849 518 quaestio
866 476 904 506 de
923 476 1011 506 bono
1027 475 1092 506 fiat.
1116 475 1246 505 Bonum
1263 475 1348 505 enim

278 532 383 563 neque
406 522 494 563 prius
518 521 667 553 convenit
682 521 746 552 enti
760 530 859 562 quam
875 530 988 555 unum,
1007 529 1129 555 verum,
1147 526 1219 550 etc.:
1245 528 1348 560 neque

278 567 366 607 prius
398 566 545 597 convenit
574 572 704 596 naturae
733 564 856 595 divinae
889 564 1014 595 bonitas
1037 574 1136 604 quarn
1167 563 1270 593 unitas
1294 570 1349 597 aut

278 611 408 647 veritas,
433 617 469 641 ut
491 616 592 650 patet:
618 619 722 650 neque
745 609 795 640 hic
819 609 1005 639 ordinantur
1033 608 1193 639 tractanda
1217 608 1255 638 de
1279 608 1349 638 Deo

279 655 456 686 secundum
479 654 635 684 rationem
669 663 798 689 causae,
824 661 859 684 ut
883 659 1050 693 propterea
1080 653 1166 682 bono
1201 652 1351 682 debeatur

278 699 401 740 primus
424 699 525 734 locus,
542 697 618 739 quia
640 697 786 728 nominat
808 697 965 728 rationem
989 706 1100 728 causae
1117 695 1230 727 finalis.
1254 696 1351 726 Nulla

279 743 374 784 igitur
396 742 475 773 ratio
499 748 644 782 apparet,
669 751 766 783 quare
790 742 852 772 hoc
875 741 908 771 in
932 741 1005 772 loco
1030 741 1175 782 quaestio
1200 741 1238 771 de
1262 741 1349 771 bono

280 787 424 818 ordinata
448 786 496 817 sit.

334 831 371 861 11.
395 831 448 861 Ad
470 830 533 861 hoc
557 830 688 866 dicitur,
722 830 811 871 quod
840 830 985 871 quaestio
1010 830 1048 860 de
1073 830 1160 860 bono
1185 829 1351 869 dupliciter

280 875 418 906 ordinari
442 881 556 915 potest.
582 875 656 906 Uno
681 875 791 911 modo,
815 874 991 906 secundum
1015 882 1067 905 se:
1090 881 1120 905 et
1143 874 1187 904 sic
1207 884 1274 904 non
1299 874 1350 904 de-

279 920 372 951 betur
386 918 445 949 sibi
459 918 517 950 iste
535 919 636 955 locus,
653 925 688 950 ut
704 919 884 950 obiiciendo
902 919 1075 949 deductum
1092 925 1155 954 est;
1181 919 1235 949 sed
1255 928 1350 959 quae-

280 963 418 995 stionem
441 963 480 994 de
503 962 696 1003 perfectione
720 964 825 994 statim
844 963 988 1004 quaestio
1013 963 1051 993 de
1074 962 1227 993 infinitate
1247 962 1351 1004 sequi-

280 1015 341 1044 tur,
357 1017 512 1049 quaerens
529 1007 568 1038 de
583 1007 758 1048 quantitate
774 1007 975 1048 perfectionis
992 1008 1124 1038 divinae.
1149 1007 1223 1038 Alio
1240 1007 1349 1043 modo,

281 1057 317 1083 ut
339 1058 386 1083 est
403 1061 486 1092 pars
509 1057 668 1083 tractatus
690 1053 731 1083 de
747 1052 966 1093 perfectione:
989 1059 1020 1083 et
1040 1052 1132 1082 sicin
1148 1051 1287 1092 capitulo
1312 1052 1351 1081 de

280 1096 474 1137 perfectione
489 1096 666 1127 ordinanda
681 1104 743 1128 est:
771 1103 801 1127 et
815 1097 878 1127 hoc
894 1097 994 1128 modo
1010 1097 1044 1127 in
1059 1097 1160 1127 littera
1176 1095 1349 1126 ordinatur.

280 1141 322 1172 Et
344 1140 407 1171 hoc
430 1140 601 1172 insinuavit
629 1141 731 1172 littera
755 1148 821 1172 tam
844 1141 876 1171 in
896 1140 1052 1182 principio
1084 1140 1278 1180 quaestionis
1302 1149 1350 1175 iv,

281 1184 336 1216 ubi
360 1191 508 1216 tractatus
533 1185 571 1215 de
594 1185 785 1225 perfectione
805 1185 986 1221 inchoatur,
1013 1191 1043 1215 et
1062 1184 1190 1215 dicitur:
1215 1184 1258 1214 Et
1276 1185 1350 1224 quia

281 1229 547 1270 unumquodque,
570 1230 746 1261 secundum
770 1230 856 1270 quod
873 1229 1056 1271 perfectum
1081 1234 1138 1266 est,
1163 1229 1210 1259 sic
1232 1228 1352 1258 dicitur

279 1274 409 1311 ffinum,
422 1275 533 1314 primo
549 1274 713 1315 agendum
738 1279 785 1305 est
799 1274 839 1304 de
856 1273 1057 1314 perfectione
1075 1273 1196 1310 divina,
1211 1272 1351 1303 secundo

281 1318 322 1349 de
337 1319 406 1349 eius
428 1318 568 1349 bonitate
585 1316 691 1361 (quasi
715 1318 831 1348 diceret
849 1318 948 1358 quod,
965 1324 1095 1358 propter
1113 1316 1350 1357 perfectionem,

282 1363 322 1393 de
337 1362 478 1393 bonitate
494 1362 693 1393 tractandum
709 1369 755 1393 est
771 1361 895 1404 simul);
921 1372 1019 1403 quam
1035 1362 1068 1392 in
1084 1361 1241 1402 principio
1256 1371 1352 1402 quae-

282 1406 393 1438 stionis
409 1417 461 1442 vn,
482 1405 546 1442 ubi,
572 1406 714 1446 aperiens
738 1406 827 1447 quod
851 1407 889 1437 de
913 1407 1000 1437 bono
1026 1416 1081 1446 per
1104 1405 1256 1441 accidens,
1274 1405 1354 1436 idest

281 1449 403 1481 ratione
427 1449 643 1490 perfectionis,
668 1451 824 1487 tractavit,
850 1451 942 1481 dicit:
968 1451 1043 1481 Post
1066 1450 1352 1481 considerationem

275 1493 488 1536 perfectionis
501 1494 641 1532 divinae,
662 1495 702 1526 de
720 1495 878 1536 infinitate
893 1502 962 1531 etc.,
980 1495 1067 1526 nulla
1084 1494 1165 1525 facta
1189 1494 1351 1524 mentione

281 1539 321 1570 de
337 1538 488 1575 bonitate,
504 1539 542 1569 de
558 1548 622 1580 qua
639 1539 752 1570 fecerat
769 1539 847 1570 duas
862 1539 1075 1580 quaestiones.
1090 1557 1109 1561 -
1123 1539 1229 1576 Quare
1246 1545 1354 1569 autem

281 1583 322 1614 de
345 1583 485 1614 bonitate
509 1584 568 1614 sub
587 1590 718 1615 tractatu
736 1584 775 1614 de
791 1584 983 1624 perfectione
1001 1590 1179 1625 quaeratur,
1197 1583 1228 1613 in
1245 1593 1353 1623 prom-

281 1634 339 1669 ptu
365 1637 459 1658 causa
481 1634 528 1658 est
551 1627 582 1658 in
606 1628 708 1658 littera
732 1628 902 1669 assignata:
928 1628 1004 1669 quia
1027 1628 1144 1659 scilicet
1167 1637 1234 1658 esse
1253 1627 1353 1667 perfe-

283 1678 371 1703 ctum
395 1678 441 1703 est
463 1672 543 1702 ratio
567 1673 656 1713 quod
680 1672 799 1714 aliquid
825 1673 946 1704 dicatur
968 1673 1102 1703 bonum.

337 1716 389 1747 111.
412 1717 447 1746 In
471 1725 604 1756 corpore
629 1723 675 1748 est
705 1727 770 1747 una
798 1717 977 1753 conclusio,
1003 1716 1185 1757 responsiva
1208 1716 1352 1758 quaesito

282 1759 483 1791 affirmative:
507 1760 638 1792 Bonum
661 1768 692 1792 et
715 1771 770 1792 ens
794 1769 868 1792 sunt
891 1762 976 1792 idem
1000 1762 1177 1792 secundum
1202 1771 1278 1797 rem,
1299 1761 1355 1791 sed

283 1804 431 1836 differunt
454 1806 632 1836 secundum
656 1805 813 1836 rationem
836 1813 971 1837 tanturn.

337 1849 390 1880 1V.
410 1852 595 1890 Antequam
618 1851 770 1890 probetur
793 1850 966 1886 conclusio,
983 1851 1117 1885 adverte,
1142 1850 1270 1885 novitie,
1295 1856 1353 1880 ter—

282 1893 389 1925 minos
413 1894 638 1925 conclusionis.
662 1894 793 1925 Differre
825 1905 964 1936 namque
992 1894 1169 1925 secundum
1195 1894 1354 1925 rationem

282 1945 418 1974 tantum,
435 1938 636 1969 latitudinem
654 1939 762 1970 habet:
787 1949 862 1970 nam
886 1946 917 1970 et
935 1949 1017 1980 quae
1038 1938 1186 1969 differunt
1204 1939 1237 1968 in
1254 1938 1353 1968 modo

282 1989 409 2014 tantum
437 1981 651 2023 significandi,
676 1990 712 2014 ut
735 1983 835 2014 homo
859 1990 889 2014 et
912 1983 1109 2019 humanitas,
1135 1983 1256 2014 ratione
1287 1983 1354 2013 sola

283 2026 446 2063 differunt;
472 2033 503 2058 et
525 2027 626 2058 multa
650 2037 732 2068 quae
755 2027 904 2058 differunt
926 2027 1101 2058 rationibus
1124 2027 1302 2063 definitivis,
1321 2034 1356 2057 ut

283 2070 408 2112 lignum
424 2077 455 2101 et
478 2071 624 2107 dolabsse,
646 2072 713 2102 sola
737 2072 858 2103 ratione
880 2071 1036 2102 differunt.
1061 2072 1231 2112 Propterea
1247 2071 1355 2102 distin-

283 2125 360 2156 gue,
385 2115 474 2156 quod
497 2115 632 2155 differre
655 2117 781 2147 ratione
804 2116 988 2156 dupliciter:
1013 2116 1138 2152 scilicet,
1164 2117 1290 2147 ratione
1312 2117 1354 2146 si-

282 2159 456 2202 gnificata,
482 2169 538 2190 seu
562 2165 737 2201 concepta;
760 2160 822 2191 alio
848 2161 964 2197 mode,
990 2161 1116 2191 ratione
1139 2162 1354 2201 concipiente,

284 2213 340 2234 seu
363 2203 575 2246 significante.
602 2204 637 2234 In
661 2205 828 2245 proposito
854 2212 899 2236 est
923 2215 1027 2236 sermo
1052 2205 1090 2235 de
1115 2204 1287 2236 differentia
1309 2214 1355 2235 se-

284 2248 428 2279 cundum
450 2248 607 2279 rationem
630 2248 853 2290 significatam:
879 2249 921 2280 ita
945 2249 1034 2290 quod
1059 2259 1169 2280 sensus
1194 2256 1248 2285 est,
1267 2249 1357 2290 quod

283 2293 409 2323 bonum
432 2299 463 2323 et
485 2303 541 2323 ens
565 2292 713 2325 differunt
736 2294 915 2325 secundum
938 2304 1010 2324 suas
1035 2294 1171 2325 rationes
1195 2294 1355 2329 formales,

285 2336 472 2378 significatas
492 2347 606 2368 eorum
630 2338 826 2369 nominibus.

338 2381 377 2412 V.
397 2381 554 2412 Probatur
571 2392 645 2422 ergo
668 2383 842 2414 conclusio.
867 2383 985 2419 Primo,
1003 2383 1110 2424 quoad
1118 2384 1263 2424 primam
1275 2393 1356 2423 par-

283 2430 359 2464 tem,
375 2425 429 2456 sic.
453 2426 583 2457 Bonum
598 2427 693 2458 habet
711 2427 868 2458 rationem
891 2427 1085 2467 appetibilis:
1111 2437 1186 2467 ergo
1211 2427 1355 2467 perfecti:

285 2479 360 2510 ergo
384 2470 463 2501 entis
486 2470 519 2500 in
543 2478 633 2502 actu:
665 2481 739 2512 ergo
764 2472 854 2502 entis.
883 2472 967 2512 Ergo
992 2473 1116 2503 bonum
1145 2479 1175 2502 et
1199 2482 1253 2502 ens
1283 2478 1358 2502 sunt

284 2513 370 2544 idem
401 2515 578 2546 secundum
602 2525 680 2546 rem.
705 2534 725 2538 -
747 2516 946 2547 Antecedens
978 2517 1131 2556 probatur
1154 2526 1191 2547 ex
1216 2517 1226 2546 l
1251 2516 1356 2547 Ethic.

283 2558 390 2589 Prima
413 2560 640 2600 consequentia
663 2561 831 2600 probatur:
857 2560 931 2602 quia
955 2561 1064 2591 omnia
1087 2568 1242 2601 appetunt
1266 2571 1358 2591 suam

284 2603 522 2643 perfectionem.
549 2604 694 2635 Secunda
708 2615 783 2635 vero
805 2605 993 2646 relinquitur
1008 2612 1045 2636 ut
1060 2612 1146 2636 nota.
1172 2605 1280 2636 Tertia
1303 2615 1357 2635 au-

1404 438 1469 462 tem
1493 431 1661 471 probatur:
1686 431 1761 472 quia
1785 441 1851 461 esse
1882 438 1928 462 est
1952 432 2112 463 actualitas
2135 432 2241 463 omnis
2265 432 2318 463 rei.
2352 432 2471 463 Ultima

1405 482 1513 506 autem
1536 482 1631 516 patet.

1459 520 1590 556 Deinde,
1606 520 1713 561 quoad
1730 519 1903 551 secundam
1914 525 2053 560 partem.
2078 520 2207 551 Bonum
2226 520 2301 551 dicit
2315 520 2471 551 rationem

1406 564 1596 604 appetibilis:
1622 574 1720 605 quam
1739 574 1805 594 non
1826 564 1957 604 explicat
1981 574 2045 594 ens.
2070 565 2155 604 Ergo
2175 564 2321 595 differunt
2339 565 2470 595 ratione.

1459 609 1512 639 VI.
1529 608 1620 639 Circa
1636 608 1822 639 antecedens
1840 608 2016 638 dubitatur:
2042 609 2194 649 quoniam
2218 609 2297 639 illud
2321 609 2410 650 quod
2425 609 2470 639 di-

1406 653 1487 683 citur
1510 653 1548 683 de
1569 653 1677 694 aliquo
1700 653 1733 683 in
1750 653 1890 683 secundo
1907 652 2006 682 modo
2025 652 2147 685 dicendi
2158 663 2221 693 per
2239 663 2283 690 se,
2304 663 2370 683 non
2387 653 2469 684 clau-

1406 697 1490 728 ditur
1520 697 1552 727 in
1576 697 1697 728 ratione
1726 696 1811 727 illius
1843 696 1989 732 subiecti,
2015 697 2069 726 sed
2092 707 2109 727 e
2133 707 2304 733 converso,
2330 705 2364 728 ut
2387 704 2472 737 patet

1407 742 1418 772 I
1435 743 1556 772 Poster.
1570 739 1585 756 *
1610 741 1671 772 Sed
1691 741 1859 782 appetibile
1876 741 1989 771 dicitur
2006 741 2044 771 de
2060 741 2148 771 bono
2166 741 2199 771 in
2215 742 2354 772 secundo
2371 742 2470 772 modo

1407 786 1530 817 dicendi
1548 796 1613 826 per
1634 796 1678 816 se.
1709 786 1793 826 Ergo
1818 786 1942 816 bonum
1965 795 2031 816 non
2054 785 2149 816 habet
2170 785 2326 816 rationem
2350 786 2470 826 appeti-

1407 831 1494 867 bilis,
1519 831 1574 861 sed
1598 840 1614 860 e
1639 839 1803 861 converso.
1827 848 1847 852 -
1870 829 1977 860 Minor
1999 830 2161 870 probatur.
2190 830 2277 860 Turn
2301 831 2375 871 quia
2398 831 2470 861 ideo

1407 875 1527 916 aliquid
1543 881 1589 905 est
1605 874 1784 915 appetibile,
1797 874 1872 915 quia
1887 875 2022 904 bonurn:
2043 881 2073 904 et
2088 883 2154 904 non
2170 884 2187 904 e
2203 884 2364 905 converso.
2384 875 2472 905 Tum

1407 920 1482 961 quia
1514 920 1637 950 bonum
1668 926 1715 950 est
1747 918 1908 950 obiectum
1936 918 2068 949 formale
2098 918 2273 959 appetitus;
2305 919 2472 958 appetibile

1407 971 1515 995 autem
1538 970 1585 994 est
1608 963 1826 994 denominatio
1851 963 2021 994 extrinseca
2049 970 2175 1004 sumpta
2198 963 2236 993 ab
2261 963 2418 1003 appetitu;
2443 970 2473 994 et

1407 1009 1523 1039 habent
1546 1018 1579 1038 se
1603 1007 1683 1038 sicut
1707 1008 1794 1038 color
1810 1015 1841 1038 et
1858 1007 1995 1044 visibile;
2021 1014 2143 1038 constat
2166 1014 2273 1038 autem
2288 1008 2376 1048 quod
2399 1007 2472 1038 visi-

1407 1053 1468 1083 bile
1493 1052 1606 1083 dicitur
1629 1053 1669 1083 de
1692 1052 1798 1083 colore
1821 1053 1854 1083 in
1874 1052 2013 1083 secundo
2032 1053 2142 1088 modo,
2160 1062 2197 1082 ex
2217 1052 2243 1082 II
2259 1052 2299 1083 de
2312 1052 2430 1082 Anima
2444 1051 2470 1082 *.

1461 1097 1527 1128 V11.
1553 1097 1604 1127 Ad
1627 1097 1689 1127 hoc
1712 1103 1817 1137 potest
1840 1097 1899 1127 dici
1923 1096 2108 1137 dupliciter,
2138 1097 2223 1127 iuxta
2251 1097 2333 1127 duos
2357 1096 2472 1127 modos

1406 1141 1523 1182 quibus
1540 1141 1690 1181 accipitur
1712 1141 1831 1182 aliquid
1848 1141 1961 1172 habere
1981 1141 2137 1172 rationem
2152 1141 2339 1182 appetibilis,
2357 1141 2473 1172 scilicet

1399 1185 1610 1226 formaliter,
1637 1192 1667 1216 et
1690 1185 1997 1227 fundamentaliter.
2030 1185 2062 1216 Si
2086 1193 2229 1216 sumatur
2251 1186 2283 1227 ly
2307 1185 2473 1226 appetibile

1408 1229 1589 1264 formaliter,
1614 1236 1690 1260 tunc
1714 1230 1837 1260 bonum
1860 1229 1973 1260 dicitur
1997 1229 2109 1260 habere
2133 1229 2286 1260 rationem
2310 1231 2386 1266 eius,
2407 1241 2473 1261 non

1409 1280 1444 1304 ut
1467 1274 1677 1309 intrinsecam,
1698 1274 1753 1304 sed
1777 1280 1812 1304 ut
1834 1274 2025 1314 passionem.
2051 1274 2083 1304 Si
2106 1284 2181 1304 vero
2201 1281 2344 1305 sumatur
2363 1274 2474 1305 funda-

1409 1317 1594 1354 mentaliter,
1611 1324 1687 1348 tunc
1708 1318 1832 1348 bonum
1856 1318 1969 1348 dicitur
1987 1318 2102 1348 habere
2126 1318 2281 1349 rationem
2297 1319 2474 1359 appetibilis

1408 1362 1590 1393 intrinsece:
1615 1362 1770 1402 quoniam
1785 1362 1914 1402 propria
1932 1362 2010 1392 ratio
2027 1362 2103 1392 boni
2123 1369 2168 1393 est
2183 1362 2426 1394 fundamentum
2446 1370 2475 1394 et

1409 1417 1503 1438 causa
1526 1406 1654 1446 propria
1678 1406 1930 1447 appetibilitatis‚
1954 1406 2034 1437 sicut
2058 1407 2146 1437 color
2173 1407 2368 1438 visibilitatis.
2392 1425 2411 1429 -
2435 1407 2476 1438 Et

1408 1451 1480 1482 licet
1497 1458 1631 1492 utraque
1646 1450 1752 1490 glossa
1768 1450 1807 1481 sit
1823 1451 1967 1481 absolute
1989 1461 2072 1487 vera,
2089 1458 2119 1481 et
2134 1451 2236 1491 prima
2260 1461 2295 1481 ex
2319 1451 2474 1492 principio

1410 1495 1595 1527 Commenti
1620 1505 1644 1525 s.
1658 1495 1805 1525 Thomae
1830 1505 1924 1535 super
1947 1495 2043 1525 libros
2066 1495 2252 1526 Ethicorum
2268 1495 2285 1514 *
2307 1496 2474 1531 habeatur,

1410 1540 1547 1571 secunda
1570 1546 1677 1570 tamen
1703 1539 1735 1569 in
1759 1539 1926 1580 proposito
1950 1546 1996 1570 est
2024 1539 2138 1570 directe
2161 1540 2296 1571 intenta:
2322 1540 2476 1581 quoniam

1410 1585 1448 1615 de
1472 1584 1638 1615 intrinseca
1662 1584 1739 1614 boni
1763 1584 1883 1614 ratione
1908 1591 1953 1614 est
1977 1584 2130 1624 quaestio.

1466 1629 1548 1659 VIII.
1573 1628 1635 1659 Sed
1659 1629 1783 1659 adverte
1807 1628 1857 1658 hic
1881 1629 1980 1669 quod,
2003 1629 2149 1669 quamvis
2173 1628 2338 1669 quodlibet
2360 1629 2476 1659 horum

1410 1683 1492 1714 quae
1506 1673 1538 1702 in
1554 1673 1744 1703 deductione
1759 1672 1888 1703 rationis
1908 1680 2070 1713 assumpta
2086 1680 2160 1703 sunt
2171 1673 2197 1708 *,
2214 1672 2331 1703 scilicet
2350 1673 2475 1710 bonum,

1404 1717 1600 1759 perfectum,
1625 1727 1681 1748 ens
1705 1719 1736 1747 in
1761 1723 1847 1754 actu,
1869 1724 1898 1747 et
1917 1727 1984 1755 ens,
2002 1717 2153 1757 importet
2178 1717 2422 1748 fundamentum
2447 1724 2477 1747 et

1411 1772 1539 1793 causam
1555 1761 1748 1802 appetibilis;
1774 1768 1804 1792 et
1820 1768 1986 1802 propterea
2010 1761 2209 1792 concluditur
2224 1761 2369 1792 identitas
2388 1762 2477 1792 realis

1410 1807 1491 1837 inter
1514 1815 1563 1836 ea:
1589 1806 1696 1836 solum
1720 1813 1826 1837 tamen
1850 1806 1974 1836 bonum
1992 1806 2144 1846 importat
2160 1805 2343 1846 proximum
2367 1806 2478 1836 funda-

1411 1858 1556 1881 mentum
1572 1850 1766 1890 appetibilis;
1791 1850 1865 1891 quia
1881 1850 1989 1880 solum
2003 1851 2126 1881 bonum
2142 1850 2294 1890 significat
2308 1860 2376 1881 rem
2390 1850 2477 1880 illam

1410 1905 1492 1936 quae
1517 1895 1629 1925 fundat
1652 1894 1920 1935 appetibilitatem‚
1946 1902 1981 1925 ut
2004 1894 2116 1925 fundat
2140 1901 2169 1926 et
2193 1901 2299 1925 causat
2323 1904 2410 1925 eam:
2435 1894 2478 1925 ita

1411 1939 1500 1981 quod
1524 1946 1644 1980 quanto
1676 1939 1795 1980 aliquid
1823 1939 1956 1979 propius
1986 1939 2104 1970 accedit
2134 1939 2173 1969 ad
2204 1939 2279 1969 boni
2303 1939 2475 1975 rationem,

1410 1991 1498 2015 tanto
1534 1983 1634 2023 magis
1658 1983 1804 2023 exprimit
1838 1983 2084 2014 fundamentum
2108 1983 2283 2023 appetibilis
2297 2007 2304 2019 ,
2335 1990 2370 2013 ut
2393 1990 2478 2023 patet

1410 2028 1595 2059 discurrenti
1612 2038 1668 2068 per
1683 2027 1850 2068 praedicta.
1876 2028 1958 2058 Inter
1974 2037 2028 2058 ens
2048 2027 2205 2068 siquidem
2222 2034 2252 2058 et
2270 2028 2393 2058 bonum
2412 2037 2477 2057 me-

1410 2073 1497 2103 diant
1527 2083 1582 2103 ens
1612 2073 1645 2103 in
1678 2079 1750 2103 actu
1774 2079 1804 2103 et
1834 2071 2027 2112 perfectum:
2060 2079 2090 2102 et
2114 2078 2236 2102 constat
2265 2072 2355 2112 quod
2378 2072 2477 2112 magis

1411 2117 1595 2157 exprimitur
1619 2117 1697 2147 ratio
1714 2116 1891 2157 appetibilis
1914 2126 1970 2156 per
1989 2127 2044 2147 ens
2067 2117 2100 2146 in
2124 2123 2195 2147 actu
2212 2126 2309 2156 quam
2333 2126 2388 2156 per
2411 2126 2475 2152 ens,

1410 2160 1565 2202 quoniam
1589 2162 1846 2202 unumquodque
1871 2161 2030 2201 appetitur
2053 2161 2229 2191 secundum
2257 2160 2388 2200 aliquod
2412 2170 2477 2190 esse

1410 2206 1442 2236 in
1467 2212 1548 2241 actu,
1569 2215 1716 2245 praesens
1739 2206 1789 2236 vel
1813 2205 1972 2241 futurum;
1997 2212 2028 2236 et
2051 2205 2154 2236 adhuc
2178 2204 2277 2244 magis
2301 2214 2356 2244 per
2379 2204 2477 2244 perfe-

1412 2257 1509 2286 ctum,
1527 2250 1616 2291 quod
1639 2250 1790 2290 importat
1811 2249 2094 2290 complementum,
2118 2249 2193 2290 quia
2217 2256 2247 2279 et
2266 2259 2331 2279 esse
2355 2248 2387 2278 in
2407 2256 2477 2279 actu

1411 2294 1570 2335 appetitur
1593 2295 1632 2325 ad
1656 2294 1944 2334 complementum;
1969 2301 2000 2324 et
2023 2294 2137 2324 ultimo
2162 2303 2217 2334 per
2239 2294 2380 2329 bonum,
2405 2293 2479 2334 quia

1412 2349 1470 2369 nec
1494 2339 1768 2379 complementum
1783 2338 1889 2378 ipsum
1913 2338 2080 2378 appetitur,
2098 2338 2157 2368 nisi
2181 2338 2257 2379 quia
2275 2338 2399 2368 bonum
2422 2345 2477 2373 est,

1412 2390 1467 2414 aut
1490 2390 1620 2424 apparet
1642 2383 1813 2424 appetenti.
1832 2383 1985 2423 Importat
2005 2393 2079 2423 ergo
2099 2383 2222 2413 bonum
2246 2382 2400 2412 rationem
2424 2392 2478 2421 ap-

1412 2427 1557 2468 petibilis,
1578 2428 1658 2458 idest
1682 2427 1927 2458 fundamentum
1948 2434 1978 2458 et
2003 2427 2158 2458 rationem
2183 2426 2360 2467 proximam
2382 2436 2478 2466 quare

1411 2472 1532 2513 aliquid
1555 2472 1594 2502 sit
1617 2472 1803 2512 appetibile:
1829 2481 1910 2512 quae
1934 2471 2008 2512 quia
2032 2472 2142 2502 eadem
2166 2478 2212 2502 est
2240 2470 2424 2511 perfectioni
2448 2478 2478 2501 et

1404 2527 1488 2553 -esse,
1511 2517 1597 2547 idern
1616 2524 1663 2547 est
1685 2517 1775 2557 quod
1798 2526 1863 2547 ens.
1888 2516 1949 2547 Sed
1973 2516 2048 2556 quia
2079 2523 2114 2546 ut
2137 2516 2181 2546 sic
2204 2525 2270 2546 non
2295 2515 2477 2554 exprimitur

1411 2562 1450 2591 ab
1474 2568 1561 2597 ente,
1586 2561 1642 2591 sed
1665 2561 1809 2591 absolute
1833 2561 2010 2591 secundum
2033 2570 2084 2596 se,
2114 2560 2186 2590 ideo
2211 2559 2412 2599 distinguitur
2440 2560 2477 2589 ab

1413 2612 1483 2636 ente
1507 2605 1627 2636 ratione
1652 2605 1788 2635 formali.

1061 2760 1380 2803 ARTICULUS
1411 2759 1711 2803 SECUNDUS

712 2848 867 2884 UTRUM
890 2853 1045 2885 BONUM
1070 2854 1308 2885 SECUNDUM
1332 2854 1561 2885 RATIONEM
1586 2853 1652 2884 slr
1676 2853 1798 2884 PRIUS
1823 2854 1948 2890 QUAM
1973 2853 2053 2883 ENs

630 2942 639 2966 I
660 2942 742 2971 Sent.,
763 2942 822 2967 dist.
834 2949 888 2973 vm,
908 2950 953 2975 qu.
972 2950 989 2971 ι,
1009 2948 1055 2968 art.
1077 2942 1104 2973 3;
1124 2942 1155 2967 111
1178 2943 1254 2968 Cont.
1276 2943 1364 2971 Gent„
1384 2950 1440 2974 cap.
1460 2949 1504 2971 xx;
1525 2942 1567 2966 De
1590 2941 1680 2969 Ver-it„
1700 2949 1746 2973 qu.
1765 2949 1814 2972 xx1,
1834 2946 1881 2966 art.
1902 2948 1924 2970 2,
1945 2941 1976 2966 ad
1997 2941 2025 2971 5;
2045 2946 2091 2965 art.
2113 2940 2135 2965 3.

323 3043 329 3058 i
376 3047 380 3057 τ

318 3050 384 3086 ης,
408 3058 443 3074 ,11
501 3043 523 3068 D
539 3043 729 3068 SECUNDUM
745 3043 797 3068 sm
813 3042 1052 3069 moeson-ua.
1069 3031 1230 3069 Videtur
1249 3031 1355 3079 quod

321 3074 649 3142 WA'bonum
692 3084 905 3121 secundum
943 3085 1132 3122 rationem
1170 3085 1216 3122 sit
1253 3084 1356 3134 prius

306 3135 354 3189 'gis
368 3182 381 3190 .
404 3181 415 3189 ἱ
445 3141 470 3175 ‘6
500 3149 617 3186 quam
639 3150 717 3174 ens.
744 3137 852 3175 Ordo
874 3138 976 3175 enim
1000 3138 1203 3176 nominum
1224 3145 1279 3175 est
1299 3151 1355 3175 se—

347 3204 356 3212 *
379 3190 396 3211 3'
423 3204 435 3217 ’-
460 3181 672 3228 cundum
701 3191 877 3228 ordinem
906 3204 1035 3228 rerum
1061 3191 1357 3240 significatarum

287 3254 356 3291 per
383 3241 540 3280 nomina
567 3250 596 3280 α.
627 3245 705 3282 Sed
734 3244 954 3292 Dionysius,
973 3245 1071 3282 inter
1099 3245 1170 3282 alia
1198 3244 1357 3282 nomina

287 3295 380 3341 Dei,
409 3295 513 3342 prius
531 3295 549 3324 Ρ
575 3298 684 3346 ponit
711 3298 858 3335 bonum
889 3310 1005 3346 quam
1035 3311 1113 3345 ens,
1138 3306 1180 3334 ut
1197 3305 1300 3347 patet
1319 3298 1357 3335 in

289 3360 324 3385 111
355 3360 437 3396 cap.
458 3349 504 3385 de
533 3349 617 3386 Div.
643 3351 760 3388 Nom.
781 3351 801 3372 '¹‘
829 3352 931 3399 Ergo
961 3352 1110 3388 bonum
1143 3351 1357 3389 secundum

289 3401 476 3438 rationem
506 3410 562 3438 est
587 3403 692 3452 prius
721 3417 839 3452 quam
870 3417 948 3441 ens.

343 3551 371 3584 α)
391 3552 508 3576 nomina.
526 3565 546 3570 -
563 3558 658 3576 nomen
677 3552 779 3577 codices
798 3558 824 3578 et
843 3554 883 3578 ed.
898 3561 923 3578 a.

345 3585 370 3619 β)
385 3588 473 3619 prius.
490 3601 510 3606 —
522 3587 614 3619 primo
632 3587 699 3612 PFG
717 3592 743 3612 et
761 3588 820 3613 edd.
838 3596 855 3613 a
866 3589 889 3614 b.

432 3640 543 3665 Summus
561 3640 662 3665 Tuum„
683 3640 712 3664 D.
726 3639 840 3665 Tuoun
859 3640 891 3666 T.
912 3642 929 3666 1.

1386 3556 1390 3620 l

1466 3043 1500 3067 2.
1532 3032 1765 3078 ΡΚΑΕΤΕΚΕΑ,
1796 3030 1887 3067 illud
1916 3037 1972 3067 est
1998 3030 2103 3078 prius
2128 3029 2337 3066 secundum
2367 3030 2477 3066 ratio-

1411 3097 1513 3131 nem,
1545 3083 1650 3132 quod
1678 3083 1855 3132 ad'plura
1875 3096 1915 3120 se
1946 3082 2120 3120 extendit.
2153 3083 2228 3119 Sed
2257 3083 2403 3119 bonum
2429 3083 2477 3119 ad

1410 3139 1520 3187 plura
1548 3149 1588 3174 se
1618 3136 1784 3174 extendit
1820 3149 1937 3186 quam
1967 3148 2050 3173 ens:
2081 3136 2180 3185 quia,
2206 3143 2246 3172 ut
2270 3136 2358 3172 dicit
2385 3136 2477 3172 Dio-

1412 3191 1552 3240 nysius,
1573 3203 1597 3226 v
1622 3202 1704 3238 cap.
1725 3190 1771 3227 de
1788 3191 1876 3227 Div.
1899 3190 2014 3226 Nom.
2035 3189 2066 3236 *,
2095 3190 2234 3225 bonum
2258 3201 2298 3225 se
2315 3189 2479 3226 extendit

1411 3246 1463 3282 ad
1489 3243 1682 3280 existentia
1708 3249 1744 3280 et
1770 3255 1844 3280 non
1874 3243 2085 3287 existentia,
2115 3254 2179 3278 ens
2206 3254 2296 3278 vero
2322 3242 2373 3278 ad
2399 3243 2477 3278 exi-

1412 3298 1542 3335 stentia
1563 3302 1706 3333 tantum
1721 3301 1746 3333 ⁷.
1776 3297 1878 3344 Ergo
1898 3297 2042 3333 bonum
2068 3303 2122 3332 est
2140 3294 2244 3343 prius
2264 3295 2476 3332 secundum

1414 3351 1600 3388 rationem
1629 3362 1747 3397 quam
1776 3362 1854 3386 ens.

1470 3405 1504 3440 3.
1535 3405 1768 3450 ΡΒΑΕΤΕΚΕΑ,
1799 3404 1904 3450 quod
1934 3409 1990 3438 est
2017 3401 2279 3447 universalius,
2301 3409 2356 3437 est
2374 3401 2477 3450 prius

1467 3554 1494 3586 γ)
1513 3559 1559 3577 ens
1579 3559 1642 3577 vero
1660 3552 1698 3576 ad
1716 3552 1861 3577 existentia
1880 3555 1993 3577 tantum.
2006 3565 2025 3570 —
2039 3558 2084 3576 ens
2104 3558 2166 3576 vero
2184 3559 2212 3576 se
2229 3552 2353 3577 extendit
2366 3552 2402 3576 ad
2419 3552 2478 3577 exi·

1414 3589 1512 3613 stentia
1531 3591 1635 3612 tantum
1655 3587 1766 3612 codices.

2319 3638 2335 3662 8

2499 749 2507 757 ·
2524 748 2581 776 Cap.
2594 755 2623 775 iv,
2639 755 2694 775 n.4.

2501 1059 2509 1068 ·
2525 1058 2581 1086 Cap.
2593 1064 2633 1086 vn,
2648 1064 2671 1079 n.
2683 1064 2697 1079 ι.

2502 1502 2512 1513 “
2529 1500 2591 1522 Lect.
2602 1506 2617 1521 1.

2505 1682 2514 1691 ·
2530 1680 2566 1702 Cf.
2582 1686 2645 1702 num.
2656 1686 2677 1701 v.

2505 3205 2515 3215 ⁸
2530 3204 2555 3225 S.
2565 3203 2612 3224 Th.
2627 3204 2678 3224 lect.
2690 3209 2704 3224 1.

2602 3311 2617 3335 Υ
