2768 4178
962 219 1230 265 QUAESTIO
1262 220 1328 266 111,
1358 220 1658 257 ARTICULUS
1689 223 1737 257 111
2396 227 2444 275 39

253 296 329 337 quia
343 302 471 337 oportet
486 297 575 338 quod
591 297 759 328 conveniat
773 296 954 337 composito
968 306 1005 327 ex
1019 296 1150 327 materia
1166 303 1196 327 et
1210 296 1324 333 forma,

254 340 306 371 cui
329 350 396 371 non
419 347 525 381 potest
548 341 716 372 convenire
745 350 836 381 agere
862 340 923 371 nisi
946 341 1124 372 secundum
1147 348 1279 382 partem.
1305 359 1325 363 —

253 385 316 416 Sed
334 391 441 416 tamen
456 384 642 416 huiusmodi
665 385 840 416 materiales
859 384 1040 421 activitates,
1058 385 1234 416 secundum
1251 395 1324 426 pro-

253 429 336 470 prias
361 429 498 460 rationes
521 437 678 471 sumptae,
695 429 844 460 dicuntur
860 429 1028 460 convenire
1043 429 1136 461 alicui
1146 431 1267 470 primo,
1285 440 1324 460 eo

253 474 354 504 modo
378 484 445 515 quo
469 474 620 514 possibile
648 480 695 505 est
724 473 858 504 inveniri
875 474 986 514 primo
1016 474 1049 504 in
1073 474 1187 505 talium
1210 484 1324 505 conve-

253 518 380 555 nientia,
398 518 479 550 idest
501 519 533 549 in
557 528 670 559 genere
693 517 906 549 materialium
924 518 1097 558 agentium,
1114 525 1144 549 et
1162 528 1229 549 non
1253 518 1326 549 sim—

253 563 385 603 pliciter.
398 581 418 586 -
434 563 475 594 Et
489 569 658 606 propterea
672 562 820 593 instantia
836 572 903 593 non
919 569 966 593 est
985 569 1095 594 contra
1109 563 1324 603 propositum.

253 607 418 645 Quoniam
437 607 509 638 licet
528 607 567 637 de
590 607 662 648 igne
686 613 717 638 et
740 607 853 643 calore,
870 614 900 638 et
918 606 986 637 aliis
1002 607 1216 638 materialibus
1230 607 1324 638 ratio-

252 651 347 682 nibus
371 651 488 688 activis,
506 661 572 682 non
588 658 738 692 appareat
759 651 806 682 vis
830 651 1084 692 consequentiae,
1102 651 1164 682 hoc
1188 658 1234 683 est
1249 652 1325 693 quia

252 696 285 726 in
310 695 354 726 eis
377 706 444 726 non
460 695 619 727 invenitur
642 705 710 727 esse
725 705 821 736 agens
843 706 902 727 nec
926 706 993 726 esse
1012 696 1073 727 tale
1097 706 1193 736 agens
1202 698 1323 737 primo,

252 740 309 771 sed
324 750 392 771 esse
407 740 469 771 tale
486 749 581 780 agens
597 740 702 781 primo
718 741 750 771 in
764 750 888 781 genere
903 741 1070 782 agentium
1091 741 1323 772 materialium:

252 784 308 815 ubi
326 784 470 825 primitas
488 794 556 815 non
571 784 707 816 excludit
722 792 855 825 partem.
879 785 920 816 Et
936 791 1042 816 tamen
1061 792 1184 816 constat
1203 793 1325 826 partem

250 828 376 861 excludi
400 839 456 869 per
478 828 672 869 primitatem
695 828 889 870 simpliciter.

305 873 373 905 Stat
395 873 492 914 igitur
513 873 561 904 vis
585 873 843 915 consequentiae,
867 874 957 915 quod
980 874 1006 904 si
1030 874 1117 905 Deus
1142 881 1188 905 est
1210 885 1267 915 per
1291 885 1324 905 se

251 917 357 959 primo
382 928 493 959 agens,
520 928 595 959 ergo
626 925 673 949 est
691 928 748 959 per
770 928 803 949 se
827 918 932 959 primo
966 918 1079 949 forma.
1104 918 1189 956 Quia
1213 929 1269 960 per
1292 929 1324 950 se

250 962 357 1003 primo
373 972 480 1003 agens,
497 969 544 994 est
565 972 660 1004 agens
680 973 746 994 non
770 973 827 1004 per
849 963 945 999 aliud,
962 962 1043 994 idest
1068 973 1126 994 nec
1151 963 1246 994 etiam
1269 974 1325 1005 per

251 1013 384 1048 partem,
397 1007 453 1038 sed
469 1017 501 1038 se
518 1014 601 1038 toto:
619 1018 656 1038 ac
672 1018 728 1048 per
743 1007 806 1039 hoc
821 1014 948 1048 oportet
963 1014 1069 1039 totum
1086 1018 1153 1038 esse
1170 1007 1323 1045 formam;

250 1058 282 1082 et
305 1058 536 1093 consequenter
558 1052 810 1092 incompositum
833 1062 901 1083 esse
925 1062 962 1083 ex
986 1052 1116 1083 materia
1139 1059 1169 1083 et
1188 1052 1301 1084 forma.

305 1096 374 1128 VII.
393 1097 428 1127 ln
447 1097 656 1138 responsione
672 1097 712 1127 ad
728 1097 866 1134 tertium,
888 1097 1023 1128 dubium
1039 1097 1178 1128 nascitur
1201 1107 1238 1127 ex
1258 1098 1324 1128 Du-

217 1156 224 1167 ν
250 1140 351 1172 rando
366 1138 382 1156 ’¹
405 1148 515 1172 contra
539 1141 730 1182 assignatam
753 1142 872 1172 ibidem
896 1151 1025 1172 causam
1047 1141 1324 1178 individuationis,

250 1185 368 1217 scilicet
390 1186 487 1226 recipi
511 1186 544 1216 in
566 1186 708 1222 materia,
727 1186 778 1217 vel
797 1197 863 1217 non
888 1196 982 1226 posse
1006 1185 1102 1226 recipi
1118 1185 1151 1216 in
1171 1195 1217 1216 ea.
1243 1186 1325 1216 Indi-

250 1229 387 1271 {iduum
409 1230 526 1261 dicitur
548 1229 751 1262 individuum
774 1241 831 1272 per
854 1230 1058 1270 negationem
1081 1229 1246 1260 divisionis
1261 1240 1326 1272 qua

250 1275 398 1316 superius
421 1275 572 1306 dividitur
594 1275 627 1306 in
651 1285 709 1306 sua
731 1274 895 1306 inferiora:
921 1281 952 1305 et
975 1281 1022 1305 est
1043 1274 1247 1305 individuum
1271 1285 1327 1315 per

251 1320 456 1361 negationem
480 1319 604 1350 essendi
634 1319 667 1350 in
690 1319 753 1350 alio
775 1320 860 1350 sicut
881 1320 914 1349 in
938 1319 1078 1350 subiecto
1101 1318 1269 1360 inferiori,
1296 1326 1326 1350 et

251 1374 318 1396 non
346 1374 404 1406 per
430 1364 634 1405 negationem
662 1364 786 1394 essendi
809 1364 842 1394 in
866 1363 929 1394 alio
952 1365 1035 1394 sicut
1059 1365 1091 1394 in
1115 1363 1255 1395 subiecto
1278 1365 1325 1394 in-

242 1408 466 1450 formationis.
495 1408 558 1440 Sed
581 1414 647 1439 tam
670 1408 767 1449 recipi
790 1408 822 1439 in
846 1408 993 1444 materia,
1018 1418 1117 1449 quam
1140 1418 1208 1439 non
1231 1418 1326 1449 posse

250 1452 348 1494 recipi
370 1452 404 1483 in
425 1453 488 1489 illa,
509 1459 652 1493 spectant
670 1453 710 1483 ad
730 1463 797 1484 esse
821 1459 852 1484 et
875 1463 941 1483 non
961 1458 1028 1483 esse
1052 1452 1085 1483 in
1108 1452 1171 1483 alio
1196 1452 1277 1484 sicut
1292 1453 1325 1484 in

250 1497 395 1530 subiecto
418 1497 664 1528 informationis.
689 1497 774 1538 Ergo
799 1497 878 1528 nihil
901 1497 1020 1528 horum
1043 1504 1163 1537 spectat
1187 1498 1226 1528 ad
1245 1497 1326 1528 indi-

249 1542 486 1574 viduationem:
512 1542 567 1573 sed
591 1542 810 1583 aequivocatio
835 1542 1007 1573 commissa
1028 1549 1075 1573 est
1098 1542 1178 1573 circa
1201 1542 1234 1583 ly
1258 1552 1326 1573 esse

251 1589 284 1618 in
300 1587 367 1618 alio
383 1594 414 1618 et
429 1587 462 1628 ly
481 1587 668 1618 subiectum.
685 1605 704 1609 —
720 1587 824 1618 Maior
843 1593 945 1627 patet:
971 1586 1115 1627 alioquin
1131 1586 1194 1617 hoc
1215 1587 1325 1618 album

250 1642 318 1664 non
349 1638 430 1662 esset
456 1631 676 1667 individuum,
707 1641 781 1662 cum
805 1631 846 1662 sit
874 1631 907 1661 in
932 1631 995 1661 alio
1019 1631 1100 1662 sicut
1123 1631 1156 1661 in
1180 1631 1324 1662 subiecto

250 1675 496 1712 informationis,
517 1675 635 1707 scilicet
657 1676 690 1706 in
713 1675 772 1707 hac
791 1675 977 1707 substantia.
997 1675 1105 1707 Minor
1116 1685 1192 1706 vero
1209 1683 1255 1707 est
1270 1686 1326 1717 per

250 1731 285 1755 se
307 1727 395 1752 nota.

310 1765 352 1796 Et
363 1764 580 1797 confirmatur.
598 1765 729 1796 Materia
741 1775 807 1795 non
821 1771 867 1796 est
882 1764 1025 1805 primum
1041 1764 1220 1796 subiectum
1235 1775 1324 1805 prae-

250 1809 428 1846 dicationis,
451 1809 533 1840 idest
547 1809 698 1840 infimum
717 1809 907 1840 subiicibile:
924 1810 979 1840 sed
999 1816 1046 1840 est
1064 1809 1206 1850 primum
1222 1809 1322 1840 subie.

251 1861 340 1886 ctum
362 1854 599 1885 informationis
623 1854 709 1894 Ergo
731 1864 768 1884 ex
791 1854 854 1885 hoc
877 1854 967 1894 quod
991 1861 1037 1885 est
1060 1853 1202 1894 primum
1221 1853 1324 1884 subie-

251 1906 350 1936 ctum,
367 1909 434 1930 non
446 1905 493 1930 est
508 1898 721 1929 individuans.
735 1916 755 1921 -
767 1898 1007 1939 Consequentia
1022 1905 1108 1929 nota.
1126 1899 1324 1929 Antecedens

250 1945 414 1985 probatur.
440 1943 526 1982 Quia
549 1943 708 1979 materiae,
734 1942 791 1973 etsi
815 1942 982 1974 conveniat
1006 1952 1043 1973 ex
1066 1953 1099 1973 se
1124 1942 1251 1983 negatio
1276 1953 1323 1973 es-

250 1988 342 2020 sendi
370 1988 405 2019 in
435 1988 498 2019 alio
531 1994 566 2018 ut
594 1987 627 2018 in
658 1987 802 2018 subiecto
833 1986 1084 2023 informationis,
1121 1997 1188 2018 non
1217 1994 1324 2018 tamen

251 2032 402 2064 convenit
425 2032 453 2063 ei
477 2031 604 2072 negatio
628 2032 752 2062 essendi
768 2031 801 2062 in
825 2031 887 2062 alio
907 2031 991 2063 utin
1008 2032 1151 2063 subiecto
1167 2031 1323 2063 inferiori:

251 2077 408 2120 quoniam
432 2077 563 2108 materia
592 2083 638 2107 est
661 2076 828 2117 quoddam
851 2076 1043 2112 universale,
1073 2083 1103 2107 et
1126 2076 1325 2117 praedicatur

251 2122 291 2153 de
313 2121 373 2153 hac
396 2128 427 2153 et
449 2121 504 2152 illa
534 2121 665 2152 materia
693 2128 728 2152 ut
751 2120 928 2151 universale
957 2127 987 2151 et
1018 2120 1164 2161 superius
1193 2121 1232 2151 de
1260 2121 1325 2152 suis

250 2165 470 2202 inferioribus,
495 2172 531 2196 ut
552 2172 655 2206 patet:
681 2165 824 2206 alioquin
848 2165 979 2195 materia
1003 2175 1069 2195 non
1094 2171 1175 2196 esset
1198 2165 1324 2201 scibilis,

251 2221 327 2242 cum
349 2210 480 2242 scientia
503 2220 571 2241 non
594 2209 634 2241 sit
657 2209 719 2240 nisi
742 2209 981 2240 universalium.
1006 2227 1026 2232 -
1049 2209 1132 2240 Male
1162 2209 1258 2250 igitur
1282 2210 1326 2240 vi—

251 2255 343 2287 detur
371 2254 475 2286 littera
497 2254 672 2295 assignasse
695 2254 853 2285 rationem
876 2253 1033 2284 individui
1057 2264 1094 2284 ex
1118 2254 1259 2285 materia.

305 2299 390 2331 VIII.
413 2299 466 2330 Ad
489 2299 552 2330 hoc
574 2306 622 2330 est
645 2298 779 2330 breviter
802 2298 984 2334 dicendum,
1007 2299 1214 2330 concedendo
1238 2299 1326 2339 quod

251 2345 333 2376 alius
357 2351 404 2375 est
427 2344 546 2375 modus
562 2343 686 2374 essendi
709 2343 742 2374 in
766 2343 829 2373 alio
846 2345 891 2374 ut'
904 2343 937 2373 in
961 2343 1105 2374 subiecto
1129 2343 1280 2380 inferiori,
1298 2350 1329 2374 et

251 2389 332 2421 alius
355 2396 392 2420 ut
414 2388 448 2419 in
471 2388 614 2420 subiecto
638 2387 889 2419 informationis:
915 2395 946 2419 et
961 2388 1106 2419 similiter
1129 2389 1218 2429 quod
1242 2388 1329 2419 aliud

251 2440 300 2465 est
321 2443 390 2464 esse
409 2433 589 2464 subiectum
608 2432 653 2463 ibi
669 2440 700 2463 et
715 2432 776 2463 hic.
802 2432 864 2464 Sed
879 2442 954 2463 cum
974 2432 1036 2463 hoc
1052 2440 1112 2464 stat
1131 2433 1221 2473 quod
1238 2440 1329 2464 natu-

1380 306 1449 327 ram
1473 307 1540 328 esse
1563 298 1596 328 in
1620 299 1683 329 alio
1707 306 1743 330 ut
1767 301 1911 340 superius
1927 302 1960 332 in
1975 303 2124 340 inferiori,
2142 315 2208 335 non
2227 315 2444 346 quocumque,

1380 341 1436 371 sed
1459 341 1619 382 singulari,
1637 349 1668 373 et
1690 353 1761 373 eam
1777 354 1844 375 esse
1867 345 1899 375 in
1923 347 1985 377 alio
2005 358 2060 387 per
2082 348 2352 386 informationem,
2373 358 2446 381 sunt

1380 385 1476 422 idem,
1493 396 1560 416 non
1575 386 1778 428 formaliter,
1795 389 1850 419 sed
1873 391 2069 422 causaliter:
2091 392 2134 423 ita
2157 394 2246 433 quod
2262 394 2301 424 ad
2320 394 2446 435 quiddi-

1379 436 1477 460 tatem
1500 430 1641 472 aliquam
1665 441 1731 462 esse
1754 432 1786 462 in
1811 433 1873 463 alio
1897 444 1952 474 per
1973 435 2242 474 informationem,
2267 438 2447 469 naturaliter

1380 474 1522 515 sequitur
1554 475 1657 515 ipsam
1681 486 1748 506 esse
1780 476 1813 506 in
1842 477 1905 508 alio
1929 485 1965 509 ut
1996 479 2135 511 inferiori
2158 481 2323 522 singulari3
2353 489 2384 513 et
2407 484 2447 512 ad

1379 519 1589 559 quidditatem
1612 530 1679 551 non
1702 529 1796 561 posse
1819 531 1886 552 esse
1909 522 1942 552 in
1966 523 2027 554 alio
2044 535 2100 564 per
2114 525 2383 563 informationem,
2401 537 2446 557 se-

1379 563 1488 604 quitur
1510 563 1613 604 ipsam
1636 575 1702 595 non
1727 575 1820 605 posse
1845 576 1911 596 esse
1934 567 1967 597 in
1991 567 2141 608 singulari
2164 576 2200 600 ut
2222 570 2372 607 inferiori,
2392 572 2447 602 sed

1379 607 1482 648 ipsam
1506 618 1572 639 esse
1596 619 1652 648 per
1676 619 1708 640 se
1731 609 1932 650 singularem.
1963 612 2004 642 Et
2026 613 2088 643 hoc
2112 621 2157 644 est
2179 615 2268 655 quod
2291 615 2323 645 in
2346 615 2447 646 littera

1380 652 1504 684 dicitur.
1529 653 1678 693 Assignat
1698 654 1783 684 enim
1807 664 1874 685 esse
1898 656 1947 686 vel
1971 666 2037 686 non
2061 667 2127 687 esse
2150 658 2182 688 in
2198 659 2260 689 alio
2280 669 2335 699 per
2350 659 2447 690 infor-

1379 697 1565 734 mationem,
1577 708 1641 738 pro
1665 699 1774 729 radice
1798 699 2079 731 individuationis,·
2103 709 2133 732 et
2155 712 2219 733 non
2236 713 2293 743 pro
2304 703 2447 744 formali

1379 743 1582 773 constitutivo
1605 743 1777 781 individui,
1803 750 1839 774 ut
1862 744 2056 775 obiectiones
2085 746 2167 776 male
2194 747 2445 787 interpretantur.

1379 786 1516 817 Probare
1540 794 1648 818 autem
1671 788 1760 828 quod
1784 788 1861 819 haec
1884 789 1924 819 sit
1951 789 2037 819 radix
2059 789 2333 828 individuationis,
2358 802 2447 832 prae-

1379 831 1476 862 sentis
1500 831 1621 862 excedit
1643 831 1760 863 limites
1783 833 1915 873 negotii:
1940 833 2071 864 inferius
2086 834 2104 853 *
2127 835 2243 875 potius,
2261 836 2316 866 ubi
2340 837 2378 866 de
2401 837 2447 867 in-

1379 875 1596 906 dividuatione
1620 886 1656 906 ex
1679 877 1847 916 proposito
1871 884 1998 917 agetur,
2023 879 2214 910 tractabitur.
2242 879 2296 910 Sat
2319 886 2364 911 est
2386 881 2447 917 hic,

1379 930 1438 960 pro
1458 920 1570 951 notitia
1585 920 1715 956 litterae,
1725 921 1802 952 scire
1819 922 1918 963 quod,
1933 923 2018 963 apud
2038 933 2106 959 nos,
2120 924 2177 954 iste
2194 924 2310 954 modus
2327 926 2448 955 essendi

1379 964 1411 994 in
1435 965 1498 995 alio
1518 975 1574 1005 per
1593 964 1863 1002 informationem,
1881 977 1946 997 non
1967 974 2012 998 est
2027 968 2249 999 constitutivus
2266 968 2447 1006 formaliter,

1379 1009 1447 1050 sed⁴
1459 1009 1634 1046 causaliter,
1658 1009 1824 1041 individui.

1436 1053 1490 1084 lx.
1508 1054 1600 1085 Unde
1617 1055 1655 1084 ad
1672 1054 1886 1086 obiectionem
1907 1055 1939 1085 in
1960 1056 2147 1096 oppositum
2169 1057 2291 1094 dicitur,
2308 1059 2396 1099 quod
2413 1069 2448 1089 ex

1379 1097 1442 1128 hoc
1464 1099 1555 1139 quod
1570 1099 1632 1130 hoc
1656 1100 1765 1130 album
1781 1107 1827 1130 est
1849 1100 2060 1137 individuum,
2082 1108 2112 1132 et
2135 1101 2167 1131 in
2191 1102 2254 1132 alio
2278 1112 2333 1143 per
2351 1102 2448 1134 infor-

1379 1142 1565 1179 mationem,
1586 1144 1665 1174 nihil
1689 1144 1775 1175 aliud
1798 1145 1931 1175 habetur
1954 1145 2014 1175 nisi
2033 1146 2123 1186 quod
2139 1156 2205 1176 esse
2221 1146 2238 1165 *
2261 1147 2293 1177 in
2312 1147 2374 1177 alio
2395 1158 2450 1188 per

1379 1186 1659 1224 informationem,
1685 1198 1751 1219 non
1775 1196 1821 1219 est
1849 1188 1981 1220 formale
2012 1190 2253 1221 constitutivum
2284 1191 2448 1223 individui.

1380 1231 1442 1261 Sed
1458 1242 1533 1262 curn
1556 1232 1618 1263 hoc
1638 1239 1698 1263 stat
1716 1233 1815 1274 quod,
1833 1233 1858 1263 si
1882 1234 2034 1264 albedinis
2051 1242 2162 1265 natura
2178 1245 2244 1265 non
2260 1243 2367 1276 posset
2383 1246 2449 1267 esse

1380 1275 1413 1306 in
1437 1276 1500 1306 alio
1523 1286 1580 1317 per
1603 1276 1879 1314 informationem,
1905 1288 2072 1319 nunquam
2096 1279 2205 1310 album
2228 1287 2309 1310 esset
2333 1281 2365 1310 in
2388 1281 2450 1311 hoc

1380 1321 1453 1351 albo
1477 1328 1512 1352 ut
1536 1321 1682 1361 superius
1705 1322 1737 1352 in
1761 1321 1912 1353 inferiori.
1946 1323 1987 1354 Et
2010 1333 2134 1360 rursus,
2159 1324 2221 1355 hoc
2244 1325 2354 1355 album
2384 1335 2449 1355 non

1381 1371 1462 1396 esset
1483 1366 1542 1397 hoc
1566 1376 1622 1406 per
1637 1366 1831 1407 positionem
1850 1367 2040 1398 differentiae
2063 1368 2264 1399 individualis
2283 1379 2379 1409 supra
2397 1380 2450 1400 na-

1380 1417 1495 1446 turam,
1513 1410 1567 1440 sed
1590 1420 1647 1451 per
1671 1411 1872 1452 negationem
1896 1412 2002 1442 omnis
2019 1412 2208 1444 differentiae
2230 1413 2449 1445 individualis:

1380 1455 1536 1495 quoniam
1552 1465 1617 1485 non
1643 1463 1723 1486 esset
1745 1455 1908 1486 divisibilis
1931 1456 1964 1486 in
1988 1457 2080 1496 plura
2103 1457 2276 1494 individua,
2297 1466 2332 1489 ut
2353 1458 2386 1489 in
2401 1459 2449 1490 lit-

1380 1507 1445 1530 tera
1469 1499 1582 1530 dicitur
1606 1500 1644 1530 de
1668 1499 1780 1531 formis
1804 1510 1870 1531 non
1894 1501 2129 1541 receptibilibus
2152 1502 2185 1532 in
2209 1503 2347 1534 materia.

1433 1544 1485 1574 Ad
1501 1543 1778 1575 confirmationem
1797 1555 1939 1586 quoque,
1957 1553 2088 1586 negatur
2108 1547 2343 1587 consequentia.
2368 1548 2451 1585 Quia

1380 1598 1417 1619 ex
1440 1588 1502 1619 hoc
1521 1589 1610 1630 quod
1634 1589 1764 1620 materia
1787 1596 1834 1620 est
1850 1590 1991 1630 primum
2007 1591 2186 1622 subiectum
2205 1591 2449 1629 informationis,

1380 1633 1524 1674 sequitur
1547 1634 1636 1675 quod
1660 1633 1700 1664 sit
1722 1633 1824 1674 prima
1847 1634 1933 1665 radix
1957 1635 2227 1672 individuationis,
2245 1636 2378 1677 positive
2402 1637 2451 1668 vel

1380 1677 1533 1718 negative.
1558 1695 1575 1702 -
1595 1678 1736 1718 Negatur
1759 1689 1891 1720 quoque
1922 1680 2119 1710 antecedens.
2145 1680 2229 1718 Quia
2252 1681 2382 1712 materia
2405 1689 2452 1712 est

1379 1722 1521 1762 primum
1545 1723 1640 1753 etiam
1664 1723 1849 1759 subiicibile,
1864 1724 1945 1754 idest
1960 1723 2120 1760 infimum,
2138 1735 2204 1755 non
2228 1726 2334 1762 totale,
2354 1733 2389 1756 ut
2405 1727 2451 1756 in·
2468 1743 2470 1746 ·

1379 1767 1547 1797 dividuum
1559 1767 1767 1808 completum,
1782 1769 1836 1798 sed
1853 1768 1993 1808 partiale.
2005 1786 2025 1791 —
2037 1769 2078 1799 Et
2094 1779 2168 1800 cum
2181 1770 2315 1801 instatur
2331 1777 2450 1807 contra,

1378 1811 1454 1852 quia
1470 1818 1516 1842 est
1531 1811 1707 1843 universale
1723 1812 1902 1853 quoddam:
1923 1814 2134 1853 respondetur
2152 1815 2242 1855 quod
2257 1815 2387 1846 materia
2403 1825 2450 1846 se-

1378 1856 1521 1886 cundum
1545 1866 1578 1886 se
1602 1866 1667 1887 non
1690 1864 1736 1887 est
1752 1857 1927 1888 universale
1943 1867 2000 1888 nec
2023 1858 2240 1898 praedicabile,
2259 1866 2294 1890 ut
2313 1866 2398 1899 patet
2414 1870 2450 1890 ex

1377 1910 1416 1930 eo
1441 1901 1531 1941 quod
1549 1901 1726 1932 secundum
1747 1911 1779 1932 se
1795 1912 1862 1932 non
1879 1909 1925 1932 est
1943 1902 2157 1942 intelligibilis,
2175 1910 2205 1934 et
2221 1910 2451 1944 consequenter

1378 1954 1435 1975 nec
1450 1944 1579 1975 scibilis:
1599 1946 1652 1976 sed
1668 1946 1797 1976 materia
1813 1946 1846 1976 in
1858 1946 2004 1986 analogia
2020 1947 2059 1977 ad
2076 1946 2213 1977 formam
2228 1948 2448 1985 universalem,

1377 1989 1562 2029 intelligitur
1585 1990 1779 2026 universalis,
1805 1997 1835 2021 et
1857 1990 1894 2021 fit
1916 1991 2124 2031 praedicabile
2147 1992 2313 2032 quoddam
2337 1999 2367 2023 et
2390 1993 2449 2023 sci-

1377 2033 1449 2069 bile,
1467 2040 1525 2064 etc.
1550 2034 1591 2065 Et
1607 2041 1774 2075 propterea
1796 2034 1829 2065 in
1852 2034 1953 2066 littera
1977 2035 2091 2066 dicitur
2106 2037 2195 2076 quod
2219 2035 2332 2073 forma,
2350 2047 2449 2078 quan-

1377 2085 1448 2108 tum
1472 2085 1518 2109 est
1542 2079 1580 2109 de
1604 2088 1646 2115 se,
1665 2086 1770 2119 potest
1793 2089 1859 2110 esse
1883 2079 1916 2110 in
1939 2079 2094 2120 pluribus,
2118 2080 2248 2111 materia
2272 2088 2379 2112 autem
2403 2089 2450 2112 est

1378 2122 1520 2162 primum
1548 2123 1744 2154 subiectum:
1769 2123 1845 2164 quia
1875 2134 1950 2164 ergo
1982 2125 2088 2154 omnis
2120 2125 2335 2156 universalitas
2363 2133 2410 2157 est
2433 2136 2451 2156 a

1378 2166 1497 2203 forma,
1523 2167 1652 2198 materia
1682 2168 1861 2199 secundum
1888 2178 1921 2198 se
1945 2169 2129 2199 universalis
2153 2179 2219 2199 non
2235 2176 2296 2200 est:
2322 2176 2352 2201 et
2376 2180 2451 2201 cum

1378 2211 1521 2251 primum
1545 2211 1724 2243 subiectum
1743 2212 1782 2243 sit
1799 2212 1948 2243 omnium
1963 2213 2303 2253 praedicamentorum,
2320 2214 2388 2254 ipsa
2405 2222 2452 2246 est

1379 2262 1410 2286 et
1423 2255 1573 2286 infimum
1589 2256 1764 2287 subiicibile
1775 2255 1920 2299 (partiale
1931 2255 2064 2299 tamen),
2078 2265 2109 2288 et
2118 2258 2260 2298 primum
2271 2258 2452 2290 subiectum

1379 2300 1630 2337 informationis;
1655 2311 1690 2332 ac
1714 2311 1770 2342 per
1793 2301 1856 2332 hoc
1879 2301 2022 2343 undique
2045 2302 2304 2333 individuationis
2329 2303 2424 2334 radix.

1435 2345 1498 2376 Sed
1523 2346 1560 2376 de
1585 2345 1632 2376 his
1656 2346 1688 2376 in
1713 2346 1951 2377 commentariis
1978 2347 2018 2377 de
2039 2347 2125 2377 Ente
2148 2352 2179 2377 et
2200 2347 2351 2378 Essentia
2366 2345 2397 2383 ¹¹¹,
2423 2355 2453 2379 et

1381 2390 1414 2419 in
1437 2390 1679 2430 quaestionibus
1703 2391 1827 2421 duabus
1843 2390 1869 2427 *,
1890 2391 1963 2421 satis
1988 2391 2109 2422 dictum
2133 2398 2192 2427 est;
2218 2398 2248 2423 et
2271 2391 2402 2423 inferius
2418 2392 2453 2412 **

1383 2434 1523 2474 amplius
1548 2435 1679 2466 dicetur.

1068 2584 1388 2627 ARTICULUS
1417 2585 1647 2627 TERTIUS

696 2676 853 2707 UTRUM
877 2677 944 2708 sn*
969 2677 1076 2708 IDEM
1101 2677 1213 2708 DEUS
1238 2677 1362 2715 QUOD
1388 2677 1471 2708 SUA
1495 2677 1703 2708 ESSENTIA
1727 2677 1810 2707 VEL
1834 2677 2017 2708 NATURA

439 2755 448 2779 1
468 2755 551 2786 Sent„
572 2755 630 2779 dist.
649 2762 731 2786 xan,
750 2763 797 2788 qu.
815 2763 834 2787 1,
853 2761 900 2781 art.
924 2764 949 2787 1;
970 2757 978 2781 1
1001 2757 1079 2782 cont.
1100 2758 1188 2787 Gent„
1207 2764 1263 2789 cap.
1283 2764 1337 2787 xx1;
1358 2757 1410 2789 Qq.
1430 2757 1506 2789 disp„
1525 2757 1559 2781 de
1581 2757 1630 2781 Un.
1651 2757 1736 2786 Ver-b„
1754 2762 1800 2781 art.
1825 2764 1851 2787 1;
1871 2757 1905 2782 de
1922 2757 2031 2787 Anima,
2050 2763 2098 2782 art.
2115 2765 2154 2790 ¹7·
2173 2759 2205 2782 ad
2229 2766 2271 2788 ιο;

613 2790 711 2820 Quodl.
730 2791 759 2821 11,
779 2799 825 2824 qu.
843 2799 870 2820 n.
890 2797 938 2816 art.
959 2799 973 2816 2
980 2799 987 2822 ;
1009 2792 1153 2824 Compend.
1172 2792 1270 2821 Mol„
1290 2799 1346 2824 cap.
1360 2800 1391 2822 x;
1411 2792 1511 2828 Opusc.
1525 2792 1652 2823 XXXVII,
1673 2792 1706 2816 de
1725 2792 1849 2822 Quatuor
1871 2792 1969 2825 Oppos.
1990 2801 2044 2825 cap.
2064 2801 2099 2818 1v.

341 2888 352 2909 ι
375 2892 443 2931 “i
469 2883 490 2908 ι)
510 2883 675 2909 TERTIUM
694 2884 748 2909 stc
767 2884 1009 2911 PROCEDITUR.
1037 2873 1198 2910 Videtur
1221 2874 1328 2921 quod

386 2912 444 2983 5⁵33
468 2937 548 2962 non
567 2925 614 2962 sit
641 2925 746 2963 idem
774 2927 880 2963 Deus
899 2927 1038 2974 quod“
1067 2939 1136 2963 sua
1165 2926 1329 2963 essentia

273 2976 395 3029 ᾖς’,
415 2982 437 3022 ’ἦ
467 2979 531 3015 vel
563 2986 708 3015 natura.
747 2978 851 3016 Nihil
885 2980 988 3016 enim
1025 2988 1080 3017 est
1117 2980 1156 3016 in
1189 2980 1327 3029 seipso.

292 3024 411 3065 '5³⁴⁸
427 3020 459 3063 &z
471 3032 548 3069 Sed
576 3032 739 3069 essentia
765 3033 830 3069 vel
858 3040 993 3079 natura
1021 3033 1110 3080 Dei,
1146 3045 1246 3082 quae
1275 3041 1330 3071 est

257 3083 377 3121 deitas
395 3081 424 3130 Ρ,
456 3084 589 3122 dicitur
618 3098 701 3122 esse
729 3086 767 3122 in
795 3086 893 3123 Deo.
923 3087 1027 3135 Ergo
1047 3086 1199 3124 videtur
1223 3087 1330 3136 quod

257 3138 364 3174 Deus
383 3149 463 3175 non
482 3138 528 3176 sit
545 3138 650 3176 idem
671 3139 778 3187 quod
797 3152 867 3176 sua
885 3140 1048 3177 essentia
1066 3141 1129 3178 vel
1149 3148 1295 3178 natura.

314 3202 349 3227 2.
366 3191 600 3240 PRAETEREA,
617 3192 775 3230 effectus
790 3192 1017 3231 assimilatur
1029 3199 1044 3220 ⁷
1064 3206 1157 3231 suae
1173 3206 1329 3231 causae:

259 3243 349 3292 quia
377 3255 494 3281 omne
523 3257 639 3293 agens
667 3246 742 3294 agit
770 3246 840 3283 sibi
870 3246 1004 3284 simile.
1044 3247 1122 3284 Sed
1150 3247 1189 3284 in
1218 3248 1331 3284 rebus

260 3296 394 3334 creatis
430 3309 511 3334 non
539 3306 594 3335 est
621 3299 725 3336 idem
753 3299 995 3349 suppositum
1028 3300 1135 3349 quod
1169 3313 1238 3337 sua
1266 3312 1331 3337 na-

259 3357 362 3388 tura:
393 3362 472 3387 non
501 3350 603 3388 enim
631 3351 735 3390 idem
756 3360 813 3390 est
839 3354 961 3390 homo
982 3353 1087 3402 quod
1108 3365 1177 3390 sua
1195 3354 1331 3391 huma—

261 3403 371 3441 nitas.
401 3404 505 3451 Ergo
525 3416 597 3441 nec
615 3405 722 3443 Deus
750 3414 806 3444 est
833 3406 937 3444 idem
956 3407 1063 3455 quod
1083 3419 1153 3444 sua
1171 3407 1289 3444 deitas
1305 3405 1330 3444 ὃ.

316 3526 344 3559 α)
364 3526 443 3559 quod.
461 3540 481 3546 -
497 3533 557 3551 cum
575 3527 607 3557 A,
626 3530 653 3552 et
671 3527 709 3559 G;
728 3528 798 3554 idem
819 3530 891 3555 Deus
909 3528 982 3562 quod
1000 3538 1054 3555 om.
1068 3531 1098 3555 Β.

317 3561 343 3594 β)
363 3562 458 3587 deitas.
475 3575 495 3581 -
513 3561 642 3587 divinitas
659 3563 690 3588 B.

316 3598 344 3630 γ)
362 3597 538 3625 assimilatur.
556 3610 574 3618 —-
592 3597 777 3624 assimilantur
795 3600 918 3626 ABEFG.

1436 2874 1605 2920 CONTRA,
1627 2873 1675 2910 de
1700 2874 1786 2910 Deo
1816 2873 1951 2910 dicitur
1979 2874 2085 2922 quod
2109 2882 2164 2911 est
2182 2875 2272 2923 vita,
2295 2882 2330 2912 et
2345 2881 2355 2896 ¹
2375 2888 2453 2913 non

1382 2927 1508 2963 solum
1537 2926 1642 2974 quod
1663 2934 1719 2963 est
1736 2926 1884 2975 vivens,
1905 2935 1946 2964 ut
1964 2935 2069 2976 patet
2097 2929 2201 2965 Ioan.
2222 2941 2283 2965 xlv
2301 2928 2336 2965 *ε
2366 2930 2452 2978 Ego

1381 2992 1466 3016 sum
1485 2980 1559 3026 via,
1580 2980 1719 3016 veritas
1738 2985 1775 3016 et
1789 2980 1878 3017 vita.
1910 2980 2015 3017 Sicut
2034 2988 2162 3018 autem
2183 2993 2223 3018 se
2242 2982 2358 3018 habet
2376 2981 2454 3018 vita

1384 3033 1433 3070 ad
1451 3033 1660 3081 viventem,
1680 3033 1730 3070 ita
1750 3033 1868 3071 deitas
1897 3034 1945 3071 ad
1965 3035 2106 3071 Deum.
2137 3035 2238 3082 Ergo
2268 3035 2374 3071 Deus
2398 3043 2454 3071 est

1384 3087 1467 3136 ipsa
1496 3086 1626 3124 deitas.

1439 3141 1665 3177 Responnsso
1694 3151 1879 3177 DlCENDuM
1899 3141 2004 3189 quod
2024 3142 2130 3178 Deus
2150 3148 2206 3177 est
2225 3141 2327 3177 idem
2347 3141 2453 3189 quod

1386 3206 1455 3230 sua
1498 3193 1659 3230 essentia
1692 3193 1755 3229 vel
1789 3201 1934 3231 natura.
1979 3194 2040 3231 Ad
2080 3194 2185 3231 cuius
2221 3194 2453 3230 intellectum

1386 3247 1585 3284 sciendum
1615 3253 1681 3293 est,
1702 3246 1810 3294 quod
1838 3247 1876 3284 in
1905 3248 2019 3283 rebus
2048 3247 2269 3296 compositis
2299 3259 2343 3283 ex
2372 3259 2453 3284 ma-

1386 3300 1479 3337 teria
1500 3307 1536 3336 et
1554 3299 1690 3347 forma,
1711 3312 1868 3337 necesse
1890 3307 1945 3337 est
1964 3301 2068 3349 quod
2089 3300 2265 3337 differant
2284 3299 2298 3326 ζ
2322 3308 2453 3337 natura

1386 3354 1448 3391 vel
1478 3352 1639 3390 essentia
1677 3360 1714 3389 et
1745 3353 1986 3402 suppositum
2006 3354 2036 3390 ³¹⁶.
2068 3353 2169 3400 Quia
2202 3354 2363 3390 essentia
2390 3355 2453 3391 vel

1387 3414 1521 3444 natura
1549 3406 1839 3455 comprehendit
1866 3407 1904 3444 in
1932 3419 1971 3443 se
2001 3407 2063 3443 illa
2090 3414 2237 3444 tantum
2267 3419 2363 3455 quae
2394 3419 2452 3444 ca-

1441 3529 1465 3562 δ)
1486 3530 1579 3554 deitas.
1597 3542 1616 3548 -
1635 3529 1764 3554 divinitas
1783 3530 1824 3554 vel
1843 3529 1928 3554 deitas
1948 3530 1976 3553 B.

1441 3566 1462 3596 ε)
1482 3568 1517 3590 et.
1535 3578 1553 3583 -
1572 3564 1633 3589 Om.
1647 3564 1794 3589 ACDEFG.

1440 3600 1465 3633 ζ)
1486 3599 1621 3633 differant.
1638 3614 1657 3619 -
1676 3599 1784 3634 differat
1802 3599 1923 3625 ACDEF.

2475 838 2485 847 ⁸
2492 837 2544 858 Vid.
2552 838 2675 860 Comment
2685 856 2690 860 .

2476 870 2514 890 qu.
2529 870 2597 890 xxix,
2613 869 2654 886 art.
2666 872 2685 891 ι;

2476 896 2515 917 qu.
2531 897 2567 911 Χιι
2578 908 2583 917 ,
2603 896 2645 912 art.
2656 892 2685 917 6;

2476 920 2497 937 et
2513 923 2607 944 qu.1.1v‚
2619 922 2660 940 art.
2670 925 2686 940 ι.

2477 1152 2485 1160 ·
2500 1157 2546 1172 non
2561 1157 2613 1172 esse
2627 1152 2679 1173 edd.

2477 1178 2536 1205 1508,
2551 1184 2603 1205 ¹5¹4-

2481 2284 2487 2290 ·
2504 2282 2563 2309 Cap.
2574 2289 2595 2303 v.

2482 2311 2488 2318 ¹
2504 2309 2529 2330 In
2545 2309 2611 2330 dictis
2623 2314 2688 2330 com-

2481 2339 2550 2357 ment.
2560 2335 2589 2356 de
2597 2335 2656 2356 Ente
2665 2337 2690 2356 et

2480 2362 2541 2389 Esau,
2553 2368 2614 2390 qu.1v
2622 2362 2689 2387 (alx),

2480 2395 2511 2410 ix.

2480 2416 2501 2426 ’⁸
2508 2415 2576 2436 Locis
2584 2421 2652 2442 supra
2662 2414 2692 2435 ci-

2480 2442 2541 2463 tatis.

2482 2944 2489 2951 ·
2506 2941 2573 2963 Vers.
2585 2941 2606 2962 6.

2482 3369 2488 3375 ¹
2505 3365 2532 3387 D.
2548 3371 2604 3392 ¹¹47·
