2768 4178
332 282 403 330 134

327 364 554 406 possibilitate,
585 365 772 397 conclusum
797 372 843 396 est
873 366 963 406 quod
986 367 1025 397 de
1056 366 1139 398 facto
1165 367 1273 398 omnia
1304 367 1400 398 simul

328 410 485 440 videntur.
746 421 749 424 ⁴

386 453 437 484 Ill.
464 453 584 484 Contra
608 453 850 485 conclusionem
870 454 965 485 huius
989 454 1117 492 litterae,
1135 455 1266 492 Scotus,
1289 455 1324 486 in
1347 455 1399 491 111,

330 498 399 528 dist.
414 507 474 534 x1v,
492 507 546 538 qu.
564 508 596 534 11,
613 504 722 529 tenens
738 499 828 539 quod
843 499 949 529 anima
965 498 1082 530 Christi
1098 509 1164 530 non
1181 500 1290 530 omnia
1305 500 1401 531 simul

329 542 362 573 in
385 542 501 578 Verbo,
519 541 574 572 sed
593 542 776 579 successive,
802 543 842 573 ad
857 544 1086 584 quodcumque
1110 553 1143 574 se
1165 544 1300 575 voluerit
1324 554 1400 575 con-

328 586 416 622 verti,
433 586 547 622 videat,
565 586 668 627 arguit
690 587 865 627 dupliciter.
889 588 1010 625 Primo,
1028 588 1081 618 sic.
1106 588 1296 628 Experimur
1310 589 1401 629 quod

330 630 460 661 attentio
485 630 565 661 circa
583 630 675 671 plura
693 631 816 662 obiecta
839 631 944 668 simul,
961 638 1007 662 est
1023 632 1128 662 minus
1148 632 1300 672 perfecta:
1326 643 1400 673 ergo

329 674 526 714 impossibile
554 675 679 706 videtur
707 675 884 716 potentiam
907 675 1030 706 finitam
1059 676 1196 716 perfecta
1228 677 1400 708 attentione

329 719 435 749 videre
458 717 580 750 infinita
603 719 709 751 simul.
733 737 754 742 -
776 720 942 758 Secundo,
968 720 1020 751 sic.
1045 720 1078 751 Si
1101 720 1263 751 actualiter
1282 721 1401 752 videret

329 762 460 799 infinita,
482 773 557 803 ergo
580 763 732 804 perfectio
756 764 841 795 illius
857 764 981 794 animae
1004 764 1036 794 in
1060 763 1222 795 infinitum
1241 765 1402 796 excederet

329 807 559 848 perfectionem
581 808 709 839 alterius
739 808 881 839 animae:
906 809 996 849 quod
1018 808 1142 839 videtur
1165 809 1400 840 inconveniens.

386 851 439 882 IV.
461 852 514 882 Ad
536 852 613 883 haec
637 852 779 889 breviter,
804 853 1018 893 supponendo
1042 853 1131 893 quod
1155 853 1261 883 anima
1284 852 1401 884 Christi

329 896 434 927 videat
457 895 490 926 in
513 896 619 927 Verbo
648 895 770 928 infinita
795 895 845 939 (ut
868 897 963 927 etiam
991 903 1177 937 argumenta
1202 904 1400 937 supponunt,

330 947 362 971 et
377 947 424 971 est
441 939 577 983 verum),
595 940 685 971 facile
708 941 927 981 respondetur,
946 942 1035 981 quod
1054 941 1185 972 attentio
1202 941 1282 972 circa
1298 941 1399 982 plura,

331 990 366 1015 ut
383 985 486 1025 plura
507 985 733 1026 intelligibilia,
759 992 806 1016 est
828 985 934 1016 minus
959 985 1095 1025 perfecta
1118 985 1231 1016 simul:
1257 986 1311 1016 sed
1335 995 1401 1016 non

331 1029 412 1060 circa
428 1029 520 1069 plura
537 1034 572 1059 ut
586 1039 686 1059 unum
703 1030 909 1060 intellectum.
934 1029 1166 1070 Quaecumque
1182 1037 1290 1060 autem
1309 1030 1403 1061 unica

331 1073 434 1113 specie
457 1073 684 1112 intelliguntur,
702 1079 738 1104 ut
760 1083 864 1104 unum
886 1073 1080 1114 intelligibile
1104 1074 1313 1106 obiiciantur:
1338 1084 1402 1105 una

332 1117 417 1147 enim
437 1117 555 1157 species
579 1127 682 1148 unum
705 1117 901 1158 intelligibile
924 1127 980 1158 per
1003 1128 1036 1148 se
1060 1125 1115 1155 est,
1140 1129 1197 1149 nec
1221 1125 1267 1150 est
1290 1119 1401 1154 multa,

331 1161 390 1191 nisi
414 1168 451 1191 ut
474 1171 577 1191 unum
601 1167 684 1192 sunt.
708 1161 750 1192 Et
765 1168 931 1202 propterea
949 1162 1055 1192 videre
1079 1162 1144 1193 sive
1159 1163 1252 1203 plura
1274 1163 1339 1194 sive
1358 1163 1402 1193 in-

330 1205 418 1236 finita
441 1205 474 1235 in
493 1215 569 1242 uno,
587 1215 653 1236 non
669 1205 785 1236 minuit
808 1206 1015 1237 attentionem
1039 1206 1119 1238 circa
1137 1207 1262 1248 singula
1280 1207 1313 1238 in
1328 1207 1401 1238 illo:

331 1249 485 1290 quoniam
509 1259 575 1280 non
598 1257 724 1290 ponunt
744 1250 777 1280 in
801 1260 982 1287 numerum,
1000 1260 1058 1282 nec
1081 1251 1162 1282 inter
1185 1262 1227 1288 se,
1247 1262 1305 1283 nec
1329 1262 1403 1283 cum

331 1294 405 1330 illo,
430 1301 466 1325 ut
487 1293 555 1324 visa
567 1293 601 1324 in
617 1304 666 1326 eo.
691 1295 733 1326 Et
754 1295 816 1325 hoc
840 1295 920 1325 bene
944 1302 1030 1326 nota.
1056 1295 1149 1327 Unde
1172 1306 1253 1327 vana
1276 1303 1323 1327 est
1345 1296 1404 1327 ista

332 1338 392 1368 alia
408 1348 510 1375 causa,
527 1337 599 1369 ficta
623 1349 642 1370 a
662 1339 768 1376 Scoto‚
794 1339 834 1369 ad
853 1338 1094 1380 impediendum
1113 1341 1215 1372 multa
1238 1340 1334 1372 simul
1357 1341 1403 1371 in-

331 1382 479 1423 telligere.
500 1382 680 1414 Diminutio
705 1383 863 1425 siquidem
882 1383 1063 1415 attentionis
1080 1394 1116 1415 ex
1133 1385 1310 1416 diversitate
1333 1395 1404 1426 spe-

333 1426 453 1458 cierum
477 1434 638 1458 causatur:
664 1437 738 1458 cum
761 1427 881 1459 unitate
905 1428 991 1459 enim
1019 1429 1134 1469 speciei
1163 1436 1223 1461 stat
1246 1429 1404 1470 perfectis-

332 1471 412 1501 sima
435 1471 576 1503 attentio.
1113 1485 1122 1490 ·

386 1515 437 1546 Ad
453 1516 630 1547 secundum
645 1526 731 1553 vero,
745 1523 776 1548 et
791 1523 897 1557 potest
911 1517 1018 1557 negari
1035 1518 1270 1559 consequentia.
1290 1518 1404 1550 Videre

333 1559 419 1591 enirn
441 1558 529 1591 finita
552 1567 607 1591 aut
629 1560 751 1592 infinita
774 1560 806 1591 in
830 1561 910 1598 Deo,
935 1571 1002 1592 non
1025 1561 1192 1603 specificat,
1215 1570 1270 1594 aut
1292 1572 1348 1604 per
1372 1573 1404 1593 se

333 1603 504 1640 modificat,
522 1614 578 1635 seu
595 1604 778 1646 quantificat
792 1605 950 1636 visionem
968 1605 1042 1637 Dei:
1068 1607 1124 1638 sed
1142 1607 1210 1638 eius
1227 1617 1330 1644 causa,
1347 1607 1405 1638 sci—

332 1650 406 1680 licet
429 1647 597 1689 perfectius
623 1650 674 1680 vel
696 1649 911 1690 imperfectius
941 1650 1047 1681 videre
1070 1651 1186 1682 Deum.
1210 1652 1277 1682 Nec
1304 1652 1403 1688 valet,

334 1693 417 1725 videt
439 1693 520 1724 adeo
537 1693 685 1735 perfecte
708 1700 744 1725 ut
766 1694 872 1726 videat
895 1694 1034 1736 infinita,
1058 1705 1138 1737 ergo
1162 1695 1247 1727 videt
1262 1696 1405 1738 infinite:

334 1736 499 1779 quoniam,
511 1738 586 1768 visis
601 1737 732 1770 infinitis
747 1738 843 1770 unius
860 1738 990 1775 ordinis,
1007 1746 1125 1771 restant
1139 1739 1262 1771 infinita
1277 1740 1404 1772 alterius

334 1781 462 1818 ordinis,
480 1788 510 1812 et
531 1782 606 1813 visis
629 1783 699 1819 illis,
716 1790 832 1814 restant
855 1783 931 1814 alia:
957 1790 997 1820 et,
1017 1790 1053 1815 ut
1076 1784 1178 1825 patuit
1192 1784 1219 1822 ⁴¹,
1237 1795 1404 1826 nunquam

334 1827 443 1857 omnia
461 1827 559 1858 videri
583 1834 726 1867 possunt.
743 1845 763 1850 —
778 1828 819 1858 Et
843 1834 948 1868 potest
970 1828 1077 1868 negari
1097 1829 1268 1860 destructio
1293 1839 1404 1860 conse-

334 1872 469 1913 quentis.
494 1871 611 1902 Anima
634 1871 755 1912 quippe
783 1871 920 1910 Christi,
945 1879 981 1904 ut
1004 1873 1077 1903 alibi
1099 1873 1118 1892 *
1139 1873 1314 1904 videndum
1338 1881 1402 1910 est,

334 1916 455 1948 excedit
478 1914 510 1946 in
533 1915 694 1947 infinitum
719 1926 831 1947 omnes
856 1916 930 1947 alias
954 1916 1090 1954 animas,
1115 1924 1146 1948 et
1169 1918 1312 1958 angelos:
1338 1927 1403 1948 non

98 1790 106 1799 ”
120 1788 172 1810 Art.
183 1788 205 1810 8.

98 1879 106 1887 ·
117 1877 148 1899 111
158 1877 228 1904 Part„
239 1882 307 1903 quar,

95 1908 138 1926 art.
148 1911 171 1930 4.

1031 286 1298 334 QUAESTIO
1328 287 1414 335 XII,
1444 287 1742 326 ARTICULUS
1771 289 1823 325 XI

1455 368 1536 399 sicut
1558 367 1719 399 infinitum
1743 368 1863 400 excedit
1885 368 2031 405 finitum,
2056 368 2131 409 quia
2155 369 2250 400 etiam
2280 370 2387 400 anima
2409 369 2527 402 Christi

1455 411 1580 443 finitum
1605 412 1699 443 habet
1714 412 1832 453 gloriae
1847 413 1971 449 lumem
1997 413 2051 443 sed
2075 413 2156 444 sicut
2176 423 2225 444 res
2248 414 2419 454 superioris
2443 414 2526 446 ordi-

1455 456 1503 486 nis
1525 456 1644 487 excedit
1667 457 1776 487 omnia
1798 457 1954 488 inferioris
1978 457 2111 494 ordinis;
2136 457 2212 498 quia
2235 458 2360 494 scilicet,
2378 458 2404 489 si
2422 458 2455 490 in
2478 459 2527 490 in-

1455 500 1582 531 finitum
1600 500 1750 532 inferiora
1773 508 1954 538 crescerent,
1971 508 2140 542 nunquam
2155 502 2368 543 adaequarent
2389 513 2459 533 rem
2473 513 2526 534 su-

1455 545 1587 585 perioris
1604 545 1733 582 ordinis,
1751 552 1787 577 ut
1800 552 1887 586 patet
1909 546 2078 577 inductive.
2095 545 2240 577 Christus
2260 546 2347 578 enim
2362 553 2409 578 est
2432 553 2528 588 caput

1455 599 1550 630 super
1566 599 1698 620 omnem
1721 590 1886 620 ecclesiam
1908 590 2168 631 triumphantem,
2194 597 2252 622 etc.

1510 634 1548 665 V.
1570 633 1662 664 Circa
1684 634 1773 664 illam
1796 634 2038 665 similitudinem
2060 634 2093 665 in
2116 635 2218 666 littera
2233 635 2382 675 positam,
2399 635 2525 672 seilicet,

1454 679 1537 709 sicut
1560 688 1677 718 corpus
1700 688 1763 709 non
1782 684 1890 719 potest
1903 680 2001 710 simul
2007 679 2158 720 formari
2173 679 2442 721 diversisfiguris
2457 686 2526 716 etc„

1455 722 1592 753 dubium
1614 722 1760 754 occurrit.
1785 723 1899 754 Scotus
1919 733 2069 764 namque,
2086 723 2119 754 in
2136 724 2159 760 Ι,
2175 724 2245 755 dist.
2261 734 2304 760 m,
2322 734 2376 764 qu.
2393 734 2404 754 1
2419 723 2527 755 tertiae

1455 765 1551 806 partis
1574 766 1659 797 illius
1683 766 1911 804 distinctionis;
1932 767 1965 798 in
1988 768 2196 808 responsione
2220 768 2261 798 ad
2283 768 2412 799 tertium
2436 777 2527 808 argu-

1455 816 1611 846 mentum,
1635 810 1868 850 reprehendens
1890 811 2087 852 Algazelem,
2112 818 2276 843 auctorem
2299 812 2395 843 huius
2419 812 2528 843 simili-

1455 853 1589 890 tudinis,
1612 854 1686 885 dicit
1708 855 1799 895 quod
1821 855 1900 886 nihil
1927 856 2028 893 valet,
2053 863 2183 897 propter
2206 857 2282 888 duo.
2306 857 2427 894 Primo,
2453 857 2529 898 quia

1455 897 1506 928 hic
1530 897 1652 928 tollitur
1670 898 1703 928 id
1726 899 1816 939 quod
1838 899 1882 930 ibi
1899 906 1945 930 est
1961 900 2040 931 ratio
2061 901 2332 941 impossibilitatis.
2357 901 2526 932 Probatur:

1456 941 1531 982 quia
1547 941 1685 972 rationes
1704 942 1931 982 oppositorum
1947 954 2014 974 non
2030 952 2104 976 sunt
2122 945 2290 985 oppositae
2303 945 2337 976 in
2356 945 2527 982 intellectu,

1456 992 1493 1016 ut
1515 991 1601 1026 patet
1625 986 1667 1016 IX
1683 987 1868 1027 Metaphys.
1885 986 1904 1005 ⁸*
1920 1005 1938 1010 -
1955 988 2114 1027 Secundo,
2139 989 2214 1030 quia
2237 989 2356 1030 species
2379 989 2527 1030 intelligi-
2555 993 2567 1004 ⁶
2581 992 2615 1015 C·
2634 997 2673 1015 -¹¹·
2687 1003 2700 1009 ·
2713 991 2768 1015 Did·

1457 1030 1535 1060 biles
1558 1040 1625 1060 non
1655 1037 1729 1061 sunt
1755 1029 1891 1071 figurae,
1919 1032 1975 1062 sed
2002 1032 2123 1063 formae
2150 1033 2324 1074 simplices,
2351 1034 2529 1065 secundum
2555 1019 2626 1071 ¹3¹2,
2641 1051 2663 1075 3,
2677 1024 2768 1068 -oeffifi'q'

1457 1074 1764 1111 Commentatorem,
1789 1075 1832 1106 VI
1855 1076 2039 1117 Metaphys.
2058 1076 2077 1096 *
2555 1071 2768 1101 vste-mumd-

1461 1140 1463 1142 -
1512 1119 1566 1150 VI.
1590 1119 1642 1149 Ad
1665 1119 1742 1149 haec
1766 1119 1900 1150 breviter
1918 1119 2041 1157 dicitur,
2066 1130 2141 1151 cum
2162 1132 2186 1153 s.
2199 1122 2330 1153 Thoma
2347 1122 2380 1153 in
2405 1123 2432 1153 1·
2454 1122 2528 1159 11⁸0,
2556 1098 2768 1148 Υῦῗὲἒρῶῗῆἶῗὲ

1457 1173 1511 1204 qu.
1529 1173 1590 1199 va,
1608 1170 1663 1194 art.
1685 1174 1710 1200 1,
1721 1163 1763 1194 ad
1778 1163 1940 1201 ultimum,
1953 1165 2044 1205 quod
2059 1165 2139 1196 ratio
2155 1165 2373 1197 similitudinis
2388 1167 2531 1198 consistit
2556 1158 2597 1174 ω’

1457 1208 1490 1238 in
1514 1207 1576 1238 hoc
1599 1208 1689 1248 quod
1718 1214 1765 1239 est
1788 1209 1973 1239 terminare.
2005 1208 2094 1240 Sicut
2116 1209 2203 1240 enim
2229 1209 2330 1250 figura
2354 1217 2400 1241 est
2422 1211 2529 1242 termi-

1457 1252 1544 1283 natio
1561 1252 1713 1292 corporis,
1730 1252 1775 1283 sic
1791 1252 1910 1293 species
1927 1253 2140 1294 intelligibilis,
2158 1264 2225 1284 non
2240 1254 2273 1284 in
2289 1254 2409 1292 habitu,
2427 1255 2482 1285 sed
2496 1255 2530 1286 in

1458 1303 1540 1332 actu,
1557 1303 1604 1327 est
1619 1296 1800 1328 terminatio
1816 1297 2004 1334 intellectus,
2019 1305 2056 1329 ut
2074 1308 2111 1328 ex
2127 1308 2223 1339 supra
2234 1297 2253 1316 ⁴*
2269 1298 2358 1330 dictis
2375 1305 2470 1340 patet.
2489 1299 2532 1330 Et
2558 1302 2568 1311 ·

1458 1347 1634 1381 propterea,
1646 1340 1727 1372 sicut
1737 1341 1935 1382 impossibile
1947 1349 1994 1373 est
2005 1342 2150 1383 pluribus
2163 1342 2304 1374 terminis
2315 1342 2402 1374 idem
2413 1353 2531 1384 corpus

1458 1385 1555 1416 simul
1578 1384 1748 1422 terminari,
1772 1385 1815 1416 ita
1838 1385 2035 1418 intellectum
2057 1387 2203 1428 pluribus
2219 1387 2384 1428 speciebus
2397 1387 2432 1419 in
2447 1393 2529 1420 actu.

1514 1430 1608 1461 Unde
1631 1429 1671 1460 ad
1694 1429 1909 1461 obiectionem
1931 1430 2070 1471 primam
2093 1431 2215 1466 dicitur,
2240 1432 2331 1473 quod
2353 1438 2463 1472 peccat
2484 1441 2532 1464 se-

1459 1474 1603 1505 cundum
1626 1483 1690 1505 non
1714 1483 1846 1505 causam
1872 1480 1907 1506 ut
1929 1483 2084 1506 causam:
2106 1485 2172 1506 non
2189 1475 2275 1507 enim
2291 1485 2386 1507 causa
2408 1476 2531 1508 incom-

1458 1517 1674 1559 possibilitatis
1693 1517 1867 1559 figurarum
1884 1525 1931 1550 est
1950 1519 2113 1560 oppositio
2130 1520 2257 1561 proprie
2279 1520 2372 1557 dicta,
2389 1530 2465 1552 cum
2483 1520 2530 1552 in-

1459 1570 1506 1594 ter
1521 1562 1637 1603 figuras
1653 1572 1720 1594 non
1744 1563 1783 1594 sit
1806 1563 2018 1600 contrarietas,
2037 1573 2096 1595 nec
2118 1564 2152 1595 in
2173 1574 2206 1596 re
2229 1574 2287 1596 nec
2309 1564 2343 1595 in
2357 1565 2531 1597 intellectu.

1459 1608 1500 1638 Et
1522 1607 1595 1638 ideo
1618 1607 1699 1638 illud
1722 1617 1759 1638 ex
1783 1607 1826 1638 IX
1849 1608 2046 1650 Metaphys„
2071 1618 2138 1639 non
2161 1615 2208 1640 est
2230 1609 2270 1640 ad
2292 1609 2508 1650 propositum.

1515 1651 1567 1682 Ad
1590 1652 1764 1682 secundam
1786 1658 1895 1683 autem
1917 1652 2041 1690 dicitur,
2066 1653 2156 1694 quod
2179 1653 2298 1694 species
2320 1652 2533 1694 intelligibiles

1459 1696 1492 1726 in
1509 1702 1581 1727 actu
1597 1706 1664 1726 non
1685 1703 1759 1728 sunt
1775 1703 1812 1728 ut
1826 1695 1945 1738 figurae
1960 1697 2069 1738 quoad
2085 1697 2195 1734 multa,
2211 1704 2289 1739 puta
2305 1697 2531 1735 extensionem,

1458 1740 1690 1777 limitationem,
1709 1747 1782 1772 etc.:
1807 1747 1883 1772 sunt
1905 1747 2011 1772 tamen
2027 1748 2064 1772 ut
2079 1740 2198 1782 figurae
2222 1742 2331 1783 quoad
2349 1741 2431 1773 hanc
2454 1751 2532 1773 con-

1459 1784 1624 1822 ditionem,
1649 1785 1766 1816 scilicet
1787 1785 1955 1816 terminare
1978 1785 2011 1816 id
2027 1786 2118 1817 cuius
2137 1793 2221 1817 sunt.
2245 1786 2287 1817 Et
2301 1786 2363 1818 hoc
2381 1793 2442 1818 stat
2457 1795 2533 1818 cum

1459 1829 1659 1870 simplicitate
1682 1829 1814 1860 formae.
1845 1830 1914 1860 Imo
1937 1840 1975 1861 ex
1999 1840 2056 1861 sua
2081 1830 2281 1871 simplicitate
2303 1830 2421 1862 habent
2443 1831 2533 1872 quod

1458 1873 1585 1924 termini
1607 1873 1671 1905 sint
1692 1874 1725 1904 in
1749 1881 1815 1905 tam
1838 1874 2001 1906 excellenti
2024 1884 2106 1911 esse,
2135 1875 2229 1916 quale
2252 1882 2299 1907 est
2321 1885 2388 1906 esse
2411 1874 2533 1908 intelle-

1459 1924 1588 1949 ctivum.

1090 2063 1410 2107 ARTICULUS
1439 2063 1776 2107 UNDECIMUS

663 2158 820 2190 UTRUM
844 2158 1017 2196 ALIQUIS
1041 2158 1084 2190 ιΝ
1109 2158 1199 2190 HAG
1224 2159 1329 2190 vrrA
1351 2158 1500 2190 Possm*
1523 2158 1684 2191 VIDERE
1707 2158 1831 2189 DEUM
1855 2158 1938 2189 PER
1961 2157 2204 2190 ESSENTIAM

482 2239 513 2264 11·
534 2239 585 2270 11⁸¹,

606 2246 650 2272 qu.
670 2245 758 2270 cnm,
778 2243 825 2262 art.
847 2237 876 2269 5;
896 2238 927 2262 111
947 2238 1030 2268 Sent„
1051 2238 1109 2263 dist.
1128 2245 1205 2269 xxvu,
1224 2246 1269 2270 qu.
1287 2245 1324 2268 ιιι,
1344 2243 1390 2263 art.
1409 2245 1430 2269 ις
1450 2237 1509 2262 dist.
1528 2245 1599 2269 xxxv,
1619 2245 1664 2270 qu.
1683 2245 1711 2269 ιι,
1731 2243 1778 2263 art.
1799 2245 1822 2267 2,
1843 2238 1890 2270 qu*
1911 2245 1940 2269 25
1959 2237 2001 2269 1v,
2022 2238 2082 2263 dist.
2096 2245 2164 2269 xiix,
2183 2246 2228 2271 qu.
2247 2245 2274 2269 n,
2293 2243 2341 2264 art.
2361 2246 2391 2271 7;

705 2274 736 2298 111
759 2274 834 2299 Cont.
858 2274 944 2303 Geni„
966 2281 1021 2306 cap.
1040 2280 1122 2304 xtvm
1144 2273 1185 2298 De
1206 2273 1294 2302 Ver-it„
1314 2280 1359 2306 qu.
1378 2281 1402 2302 x.
1422 2277 1469 2298 art.
1488 2280 1522 2304 113
1544 2273 1641 2304 Quodl.
1661 2273 1679 2304 l,
1699 2280 1745 2306 qu.
1764 2280 1788 2304 ¹3
1807 2273 1827 2297 ll
1850 2273 1920 2302 Cor„
1941 2281 1997 2306 cap.
2016 2281 2060 2303 ιιι,
2080 2273 2138 2298 lect.
2156 2281 2175 2299 1.

428 2376 433 2388 ι
526 2380 528 2382 v
550 2367 573 2392 n
588 2363 800 2392 υΝῡΕοιΜυΜ
815 2365 868 2390 sm
883 2365 1122 2391 moerim-run.
1130 2353 1288 2391 Videtur
1302 2353 1408 2403 quod

495 2402 501 2408 ’
526 2439 527 2442 ,
551 2407 686 2457 aliquis
714 2407 753 2444 in
780 2407 853 2444 hac
871 2407 951 2444 vita
974 2406 1094 2456 possit
1113 2407 1242 2444 Deum
1261 2419 1331 2456 per
1350 2419 1408 2444 es-

377 2502 381 2510 ι
404 2503 406 2507 V
453 2494 455 2496 ,
536 2461 712 2498 sentiam
732 2460 874 2498 videre.
895 2460 997 2497 Dicit
1025 2460 1129 2498 enim
1159 2461 1286 2507 Iacob,
1311 2460 1404 2498 Gen.

397 2535 408 2547 .=
430 2510 486 2550 ἵν]
511 2509 695 2553 ΧΧΧΧιιῆ
716 2513 794 2552 vidi
811 2514 938 2550 Deum
954 2514 1064 2562 facie
1082 2513 1135 2550 ad
1143 2514 1306 2563 faciem.
1330 2514 1408 2552 Sed

338 2568 470 2605 videre
490 2567 585 2605 facie
613 2568 663 2605 ad
691 2567 838 2614 faciem,
861 2575 917 2604 est
934 2567 1065 2604 videre
1094 2579 1163 2616 per
1191 2567 1407 2614 essentiam,

337 2629 380 2659 ut
397 2629 501 2670 patet
528 2634 598 2670 per
624 2620 716 2658 illud
745 2620 850 2669 quod
878 2620 1047 2658 diciturl
1083 2621 1170 2658 Cor.
1194 2632 1255 2658 xm
1284 2621 1324 2658 *z
1354 2621 1408 2658 vi-

338 2675 469 2712 demus
488 2687 588 2712 nunc
606 2686 680 2723 per
706 2674 898 2722 speculum
927 2680 962 2711 et
989 2674 1026 2711 in
1055 2674 1291 2724 aenigmate,
1321 2680 1410 2711 tunc

338 2734 463 2765 autem
486 2728 596 2777 facie
622 2728 674 2765 ad
698 2728 857 2776 faciem.
898 2728 1000 2776 Ergo
1030 2728 1136 2764 Deus
1165 2727 1203 2764 in
1230 2727 1303 2764 hac
1330 2727 1408 2765 vita

338 2794 408 2830 per
436 2781 640 2818 essentiam
668 2780 790 2818 videri
817 2788 953 2829 potest.

394 2846 429 2871 2.
460 2835 699 2881 PRAETEREA,
728 2834 848 2871 Num.
878 2846 925 2870 xu
958 2834 978 2856 ’¹‘
1006 2834 1094 2871 dicit
1129 2833 1321 2872 Dominus
1360 2833 1406 2871 de

195 2897 212 2914 α
339 2889 498 2937 Moyse:
532 2900 599 2925 ore
625 2887 678 2924 ad
703 2899 745 2924 os
772 2887 907 2935 loquor
926 2888 961 2923 ei
979 2894 1008 2935 ⁶²,
1038 2893 1074 2924 et
1093 2887 1240 2936 palam,
1269 2892 1306 2924 et
1331 2899 1406 2924 non

333 2953 404 2990 per
431 2941 652 2991 aenigmata
680 2946 717 2977 et
730 2942 901 2990 figuras,
930 2941 1031 2977 videt
1056 2942 1194 2978 Deum.
1225 2940 1304 2978 Sed
1332 2941 1407 2977 hoc

197 2994 213 3027 β
340 3002 395 3032 est
421 2994 555 3031 videre
592 2995 720 3031 Deum
754 3006 823 3043 per
860 2993 1062 3030 essentiam
1084 2992 1111 3031 Β.
1141 2994 1243 3042 Ergo
1273 2993 1407 3043 aliquis

338 3048 377 3085 in
405 3055 503 3085 statu
522 3047 636 3085 huius
663 3046 765 3084 vitae
794 3054 919 3096 potest
947 3048 1075 3084 Deum
1102 3058 1172 3096 per
1200 3046 1407 3084 essentiam

338 3101 482 3138 videre.

394 3155 428 3192 3.
449 3155 683 3201 PRAETEREA,
703 3152 795 3190 illud
815 3153 852 3190 in
872 3165 950 3202 quo
971 3153 1042 3190 alia
1063 3153 1193 3191 omnia
1212 3153 1408 3202 cognosci-

197 3215 213 3240 Υ
339 3220 426 3244 mus
440 3213 466 3255 ⁷,
497 3215 534 3244 et
550 3219 621 3257 per
640 3206 745 3256 quod
773 3206 822 3244 de
846 3206 927 3243 aliis
955 3205 1181 3253 iudicamus,
1211 3213 1268 3243 est
1295 3205 1407 3244 nobis

203 3262 218 3287 ³
340 3260 554 3298 secundum
591 3272 632 3298 se
669 3267 818 3297 notum.
854 3259 931 3297 Sed
966 3260 1097 3297 omnia
1131 3259 1243 3297 etiam
1265 3257 1279 3281 ὃ
1304 3270 1407 3296 nunc

339 3313 376 3350 in
404 3315 489 3351 Deo
512 3313 788 3362 cognoscimus.
809 3312 912 3350 Dicit
937 3313 1038 3350 enirn
1067 3313 1314 3362 Augustinus,
1335 3313 1405 3350 XII

345 3367 453 3416 Conf.
464 3367 499 3404 *ε
521 3367 563 3404 Si
579 3368 692 3404 ambo
706 3366 876 3405 videmus
888 3378 1022 3404 verum
1043 3378 1121 3403 esse
1136 3366 1238 3415 quod
1249 3365 1352 3412 dicit,
1372 3371 1408 3402 et

101 3371 110 3379 ·
127 3368 184 3397 Cap.
199 3375 253 3390 xxv.

393 3479 421 3513 α)
441 3481 535 3513 loquor
552 3481 585 3506 ei.
603 3494 622 3500 -
639 3481 658 3505 P
678 3480 858 3514 prosequitur:
885 3480 941 3505 Sed
964 3481 1010 3513 qm·
1028 3488 1075 3506 ore
1093 3481 1130 3506 ad
1148 3487 1177 3506 os
1195 3480 1316 3514 loquitur
1334 3479 1407 3510 Deo,

334 3516 429 3549 palam
449 3521 497 3541 etc.
508 3529 527 3535 -
539 3519 566 3541 et
579 3521 638 3541 ante
651 3523 702 3542 non
715 3524 770 3542 om.
783 3516 815 3541 G.
826 3529 846 3536 -
858 3516 910 3541 Pro
928 3516 1091 3549 aenigmata,
1105 3517 1231 3550 aenigma
1249 3517 1308 3542 edd.
1326 3522 1344 3541 a
1354 3515 1377 3541 b.
1389 3528 1408 3534 -

339 3554 366 3577 et
377 3551 485 3585 figuras
503 3559 557 3577 om.
571 3552 682 3577 codices.

394 3585 420 3619 β)
440 3586 494 3611 Sed
513 3586 597 3612 hoc...
607 3594 658 3619 per
677 3587 826 3613 essentiam.
845 3601 864 3607 -
882 3587 938 3612 Sed
956 3586 1005 3612 hoc
1023 3590 1062 3612 est
1087 3587 1176 3613 videre
1196 3587 1283 3613 Deum
1299 3593 1350 3619 per
1367 3593 1406 3612 es-

339 3622 452 3648 senn'am
466 3621 556 3647 videre
569 3622 609 3648 ed.
624 3623 647 3652 b,
668 3623 723 3648 Sed
734 3622 783 3648 hoc
796 3623 888 3648 videre
899 3626 939 3648 est
954 3622 1039 3651 Deum
1050 3630 1102 3655 per
1115 3623 1256 3649 essentiam
1271 3622 1362 3648 videre
1374 3621 1406 3653 P3

335 3664 389 3690 per·
406 3657 462 3683 eius
480 3658 622 3683 essentiam
641 3658 670 3683 C.
687 3671 707 3678 -
725 3658 801 3691 Ergo
847 3665 900 3691 per
917 3652 1057 3684 essentiam
1077 3666 1130 3684 om.
1149 3659 1197 3691 pB.

1461 2354 1575 2390 ambo
1602 2353 1773 2390 videmus
1800 2364 1934 2390 verum
1954 2365 2034 2390 esse
2052 2354 2155 2403 quod
2180 2355 2276 2401 dico,
2307 2356 2373 2393 ubi
2394 2367 2535 2405 quaeso

1463 2406 1556 2443 illud
1580 2406 1782 2443 videmus?
1808 2406 1900 2444 Nec
1916 2417 1994 2457 ego
2023 2407 2060 2444 in
2077 2412 2127 2454 te,
2148 2419 2217 2445 nec
2236 2414 2274 2445 tu
2295 2409 2332 2446 in
2361 2421 2439 2447 me.-
2469 2410 2539 2448 sed

1462 2460 1575 2496 ambo
1604 2460 1642 2496 in
1671 2460 1751 2508 ipsa
1784 2471 1883 2508 quae
1907 2471 2025 2509 supra
2053 2466 2194 2498 mentes
2222 2468 2370 2500 nostras
2392 2468 2458 2510 est,
2478 2463 2534 2501 in-

1462 2513 1722 2550 commutabili
1755 2513 1921 2550 veritate.
1957 2513 2065 2551 Idem
2095 2513 2231 2562 etiam,
2260 2515 2299 2553 in
2326 2515 2424 2554 libro
2450 2523 2462 2541 ε
2489 2517 2536 2554 de
2663 2528 2675 2546 ⁸

1469 2567 1566 2604 Vera
1594 2566 1796 2616 Religione
1809 2566 1840 2613 *,
1862 2566 1950 2603 dicit
1969 2565 2076 2615 quod
2099 2567 2314 2606 secundum
2333 2569 2534 2608 veritatem
2562 2575 2768 2604 ·c=p.m,m=

1463 2619 1633 2658 divinam
1655 2619 1704 2657 de
1723 2619 1905 2657 omnibus
1924 2619 2149 2658 iudicamus.
2179 2622 2229 2659 Et
2247 2622 2317 2659 XII
2338 2622 2385 2660 de
2402 2623 2438 2660 T
2434 2622 2535 2660 rim*
2560 2632 2572 2644 ·
2587 2633 2646 2662 cap.
2660 2639 2686 2656 n·

1463 2672 1552 2710 dicit
1583 2673 1689 2722 quod
1717 2673 1874 2710 rationis
1901 2678 1956 2710 est
1982 2674 2150 2712 iudicare
2176 2675 2223 2712 de
2249 2675 2326 2713 ιῖςτίε
2354 2687 2534 2725 corpora·

1463 2726 1558 2763 libus
1584 2726 1790 2763 secundum
1819 2726 1983 2764 rationes
2011 2727 2268 2777 incorporales
2291 2734 2328 2766 et
2343 2729 2534 2779 sempiter-

1463 2791 1553 2817 nas.-
1581 2791 1679 2829 quae
1707 2780 1781 2817 nisi
1804 2791 1921 2828 supra
1959 2786 2122 2818 mentem
2149 2787 2285 2828 essent,
2325 2782 2534 2821 incommu-

1462 2833 1591 2870 tabiles
1611 2834 1785 2882 profecto
1814 2844 1889 2870 non
1923 2839 2052 2871 essent.
2092 2835 2195 2882 Ergo
2225 2842 2261 2871 et
2288 2834 2326 2872 in
2355 2836 2428 2873 hac
2455 2831 2534 2875 vita

1462 2886 1590 2935 ipsum
1617 2887 1745 2923 Deum
1773 2885 1966 2923 videmus.

1514 2951 1552 2987 4.
1569 2940 1803 2987 Pmmnm,
1819 2940 2034 2977 secundum
2049 2939 2318 2988 Augustinum,
2334 2941 2404 2978 XII
2419 2953 2534 2991 super

1466 2993 1559 3030 Gen.
1586 2993 1638 3030 ad
1664 2992 1728 3030 litt.
1749 2991 1784 3040 ¹¹⁸,
1814 2992 1964 3030 visione
2001 2993 2243 3031 intellectuali
2270 2993 2450 3032 videntur
2485 3007 2532 3033 ea
2557 3002 2768 3033 ·c.-p.mv‚xm

1462 3058 1562 3094 quae
1595 3053 1684 3084 sunt
1714 3045 1752 3083 in
1785 3045 1914 3083 anima
1946 3058 2016 3096 per
2044 3059 2155 3084 suam
2171 3045 2185 3072 ζ
2205 3046 2422 3085 essentiam.
2452 3047 2532 3087 Sed
2657 3050 2672 3081 ἶ

1461 3098 1559 3136 visio
1592 3099 1851 3137 intellectualis
1889 3107 1945 3137 est
1982 3100 2031 3137 de
2063 3100 2178 3138 rebus
2215 3099 2531 3150 intelligibilibus,

1461 3164 1540 3190 non
1559 3164 1630 3201 per
1654 3151 1800 3200 aliquas
1824 3152 2099 3200 similitudines,
2120 3152 2189 3190 sed
2206 3165 2277 3202 per
2296 3166 2385 3191 suas
2405 3166 2532 3193 essen·
2574 3200 2575 3203 Ἴ

1460 3205 1542 3254 tias,
1562 3213 1603 3242 ut
1622 3206 1703 3255 ipse
1722 3205 1866 3243 ibidem
1897 3206 1995 3244 dicit.
2025 3207 2140 3254 Ergo,
2162 3218 2252 3244 cum
2271 3207 2378 3244 Deus
2397 3207 2444 3245 sit
2461 3219 2532 3257 per

1461 3258 1664 3296 essentiam
1693 3271 1803 3296 suam
1831 3259 1869 3296 in
1897 3259 2025 3297 anima
2053 3266 2199 3308 nostra,
2228 3272 2297 3309 per
2326 3261 2530 3299 essentiam

1461 3324 1570 3349 suam
1593 3311 1749 3349 videtur
1776 3325 1799 3350 a
1827 3312 1951 3350 nobis.

1514 3365 1588 3403 SED
1609 3377 1754 3403 CONTRA
1774 3377 1840 3403 asr
1859 3365 1966 3415 quod
1984 3365 2118 3404 dicitur
2131 3366 2256 3404 Exod.
2271 3378 2380 3404 xxxin
2395 3365 2433 3404 *ε
2453 3379 2528 3404 non
2557 3378 2566 3388 ·
2580 3374 2697 3399 Ver-ao·

1514 3480 1541 3514 γ)
1561 3481 1587 3505 in
1608 3487 1660 3512 quo
1678 3481 1733 3506 alia
1751 3480 1842 3505 omnia
1865 3479 2058 3513 cognoscimus.
2075 3493 2093 3499 -
2112 3480 2139 3505 in
2158 3487 2211 3513 quo
2233 3480 2325 3506 omnia
2347 3480 2531 3514 cognoscimus

1461 3515 1564 3540 codices
1583 3521 1608 3540 et
1626 3516 1685 3541 edd.
1703 3515 1755 3541 ab.

1515 3549 1540 3583 ὃ)
1559 3551 1650 3577 etiam.
1667 3565 1685 3570 -·
1704 3551 1766 3576 Om.
1780 3550 1856 3575 ΑΒΕ.

1511 3585 1537 3627 f)
1558 3586 1631 3611 Idem
1650 3585 1739 3615 etiam,
1759 3585 1786 3610 fn
1806 3585 1883 3610 libro.
1897 3599 1915 3604 -
1931 3586 1959 3610 In
1980 3586 2048 3611 Iibro
2067 3586 2147 3612 etiam
2161 3586 2193 3619 G,
2215 3586 2244 3612 In
2263 3586 2332 3612 libro
2345 3588 2435 3612 autem
2452 3585 2530 3611 ceteri

1461 3621 1642 3690 eedgsssuam.
1665 3671 1683 3676 —
1703 3656 1765 3682 Om.
1780 3657 1812 3686 G.
1831 3657 1873 3682 sui
1892 3657 1967 3682 ceteri
1987 3662 2011 3682 et
2030 3658 2071 3682 ed.
2083 3664 2110 3683 a.
