<?xml version="1.0" encoding="UTF-8"?>
<!DOCTYPE html PUBLIC "-//W3C//DTD XHTML 1.0 Transitional//EN"
    "http://www.w3.org/TR/xhtml1/DTD/xhtml1-transitional.dtd">
<html xmlns="http://www.w3.org/1999/xhtml" xml:lang="en" lang="en">
 <head>
  <title>
</title>
<meta http-equiv="Content-Type" content="text/html;charset=utf-8" />
  <meta name='ocr-system' content='tesseract 3.04.00' />
  <meta name='ocr-capabilities' content='ocr_page ocr_carea ocr_par ocr_line ocrx_word'/>
</head>
<body>
  <div class='ocr_page' id='page_1' title='image "./operaomniaiussui04thom/operaomniaiussui04thom_0470.png"; bbox 0 0 2768 4178; ppageno 0'>
   <div class='ocr_carea' id='block_1_1' title="bbox 296 285 372 330">
    <p class='ocr_par' dir='ltr' id='par_1_1' title="bbox 296 285 372 330">
     <span class='ocr_line' id='line_1_1' title="bbox 296 285 372 330; baseline 0 -10"><span class='ocrx_word' id='word_1_1' title='bbox 296 285 372 330; x_wconf 89' lang='lat'>452</span> 
     </span>
    </p>
   </div>
   <div class='ocr_carea' id='block_1_2' title="bbox 963 273 1826 323">
    <p class='ocr_par' dir='ltr' id='par_1_2' title="bbox 963 273 1826 323">
     <span class='ocr_line' id='line_1_2' title="bbox 963 273 1826 323; baseline -0.005 -10"><span class='ocrx_word' id='word_1_2' title='bbox 963 275 1231 323; x_wconf 86' lang='lat' dir='ltr'>QUAESTIO</span> <span class='ocrx_word' id='word_1_3' title='bbox 1260 275 1402 321; x_wconf 86' lang='lat' dir='ltr'>XLIII,</span> <span class='ocrx_word' id='word_1_4' title='bbox 1431 273 1729 311; x_wconf 87' lang='lat' dir='ltr'>ARTICULUS</span> <span class='ocrx_word' id='word_1_5' title='bbox 1757 273 1826 310; x_wconf 84' lang='lat' dir='ltr'>VII</span> 
     </span>
    </p>
   </div>
   <div class='ocr_carea' id='block_1_3' title="bbox 297 351 2491 446">
    <p class='ocr_par' dir='ltr' id='par_1_3' title="bbox 297 351 2491 446">
     <span class='ocr_line' id='line_1_3' title="bbox 297 351 2491 404; baseline -0.006 -11"><span class='ocrx_word' id='word_1_6' title='bbox 297 364 352 404; x_wconf 90' lang='lat' dir='ltr'>qui</span> <span class='ocrx_word' id='word_1_7' title='bbox 381 369 454 393; x_wconf 90' lang='lat' dir='ltr'>sunt</span> <span class='ocrx_word' id='word_1_8' title='bbox 481 362 513 391; x_wconf 92' lang='lat' dir='ltr'>in</span> <span class='ocrx_word' id='word_1_9' title='bbox 541 360 656 401; x_wconf 87' lang='lat' dir='ltr'>gratia,</span> <span class='ocrx_word' id='word_1_10' title='bbox 688 369 746 398; x_wconf 90' lang='lat' dir='ltr'>pro</span> <span class='ocrx_word' id='word_1_11' title='bbox 776 358 829 388; x_wconf 92' lang='lat' dir='ltr'>illo</span> <span class='ocrx_word' id='word_1_12' title='bbox 859 364 1002 397; x_wconf 89' lang='lat' dir='ltr'>tempore</span> <span class='ocrx_word' id='word_1_13' title='bbox 1034 365 1100 396; x_wconf 90' lang='lat' dir='ltr'>quo</span> <span class='ocrx_word' id='word_1_14' title='bbox 1131 364 1245 385; x_wconf 91' lang='lat' dir='ltr'>eorum</span> <span class='ocrx_word' id='word_1_15' title='bbox 1267 353 1366 393; x_wconf 86' lang='lat' dir='ltr'>gratia</span> <span class='ocrx_word' id='word_1_16' title='bbox 1420 353 1585 393; x_wconf 86' lang='lat' dir='ltr'>participes</span> <span class='ocrx_word' id='word_1_17' title='bbox 1602 353 1717 392; x_wconf 89' lang='lat' dir='ltr'>gratiae</span> <span class='ocrx_word' id='word_1_18' title='bbox 1735 362 1809 382; x_wconf 90' lang='lat' dir='ltr'>curn</span> <span class='ocrx_word' id='word_1_19' title='bbox 1825 352 1930 392; x_wconf 84' lang='lat' dir='ltr'>aliqua</span> <span class='ocrx_word' id='word_1_20' title='bbox 1947 352 2100 388; x_wconf 84' lang='lat' dir='ltr'>novitate;</span> <span class='ocrx_word' id='word_1_21' title='bbox 2121 361 2187 381; x_wconf 90' lang='lat' dir='ltr'>non</span> <span class='ocrx_word' id='word_1_22' title='bbox 2204 351 2243 381; x_wconf 90' lang='lat' dir='ltr'>ad</span> <span class='ocrx_word' id='word_1_23' title='bbox 2258 351 2491 401; x_wconf 79' lang='lat' dir='ltr'>excludendum</span> 
     </span>
     <span class='ocr_line' id='line_1_4' title="bbox 297 395 2489 446; baseline -0.006 -8"><span class='ocrx_word' id='word_1_24' title='bbox 297 418 362 438; x_wconf 92' lang='lat' dir='ltr'>non</span> <span class='ocrx_word' id='word_1_25' title='bbox 380 413 525 446; x_wconf 87' lang='lat' dir='ltr'>augetur:</span> <span class='ocrx_word' id='word_1_26' title='bbox 552 411 597 435; x_wconf 89' lang='lat' dir='ltr'>est</span> <span class='ocrx_word' id='word_1_27' title='bbox 613 403 770 444; x_wconf 85' lang='lat' dir='ltr'>siquidem</span> <span class='ocrx_word' id='word_1_28' title='bbox 788 409 864 432; x_wconf 89' lang='lat' dir='ltr'>tunc</span> <span class='ocrx_word' id='word_1_29' title='bbox 885 400 1062 431; x_wconf 87' lang='lat' dir='ltr'>inhabitans</span> <span class='ocrx_word' id='word_1_30' title='bbox 1079 398 1192 438; x_wconf 81' lang='lat' dir='ltr'>gratia,</span> <span class='ocrx_word' id='word_1_31' title='bbox 1219 398 1274 428; x_wconf 90' lang='lat' dir='ltr'>sed</span> <span class='ocrx_word' id='word_1_32' title='bbox 1290 397 1365 438; x_wconf 89' lang='lat' dir='ltr'>quia</span> <span class='ocrx_word' id='word_1_33' title='bbox 1420 397 1578 438; x_wconf 89' lang='lat' dir='ltr'>quosdam</span> <span class='ocrx_word' id='word_1_34' title='bbox 1602 396 1778 437; x_wconf 86' lang='lat' dir='ltr'>participes,</span> <span class='ocrx_word' id='word_1_35' title='bbox 1804 397 1858 426; x_wconf 92' lang='lat' dir='ltr'>sed</span> <span class='ocrx_word' id='word_1_36' title='bbox 1882 396 2047 437; x_wconf 90' lang='lat' dir='ltr'>quoddam</span> <span class='ocrx_word' id='word_1_37' title='bbox 2066 403 2209 435; x_wconf 91' lang='lat' dir='ltr'>tempus,</span> <span class='ocrx_word' id='word_1_38' title='bbox 2235 402 2271 426; x_wconf 90' lang='lat' dir='ltr'>ut</span> <span class='ocrx_word' id='word_1_39' title='bbox 2294 395 2414 425; x_wconf 82' lang='lat' dir='ltr'>dictum</span> <span class='ocrx_word' id='word_1_40' title='bbox 2434 402 2489 431; x_wconf 87' lang='lat' dir='ltr'>est,</span> 
     </span>
    </p>
   </div>
   <div class='ocr_carea' id='block_1_4' title="bbox 296 442 1365 536">
    <p class='ocr_par' dir='ltr' id='par_1_4' title="bbox 296 442 1365 536">
     <span class='ocr_line' id='line_1_5' title="bbox 298 442 1365 488; baseline -0.011 -6"><span class='ocrx_word' id='word_1_41' title='bbox 298 453 382 482; x_wconf 86' lang='lat' dir='ltr'>deest</span> <span class='ocrx_word' id='word_1_42' title='bbox 405 449 567 480; x_wconf 90' lang='lat' dir='ltr'>innovatio</span> <span class='ocrx_word' id='word_1_43' title='bbox 585 448 698 488; x_wconf 88' lang='lat' dir='ltr'>aliqua,</span> <span class='ocrx_word' id='word_1_44' title='bbox 717 447 789 477; x_wconf 89' lang='lat' dir='ltr'>ideo</span> <span class='ocrx_word' id='word_1_45' title='bbox 806 453 882 476; x_wconf 92' lang='lat' dir='ltr'>tunc</span> <span class='ocrx_word' id='word_1_46' title='bbox 899 445 942 475; x_wconf 86' lang='lat' dir='ltr'>eis</span> <span class='ocrx_word' id='word_1_47' title='bbox 957 454 1023 474; x_wconf 91' lang='lat' dir='ltr'>non</span> <span class='ocrx_word' id='word_1_48' title='bbox 1040 443 1074 474; x_wconf 88' lang='lat' dir='ltr'>fit</span> <span class='ocrx_word' id='word_1_49' title='bbox 1089 442 1210 472; x_wconf 90' lang='lat' dir='ltr'>missio.</span> <span class='ocrx_word' id='word_1_50' title='bbox 1235 442 1277 472; x_wconf 91' lang='lat' dir='ltr'>Et</span> <span class='ocrx_word' id='word_1_51' title='bbox 1291 451 1365 481; x_wconf 90' lang='lat' dir='ltr'>pro-</span> 
     </span>
     <span class='ocr_line' id='line_1_6' title="bbox 296 485 1364 536; baseline -0.011 -10"><span class='ocrx_word' id='word_1_52' title='bbox 296 503 400 536; x_wconf 88' lang='lat' dir='ltr'>pterea</span> <span class='ocrx_word' id='word_1_53' title='bbox 416 501 494 534; x_wconf 93' lang='lat' dir='ltr'>puto</span> <span class='ocrx_word' id='word_1_54' title='bbox 514 496 687 523; x_wconf 87' lang='lat' dir='ltr'>Auctorem</span> <span class='ocrx_word' id='word_1_55' title='bbox 707 490 891 521; x_wconf 86' lang='lat' dir='ltr'>subticuisse</span> <span class='ocrx_word' id='word_1_56' title='bbox 912 488 1151 520; x_wconf 87' lang='lat' dir='ltr'>conclusionem</span> <span class='ocrx_word' id='word_1_57' title='bbox 1166 486 1280 516; x_wconf 91' lang='lat' dir='ltr'>ultimo</span> <span class='ocrx_word' id='word_1_58' title='bbox 1298 485 1364 515; x_wconf 90' lang='lat' dir='ltr'>illa-</span> 
     </span>
    </p>
   </div>
   <div class='ocr_carea' id='block_1_5' title="bbox 1419 439 2492 526">
    <p class='ocr_par' dir='ltr' id='par_1_5' title="bbox 1419 439 2492 526">
     <span class='ocr_line' id='line_1_7' title="bbox 1420 439 2491 481; baseline -0.002 -10"><span class='ocrx_word' id='word_1_59' title='bbox 1420 448 1450 472; x_wconf 93' lang='lat' dir='ltr'>et</span> <span class='ocrx_word' id='word_1_60' title='bbox 1470 441 1580 471; x_wconf 90' lang='lat' dir='ltr'>diffuse</span> <span class='ocrx_word' id='word_1_61' title='bbox 1600 447 1685 481; x_wconf 88' lang='lat' dir='ltr'>patet</span> <span class='ocrx_word' id='word_1_62' title='bbox 1699 441 1732 470; x_wconf 90' lang='lat' dir='ltr'>in</span> <span class='ocrx_word' id='word_1_63' title='bbox 1748 440 2009 480; x_wconf 87' lang='lat' dir='ltr'>responsionibus</span> <span class='ocrx_word' id='word_1_64' title='bbox 2029 447 2302 479; x_wconf 89' lang='lat' dir='ltr'>argumentorum.</span> <span class='ocrx_word' id='word_1_65' title='bbox 2323 439 2358 469; x_wconf 92' lang='lat' dir='ltr'>In</span> <span class='ocrx_word' id='word_1_66' title='bbox 2375 439 2491 479; x_wconf 91' lang='lat' dir='ltr'>quibus</span> 
     </span>
     <span class='ocr_line' id='line_1_8' title="bbox 1419 483 2492 526; baseline -0.002 -11"><span class='ocrx_word' id='word_1_67' title='bbox 1419 495 1455 515; x_wconf 91' lang='lat' dir='ltr'>ea</span> <span class='ocrx_word' id='word_1_68' title='bbox 1479 495 1560 526; x_wconf 93' lang='lat' dir='ltr'>quae</span> <span class='ocrx_word' id='word_1_69' title='bbox 1584 485 1732 515; x_wconf 87' lang='lat' dir='ltr'>dicuntur</span> <span class='ocrx_word' id='word_1_70' title='bbox 1749 485 1787 515; x_wconf 92' lang='lat' dir='ltr'>de</span> <span class='ocrx_word' id='word_1_71' title='bbox 1804 484 2012 515; x_wconf 88' lang='lat' dir='ltr'>Sacramentis</span> <span class='ocrx_word' id='word_1_72' title='bbox 2029 491 2059 514; x_wconf 91' lang='lat' dir='ltr'>et</span> <span class='ocrx_word' id='word_1_73' title='bbox 2075 484 2212 520; x_wconf 89' lang='lat' dir='ltr'>Christo,</span> <span class='ocrx_word' id='word_1_74' title='bbox 2238 484 2310 514; x_wconf 94' lang='lat' dir='ltr'>loco</span> <span class='ocrx_word' id='word_1_75' title='bbox 2328 483 2458 524; x_wconf 85' lang='lat' dir='ltr'>proprio</span> <span class='ocrx_word' id='word_1_76' title='bbox 2475 483 2492 502; x_wconf 89' lang='lat'><strong><em>*</em></strong></span> 
     </span>
    </p>
   </div>
   <div class='ocr_carea' id='block_1_6' title="bbox 56 529 1723 579">
    <p class='ocr_par' dir='ltr' id='par_1_6' title="bbox 56 529 1723 579">
     <span class='ocr_line' id='line_1_9' title="bbox 56 529 1723 579; baseline -0.008 -7"><span class='ocrx_word' id='word_1_77' title='bbox 56 546 111 568; x_wconf 74' lang='lat' dir='ltr'>‘Cf-</span> <span class='ocrx_word' id='word_1_78' title='bbox 120 551 183 568; x_wconf 89' lang='lat' dir='ltr'>num.</span> <span class='ocrx_word' id='word_1_79' title='bbox 193 550 268 573; x_wconf 81' lang='lat' dir='ltr'>praec.</span> <span class='ocrx_word' id='word_1_80' title='bbox 296 547 361 570; x_wconf 90' lang='lat' dir='ltr'>tam</span> <span class='ocrx_word' id='word_1_81' title='bbox 376 539 402 575; x_wconf 86' lang='lat'>*,</span> <span class='ocrx_word' id='word_1_82' title='bbox 427 537 516 579; x_wconf 87' lang='lat' dir='ltr'>quasi</span> <span class='ocrx_word' id='word_1_83' title='bbox 540 536 695 567; x_wconf 89' lang='lat' dir='ltr'>intulisset</span> <span class='ocrx_word' id='word_1_84' title='bbox 718 535 808 576; x_wconf 94' lang='lat' dir='ltr'>quod</span> <span class='ocrx_word' id='word_1_85' title='bbox 831 534 939 564; x_wconf 89' lang='lat' dir='ltr'>missio</span> <span class='ocrx_word' id='word_1_86' title='bbox 960 531 1124 563; x_wconf 90' lang='lat' dir='ltr'>invisibilis</span> <span class='ocrx_word' id='word_1_87' title='bbox 1140 530 1176 561; x_wconf 92' lang='lat' dir='ltr'>fit</span> <span class='ocrx_word' id='word_1_88' title='bbox 1192 530 1232 560; x_wconf 89' lang='lat' dir='ltr'>ad</span> <span class='ocrx_word' id='word_1_89' title='bbox 1250 539 1364 560; x_wconf 86' lang='lat' dir='ltr'>omnes</span> <span class='ocrx_word' id='word_1_90' title='bbox 1419 529 1616 560; x_wconf 88' lang='lat' dir='ltr'>discutienda</span> <span class='ocrx_word' id='word_1_91' title='bbox 1639 536 1723 560; x_wconf 91' lang='lat' dir='ltr'>sunt.</span> 
     </span>
    </p>
   </div>
   <div class='ocr_carea' id='block_1_7' title="bbox 1284 616 1497 626">
    <p class='ocr_par' dir='ltr' id='par_1_7' title="bbox 1284 616 1497 626">
     <span class='ocr_line' id='line_1_10' title="bbox 1284 616 1497 626; baseline 0 3552"><span class='ocrx_word' id='word_1_92' title='bbox 1284 616 1497 626; x_wconf 95' lang='lat' dir='ltr'> </span> 
     </span>
    </p>
   </div>
   <div class='ocr_carea' id='block_1_8' title="bbox 759 695 2027 833">
    <p class='ocr_par' dir='ltr' id='par_1_8' title="bbox 759 695 2027 833">
     <span class='ocr_line' id='line_1_11' title="bbox 1086 695 1704 739; baseline -0.003 0"><span class='ocrx_word' id='word_1_93' title='bbox 1086 695 1406 739; x_wconf 89' lang='lat' dir='ltr'>ARTICULUS</span> <span class='ocrx_word' id='word_1_94' title='bbox 1437 695 1704 738; x_wconf 87' lang='lat' dir='ltr'>SEPTIMUS</span> 
     </span>
     <span class='ocr_line' id='line_1_12' title="bbox 759 797 2027 833; baseline -0.005 0"><span class='ocrx_word' id='word_1_95' title='bbox 759 801 916 833; x_wconf 88' lang='lat' dir='ltr'>UTRUM</span> <span class='ocrx_word' id='word_1_96' title='bbox 940 799 1121 831; x_wconf 84' lang='lat' dir='ltr'>SPIRITUI</span> <span class='ocrx_word' id='word_1_97' title='bbox 1146 797 1320 829; x_wconf 74' lang='lat' dir='ltr'>sANcro</span> <span class='ocrx_word' id='word_1_98' title='bbox 1346 797 1602 828; x_wconf 84' lang='lat' dir='ltr'>CONVENIAT</span> <span class='ocrx_word' id='word_1_99' title='bbox 1626 797 1879 828; x_wconf 84' lang='lat' dir='ltr'>VISIBILlTER</span> <span class='ocrx_word' id='word_1_100' title='bbox 1903 797 2027 828; x_wconf 87' lang='lat' dir='ltr'>MITTI</span> 
     </span>
    </p>
   </div>
   <div class='ocr_carea' id='block_1_9' title="bbox 1211 875 1581 907">
    <p class='ocr_par' dir='ltr' id='par_1_9' title="bbox 1211 875 1581 907">
     <span class='ocr_line' id='line_1_13' title="bbox 1211 875 1581 907; baseline 0 -6"><span class='ocrx_word' id='word_1_101' title='bbox 1211 877 1220 901; x_wconf 87' lang='lat'>1</span> <span class='ocrx_word' id='word_1_102' title='bbox 1241 875 1322 907; x_wconf 54' lang='lat' dir='ltr'>Sent.)</span> <span class='ocrx_word' id='word_1_103' title='bbox 1343 875 1403 901; x_wconf 87' lang='lat' dir='ltr'>dist.</span> <span class='ocrx_word' id='word_1_104' title='bbox 1423 884 1472 906; x_wconf 73' lang='lat' dir='ltr'>xw,</span> <span class='ocrx_word' id='word_1_105' title='bbox 1493 881 1540 902; x_wconf 85' lang='lat' dir='ltr'>art.</span> <span class='ocrx_word' id='word_1_106' title='bbox 1559 884 1581 901; x_wconf 78' lang='grc' dir='ltr'>ι.</span> 
     </span>
    </p>
   </div>
   <div class='ocr_carea' id='block_1_10' title="bbox 155 974 1371 1823">
    <p class='ocr_par' dir='ltr' id='par_1_10' title="bbox 510 974 1366 1022">
     <span class='ocr_line' id='line_1_14' title="bbox 510 974 1366 1022; baseline -0.007 -5"><span class='ocrx_word' id='word_1_107' title='bbox 510 993 532 1018; x_wconf 88' lang='lat' dir='ltr'>D</span> <span class='ocrx_word' id='word_1_108' title='bbox 552 990 731 1017; x_wconf 83' lang='lat' dir='ltr'>SEPTIMUM</span> <span class='ocrx_word' id='word_1_109' title='bbox 751 989 803 1014; x_wconf 86' lang='lat' dir='ltr'>SIC</span> <span class='ocrx_word' id='word_1_110' title='bbox 824 987 1063 1014; x_wconf 81' lang='lat' dir='ltr'>PROCEDITUR.</span> <span class='ocrx_word' id='word_1_111' title='bbox 1079 974 1240 1012; x_wconf 90' lang='lat' dir='ltr'>Videtur</span> <span class='ocrx_word' id='word_1_112' title='bbox 1259 975 1366 1022; x_wconf 92' lang='lat' dir='ltr'>quod</span> 
     </span>
    </p>

    <p class='ocr_par' dir='ltr' id='par_1_11' title="bbox 511 1027 1366 1082">
     <span class='ocr_line' id='line_1_15' title="bbox 511 1027 1366 1082; baseline -0.006 -13"><span class='ocrx_word' id='word_1_113' title='bbox 511 1032 664 1082; x_wconf 90' lang='lat' dir='ltr'>Spiritui</span> <span class='ocrx_word' id='word_1_114' title='bbox 680 1032 824 1068; x_wconf 74' lang='lat' dir='ltr'>&#39;Sancto</span> <span class='ocrx_word' id='word_1_115' title='bbox 845 1042 924 1066; x_wconf 91' lang='lat' dir='ltr'>non</span> <span class='ocrx_word' id='word_1_116' title='bbox 944 1028 1147 1066; x_wconf 90' lang='lat' dir='ltr'>conveniat</span> <span class='ocrx_word' id='word_1_117' title='bbox 1170 1027 1366 1065; x_wconf 88' lang='lat' dir='ltr'>visibiliter</span> 
     </span>
    </p>

    <p class='ocr_par' dir='ltr' id='par_1_12' title="bbox 315 1081 1365 1139">
     <span class='ocr_line' id='line_1_16' title="bbox 315 1081 1365 1139; baseline -0.007 -15"><span class='ocrx_word' id='word_1_118' title='bbox 315 1090 430 1137; x_wconf 44' lang='lat' dir='ltr'>&#39;XV‘</span> <span class='ocrx_word' id='word_1_119' title='bbox 458 1092 480 1139; x_wconf 56' lang='grc' dir='ltr'>ἦ</span> <span class='ocrx_word' id='word_1_120' title='bbox 511 1086 617 1123; x_wconf 89' lang='lat' dir='ltr'>mitti.</span> <span class='ocrx_word' id='word_1_121' title='bbox 647 1084 762 1121; x_wconf 85' lang='lat' dir='ltr'>Filius</span> <span class='ocrx_word' id='word_1_122' title='bbox 784 1083 898 1130; x_wconf 91' lang='lat' dir='ltr'>enim,</span> <span class='ocrx_word' id='word_1_123' title='bbox 919 1082 1133 1119; x_wconf 91' lang='lat' dir='ltr'>secundum</span> <span class='ocrx_word' id='word_1_124' title='bbox 1154 1081 1259 1130; x_wconf 91' lang='lat' dir='ltr'>quod</span> <span class='ocrx_word' id='word_1_125' title='bbox 1278 1081 1365 1118; x_wconf 90' lang='lat' dir='ltr'>visi-</span> 
     </span>
    </p>

    <p class='ocr_par' dir='ltr' id='par_1_13' title="bbox 155 1116 1367 1183">
     <span class='ocr_line' id='line_1_17' title="bbox 155 1116 1367 1183; baseline -0.006 -5"><span class='ocrx_word' id='word_1_126' title='bbox 155 1145 171 1161; x_wconf 60' lang='grc' dir='ltr'><strong><em>α</em></strong></span> <span class='ocrx_word' id='word_1_127' title='bbox 314 1117 332 1148; x_wconf 47' lang='lat'>5</span> <span class='ocrx_word' id='word_1_128' title='bbox 355 1116 446 1171; x_wconf 43' lang='grc' dir='ltr'>ἑῷ</span> <span class='ocrx_word' id='word_1_129' title='bbox 468 1131 632 1175; x_wconf 52' lang='lat' dir='ltr'>&amp;biliter</span> <span class='ocrx_word' id='word_1_130' title='bbox 660 1137 798 1174; x_wconf 89' lang='lat' dir='ltr'>missus</span> <span class='ocrx_word' id='word_1_131' title='bbox 828 1143 884 1173; x_wconf 92' lang='lat' dir='ltr'>est</span> <span class='ocrx_word' id='word_1_132' title='bbox 902 1135 940 1172; x_wconf 92' lang='lat' dir='ltr'>in</span> <span class='ocrx_word' id='word_1_133' title='bbox 961 1135 1152 1172; x_wconf 89' lang='lat' dir='ltr'>mundum</span> <span class='ocrx_word' id='word_1_134' title='bbox 1172 1140 1201 1183; x_wconf 63' lang='grc' dir='ltr'>α,</span> <span class='ocrx_word' id='word_1_135' title='bbox 1233 1134 1367 1172; x_wconf 89' lang='lat' dir='ltr'>dicitur</span> 
     </span>
    </p>

    <p class='ocr_par' dir='ltr' id='par_1_14' title="bbox 298 1187 1367 1237">
     <span class='ocr_line' id='line_1_18' title="bbox 298 1187 1367 1237; baseline -0.008 -4"><span class='ocrx_word' id='word_1_136' title='bbox 298 1208 381 1233; x_wconf 88' lang='lat' dir='ltr'>esse</span> <span class='ocrx_word' id='word_1_137' title='bbox 405 1193 530 1231; x_wconf 90' lang='lat' dir='ltr'>minor</span> <span class='ocrx_word' id='word_1_138' title='bbox 557 1193 680 1228; x_wconf 88' lang='lat' dir='ltr'>Patre.</span> <span class='ocrx_word' id='word_1_139' title='bbox 711 1190 790 1228; x_wconf 88' lang='lat' dir='ltr'>Sed</span> <span class='ocrx_word' id='word_1_140' title='bbox 817 1201 1017 1237; x_wconf 90' lang='lat' dir='ltr'>nunquam</span> <span class='ocrx_word' id='word_1_141' title='bbox 1045 1188 1178 1237; x_wconf 90' lang='lat' dir='ltr'>legitur</span> <span class='ocrx_word' id='word_1_142' title='bbox 1207 1187 1367 1237; x_wconf 89' lang='lat' dir='ltr'>Spiritus</span> 
     </span>
    </p>

    <p class='ocr_par' dir='ltr' id='par_1_15' title="bbox 297 1241 1368 1340">
     <span class='ocr_line' id='line_1_19' title="bbox 298 1241 1368 1292; baseline -0.007 -7"><span class='ocrx_word' id='word_1_143' title='bbox 298 1250 458 1286; x_wconf 88' lang='lat' dir='ltr'>Sanctus</span> <span class='ocrx_word' id='word_1_144' title='bbox 487 1245 613 1283; x_wconf 90' lang='lat' dir='ltr'>minor</span> <span class='ocrx_word' id='word_1_145' title='bbox 640 1245 763 1281; x_wconf 90' lang='lat' dir='ltr'>Patre.</span> <span class='ocrx_word' id='word_1_146' title='bbox 798 1244 900 1292; x_wconf 89' lang='lat' dir='ltr'>Ergo</span> <span class='ocrx_word' id='word_1_147' title='bbox 938 1241 1090 1291; x_wconf 92' lang='lat' dir='ltr'>Spiritui</span> <span class='ocrx_word' id='word_1_148' title='bbox 1119 1242 1259 1278; x_wconf 89' lang='lat' dir='ltr'>Sancto</span> <span class='ocrx_word' id='word_1_149' title='bbox 1288 1254 1368 1279; x_wconf 92' lang='lat' dir='ltr'>non</span> 
     </span>
     <span class='ocr_line' id='line_1_20' title="bbox 297 1296 833 1340; baseline -0.013 0"><span class='ocrx_word' id='word_1_150' title='bbox 297 1300 477 1340; x_wconf 90' lang='lat' dir='ltr'>convenit</span> <span class='ocrx_word' id='word_1_151' title='bbox 502 1298 698 1337; x_wconf 86' lang='lat' dir='ltr'>visibiliter</span> <span class='ocrx_word' id='word_1_152' title='bbox 726 1296 833 1334; x_wconf 84' lang='lat' dir='ltr'>mitti.</span> 
     </span>
    </p>

    <p class='ocr_par' dir='ltr' id='par_1_16' title="bbox 352 1348 1368 1399">
     <span class='ocr_line' id='line_1_21' title="bbox 352 1348 1368 1399; baseline -0.008 -8"><span class='ocrx_word' id='word_1_153' title='bbox 352 1366 388 1392; x_wconf 92' lang='lat'>2.</span> <span class='ocrx_word' id='word_1_154' title='bbox 418 1355 650 1399; x_wconf 82' lang='lat' dir='ltr'>PRAETEREA,</span> <span class='ocrx_word' id='word_1_155' title='bbox 681 1350 812 1387; x_wconf 90' lang='lat' dir='ltr'>missio</span> <span class='ocrx_word' id='word_1_156' title='bbox 832 1349 989 1387; x_wconf 89' lang='lat' dir='ltr'>visibilis</span> <span class='ocrx_word' id='word_1_157' title='bbox 1009 1348 1211 1386; x_wconf 88' lang='lat' dir='ltr'>attenditur</span> <span class='ocrx_word' id='word_1_158' title='bbox 1234 1359 1368 1384; x_wconf 88' lang='lat' dir='ltr'>secun-</span> 
     </span>
    </p>

    <p class='ocr_par' dir='ltr' id='par_1_17' title="bbox 297 1402 1365 1454">
     <span class='ocr_line' id='line_1_22' title="bbox 297 1402 1365 1454; baseline -0.007 -9"><span class='ocrx_word' id='word_1_159' title='bbox 297 1408 392 1446; x_wconf 92' lang='lat' dir='ltr'>dum</span> <span class='ocrx_word' id='word_1_160' title='bbox 427 1406 594 1454; x_wconf 89' lang='lat' dir='ltr'>aliquam</span> <span class='ocrx_word' id='word_1_161' title='bbox 627 1411 841 1441; x_wconf 90' lang='lat' dir='ltr'>creaturam</span> <span class='ocrx_word' id='word_1_162' title='bbox 877 1402 1068 1440; x_wconf 88' lang='lat' dir='ltr'>visibilem</span> <span class='ocrx_word' id='word_1_163' title='bbox 1107 1409 1365 1450; x_wconf 83' lang='lat' dir='ltr'>assumptam,</span> 
     </span>
    </p>

    <p class='ocr_par' dir='ltr' id='par_1_18' title="bbox 157 1454 1367 1503">
     <span class='ocr_line' id='line_1_23' title="bbox 157 1454 1367 1503; baseline -0.007 -4"><span class='ocrx_word' id='word_1_164' title='bbox 157 1461 171 1495; x_wconf 74' lang='grc' dir='ltr'>β</span> <span class='ocrx_word' id='word_1_165' title='bbox 296 1461 394 1498; x_wconf 90' lang='lat' dir='ltr'>sicut</span> <span class='ocrx_word' id='word_1_166' title='bbox 411 1459 541 1496; x_wconf 91' lang='lat' dir='ltr'>missio</span> <span class='ocrx_word' id='word_1_167' title='bbox 555 1458 573 1487; x_wconf 67' lang='grc' dir='ltr'><em>β</em></span> <span class='ocrx_word' id='word_1_168' title='bbox 589 1457 670 1495; x_wconf 91' lang='lat' dir='ltr'>Filii</span> <span class='ocrx_word' id='word_1_169' title='bbox 689 1456 903 1494; x_wconf 89' lang='lat' dir='ltr'>secundum</span> <span class='ocrx_word' id='word_1_170' title='bbox 924 1467 1088 1493; x_wconf 89' lang='lat' dir='ltr'>carnem.</span> <span class='ocrx_word' id='word_1_171' title='bbox 1111 1455 1187 1492; x_wconf 88' lang='lat' dir='ltr'>Sed</span> <span class='ocrx_word' id='word_1_172' title='bbox 1207 1454 1367 1503; x_wconf 84' lang='lat' dir='ltr'>Spiritus</span> 
     </span>
    </p>

    <p class='ocr_par' dir='ltr' id='par_1_19' title="bbox 298 1507 1369 1558">
     <span class='ocr_line' id='line_1_24' title="bbox 298 1507 1369 1558; baseline -0.007 -7"><span class='ocrx_word' id='word_1_173' title='bbox 298 1515 459 1551; x_wconf 89' lang='lat' dir='ltr'>Sanctus</span> <span class='ocrx_word' id='word_1_174' title='bbox 487 1525 566 1549; x_wconf 88' lang='lat' dir='ltr'>non</span> <span class='ocrx_word' id='word_1_175' title='bbox 593 1510 800 1558; x_wconf 88' lang='lat' dir='ltr'>assumpsit</span> <span class='ocrx_word' id='word_1_176' title='bbox 818 1509 985 1558; x_wconf 86' lang='lat' dir='ltr'>aliquam</span> <span class='ocrx_word' id='word_1_177' title='bbox 1009 1515 1221 1546; x_wconf 89' lang='lat' dir='ltr'>creaturam</span> <span class='ocrx_word' id='word_1_178' title='bbox 1241 1507 1369 1545; x_wconf 89' lang='lat' dir='ltr'>visibi-</span> 
     </span>
    </p>

    <p class='ocr_par' dir='ltr' id='par_1_20' title="bbox 296 1561 1369 1613">
     <span class='ocr_line' id='line_1_25' title="bbox 296 1561 1369 1613; baseline -0.007 -8"><span class='ocrx_word' id='word_1_179' title='bbox 296 1569 386 1605; x_wconf 89' lang='lat' dir='ltr'>lem.</span> <span class='ocrx_word' id='word_1_180' title='bbox 407 1566 518 1604; x_wconf 89' lang='lat' dir='ltr'>Unde</span> <span class='ocrx_word' id='word_1_181' title='bbox 539 1577 617 1602; x_wconf 88' lang='lat' dir='ltr'>non</span> <span class='ocrx_word' id='word_1_182' title='bbox 635 1570 761 1613; x_wconf 90' lang='lat' dir='ltr'>potest</span> <span class='ocrx_word' id='word_1_183' title='bbox 780 1562 855 1600; x_wconf 92' lang='lat' dir='ltr'>dici</span> <span class='ocrx_word' id='word_1_184' title='bbox 873 1563 978 1612; x_wconf 92' lang='lat' dir='ltr'>quod</span> <span class='ocrx_word' id='word_1_185' title='bbox 997 1561 1036 1599; x_wconf 90' lang='lat' dir='ltr'>in</span> <span class='ocrx_word' id='word_1_186' title='bbox 1055 1561 1243 1610; x_wconf 91' lang='lat' dir='ltr'>aliquibus</span> <span class='ocrx_word' id='word_1_187' title='bbox 1267 1573 1369 1598; x_wconf 89' lang='lat' dir='ltr'>crea-</span> 
     </span>
    </p>

    <p class='ocr_par' dir='ltr' id='par_1_21' title="bbox 297 1613 1369 1663">
     <span class='ocr_line' id='line_1_26' title="bbox 297 1613 1369 1663; baseline -0.007 -6"><span class='ocrx_word' id='word_1_188' title='bbox 297 1620 387 1658; x_wconf 83' lang='lat' dir='ltr'>turis</span> <span class='ocrx_word' id='word_1_189' title='bbox 414 1618 625 1656; x_wconf 88' lang='lat' dir='ltr'>visibilibus</span> <span class='ocrx_word' id='word_1_190' title='bbox 654 1617 699 1654; x_wconf 86' lang='lat' dir='ltr'>sit</span> <span class='ocrx_word' id='word_1_191' title='bbox 727 1616 801 1653; x_wconf 88' lang='lat' dir='ltr'>alio</span> <span class='ocrx_word' id='word_1_192' title='bbox 830 1615 950 1653; x_wconf 91' lang='lat' dir='ltr'>modo</span> <span class='ocrx_word' id='word_1_193' title='bbox 979 1627 1097 1663; x_wconf 89' lang='lat' dir='ltr'>quam</span> <span class='ocrx_word' id='word_1_194' title='bbox 1117 1615 1156 1652; x_wconf 88' lang='lat' dir='ltr'>in</span> <span class='ocrx_word' id='word_1_195' title='bbox 1176 1614 1272 1662; x_wconf 90' lang='lat' dir='ltr'>aliis,</span> <span class='ocrx_word' id='word_1_196' title='bbox 1298 1613 1369 1651; x_wconf 90' lang='lat' dir='ltr'>nisi</span> 
     </span>
    </p>

    <p class='ocr_par' dir='ltr' id='par_1_22' title="bbox 297 1666 1368 1718">
     <span class='ocr_line' id='line_1_27' title="bbox 297 1666 1368 1718; baseline -0.007 -7"><span class='ocrx_word' id='word_1_197' title='bbox 297 1675 393 1711; x_wconf 83' lang='lat' dir='ltr'>forte</span> <span class='ocrx_word' id='word_1_198' title='bbox 413 1672 508 1709; x_wconf 89' lang='lat' dir='ltr'>sicut</span> <span class='ocrx_word' id='word_1_199' title='bbox 522 1672 560 1708; x_wconf 90' lang='lat' dir='ltr'>in</span> <span class='ocrx_word' id='word_1_200' title='bbox 580 1671 703 1718; x_wconf 82' lang='lat' dir='ltr'>signo3</span> <span class='ocrx_word' id='word_1_201' title='bbox 725 1669 820 1706; x_wconf 92' lang='lat' dir='ltr'>sicut</span> <span class='ocrx_word' id='word_1_202' title='bbox 839 1677 895 1706; x_wconf 90' lang='lat' dir='ltr'>est</span> <span class='ocrx_word' id='word_1_203' title='bbox 914 1669 1028 1706; x_wconf 89' lang='lat' dir='ltr'>etiam</span> <span class='ocrx_word' id='word_1_204' title='bbox 1049 1668 1088 1705; x_wconf 90' lang='lat' dir='ltr'>in</span> <span class='ocrx_word' id='word_1_205' title='bbox 1103 1666 1368 1715; x_wconf 87' lang='lat' dir='ltr'>Sacramentis,</span> 
     </span>
    </p>

    <p class='ocr_par' dir='ltr' id='par_1_23' title="bbox 298 1720 1370 1771">
     <span class='ocr_line' id='line_1_28' title="bbox 298 1720 1370 1771; baseline -0.006 -8"><span class='ocrx_word' id='word_1_206' title='bbox 298 1733 336 1763; x_wconf 92' lang='lat' dir='ltr'>et</span> <span class='ocrx_word' id='word_1_207' title='bbox 354 1721 392 1763; x_wconf 93' lang='lat' dir='ltr'>in</span> <span class='ocrx_word' id='word_1_208' title='bbox 412 1725 592 1762; x_wconf 90' lang='lat' dir='ltr'>omnibus</span> <span class='ocrx_word' id='word_1_209' title='bbox 616 1723 746 1771; x_wconf 90' lang='lat' dir='ltr'>figuris</span> <span class='ocrx_word' id='word_1_210' title='bbox 765 1722 958 1770; x_wconf 89' lang='lat' dir='ltr'>legalibus.</span> <span class='ocrx_word' id='word_1_211' title='bbox 986 1722 1078 1758; x_wconf 91' lang='lat' dir='ltr'>Non</span> <span class='ocrx_word' id='word_1_212' title='bbox 1098 1733 1187 1769; x_wconf 91' lang='lat' dir='ltr'>ergo</span> <span class='ocrx_word' id='word_1_213' title='bbox 1210 1720 1370 1770; x_wconf 87' lang='lat' dir='ltr'>Spiritus</span> 
     </span>
    </p>

    <p class='ocr_par' dir='ltr' id='par_1_24' title="bbox 300 1774 1371 1823">
     <span class='ocr_line' id='line_1_29' title="bbox 300 1774 1371 1823; baseline -0.006 -6"><span class='ocrx_word' id='word_1_214' title='bbox 300 1781 460 1817; x_wconf 90' lang='lat' dir='ltr'>Sanctus</span> <span class='ocrx_word' id='word_1_215' title='bbox 474 1777 668 1816; x_wconf 88' lang='lat' dir='ltr'>visibiliter</span> <span class='ocrx_word' id='word_1_216' title='bbox 686 1776 858 1813; x_wconf 82' lang='lat' dir='ltr'>mittitur:</span> <span class='ocrx_word' id='word_1_217' title='bbox 874 1776 937 1812; x_wconf 90' lang='lat' dir='ltr'>vel</span> <span class='ocrx_word' id='word_1_218' title='bbox 957 1782 1106 1823; x_wconf 90' lang='lat' dir='ltr'>oportet</span> <span class='ocrx_word' id='word_1_219' title='bbox 1124 1775 1249 1812; x_wconf 89' lang='lat' dir='ltr'>dicere</span> <span class='ocrx_word' id='word_1_220' title='bbox 1266 1774 1371 1823; x_wconf 92' lang='lat' dir='ltr'>quod</span> 
     </span>
    </p>
   </div>
   <div class='ocr_carea' id='block_1_11' title="bbox 346 994 470 1027">
    <p class='ocr_par' dir='ltr' id='par_1_25' title="bbox 346 994 470 1027">
     <span class='ocr_line' id='line_1_30' title="bbox 346 994 470 1027; baseline 0.016 -15"><span class='ocrx_word' id='word_1_221' title='bbox 346 1004 376 1015; x_wconf 33' lang='grc' dir='ltr'>Α,</span> <span class='ocrx_word' id='word_1_222' title='bbox 383 998 393 1014; x_wconf 63' lang='grc' dir='ltr'><strong>ι</strong></span> <span class='ocrx_word' id='word_1_223' title='bbox 413 994 431 1021; x_wconf 51' lang='grc' dir='ltr'>ε)</span> <span class='ocrx_word' id='word_1_224' title='bbox 433 1008 470 1027; x_wconf 53' lang='lat'>14&lt;</span> 
     </span>
    </p>
   </div>
   <div class='ocr_carea' id='block_1_12' title="bbox 322 1014 476 1043">
    <p class='ocr_par' dir='ltr' id='par_1_26' title="bbox 322 1014 476 1043">
     <span class='ocr_line' id='line_1_31' title="bbox 322 1014 476 1043; baseline -0.006 0"><span class='ocrx_word' id='word_1_225' title='bbox 322 1031 327 1032; x_wconf 33' lang='grc' dir='ltr'><em>ν</em></span> <span class='ocrx_word' id='word_1_226' title='bbox 336 1014 385 1043; x_wconf 59' lang='lat'>432»</span> <span class='ocrx_word' id='word_1_227' title='bbox 417 1020 427 1042; x_wconf 73' lang='grc' dir='ltr'>ἰ</span> <span class='ocrx_word' id='word_1_228' title='bbox 437 1024 476 1043; x_wconf 51' lang='grc' dir='ltr'>,τω</span> 
     </span>
    </p>
   </div>
   <div class='ocr_carea' id='block_1_13' title="bbox 310 1000 500 1146">
    <p class='ocr_par' dir='ltr' id='par_1_27' title="bbox 310 1000 500 1146">
     <span class='ocr_line' id='line_1_32' title="bbox 310 1000 500 1041; baseline 0 0"><span class='ocrx_word' id='word_1_229' title='bbox 310 1000 383 1041; x_wconf 95' lang='lat' dir='ltr'> </span> <span class='ocrx_word' id='word_1_230' title='bbox 470 1000 500 1041; x_wconf 95' lang='lat' dir='ltr'> </span> 
     </span>
     <span class='ocr_line' id='line_1_33' title="bbox 310 1041 500 1146; baseline 0 0"><span class='ocrx_word' id='word_1_231' title='bbox 310 1041 500 1146; x_wconf 95' lang='lat' dir='ltr'>  </span> 
     </span>
    </p>
   </div>
   <div class='ocr_carea' id='block_1_14' title="bbox 60 1827 1374 3370">
    <p class='ocr_par' dir='ltr' id='par_1_28' title="bbox 157 1827 1371 1924">
     <span class='ocr_line' id='line_1_34' title="bbox 299 1827 1371 1876; baseline -0.006 -6"><span class='ocrx_word' id='word_1_232' title='bbox 299 1832 512 1870; x_wconf 91' lang='lat' dir='ltr'>secundum</span> <span class='ocrx_word' id='word_1_233' title='bbox 541 1830 670 1867; x_wconf 91' lang='lat' dir='ltr'>omnia</span> <span class='ocrx_word' id='word_1_234' title='bbox 697 1829 928 1876; x_wconf 90' lang='lat' dir='ltr'>huiusmodi,</span> <span class='ocrx_word' id='word_1_235' title='bbox 958 1828 1040 1866; x_wconf 89' lang='lat' dir='ltr'>eius</span> <span class='ocrx_word' id='word_1_236' title='bbox 1065 1828 1195 1865; x_wconf 90' lang='lat' dir='ltr'>missio</span> <span class='ocrx_word' id='word_1_237' title='bbox 1216 1827 1371 1865; x_wconf 90' lang='lat' dir='ltr'>visibilis</span> 
     </span>
     <span class='ocr_line' id='line_1_35' title="bbox 157 1885 958 1924; baseline -0.007 0"><span class='ocrx_word' id='word_1_238' title='bbox 157 1890 173 1914; x_wconf 79' lang='grc' dir='ltr'><strong>Υ</strong></span> <span class='ocrx_word' id='word_1_239' title='bbox 297 1885 501 1924; x_wconf 90' lang='lat' dir='ltr'>attenditur</span> <span class='ocrx_word' id='word_1_240' title='bbox 519 1890 545 1920; x_wconf 79' lang='lat'>⁷.</span> <span class='ocrx_word' id='word_1_241' title='bbox 955 1891 958 1894; x_wconf 87' lang='grc'><em>·</em></span> 
     </span>
    </p>

    <p class='ocr_par' dir='ltr' id='par_1_29' title="bbox 298 1933 1370 2095">
     <span class='ocr_line' id='line_1_36' title="bbox 355 1933 1370 1984; baseline -0.006 -8"><span class='ocrx_word' id='word_1_242' title='bbox 355 1941 388 1976; x_wconf 91' lang='lat'>3.</span> <span class='ocrx_word' id='word_1_243' title='bbox 419 1940 661 1983; x_wconf 80' lang='lat' dir='ltr'>PRAETEREA,</span> <span class='ocrx_word' id='word_1_244' title='bbox 696 1934 888 1984; x_wconf 87' lang='lat' dir='ltr'>quaelibet</span> <span class='ocrx_word' id='word_1_245' title='bbox 920 1942 1091 1972; x_wconf 89' lang='lat' dir='ltr'>creatura</span> <span class='ocrx_word' id='word_1_246' title='bbox 1123 1933 1281 1971; x_wconf 90' lang='lat' dir='ltr'>visibilis</span> <span class='ocrx_word' id='word_1_247' title='bbox 1315 1941 1370 1971; x_wconf 89' lang='lat' dir='ltr'>est</span> 
     </span>
     <span class='ocr_line' id='line_1_37' title="bbox 298 1988 1369 2035; baseline -0.007 -5"><span class='ocrx_word' id='word_1_248' title='bbox 298 1993 456 2030; x_wconf 86' lang='lat' dir='ltr'>effectus</span> <span class='ocrx_word' id='word_1_249' title='bbox 482 1991 748 2028; x_wconf 89' lang='lat' dir='ltr'>demonstrans</span> <span class='ocrx_word' id='word_1_250' title='bbox 764 1996 887 2026; x_wconf 84' lang='lat' dir='ltr'>totam</span> <span class='ocrx_word' id='word_1_251' title='bbox 908 1988 1145 2026; x_wconf 85' lang='lat' dir='ltr'>Trinitatem.</span> <span class='ocrx_word' id='word_1_252' title='bbox 1168 1988 1261 2024; x_wconf 90' lang='lat' dir='ltr'>Non</span> <span class='ocrx_word' id='word_1_253' title='bbox 1281 1999 1369 2035; x_wconf 86' lang='lat' dir='ltr'>ergo</span> 
     </span>
     <span class='ocr_line' id='line_1_38' title="bbox 298 2040 1370 2095; baseline -0.005 -12"><span class='ocrx_word' id='word_1_254' title='bbox 298 2058 367 2095; x_wconf 87' lang='lat' dir='ltr'>per</span> <span class='ocrx_word' id='word_1_255' title='bbox 394 2045 473 2082; x_wconf 87' lang='lat' dir='ltr'>illas</span> <span class='ocrx_word' id='word_1_256' title='bbox 493 2051 682 2081; x_wconf 88' lang='lat' dir='ltr'>creaturas</span> <span class='ocrx_word' id='word_1_257' title='bbox 701 2041 869 2079; x_wconf 84' lang='lat' dir='ltr'>visibiles</span> <span class='ocrx_word' id='word_1_258' title='bbox 889 2041 1010 2090; x_wconf 85' lang='lat' dir='ltr'>magis</span> <span class='ocrx_word' id='word_1_259' title='bbox 1030 2041 1189 2078; x_wconf 85' lang='lat' dir='ltr'>mittitur</span> <span class='ocrx_word' id='word_1_260' title='bbox 1209 2040 1370 2089; x_wconf 90' lang='lat' dir='ltr'>Spiritus</span> 
     </span>
    </p>

    <p class='ocr_par' dir='ltr' id='par_1_30' title="bbox 157 2093 947 2147">
     <span class='ocr_line' id='line_1_39' title="bbox 157 2093 947 2147; baseline -0.009 -9"><span class='ocrx_word' id='word_1_261' title='bbox 157 2095 171 2120; x_wconf 66' lang='grc' dir='ltr'><strong><em>ὃ</em></strong></span> <span class='ocrx_word' id='word_1_262' title='bbox 300 2100 460 2136; x_wconf 86' lang='lat' dir='ltr'>Sanctus</span> <span class='ocrx_word' id='word_1_263' title='bbox 489 2109 606 2147; x_wconf 89' lang='lat' dir='ltr'>quam</span> <span class='ocrx_word' id='word_1_264' title='bbox 634 2095 705 2133; x_wconf 90' lang='lat' dir='ltr'>alia</span> <span class='ocrx_word' id='word_1_265' title='bbox 723 2093 738 2116; x_wconf 61' lang='grc' dir='ltr'><em>ὃ</em></span> <span class='ocrx_word' id='word_1_266' title='bbox 767 2096 947 2132; x_wconf 83' lang='lat' dir='ltr'>Persona.</span> 
     </span>
    </p>

    <p class='ocr_par' dir='ltr' id='par_1_31' title="bbox 299 2147 1370 2411">
     <span class='ocr_line' id='line_1_40' title="bbox 351 2147 1368 2199; baseline -0.005 -10"><span class='ocrx_word' id='word_1_267' title='bbox 351 2163 388 2199; x_wconf 90' lang='lat'>4.</span> <span class='ocrx_word' id='word_1_268' title='bbox 419 2153 656 2196; x_wconf 76' lang='lat' dir='ltr'>PRAETEREA,</span> <span class='ocrx_word' id='word_1_269' title='bbox 687 2148 803 2186; x_wconf 90' lang='lat' dir='ltr'>Filius</span> <span class='ocrx_word' id='word_1_270' title='bbox 835 2147 1030 2185; x_wconf 87' lang='lat' dir='ltr'>visibiliter</span> <span class='ocrx_word' id='word_1_271' title='bbox 1058 2154 1114 2185; x_wconf 90' lang='lat' dir='ltr'>est</span> <span class='ocrx_word' id='word_1_272' title='bbox 1145 2147 1283 2184; x_wconf 90' lang='lat' dir='ltr'>missus</span> <span class='ocrx_word' id='word_1_273' title='bbox 1312 2159 1368 2184; x_wconf 88' lang='lat' dir='ltr'>se-</span> 
     </span>
     <span class='ocr_line' id='line_1_41' title="bbox 299 2200 1370 2251; baseline -0.006 -8"><span class='ocrx_word' id='word_1_274' title='bbox 299 2205 470 2243; x_wconf 90' lang='lat' dir='ltr'>cundum</span> <span class='ocrx_word' id='word_1_275' title='bbox 498 2203 758 2251; x_wconf 88' lang='lat' dir='ltr'>dignissimam</span> <span class='ocrx_word' id='word_1_276' title='bbox 782 2201 988 2238; x_wconf 87' lang='lat' dir='ltr'>visibilium</span> <span class='ocrx_word' id='word_1_277' title='bbox 1008 2208 1278 2248; x_wconf 87' lang='lat' dir='ltr'>creaturarum,</span> <span class='ocrx_word' id='word_1_278' title='bbox 1300 2200 1370 2238; x_wconf 91' lang='lat' dir='ltr'>sci-</span> 
     </span>
     <span class='ocr_line' id='line_1_42' title="bbox 299 2253 1370 2303; baseline -0.005 -8"><span class='ocrx_word' id='word_1_279' title='bbox 299 2259 386 2296; x_wconf 91' lang='lat' dir='ltr'>licet</span> <span class='ocrx_word' id='word_1_280' title='bbox 412 2257 625 2294; x_wconf 88' lang='lat' dir='ltr'>secundum</span> <span class='ocrx_word' id='word_1_281' title='bbox 653 2262 828 2292; x_wconf 88' lang='lat' dir='ltr'>naturam</span> <span class='ocrx_word' id='word_1_282' title='bbox 847 2255 1071 2291; x_wconf 85' lang='lat' dir='ltr'>humanam.</span> <span class='ocrx_word' id='word_1_283' title='bbox 1098 2254 1140 2291; x_wconf 91' lang='lat' dir='ltr'>Si</span> <span class='ocrx_word' id='word_1_284' title='bbox 1158 2254 1267 2302; x_wconf 89' lang='lat' dir='ltr'>igitur</span> <span class='ocrx_word' id='word_1_285' title='bbox 1287 2253 1370 2303; x_wconf 89' lang='lat' dir='ltr'>Spi-</span> 
     </span>
     <span class='ocr_line' id='line_1_43' title="bbox 299 2306 1370 2355; baseline -0.006 -6"><span class='ocrx_word' id='word_1_286' title='bbox 299 2311 392 2350; x_wconf 89' lang='lat' dir='ltr'>ritus</span> <span class='ocrx_word' id='word_1_287' title='bbox 417 2311 577 2347; x_wconf 82' lang='lat' dir='ltr'>Sanctus</span> <span class='ocrx_word' id='word_1_288' title='bbox 604 2307 798 2346; x_wconf 90' lang='lat' dir='ltr'>visibiliter</span> <span class='ocrx_word' id='word_1_289' title='bbox 826 2307 993 2355; x_wconf 83' lang='lat' dir='ltr'>mittitur,</span> <span class='ocrx_word' id='word_1_290' title='bbox 1030 2307 1159 2344; x_wconf 93' lang='lat' dir='ltr'>debuit</span> <span class='ocrx_word' id='word_1_291' title='bbox 1189 2306 1285 2343; x_wconf 81' lang='lat' dir='ltr'>mitti</span> <span class='ocrx_word' id='word_1_292' title='bbox 1313 2319 1370 2344; x_wconf 93' lang='lat' dir='ltr'>se-</span> 
     </span>
     <span class='ocr_line' id='line_1_44' title="bbox 301 2360 1100 2411; baseline -0.008 -9"><span class='ocrx_word' id='word_1_293' title='bbox 301 2365 470 2402; x_wconf 89' lang='lat' dir='ltr'>cundum</span> <span class='ocrx_word' id='word_1_294' title='bbox 498 2363 642 2411; x_wconf 90' lang='lat' dir='ltr'>aliquas</span> <span class='ocrx_word' id='word_1_295' title='bbox 671 2368 860 2398; x_wconf 89' lang='lat' dir='ltr'>creaturas</span> <span class='ocrx_word' id='word_1_296' title='bbox 888 2360 1100 2397; x_wconf 86' lang='lat' dir='ltr'>rationales.</span> 
     </span>
    </p>

    <p class='ocr_par' dir='ltr' id='par_1_32' title="bbox 301 2412 1370 2519">
     <span class='ocr_line' id='line_1_45' title="bbox 358 2412 1368 2462; baseline -0.005 -8"><span class='ocrx_word' id='word_1_297' title='bbox 358 2419 390 2455; x_wconf 87' lang='lat'>5.</span> <span class='ocrx_word' id='word_1_298' title='bbox 425 2418 662 2462; x_wconf 76' lang='lat' dir='ltr'>PRAETEREA,</span> <span class='ocrx_word' id='word_1_299' title='bbox 695 2426 795 2462; x_wconf 90' lang='lat' dir='ltr'>quae</span> <span class='ocrx_word' id='word_1_300' title='bbox 823 2413 1018 2451; x_wconf 89' lang='lat' dir='ltr'>visibiliter</span> <span class='ocrx_word' id='word_1_301' title='bbox 1045 2413 1143 2450; x_wconf 88' lang='lat' dir='ltr'>fiunt</span> <span class='ocrx_word' id='word_1_302' title='bbox 1171 2412 1368 2460; x_wconf 89' lang='lat' dir='ltr'>divinitus,</span> 
     </span>
     <span class='ocr_line' id='line_1_46' title="bbox 301 2466 1370 2519; baseline -0.006 -11"><span class='ocrx_word' id='word_1_303' title='bbox 301 2471 566 2519; x_wconf 87' lang='lat' dir='ltr'>dispensantur</span> <span class='ocrx_word' id='word_1_304' title='bbox 593 2481 662 2518; x_wconf 91' lang='lat' dir='ltr'>per</span> <span class='ocrx_word' id='word_1_305' title='bbox 688 2466 938 2504; x_wconf 86' lang='lat' dir='ltr'>ministerium</span> <span class='ocrx_word' id='word_1_306' title='bbox 966 2467 1203 2514; x_wconf 77' lang='lat' dir='ltr'>angelorum,</span> <span class='ocrx_word' id='word_1_307' title='bbox 1232 2473 1274 2502; x_wconf 91' lang='lat' dir='ltr'>ut</span> <span class='ocrx_word' id='word_1_308' title='bbox 1292 2467 1370 2503; x_wconf 88' lang='lat' dir='ltr'>Au-</span> 
     </span>
    </p>

    <p class='ocr_par' dir='ltr' id='par_1_33' title="bbox 62 2518 1369 2584">
     <span class='ocr_line' id='line_1_47' title="bbox 62 2518 1369 2584; baseline -0.008 -18"><span class='ocrx_word' id='word_1_309' title='bbox 62 2535 272 2584; x_wconf 72' lang='lat' dir='ltr'>*.Caf-x‚x1--Cf-</span> <span class='ocrx_word' id='word_1_310' title='bbox 301 2524 471 2573; x_wconf 86' lang='lat' dir='ltr'>gustinus</span> <span class='ocrx_word' id='word_1_311' title='bbox 500 2522 598 2568; x_wconf 89' lang='lat' dir='ltr'>dicit,</span> <span class='ocrx_word' id='word_1_312' title='bbox 630 2522 678 2558; x_wconf 86' lang='lat'>111</span> <span class='ocrx_word' id='word_1_313' title='bbox 700 2521 746 2558; x_wconf 86' lang='lat' dir='ltr'>de</span> <span class='ocrx_word' id='word_1_314' title='bbox 768 2522 804 2558; x_wconf 94' lang='lat' dir='ltr'><em>T</em></span> <span class='ocrx_word' id='word_1_315' title='bbox 799 2520 903 2557; x_wconf 68' lang='lat' dir='ltr'>rim*</span> <span class='ocrx_word' id='word_1_316' title='bbox 923 2519 963 2557; x_wconf 92' lang='lat' dir='ltr'>Si</span> <span class='ocrx_word' id='word_1_317' title='bbox 988 2531 1077 2567; x_wconf 87' lang='lat' dir='ltr'>ergo</span> <span class='ocrx_word' id='word_1_318' title='bbox 1106 2518 1256 2567; x_wconf 84' lang='lat' dir='ltr'>aliquae</span> <span class='ocrx_word' id='word_1_319' title='bbox 1285 2531 1369 2568; x_wconf 89' lang='lat' dir='ltr'>spe-</span> 
     </span>
    </p>

    <p class='ocr_par' dir='ltr' id='par_1_34' title="bbox 60 2563 1371 2722">
     <span class='ocr_line' id='line_1_48' title="bbox 60 2563 1371 2624; baseline -0.005 -8"><span class='ocrx_word' id='word_1_320' title='bbox 60 2563 93 2585; x_wconf 70' lang='lat' dir='ltr'>¹b</span> <span class='ocrx_word' id='word_1_321' title='bbox 124 2563 272 2591; x_wconf 60' lang='lat' dir='ltr'><strong>V’cap&#39;m</strong></span> <span class='ocrx_word' id='word_1_322' title='bbox 302 2578 378 2615; x_wconf 91' lang='lat' dir='ltr'>cies</span> <span class='ocrx_word' id='word_1_323' title='bbox 410 2576 576 2615; x_wconf 90' lang='lat' dir='ltr'>visibiles</span> <span class='ocrx_word' id='word_1_324' title='bbox 608 2581 885 2624; x_wconf 88' lang='lat' dir='ltr'>apparuerunt,</span> <span class='ocrx_word' id='word_1_325' title='bbox 920 2574 996 2610; x_wconf 86' lang='lat' dir='ltr'>hoc</span> <span class='ocrx_word' id='word_1_326' title='bbox 1029 2573 1172 2610; x_wconf 89' lang='lat' dir='ltr'>factum</span> <span class='ocrx_word' id='word_1_327' title='bbox 1206 2571 1275 2610; x_wconf 89' lang='lat' dir='ltr'>fuit</span> <span class='ocrx_word' id='word_1_328' title='bbox 1302 2585 1371 2622; x_wconf 92' lang='lat' dir='ltr'>per</span> 
     </span>
     <span class='ocr_line' id='line_1_49' title="bbox 302 2626 1370 2678; baseline -0.006 -10"><span class='ocrx_word' id='word_1_329' title='bbox 302 2631 467 2678; x_wconf 67' lang='lat' dir='ltr'>angelos</span> <span class='ocrx_word' id='word_1_330' title='bbox 497 2630 546 2667; x_wconf 93' lang='lat' dir='ltr'>Et</span> <span class='ocrx_word' id='word_1_331' title='bbox 575 2628 627 2665; x_wconf 91' lang='lat' dir='ltr'>sic</span> <span class='ocrx_word' id='word_1_332' title='bbox 654 2627 726 2677; x_wconf 91' lang='lat' dir='ltr'>ipsi</span> <span class='ocrx_word' id='word_1_333' title='bbox 754 2626 877 2675; x_wconf 86' lang='lat' dir='ltr'>angeli</span> <span class='ocrx_word' id='word_1_334' title='bbox 898 2626 1105 2674; x_wconf 87' lang='lat' dir='ltr'>mittuntur,</span> <span class='ocrx_word' id='word_1_335' title='bbox 1131 2633 1168 2662; x_wconf 90' lang='lat' dir='ltr'>et</span> <span class='ocrx_word' id='word_1_336' title='bbox 1187 2637 1266 2662; x_wconf 90' lang='lat' dir='ltr'>non</span> <span class='ocrx_word' id='word_1_337' title='bbox 1287 2626 1370 2675; x_wconf 90' lang='lat' dir='ltr'>Spi-</span> 
     </span>
     <span class='ocr_line' id='line_1_50' title="bbox 303 2684 596 2722; baseline -0.014 0"><span class='ocrx_word' id='word_1_338' title='bbox 303 2685 392 2722; x_wconf 92' lang='lat' dir='ltr'>ritus</span> <span class='ocrx_word' id='word_1_339' title='bbox 425 2684 596 2720; x_wconf 89' lang='lat' dir='ltr'>Sanctus.</span> 
     </span>
    </p>

    <p class='ocr_par' dir='ltr' id='par_1_35' title="bbox 302 2732 1372 3100">
     <span class='ocr_line' id='line_1_51' title="bbox 357 2732 1370 2782; baseline -0.005 -8"><span class='ocrx_word' id='word_1_340' title='bbox 357 2738 392 2774; x_wconf 88' lang='lat'>6.</span> <span class='ocrx_word' id='word_1_341' title='bbox 414 2737 646 2782; x_wconf 77' lang='lat' dir='ltr'>PRAETEREA‚</span> <span class='ocrx_word' id='word_1_342' title='bbox 668 2733 698 2771; x_wconf 88' lang='lat' dir='ltr'>si</span> <span class='ocrx_word' id='word_1_343' title='bbox 715 2733 874 2782; x_wconf 89' lang='lat' dir='ltr'>Spiritus</span> <span class='ocrx_word' id='word_1_344' title='bbox 892 2733 1054 2770; x_wconf 91' lang='lat' dir='ltr'>Sanctus</span> <span class='ocrx_word' id='word_1_345' title='bbox 1072 2732 1268 2770; x_wconf 87' lang='lat' dir='ltr'>visibiliter</span> <span class='ocrx_word' id='word_1_346' title='bbox 1286 2732 1370 2769; x_wconf 88' lang='lat' dir='ltr'>mit—</span> 
     </span>
     <span class='ocr_line' id='line_1_52' title="bbox 302 2785 1370 2837; baseline -0.005 -9"><span class='ocrx_word' id='word_1_347' title='bbox 302 2799 421 2837; x_wconf 90' lang='lat' dir='ltr'>tatur,</span> <span class='ocrx_word' id='word_1_348' title='bbox 451 2790 526 2826; x_wconf 92' lang='lat' dir='ltr'>hoc</span> <span class='ocrx_word' id='word_1_349' title='bbox 554 2800 632 2825; x_wconf 87' lang='lat' dir='ltr'>non</span> <span class='ocrx_word' id='word_1_350' title='bbox 660 2795 717 2824; x_wconf 90' lang='lat' dir='ltr'>est</span> <span class='ocrx_word' id='word_1_351' title='bbox 743 2786 814 2824; x_wconf 88' lang='lat' dir='ltr'>nisi</span> <span class='ocrx_word' id='word_1_352' title='bbox 842 2786 891 2824; x_wconf 90' lang='lat' dir='ltr'>ad</span> <span class='ocrx_word' id='word_1_353' title='bbox 920 2786 1243 2824; x_wconf 87' lang='lat' dir='ltr'>manifestandum</span> <span class='ocrx_word' id='word_1_354' title='bbox 1276 2785 1370 2823; x_wconf 88' lang='lat' dir='ltr'>invi·</span> 
     </span>
     <span class='ocr_line' id='line_1_53' title="bbox 304 2838 1371 2889; baseline -0.005 -8"><span class='ocrx_word' id='word_1_355' title='bbox 304 2843 451 2881; x_wconf 89' lang='lat' dir='ltr'>sibilem</span> <span class='ocrx_word' id='word_1_356' title='bbox 485 2841 730 2887; x_wconf 84' lang='lat' dir='ltr'>missionem,</span> <span class='ocrx_word' id='word_1_357' title='bbox 765 2839 853 2889; x_wconf 87' lang='lat' dir='ltr'>quia</span> <span class='ocrx_word' id='word_1_358' title='bbox 885 2839 1086 2877; x_wconf 89' lang='lat' dir='ltr'>invisibilia</span> <span class='ocrx_word' id='word_1_359' title='bbox 1114 2852 1183 2888; x_wconf 90' lang='lat' dir='ltr'>per</span> <span class='ocrx_word' id='word_1_360' title='bbox 1209 2838 1371 2876; x_wconf 85' lang='lat' dir='ltr'>visibilia</span> 
     </span>
     <span class='ocr_line' id='line_1_54' title="bbox 304 2892 1372 2942; baseline -0.006 -7"><span class='ocrx_word' id='word_1_361' title='bbox 304 2896 600 2934; x_wconf 87' lang='lat' dir='ltr'>manifestantur.</span> <span class='ocrx_word' id='word_1_362' title='bbox 636 2895 738 2942; x_wconf 90' lang='lat' dir='ltr'>Ergo</span> <span class='ocrx_word' id='word_1_363' title='bbox 772 2893 822 2930; x_wconf 92' lang='lat' dir='ltr'>ad</span> <span class='ocrx_word' id='word_1_364' title='bbox 855 2905 971 2942; x_wconf 89' lang='lat' dir='ltr'>quem</span> <span class='ocrx_word' id='word_1_365' title='bbox 1006 2892 1137 2930; x_wconf 88' lang='lat' dir='ltr'>missio</span> <span class='ocrx_word' id='word_1_366' title='bbox 1175 2892 1372 2935; x_wconf 85' lang='lat' dir='ltr'>invisibilis</span> 
     </span>
     <span class='ocr_line' id='line_1_55' title="bbox 305 2946 1371 2995; baseline -0.004 -8"><span class='ocrx_word' id='word_1_367' title='bbox 305 2950 402 2987; x_wconf 86' lang='lat' dir='ltr'>facta</span> <span class='ocrx_word' id='word_1_368' title='bbox 429 2962 508 2986; x_wconf 89' lang='lat' dir='ltr'>non</span> <span class='ocrx_word' id='word_1_369' title='bbox 537 2948 625 2995; x_wconf 82' lang='lat' dir='ltr'>fuit,</span> <span class='ocrx_word' id='word_1_370' title='bbox 655 2959 726 2984; x_wconf 93' lang='lat' dir='ltr'>nec</span> <span class='ocrx_word' id='word_1_371' title='bbox 754 2946 884 2983; x_wconf 89' lang='lat' dir='ltr'>missio</span> <span class='ocrx_word' id='word_1_372' title='bbox 917 2946 1074 2983; x_wconf 90' lang='lat' dir='ltr'>visibilis</span> <span class='ocrx_word' id='word_1_373' title='bbox 1108 2946 1190 2983; x_wconf 91' lang='lat' dir='ltr'>fieri</span> <span class='ocrx_word' id='word_1_374' title='bbox 1219 2946 1371 2984; x_wconf 85' lang='lat' dir='ltr'>debuit:</span> 
     </span>
     <span class='ocr_line' id='line_1_56' title="bbox 306 2999 1372 3049; baseline -0.004 -9"><span class='ocrx_word' id='word_1_375' title='bbox 306 3011 341 3040; x_wconf 91' lang='lat' dir='ltr'>et</span> <span class='ocrx_word' id='word_1_376' title='bbox 367 3003 417 3040; x_wconf 88' lang='lat' dir='ltr'>ad</span> <span class='ocrx_word' id='word_1_377' title='bbox 445 3014 581 3039; x_wconf 89' lang='lat' dir='ltr'>omnes</span> <span class='ocrx_word' id='word_1_378' title='bbox 610 3000 658 3038; x_wconf 89' lang='lat' dir='ltr'>ad</span> <span class='ocrx_word' id='word_1_379' title='bbox 687 3012 784 3049; x_wconf 91' lang='lat' dir='ltr'>quos</span> <span class='ocrx_word' id='word_1_380' title='bbox 816 3000 858 3036; x_wconf 91' lang='lat' dir='ltr'>fit</span> <span class='ocrx_word' id='word_1_381' title='bbox 886 2999 1016 3037; x_wconf 90' lang='lat' dir='ltr'>missio</span> <span class='ocrx_word' id='word_1_382' title='bbox 1050 2999 1261 3046; x_wconf 87' lang='lat' dir='ltr'>invisibilis,</span> <span class='ocrx_word' id='word_1_383' title='bbox 1291 2999 1372 3037; x_wconf 92' lang='lat' dir='ltr'>sive</span> 
     </span>
     <span class='ocr_line' id='line_1_57' title="bbox 305 3052 1372 3100; baseline -0.004 -7"><span class='ocrx_word' id='word_1_384' title='bbox 305 3056 343 3093; x_wconf 92' lang='lat' dir='ltr'>in</span> <span class='ocrx_word' id='word_1_385' title='bbox 362 3068 466 3093; x_wconf 90' lang='lat' dir='ltr'>novo</span> <span class='ocrx_word' id='word_1_386' title='bbox 487 3055 567 3092; x_wconf 91' lang='lat' dir='ltr'>sive</span> <span class='ocrx_word' id='word_1_387' title='bbox 587 3054 626 3091; x_wconf 90' lang='lat' dir='ltr'>in</span> <span class='ocrx_word' id='word_1_388' title='bbox 644 3053 764 3091; x_wconf 88' lang='lat' dir='ltr'>veteri</span> <span class='ocrx_word' id='word_1_389' title='bbox 785 3054 1046 3100; x_wconf 89' lang='lat' dir='ltr'>Testamento,</span> <span class='ocrx_word' id='word_1_390' title='bbox 1067 3052 1197 3090; x_wconf 89' lang='lat' dir='ltr'>missio</span> <span class='ocrx_word' id='word_1_391' title='bbox 1216 3052 1372 3090; x_wconf 89' lang='lat' dir='ltr'>visibilis</span> 
     </span>
    </p>

    <p class='ocr_par' dir='ltr' id='par_1_36' title="bbox 165 3107 1374 3370">
     <span class='ocr_line' id='line_1_58' title="bbox 165 3107 1372 3156; baseline -0.003 -9"><span class='ocrx_word' id='word_1_392' title='bbox 165 3121 176 3137; x_wconf 71' lang='grc' dir='ltr'>ε</span> <span class='ocrx_word' id='word_1_393' title='bbox 305 3109 387 3146; x_wconf 88' lang='lat' dir='ltr'>fieri</span> <span class='ocrx_word' id='word_1_394' title='bbox 415 3109 528 3146; x_wconf 92' lang='lat' dir='ltr'>debet</span> <span class='ocrx_word' id='word_1_395' title='bbox 545 3114 577 3145; x_wconf 70' lang='lat'>⁶:</span> <span class='ocrx_word' id='word_1_396' title='bbox 607 3107 712 3156; x_wconf 93' lang='lat' dir='ltr'>quod</span> <span class='ocrx_word' id='word_1_397' title='bbox 738 3114 841 3155; x_wconf 88' lang='lat' dir='ltr'>patet</span> <span class='ocrx_word' id='word_1_398' title='bbox 870 3119 952 3143; x_wconf 92' lang='lat' dir='ltr'>esse</span> <span class='ocrx_word' id='word_1_399' title='bbox 981 3107 1130 3144; x_wconf 89' lang='lat' dir='ltr'>falsum.</span> <span class='ocrx_word' id='word_1_400' title='bbox 1164 3107 1259 3144; x_wconf 90' lang='lat' dir='ltr'>Non</span> <span class='ocrx_word' id='word_1_401' title='bbox 1283 3118 1372 3154; x_wconf 89' lang='lat' dir='ltr'>ergo</span> 
     </span>
     <span class='ocr_line' id='line_1_59' title="bbox 308 3159 1074 3211; baseline -0.004 -12"><span class='ocrx_word' id='word_1_402' title='bbox 308 3162 466 3211; x_wconf 90' lang='lat' dir='ltr'>Spiritus</span> <span class='ocrx_word' id='word_1_403' title='bbox 496 3162 656 3198; x_wconf 88' lang='lat' dir='ltr'>Sanctus</span> <span class='ocrx_word' id='word_1_404' title='bbox 683 3159 879 3197; x_wconf 90' lang='lat' dir='ltr'>visibiliter</span> <span class='ocrx_word' id='word_1_405' title='bbox 907 3160 1074 3197; x_wconf 90' lang='lat' dir='ltr'>mittitur.</span> 
     </span>
     <span class='ocr_line' id='line_1_60' title="bbox 361 3212 1374 3262; baseline -0.003 -10"><span class='ocrx_word' id='word_1_406' title='bbox 361 3216 434 3252; x_wconf 77' lang='lat' dir='ltr'>SED</span> <span class='ocrx_word' id='word_1_407' title='bbox 459 3227 604 3252; x_wconf 79' lang='lat' dir='ltr'>CONTRA</span> <span class='ocrx_word' id='word_1_408' title='bbox 632 3225 697 3250; x_wconf 82' lang='lat' dir='ltr'>EST</span> <span class='ocrx_word' id='word_1_409' title='bbox 726 3213 831 3262; x_wconf 92' lang='lat' dir='ltr'>quod</span> <span class='ocrx_word' id='word_1_410' title='bbox 851 3213 985 3250; x_wconf 91' lang='lat' dir='ltr'>dicitur</span> <span class='ocrx_word' id='word_1_411' title='bbox 1009 3214 1142 3250; x_wconf 89' lang='lat' dir='ltr'>Matth.</span> <span class='ocrx_word' id='word_1_412' title='bbox 1165 3212 1247 3261; x_wconf 78' lang='lat'>111*,</span> <span class='ocrx_word' id='word_1_413' title='bbox 1268 3213 1374 3261; x_wconf 92' lang='lat' dir='ltr'>quod</span> 
     </span>
     <span class='ocr_line' id='line_1_61' title="bbox 309 3265 1374 3317; baseline -0.002 -12"><span class='ocrx_word' id='word_1_414' title='bbox 309 3268 466 3317; x_wconf 85' lang='lat' dir='ltr'>Spiritus</span> <span class='ocrx_word' id='word_1_415' title='bbox 487 3269 647 3305; x_wconf 91' lang='lat' dir='ltr'>Sanctus</span> <span class='ocrx_word' id='word_1_416' title='bbox 668 3265 863 3304; x_wconf 90' lang='lat' dir='ltr'>descendit</span> <span class='ocrx_word' id='word_1_417' title='bbox 888 3279 1001 3315; x_wconf 90' lang='lat' dir='ltr'>super</span> <span class='ocrx_word' id='word_1_418' title='bbox 1021 3266 1234 3304; x_wconf 90' lang='lat' dir='ltr'>Dominum</span> <span class='ocrx_word' id='word_1_419' title='bbox 1254 3265 1374 3316; x_wconf 89' lang='lat' dir='ltr'>bapti-</span> 
     </span>
     <span class='ocr_line' id='line_1_62' title="bbox 308 3320 896 3370; baseline -0.003 -12"><span class='ocrx_word' id='word_1_420' title='bbox 308 3329 433 3358; x_wconf 89' lang='lat' dir='ltr'>zatum</span> <span class='ocrx_word' id='word_1_421' title='bbox 461 3321 499 3358; x_wconf 89' lang='lat' dir='ltr'>in</span> <span class='ocrx_word' id='word_1_422' title='bbox 528 3320 653 3370; x_wconf 90' lang='lat' dir='ltr'>specie</span> <span class='ocrx_word' id='word_1_423' title='bbox 683 3320 896 3357; x_wconf 91' lang='lat' dir='ltr'>columbae.</span> 
     </span>
    </p>
   </div>
   <div class='ocr_carea' id='block_1_15' title="bbox 69 3221 206 3243">
    <p class='ocr_par' dir='ltr' id='par_1_37' title="bbox 69 3221 206 3243">
     <span class='ocr_line' id='line_1_63' title="bbox 69 3221 206 3243; baseline 0 0"><span class='ocrx_word' id='word_1_424' title='bbox 69 3223 77 3232; x_wconf 83' lang='lat'><strong>·</strong></span> <span class='ocrx_word' id='word_1_425' title='bbox 93 3221 159 3243; x_wconf 84' lang='lat' dir='ltr'>Vers.</span> <span class='ocrx_word' id='word_1_426' title='bbox 175 3221 206 3243; x_wconf 85' lang='lat'>16.</span> 
     </span>
    </p>
   </div>
   <div class='ocr_carea' id='block_1_16' title="bbox 311 3434 1376 3672">
    <p class='ocr_par' dir='ltr' id='par_1_38' title="bbox 362 3434 748 3467">
     <span class='ocr_line' id='line_1_64' title="bbox 362 3434 748 3467; baseline 0 -8"><span class='ocrx_word' id='word_1_427' title='bbox 362 3435 389 3467; x_wconf 88' lang='grc' dir='ltr'>α)</span> <span class='ocrx_word' id='word_1_428' title='bbox 409 3435 544 3459; x_wconf 86' lang='lat' dir='ltr'>mundum.</span> <span class='ocrx_word' id='word_1_429' title='bbox 563 3449 582 3454; x_wconf 95' lang='lat'>—</span> <span class='ocrx_word' id='word_1_430' title='bbox 600 3434 699 3460; x_wconf 82' lang='lat' dir='ltr'>mundo</span> <span class='ocrx_word' id='word_1_431' title='bbox 718 3434 748 3459; x_wconf 79' lang='lat' dir='ltr'>P.</span> 
     </span>
    </p>

    <p class='ocr_par' dir='ltr' id='par_1_39' title="bbox 363 3469 740 3502">
     <span class='ocr_line' id='line_1_65' title="bbox 363 3469 740 3502; baseline 0 -8"><span class='ocrx_word' id='word_1_432' title='bbox 363 3469 388 3502; x_wconf 84' lang='grc' dir='ltr'>β)</span> <span class='ocrx_word' id='word_1_433' title='bbox 408 3470 505 3495; x_wconf 81' lang='lat' dir='ltr'>missio.</span> <span class='ocrx_word' id='word_1_434' title='bbox 523 3484 541 3488; x_wconf 98' lang='lat'>-</span> <span class='ocrx_word' id='word_1_435' title='bbox 560 3470 625 3495; x_wconf 82' lang='lat' dir='ltr'>visio</span> <span class='ocrx_word' id='word_1_436' title='bbox 645 3470 740 3502; x_wconf 83' lang='lat' dir='ltr'>FGpD.</span> 
     </span>
    </p>

    <p class='ocr_par' dir='ltr' id='par_1_40' title="bbox 361 3504 906 3538">
     <span class='ocr_line' id='line_1_66' title="bbox 361 3504 906 3538; baseline 0 -8"><span class='ocrx_word' id='word_1_437' title='bbox 361 3506 387 3538; x_wconf 85' lang='grc' dir='ltr'>γ)</span> <span class='ocrx_word' id='word_1_438' title='bbox 408 3505 565 3530; x_wconf 79' lang='lat' dir='ltr'>attenditur.</span> <span class='ocrx_word' id='word_1_439' title='bbox 582 3519 602 3525; x_wconf 91' lang='lat'>-</span> <span class='ocrx_word' id='word_1_440' title='bbox 619 3505 776 3530; x_wconf 82' lang='lat' dir='ltr'>attendatur</span> <span class='ocrx_word' id='word_1_441' title='bbox 795 3504 906 3530; x_wconf 84' lang='lat' dir='ltr'>codices.</span> 
     </span>
    </p>

    <p class='ocr_par' dir='ltr' id='par_1_41' title="bbox 362 3540 1027 3573">
     <span class='ocr_line' id='line_1_67' title="bbox 362 3540 1027 3573; baseline 0 -8"><span class='ocrx_word' id='word_1_442' title='bbox 362 3540 387 3573; x_wconf 84' lang='grc' dir='ltr'>ὃ)</span> <span class='ocrx_word' id='word_1_443' title='bbox 405 3541 469 3565; x_wconf 85' lang='lat' dir='ltr'>alia.</span> <span class='ocrx_word' id='word_1_444' title='bbox 487 3554 506 3559; x_wconf 96' lang='lat'><em>-</em></span> <span class='ocrx_word' id='word_1_445' title='bbox 523 3541 613 3573; x_wconf 81' lang='lat' dir='ltr'>aliqua</span> <span class='ocrx_word' id='word_1_446' title='bbox 631 3540 796 3572; x_wconf 81' lang='lat' dir='ltr'>ADEFGpC,</span> <span class='ocrx_word' id='word_1_447' title='bbox 814 3540 905 3573; x_wconf 77' lang='lat' dir='ltr'>aliqua</span> <span class='ocrx_word' id='word_1_448' title='bbox 923 3540 978 3565; x_wconf 86' lang='lat' dir='ltr'>alia</span> <span class='ocrx_word' id='word_1_449' title='bbox 997 3540 1027 3565; x_wconf 92' lang='lat' dir='ltr'>B.</span> 
     </span>
    </p>

    <p class='ocr_par' dir='ltr' id='par_1_42' title="bbox 363 3575 718 3607">
     <span class='ocr_line' id='line_1_68' title="bbox 363 3575 718 3607; baseline 0 -7"><span class='ocrx_word' id='word_1_450' title='bbox 363 3576 385 3607; x_wconf 89' lang='grc' dir='ltr'>ε)</span> <span class='ocrx_word' id='word_1_451' title='bbox 405 3576 488 3601; x_wconf 86' lang='lat' dir='ltr'>debet.</span> <span class='ocrx_word' id='word_1_452' title='bbox 506 3589 523 3594; x_wconf 92' lang='lat'><em>—</em></span> <span class='ocrx_word' id='word_1_453' title='bbox 542 3576 647 3601; x_wconf 82' lang='lat' dir='ltr'>deberet</span> <span class='ocrx_word' id='word_1_454' title='bbox 664 3575 718 3601; x_wconf 89' lang='lat' dir='ltr'>FG.</span> 
     </span>
    </p>

    <p class='ocr_par' dir='ltr' id='par_1_43' title="bbox 311 3610 1376 3672">
     <span class='ocr_line' id='line_1_69' title="bbox 363 3610 1376 3644; baseline 0.001 -9"><span class='ocrx_word' id='word_1_455' title='bbox 363 3610 388 3644; x_wconf 84' lang='grc' dir='ltr'>ζ)</span> <span class='ocrx_word' id='word_1_456' title='bbox 407 3618 445 3636; x_wconf 85' lang='lat' dir='ltr'>ex</span> <span class='ocrx_word' id='word_1_457' title='bbox 462 3618 544 3642; x_wconf 81' lang='lat' dir='ltr'>supra</span> <span class='ocrx_word' id='word_1_458' title='bbox 564 3611 650 3636; x_wconf 81' lang='lat' dir='ltr'>dictis.</span> <span class='ocrx_word' id='word_1_459' title='bbox 667 3625 685 3630; x_wconf 95' lang='lat'>—</span> <span class='ocrx_word' id='word_1_460' title='bbox 703 3618 785 3643; x_wconf 82' lang='lat' dir='ltr'>supra</span> <span class='ocrx_word' id='word_1_461' title='bbox 804 3617 841 3635; x_wconf 82' lang='lat' dir='ltr'>ex</span> <span class='ocrx_word' id='word_1_462' title='bbox 855 3610 933 3636; x_wconf 80' lang='lat' dir='ltr'>dictis</span> <span class='ocrx_word' id='word_1_463' title='bbox 947 3611 1071 3640; x_wconf 84' lang='lat' dir='ltr'>ABDEG,</span> <span class='ocrx_word' id='word_1_464' title='bbox 1086 3618 1169 3644; x_wconf 76' lang='lat' dir='ltr'>supra</span> <span class='ocrx_word' id='word_1_465' title='bbox 1182 3618 1219 3636; x_wconf 81' lang='lat' dir='ltr'>ex</span> <span class='ocrx_word' id='word_1_466' title='bbox 1227 3610 1376 3643; x_wconf 75' lang='lat' dir='ltr'>praedictis</span> 
     </span>
     <span class='ocr_line' id='line_1_70' title="bbox 311 3646 439 3672; baseline 0 -1"><span class='ocrx_word' id='word_1_467' title='bbox 311 3646 370 3672; x_wconf 88' lang='lat' dir='ltr'>edd.</span> <span class='ocrx_word' id='word_1_468' title='bbox 388 3653 405 3671; x_wconf 86' lang='lat' dir='ltr'>a</span> <span class='ocrx_word' id='word_1_469' title='bbox 416 3646 439 3671; x_wconf 89' lang='lat' dir='ltr'>b.</span> 
     </span>
    </p>
   </div>
   <div class='ocr_carea' id='block_1_17' title="bbox 1420 973 2499 2622">
    <p class='ocr_par' dir='ltr' id='par_1_44' title="bbox 1420 973 2497 1971">
     <span class='ocr_line' id='line_1_71' title="bbox 1474 973 2493 1023; baseline 0.003 -13"><span class='ocrx_word' id='word_1_470' title='bbox 1474 975 1700 1011; x_wconf 79' lang='lat' dir='ltr'>RESPONDEO</span> <span class='ocrx_word' id='word_1_471' title='bbox 1720 985 1905 1011; x_wconf 83' lang='lat' dir='ltr'>DICENDUM</span> <span class='ocrx_word' id='word_1_472' title='bbox 1925 973 2032 1023; x_wconf 91' lang='lat' dir='ltr'>quod</span> <span class='ocrx_word' id='word_1_473' title='bbox 2046 975 2153 1012; x_wconf 93' lang='lat' dir='ltr'>Deus</span> <span class='ocrx_word' id='word_1_474' title='bbox 2171 975 2350 1022; x_wconf 89' lang='lat' dir='ltr'>providet</span> <span class='ocrx_word' id='word_1_475' title='bbox 2368 975 2493 1013; x_wconf 91' lang='lat' dir='ltr'>omni-</span> 
     </span>
     <span class='ocr_line' id='line_1_72' title="bbox 1421 1026 2493 1076; baseline 0.002 -12"><span class='ocrx_word' id='word_1_476' title='bbox 1421 1027 1492 1064; x_wconf 92' lang='lat' dir='ltr'>bus</span> <span class='ocrx_word' id='word_1_477' title='bbox 1521 1027 1734 1064; x_wconf 88' lang='lat' dir='ltr'>secundum</span> <span class='ocrx_word' id='word_1_478' title='bbox 1754 1026 2055 1076; x_wconf 88' lang='lat' dir='ltr'>uniuscuiusque</span> <span class='ocrx_word' id='word_1_479' title='bbox 2075 1027 2250 1065; x_wconf 89' lang='lat' dir='ltr'>modurn.</span> <span class='ocrx_word' id='word_1_480' title='bbox 2277 1028 2345 1065; x_wconf 91' lang='lat' dir='ltr'>Est</span> <span class='ocrx_word' id='word_1_481' title='bbox 2364 1036 2493 1066; x_wconf 88' lang='lat' dir='ltr'>autem</span> 
     </span>
     <span class='ocr_line' id='line_1_73' title="bbox 1420 1079 2494 1129; baseline 0.001 -12"><span class='ocrx_word' id='word_1_482' title='bbox 1420 1079 1561 1117; x_wconf 88' lang='lat' dir='ltr'>modus</span> <span class='ocrx_word' id='word_1_483' title='bbox 1590 1079 1846 1117; x_wconf 90' lang='lat' dir='ltr'>connaturalis</span> <span class='ocrx_word' id='word_1_484' title='bbox 1874 1079 2056 1127; x_wconf 87' lang='lat' dir='ltr'>hominis,</span> <span class='ocrx_word' id='word_1_485' title='bbox 2086 1088 2128 1117; x_wconf 93' lang='lat' dir='ltr'>ut</span> <span class='ocrx_word' id='word_1_486' title='bbox 2154 1093 2223 1129; x_wconf 90' lang='lat' dir='ltr'>per</span> <span class='ocrx_word' id='word_1_487' title='bbox 2256 1080 2417 1118; x_wconf 89' lang='lat' dir='ltr'>visibilia</span> <span class='ocrx_word' id='word_1_488' title='bbox 2444 1082 2494 1119; x_wconf 90' lang='lat' dir='ltr'>ad</span> 
     </span>
     <span class='ocr_line' id='line_1_74' title="bbox 1421 1133 2493 1183; baseline 0.002 -13"><span class='ocrx_word' id='word_1_489' title='bbox 1421 1133 1624 1170; x_wconf 90' lang='lat' dir='ltr'>invisibilia</span> <span class='ocrx_word' id='word_1_490' title='bbox 1639 1134 1930 1181; x_wconf 89' lang='lat' dir='ltr'>manuducatur,</span> <span class='ocrx_word' id='word_1_491' title='bbox 1947 1141 1988 1170; x_wconf 91' lang='lat' dir='ltr'>ut</span> <span class='ocrx_word' id='word_1_492' title='bbox 2004 1145 2049 1170; x_wconf 85' lang='lat' dir='ltr'>ex</span> <span class='ocrx_word' id='word_1_493' title='bbox 2064 1146 2179 1183; x_wconf 89' lang='lat' dir='ltr'>supra</span> <span class='ocrx_word' id='word_1_494' title='bbox 2189 1133 2209 1155; x_wconf 71' lang='lat'>²³⁶</span> <span class='ocrx_word' id='word_1_495' title='bbox 2225 1133 2331 1171; x_wconf 88' lang='lat' dir='ltr'>dictis</span> <span class='ocrx_word' id='word_1_496' title='bbox 2347 1133 2361 1161; x_wconf 71' lang='lat' dir='ltr'>t</span> <span class='ocrx_word' id='word_1_497' title='bbox 2373 1142 2493 1182; x_wconf 88' lang='lat' dir='ltr'>patet:</span> 
     </span>
     <span class='ocr_line' id='line_1_75' title="bbox 1421 1186 2495 1236; baseline 0 -12"><span class='ocrx_word' id='word_1_498' title='bbox 1421 1194 1458 1224; x_wconf 91' lang='lat' dir='ltr'>et</span> <span class='ocrx_word' id='word_1_499' title='bbox 1486 1186 1572 1224; x_wconf 94' lang='lat' dir='ltr'>ideo</span> <span class='ocrx_word' id='word_1_500' title='bbox 1607 1186 1808 1224; x_wconf 87' lang='lat' dir='ltr'>invisibilia</span> <span class='ocrx_word' id='word_1_501' title='bbox 1836 1186 1908 1224; x_wconf 89' lang='lat' dir='ltr'>Dei</span> <span class='ocrx_word' id='word_1_502' title='bbox 1936 1187 2103 1236; x_wconf 90' lang='lat' dir='ltr'>oportuit</span> <span class='ocrx_word' id='word_1_503' title='bbox 2130 1186 2279 1228; x_wconf 86' lang='lat' dir='ltr'>homini</span> <span class='ocrx_word' id='word_1_504' title='bbox 2306 1199 2375 1236; x_wconf 90' lang='lat' dir='ltr'>per</span> <span class='ocrx_word' id='word_1_505' title='bbox 2407 1187 2495 1224; x_wconf 90' lang='lat' dir='ltr'>visi-</span> 
     </span>
     <span class='ocr_line' id='line_1_76' title="bbox 1422 1239 2494 1291; baseline 0.001 -15"><span class='ocrx_word' id='word_1_506' title='bbox 1422 1239 1511 1278; x_wconf 90' lang='lat' dir='ltr'>bilia</span> <span class='ocrx_word' id='word_1_507' title='bbox 1545 1240 1787 1278; x_wconf 89' lang='lat' dir='ltr'>manifestari.</span> <span class='ocrx_word' id='word_1_508' title='bbox 1819 1240 1924 1277; x_wconf 89' lang='lat' dir='ltr'>Sicut</span> <span class='ocrx_word' id='word_1_509' title='bbox 1949 1240 2067 1291; x_wconf 58' lang='lat' dir='ltr'>,igitur</span> <span class='ocrx_word' id='word_1_510' title='bbox 2094 1240 2273 1289; x_wconf 48' lang='lat' dir='ltr'>‚seipsum</span> <span class='ocrx_word' id='word_1_511' title='bbox 2300 1241 2427 1287; x_wconf 91' lang='lat' dir='ltr'>Deus,</span> <span class='ocrx_word' id='word_1_512' title='bbox 2458 1248 2494 1279; x_wconf 92' lang='lat' dir='ltr'>et</span> 
     </span>
     <span class='ocr_line' id='line_1_77' title="bbox 1422 1293 2494 1343; baseline 0.002 -14"><span class='ocrx_word' id='word_1_513' title='bbox 1422 1293 1687 1342; x_wconf 89' lang='lat' dir='ltr'>processiones</span> <span class='ocrx_word' id='word_1_514' title='bbox 1716 1301 1889 1330; x_wconf 89' lang='lat' dir='ltr'>aeternas</span> <span class='ocrx_word' id='word_1_515' title='bbox 1909 1294 2179 1340; x_wconf 89' lang='lat' dir='ltr'>Personarum,</span> <span class='ocrx_word' id='word_1_516' title='bbox 2208 1306 2278 1343; x_wconf 88' lang='lat' dir='ltr'>per</span> <span class='ocrx_word' id='word_1_517' title='bbox 2303 1301 2494 1332; x_wconf 83' lang='lat' dir='ltr'>creaturas</span> 
     </span>
     <span class='ocr_line' id='line_1_78' title="bbox 1421 1346 2495 1396; baseline 0.001 -13"><span class='ocrx_word' id='word_1_518' title='bbox 1421 1346 1601 1394; x_wconf 89' lang='lat' dir='ltr'>visibiles,</span> <span class='ocrx_word' id='word_1_519' title='bbox 1618 1348 1832 1391; x_wconf 86' lang='lat' dir='ltr'>secundum</span> <span class='ocrx_word' id='word_1_520' title='bbox 1847 1346 1973 1395; x_wconf 88' lang='lat' dir='ltr'>aliqua</span> <span class='ocrx_word' id='word_1_521' title='bbox 1991 1347 2142 1394; x_wconf 90' lang='lat' dir='ltr'>indicia,</span> <span class='ocrx_word' id='word_1_522' title='bbox 2158 1347 2380 1384; x_wconf 89' lang='lat' dir='ltr'>hominibus</span> <span class='ocrx_word' id='word_1_523' title='bbox 2400 1359 2495 1396; x_wconf 92' lang='lat' dir='ltr'>quo-</span> 
     </span>
     <span class='ocr_line' id='line_1_79' title="bbox 1423 1399 2497 1447; baseline 0.001 -11"><span class='ocrx_word' id='word_1_524' title='bbox 1423 1399 1635 1437; x_wconf 89' lang='lat' dir='ltr'>dammodo</span> <span class='ocrx_word' id='word_1_525' title='bbox 1675 1399 1969 1447; x_wconf 82' lang='lat' dir='ltr'>demonstravit3</span> <span class='ocrx_word' id='word_1_526' title='bbox 2007 1399 2058 1437; x_wconf 90' lang='lat' dir='ltr'>ita</span> <span class='ocrx_word' id='word_1_527' title='bbox 2093 1400 2329 1438; x_wconf 88' lang='lat' dir='ltr'>conveniens</span> <span class='ocrx_word' id='word_1_528' title='bbox 2357 1400 2426 1438; x_wconf 83' lang='lat' dir='ltr'>fuit</span> <span class='ocrx_word' id='word_1_529' title='bbox 2456 1407 2497 1438; x_wconf 88' lang='lat' dir='ltr'>ut</span> 
     </span>
     <span class='ocr_line' id='line_1_80' title="bbox 1423 1453 2496 1491; baseline 0.001 -1"><span class='ocrx_word' id='word_1_530' title='bbox 1423 1453 1537 1491; x_wconf 90' lang='lat' dir='ltr'>etiarn</span> <span class='ocrx_word' id='word_1_531' title='bbox 1557 1453 1764 1491; x_wconf 89' lang='lat' dir='ltr'>invisibiles</span> <span class='ocrx_word' id='word_1_532' title='bbox 1784 1453 1985 1491; x_wconf 87' lang='lat' dir='ltr'>missiones</span> <span class='ocrx_word' id='word_1_533' title='bbox 2005 1453 2219 1491; x_wconf 88' lang='lat' dir='ltr'>divinarum</span> <span class='ocrx_word' id='word_1_534' title='bbox 2238 1455 2496 1491; x_wconf 89' lang='lat' dir='ltr'>Personarum</span> 
     </span>
     <span class='ocr_line' id='line_1_81' title="bbox 1424 1506 2496 1555; baseline 0.002 -12"><span class='ocrx_word' id='word_1_535' title='bbox 1424 1507 1636 1544; x_wconf 90' lang='lat' dir='ltr'>secundum</span> <span class='ocrx_word' id='word_1_536' title='bbox 1671 1506 1817 1555; x_wconf 92' lang='lat' dir='ltr'>aliquas</span> <span class='ocrx_word' id='word_1_537' title='bbox 1851 1507 2018 1544; x_wconf 91' lang='lat' dir='ltr'>visibiles</span> <span class='ocrx_word' id='word_1_538' title='bbox 2050 1516 2242 1545; x_wconf 88' lang='lat' dir='ltr'>creaturas</span> <span class='ocrx_word' id='word_1_539' title='bbox 2280 1506 2496 1545; x_wconf 85' lang='lat' dir='ltr'>manifesta-</span> 
     </span>
     <span class='ocr_line' id='line_1_82' title="bbox 1422 1559 2495 1609; baseline 0.001 -12"><span class='ocrx_word' id='word_1_540' title='bbox 1422 1568 1552 1597; x_wconf 89' lang='lat' dir='ltr'>rentur</span> <span class='ocrx_word' id='word_1_541' title='bbox 1572 1565 1599 1596; x_wconf 72' lang='grc' dir='ltr'>η.</span> <span class='ocrx_word' id='word_1_542' title='bbox 1616 1580 1640 1588; x_wconf 93' lang='grc'><strong>-</strong></span> <span class='ocrx_word' id='word_1_543' title='bbox 1656 1559 1774 1597; x_wconf 91' lang='lat' dir='ltr'>Aliter</span> <span class='ocrx_word' id='word_1_544' title='bbox 1801 1567 1931 1598; x_wconf 88' lang='lat' dir='ltr'>tamen</span> <span class='ocrx_word' id='word_1_545' title='bbox 1950 1560 2065 1598; x_wconf 88' lang='lat' dir='ltr'>Filius</span> <span class='ocrx_word' id='word_1_546' title='bbox 2085 1568 2122 1598; x_wconf 88' lang='lat' dir='ltr'>et</span> <span class='ocrx_word' id='word_1_547' title='bbox 2142 1560 2302 1609; x_wconf 89' lang='lat' dir='ltr'>Spiritus</span> <span class='ocrx_word' id='word_1_548' title='bbox 2321 1561 2495 1598; x_wconf 90' lang='lat' dir='ltr'>Sanctus.</span> 
     </span>
     <span class='ocr_line' id='line_1_83' title="bbox 1424 1613 2495 1663; baseline 0.001 -13"><span class='ocrx_word' id='word_1_549' title='bbox 1424 1614 1529 1651; x_wconf 90' lang='lat' dir='ltr'>Nam</span> <span class='ocrx_word' id='word_1_550' title='bbox 1545 1613 1701 1662; x_wconf 89' lang='lat' dir='ltr'>Spiritui</span> <span class='ocrx_word' id='word_1_551' title='bbox 1711 1614 1865 1660; x_wconf 91' lang='lat' dir='ltr'>Sancto,</span> <span class='ocrx_word' id='word_1_552' title='bbox 1881 1613 2108 1663; x_wconf 91' lang='lat' dir='ltr'>inquantum</span> <span class='ocrx_word' id='word_1_553' title='bbox 2123 1613 2296 1663; x_wconf 87' lang='lat' dir='ltr'>procedit</span> <span class='ocrx_word' id='word_1_554' title='bbox 2310 1622 2352 1651; x_wconf 85' lang='lat' dir='ltr'>ut</span> <span class='ocrx_word' id='word_1_555' title='bbox 2360 1616 2495 1662; x_wconf 86' lang='lat' dir='ltr'>Amor,</span> 
     </span>
     <span class='ocr_line' id='line_1_84' title="bbox 1426 1666 2495 1716; baseline 0.001 -12"><span class='ocrx_word' id='word_1_556' title='bbox 1426 1667 1607 1716; x_wconf 88' lang='lat' dir='ltr'>competit</span> <span class='ocrx_word' id='word_1_557' title='bbox 1625 1679 1708 1704; x_wconf 91' lang='lat' dir='ltr'>esse</span> <span class='ocrx_word' id='word_1_558' title='bbox 1729 1666 2036 1704; x_wconf 90' lang='lat' dir='ltr'>sanctificationis</span> <span class='ocrx_word' id='word_1_559' title='bbox 2057 1667 2220 1705; x_wconf 90' lang='lat' dir='ltr'>donum:</span> <span class='ocrx_word' id='word_1_560' title='bbox 2238 1666 2333 1704; x_wconf 91' lang='lat' dir='ltr'>Filio</span> <span class='ocrx_word' id='word_1_561' title='bbox 2353 1675 2495 1715; x_wconf 86' lang='lat' dir='ltr'>autem,</span> 
     </span>
     <span class='ocr_line' id='line_1_85' title="bbox 1425 1719 2497 1769; baseline 0.001 -11"><span class='ocrx_word' id='word_1_562' title='bbox 1425 1720 1652 1769; x_wconf 89' lang='lat' dir='ltr'>inquantum</span> <span class='ocrx_word' id='word_1_563' title='bbox 1682 1727 1738 1757; x_wconf 91' lang='lat' dir='ltr'>est</span> <span class='ocrx_word' id='word_1_564' title='bbox 1770 1719 1930 1769; x_wconf 88' lang='lat' dir='ltr'>Spiritus</span> <span class='ocrx_word' id='word_1_565' title='bbox 1960 1720 2087 1758; x_wconf 88' lang='lat' dir='ltr'>Sancti</span> <span class='ocrx_word' id='word_1_566' title='bbox 2114 1720 2361 1769; x_wconf 88' lang='lat' dir='ltr'>principium,</span> <span class='ocrx_word' id='word_1_567' title='bbox 2392 1732 2497 1759; x_wconf 88' lang='lat' dir='ltr'>com-</span> 
     </span>
     <span class='ocr_line' id='line_1_86' title="bbox 1425 1772 2496 1823; baseline 0.001 -13"><span class='ocrx_word' id='word_1_568' title='bbox 1425 1773 1518 1823; x_wconf 88' lang='lat' dir='ltr'>petit</span> <span class='ocrx_word' id='word_1_569' title='bbox 1531 1786 1614 1811; x_wconf 89' lang='lat' dir='ltr'>esse</span> <span class='ocrx_word' id='word_1_570' title='bbox 1635 1772 1942 1810; x_wconf 88' lang='lat' dir='ltr'>sanctificationis</span> <span class='ocrx_word' id='word_1_571' title='bbox 1961 1773 2074 1811; x_wconf 88' lang='lat' dir='ltr'>huius</span> <span class='ocrx_word' id='word_1_572' title='bbox 2092 1775 2315 1811; x_wconf 90' lang='lat' dir='ltr'>Auctorem.</span> <span class='ocrx_word' id='word_1_573' title='bbox 2341 1774 2391 1811; x_wconf 90' lang='lat' dir='ltr'>Et</span> <span class='ocrx_word' id='word_1_574' title='bbox 2409 1773 2496 1812; x_wconf 83' lang='lat' dir='ltr'>ideo</span> 
     </span>
     <span class='ocr_line' id='line_1_87' title="bbox 1427 1826 2497 1874; baseline 0.001 -11"><span class='ocrx_word' id='word_1_575' title='bbox 1427 1826 1542 1864; x_wconf 91' lang='lat' dir='ltr'>Filius</span> <span class='ocrx_word' id='word_1_576' title='bbox 1569 1826 1764 1864; x_wconf 87' lang='lat' dir='ltr'>visibiliter</span> <span class='ocrx_word' id='word_1_577' title='bbox 1792 1826 1930 1863; x_wconf 90' lang='lat' dir='ltr'>missus</span> <span class='ocrx_word' id='word_1_578' title='bbox 1951 1834 2007 1865; x_wconf 91' lang='lat' dir='ltr'>est</span> <span class='ocrx_word' id='word_1_579' title='bbox 2025 1833 2211 1874; x_wconf 90' lang='lat' dir='ltr'>tanquam</span> <span class='ocrx_word' id='word_1_580' title='bbox 2231 1826 2497 1864; x_wconf 85' lang='lat' dir='ltr'>sanctificatio-</span> 
     </span>
     <span class='ocr_line' id='line_1_88' title="bbox 1425 1879 2497 1928; baseline 0.001 -11"><span class='ocrx_word' id='word_1_581' title='bbox 1425 1880 1483 1917; x_wconf 88' lang='lat' dir='ltr'>nis</span> <span class='ocrx_word' id='word_1_582' title='bbox 1512 1882 1674 1917; x_wconf 92' lang='lat' dir='ltr'>Auctor:</span> <span class='ocrx_word' id='word_1_583' title='bbox 1710 1879 1778 1917; x_wconf 87' lang='lat' dir='ltr'>sed</span> <span class='ocrx_word' id='word_1_584' title='bbox 1807 1879 1968 1928; x_wconf 90' lang='lat' dir='ltr'>Spiritus</span> <span class='ocrx_word' id='word_1_585' title='bbox 2001 1880 2164 1918; x_wconf 84' lang='lat' dir='ltr'>Sanctus</span> <span class='ocrx_word' id='word_1_586' title='bbox 2195 1887 2379 1928; x_wconf 88' lang='lat' dir='ltr'>tanquam</span> <span class='ocrx_word' id='word_1_587' title='bbox 2413 1892 2497 1918; x_wconf 90' lang='lat' dir='ltr'>san-</span> 
     </span>
     <span class='ocr_line' id='line_1_89' title="bbox 1427 1930 1919 1971; baseline 0 -1"><span class='ocrx_word' id='word_1_588' title='bbox 1427 1933 1665 1971; x_wconf 89' lang='lat' dir='ltr'>ctificationis</span> <span class='ocrx_word' id='word_1_589' title='bbox 1684 1930 1697 1953; x_wconf 89' lang='lat'><em>⁰</em></span> <span class='ocrx_word' id='word_1_590' title='bbox 1725 1932 1919 1971; x_wconf 88' lang='lat' dir='ltr'>indicium.</span> 
     </span>
    </p>

    <p class='ocr_par' dir='ltr' id='par_1_45' title="bbox 1423 1985 2499 2462">
     <span class='ocr_line' id='line_1_90' title="bbox 1478 1985 2496 2035; baseline 0 -11"><span class='ocrx_word' id='word_1_591' title='bbox 1478 1989 1538 2024; x_wconf 82' lang='lat' dir='ltr'>AI)</span> <span class='ocrx_word' id='word_1_592' title='bbox 1558 1998 1696 2024; x_wconf 81' lang='lat' dir='ltr'>PRIMUM</span> <span class='ocrx_word' id='word_1_593' title='bbox 1714 1998 1813 2025; x_wconf 82' lang='lat' dir='ltr'>ERGO</span> <span class='ocrx_word' id='word_1_594' title='bbox 1829 1998 2015 2024; x_wconf 80' lang='lat' dir='ltr'>D1CENDUM</span> <span class='ocrx_word' id='word_1_595' title='bbox 2030 1986 2136 2035; x_wconf 90' lang='lat' dir='ltr'>quod</span> <span class='ocrx_word' id='word_1_596' title='bbox 2149 1985 2268 2024; x_wconf 87' lang='lat' dir='ltr'>Filius</span> <span class='ocrx_word' id='word_1_597' title='bbox 2284 1994 2496 2025; x_wconf 83' lang='lat' dir='ltr'>creaturam</span> 
     </span>
     <span class='ocr_line' id='line_1_91' title="bbox 1423 2039 2497 2089; baseline 0.001 -13"><span class='ocrx_word' id='word_1_598' title='bbox 1423 2039 1614 2077; x_wconf 90' lang='lat' dir='ltr'>visibilem</span> <span class='ocrx_word' id='word_1_599' title='bbox 1643 2040 1682 2077; x_wconf 91' lang='lat' dir='ltr'>in</span> <span class='ocrx_word' id='word_1_600' title='bbox 1711 2052 1788 2089; x_wconf 91' lang='lat' dir='ltr'>qua</span> <span class='ocrx_word' id='word_1_601' title='bbox 1815 2039 2001 2088; x_wconf 88' lang='lat' dir='ltr'>apparuit,</span> <span class='ocrx_word' id='word_1_602' title='bbox 2030 2039 2069 2077; x_wconf 89' lang='lat' dir='ltr'>in</span> <span class='ocrx_word' id='word_1_603' title='bbox 2097 2039 2281 2078; x_wconf 86' lang='lat' dir='ltr'>unitatem</span> <span class='ocrx_word' id='word_1_604' title='bbox 2309 2051 2497 2089; x_wconf 83' lang='lat' dir='ltr'>personae</span> 
     </span>
     <span class='ocr_line' id='line_1_92' title="bbox 1425 2092 2496 2142; baseline -0.001 -11"><span class='ocrx_word' id='word_1_605' title='bbox 1425 2093 1631 2142; x_wconf 86' lang='lat' dir='ltr'>assumpsit</span> <span class='ocrx_word' id='word_1_606' title='bbox 1642 2122 1658 2141; x_wconf 45' lang='lat'>,.</span> <span class='ocrx_word' id='word_1_607' title='bbox 1682 2092 1735 2130; x_wconf 89' lang='lat' dir='ltr'>sic</span> <span class='ocrx_word' id='word_1_608' title='bbox 1762 2101 1802 2130; x_wconf 88' lang='lat' dir='ltr'>ut</span> <span class='ocrx_word' id='word_1_609' title='bbox 1832 2092 1938 2142; x_wconf 91' lang='lat' dir='ltr'>quod</span> <span class='ocrx_word' id='word_1_610' title='bbox 1971 2093 2019 2130; x_wconf 91' lang='lat' dir='ltr'>de</span> <span class='ocrx_word' id='word_1_611' title='bbox 2051 2092 2114 2130; x_wconf 90' lang='lat' dir='ltr'>illa</span> <span class='ocrx_word' id='word_1_612' title='bbox 2139 2093 2318 2132; x_wconf 74' lang='lat' dir='ltr'>‘creatura</span> <span class='ocrx_word' id='word_1_613' title='bbox 2353 2093 2496 2141; x_wconf 88' lang='lat' dir='ltr'>dicitur,</span> 
     </span>
     <span class='ocr_line' id='line_1_93' title="bbox 1426 2146 2498 2195; baseline 0.001 -10"><span class='ocrx_word' id='word_1_614' title='bbox 1426 2147 1473 2185; x_wconf 92' lang='lat' dir='ltr'>de</span> <span class='ocrx_word' id='word_1_615' title='bbox 1502 2147 1597 2184; x_wconf 91' lang='lat' dir='ltr'>Filio</span> <span class='ocrx_word' id='word_1_616' title='bbox 1626 2146 1700 2184; x_wconf 93' lang='lat' dir='ltr'>Dei</span> <span class='ocrx_word' id='word_1_617' title='bbox 1729 2146 1802 2184; x_wconf 92' lang='lat' dir='ltr'>dici</span> <span class='ocrx_word' id='word_1_618' title='bbox 1829 2146 1959 2195; x_wconf 89' lang='lat' dir='ltr'>possit.</span> <span class='ocrx_word' id='word_1_619' title='bbox 1991 2146 2040 2183; x_wconf 92' lang='lat' dir='ltr'>Et</span> <span class='ocrx_word' id='word_1_620' title='bbox 2067 2146 2136 2194; x_wconf 92' lang='lat' dir='ltr'>sic,</span> <span class='ocrx_word' id='word_1_621' title='bbox 2166 2146 2314 2184; x_wconf 86' lang='lat' dir='ltr'>ratione</span> <span class='ocrx_word' id='word_1_622' title='bbox 2341 2154 2498 2187; x_wconf 84' lang='lat' dir='ltr'>naturae</span> 
     </span>
     <span class='ocr_line' id='line_1_94' title="bbox 1424 2199 2497 2249; baseline 0.001 -12"><span class='ocrx_word' id='word_1_623' title='bbox 1424 2207 1656 2249; x_wconf 88' lang='lat' dir='ltr'>assumptae,</span> <span class='ocrx_word' id='word_1_624' title='bbox 1678 2199 1794 2237; x_wconf 88' lang='lat' dir='ltr'>Filius</span> <span class='ocrx_word' id='word_1_625' title='bbox 1823 2199 1957 2237; x_wconf 91' lang='lat' dir='ltr'>dicitur</span> <span class='ocrx_word' id='word_1_626' title='bbox 1984 2199 2112 2237; x_wconf 90' lang='lat' dir='ltr'>minor</span> <span class='ocrx_word' id='word_1_627' title='bbox 2130 2201 2253 2238; x_wconf 88' lang='lat' dir='ltr'>Patre.</span> <span class='ocrx_word' id='word_1_628' title='bbox 2284 2200 2363 2238; x_wconf 90' lang='lat' dir='ltr'>Sed</span> <span class='ocrx_word' id='word_1_629' title='bbox 2383 2199 2497 2249; x_wconf 87' lang='lat' dir='ltr'>Spiri-</span> 
     </span>
     <span class='ocr_line' id='line_1_95' title="bbox 1424 2252 2498 2301; baseline 0.001 -11"><span class='ocrx_word' id='word_1_630' title='bbox 1424 2262 1484 2290; x_wconf 91' lang='lat' dir='ltr'>tus</span> <span class='ocrx_word' id='word_1_631' title='bbox 1518 2254 1680 2290; x_wconf 87' lang='lat' dir='ltr'>Sanctus</span> <span class='ocrx_word' id='word_1_632' title='bbox 1712 2264 1792 2289; x_wconf 91' lang='lat' dir='ltr'>non</span> <span class='ocrx_word' id='word_1_633' title='bbox 1827 2252 2032 2301; x_wconf 88' lang='lat' dir='ltr'>assumpsit</span> <span class='ocrx_word' id='word_1_634' title='bbox 2065 2261 2276 2291; x_wconf 89' lang='lat' dir='ltr'>creaturam</span> <span class='ocrx_word' id='word_1_635' title='bbox 2308 2253 2498 2291; x_wconf 85' lang='lat' dir='ltr'>visibilem</span> 
     </span>
     <span class='ocr_line' id='line_1_96' title="bbox 1424 2305 2498 2355; baseline 0.003 -13"><span class='ocrx_word' id='word_1_636' title='bbox 1424 2307 1463 2343; x_wconf 92' lang='lat' dir='ltr'>in</span> <span class='ocrx_word' id='word_1_637' title='bbox 1491 2318 1568 2354; x_wconf 90' lang='lat' dir='ltr'>qua</span> <span class='ocrx_word' id='word_1_638' title='bbox 1597 2305 1782 2354; x_wconf 92' lang='lat' dir='ltr'>apparuit,</span> <span class='ocrx_word' id='word_1_639' title='bbox 1811 2305 1850 2343; x_wconf 92' lang='lat' dir='ltr'>in</span> <span class='ocrx_word' id='word_1_640' title='bbox 1876 2305 2060 2342; x_wconf 87' lang='lat' dir='ltr'>unitatem</span> <span class='ocrx_word' id='word_1_641' title='bbox 2088 2318 2292 2355; x_wconf 90' lang='lat' dir='ltr'>personae,</span> <span class='ocrx_word' id='word_1_642' title='bbox 2322 2314 2363 2344; x_wconf 91' lang='lat' dir='ltr'>ut</span> <span class='ocrx_word' id='word_1_643' title='bbox 2391 2307 2498 2355; x_wconf 89' lang='lat' dir='ltr'>quod</span> 
     </span>
     <span class='ocr_line' id='line_1_97' title="bbox 1423 2358 2499 2408; baseline -0.001 -11"><span class='ocrx_word' id='word_1_644' title='bbox 1423 2359 1474 2397; x_wconf 92' lang='lat' dir='ltr'>illi</span> <span class='ocrx_word' id='word_1_645' title='bbox 1495 2358 1684 2405; x_wconf 90' lang='lat' dir='ltr'>convenit,</span> <span class='ocrx_word' id='word_1_646' title='bbox 1715 2359 1761 2396; x_wconf 89' lang='lat' dir='ltr'>de</span> <span class='ocrx_word' id='word_1_647' title='bbox 1780 2358 1844 2396; x_wconf 92' lang='lat' dir='ltr'>illo</span> <span class='ocrx_word' id='word_1_648' title='bbox 1863 2358 2113 2408; x_wconf 88' lang='lat' dir='ltr'>praedicetur.</span> <span class='ocrx_word' id='word_1_649' title='bbox 2144 2359 2255 2398; x_wconf 89' lang='lat' dir='ltr'>Unde</span> <span class='ocrx_word' id='word_1_650' title='bbox 2274 2372 2355 2398; x_wconf 91' lang='lat' dir='ltr'>non</span> <span class='ocrx_word' id='word_1_651' title='bbox 2373 2367 2499 2408; x_wconf 84' lang='lat' dir='ltr'>potest</span> 
     </span>
     <span class='ocr_line' id='line_1_98' title="bbox 1423 2412 2468 2462; baseline 0 -11"><span class='ocrx_word' id='word_1_652' title='bbox 1423 2412 1499 2452; x_wconf 91' lang='lat' dir='ltr'>dici</span> <span class='ocrx_word' id='word_1_653' title='bbox 1526 2412 1654 2450; x_wconf 89' lang='lat' dir='ltr'>minor</span> <span class='ocrx_word' id='word_1_654' title='bbox 1680 2412 1792 2449; x_wconf 89' lang='lat' dir='ltr'>Patre</span> <span class='ocrx_word' id='word_1_655' title='bbox 1821 2419 1976 2462; x_wconf 91' lang='lat' dir='ltr'>propter</span> <span class='ocrx_word' id='word_1_656' title='bbox 2002 2412 2193 2451; x_wconf 88' lang='lat' dir='ltr'>visibilem</span> <span class='ocrx_word' id='word_1_657' title='bbox 2222 2419 2468 2451; x_wconf 79' lang='lat' dir='ltr'>creaturam‘.</span> 
     </span>
    </p>

    <p class='ocr_par' dir='ltr' id='par_1_46' title="bbox 1425 2465 2497 2622">
     <span class='ocr_line' id='line_1_99' title="bbox 1477 2465 2497 2515; baseline 0.003 -13"><span class='ocrx_word' id='word_1_658' title='bbox 1477 2467 1537 2503; x_wconf 82' lang='lat' dir='ltr'>An</span> <span class='ocrx_word' id='word_1_659' title='bbox 1556 2477 1747 2503; x_wconf 77' lang='lat' dir='ltr'><strong>SECUNDUM</strong></span> <span class='ocrx_word' id='word_1_660' title='bbox 1762 2477 1947 2503; x_wconf 76' lang='lat' dir='ltr'>met-:NDUM</span> <span class='ocrx_word' id='word_1_661' title='bbox 1967 2465 2072 2514; x_wconf 91' lang='lat' dir='ltr'>quod</span> <span class='ocrx_word' id='word_1_662' title='bbox 2090 2465 2221 2503; x_wconf 86' lang='lat' dir='ltr'>missio</span> <span class='ocrx_word' id='word_1_663' title='bbox 2236 2465 2393 2504; x_wconf 88' lang='lat' dir='ltr'>visibilis</span> <span class='ocrx_word' id='word_1_664' title='bbox 2413 2465 2497 2515; x_wconf 81' lang='lat' dir='ltr'>Spi-</span> 
     </span>
     <span class='ocr_line' id='line_1_100' title="bbox 1425 2518 2496 2558; baseline 0.001 -2"><span class='ocrx_word' id='word_1_665' title='bbox 1425 2519 1516 2556; x_wconf 91' lang='lat' dir='ltr'>ritus</span> <span class='ocrx_word' id='word_1_666' title='bbox 1546 2518 1674 2556; x_wconf 87' lang='lat' dir='ltr'>Sancti</span> <span class='ocrx_word' id='word_1_667' title='bbox 1706 2530 1785 2556; x_wconf 89' lang='lat' dir='ltr'>non</span> <span class='ocrx_word' id='word_1_668' title='bbox 1823 2518 2026 2556; x_wconf 89' lang='lat' dir='ltr'>attenditur</span> <span class='ocrx_word' id='word_1_669' title='bbox 2060 2519 2273 2557; x_wconf 87' lang='lat' dir='ltr'>secundum</span> <span class='ocrx_word' id='word_1_670' title='bbox 2305 2519 2496 2558; x_wconf 86' lang='lat' dir='ltr'>visionem</span> 
     </span>
     <span class='ocr_line' id='line_1_101' title="bbox 1425 2571 2494 2622; baseline 0.002 -13"><span class='ocrx_word' id='word_1_671' title='bbox 1425 2571 1701 2620; x_wconf 88' lang='lat' dir='ltr'>imaginariam,</span> <span class='ocrx_word' id='word_1_672' title='bbox 1731 2584 1829 2621; x_wconf 88' lang='lat' dir='ltr'>quae</span> <span class='ocrx_word' id='word_1_673' title='bbox 1860 2579 1915 2609; x_wconf 88' lang='lat' dir='ltr'>est</span> <span class='ocrx_word' id='word_1_674' title='bbox 1933 2571 2032 2609; x_wconf 89' lang='lat' dir='ltr'>visio</span> <span class='ocrx_word' id='word_1_675' title='bbox 2051 2572 2287 2622; x_wconf 89' lang='lat' dir='ltr'>prophetica.</span> <span class='ocrx_word' id='word_1_676' title='bbox 2318 2572 2431 2620; x_wconf 89' lang='lat' dir='ltr'>Quia,</span> <span class='ocrx_word' id='word_1_677' title='bbox 2451 2580 2494 2611; x_wconf 91' lang='lat' dir='ltr'>ut</span> 
     </span>
    </p>
   </div>
   <div class='ocr_carea' id='block_1_18' title="bbox 1425 2624 2535 2676">
    <p class='ocr_par' dir='ltr' id='par_1_47' title="bbox 1425 2624 2535 2676">
     <span class='ocr_line' id='line_1_102' title="bbox 1425 2624 2535 2676; baseline 0.002 -14"><span class='ocrx_word' id='word_1_678' title='bbox 1425 2625 1659 2674; x_wconf 89' lang='lat' dir='ltr'>Augustinus</span> <span class='ocrx_word' id='word_1_679' title='bbox 1687 2624 1791 2673; x_wconf 92' lang='lat' dir='ltr'>dicit,</span> <span class='ocrx_word' id='word_1_680' title='bbox 1822 2626 1854 2663; x_wconf 94' lang='lat' dir='ltr'>II</span> <span class='ocrx_word' id='word_1_681' title='bbox 1883 2626 1929 2662; x_wconf 86' lang='lat' dir='ltr'>de</span> <span class='ocrx_word' id='word_1_682' title='bbox 1961 2626 1997 2663; x_wconf 93' lang='lat' dir='ltr'><em>T</em></span> <span class='ocrx_word' id='word_1_683' title='bbox 1992 2625 2064 2663; x_wconf 90' lang='lat' dir='ltr'>rin.</span> <span class='ocrx_word' id='word_1_684' title='bbox 2085 2625 2124 2673; x_wconf 65' lang='lat'>³⁸,</span> <span class='ocrx_word' id='word_1_685' title='bbox 2152 2626 2247 2664; x_wconf 79' lang='lat' dir='ltr'>visio</span> <span class='ocrx_word' id='word_1_686' title='bbox 2274 2626 2496 2676; x_wconf 77' lang='lat' dir='ltr'>prophetica</span> <span class='ocrx_word' id='word_1_687' title='bbox 2525 2639 2535 2649; x_wconf 89' lang='lat'><strong>·</strong></span> 
     </span>
    </p>
   </div>
   <div class='ocr_carea' id='block_1_19' title="bbox 1422 2678 2496 2836">
    <p class='ocr_par' dir='ltr' id='par_1_48' title="bbox 1422 2678 2496 2836">
     <span class='ocr_line' id='line_1_103' title="bbox 1425 2678 2496 2728; baseline 0.001 -12"><span class='ocrx_word' id='word_1_688' title='bbox 1425 2691 1501 2716; x_wconf 88' lang='lat' dir='ltr'>non</span> <span class='ocrx_word' id='word_1_689' title='bbox 1530 2684 1583 2716; x_wconf 87' lang='lat' dir='ltr'>est</span> <span class='ocrx_word' id='word_1_690' title='bbox 1609 2679 1774 2716; x_wconf 85' lang='lat' dir='ltr'>exhibita</span> <span class='ocrx_word' id='word_1_691' title='bbox 1800 2679 1991 2727; x_wconf 84' lang='lat' dir='ltr'>corporeis</span> <span class='ocrx_word' id='word_1_692' title='bbox 2009 2678 2127 2716; x_wconf 87' lang='lat' dir='ltr'>oculis</span> <span class='ocrx_word' id='word_1_693' title='bbox 2149 2691 2222 2728; x_wconf 82' lang='lat' dir='ltr'>per</span> <span class='ocrx_word' id='word_1_694' title='bbox 2235 2680 2395 2728; x_wconf 88' lang='lat' dir='ltr'>formas</span> <span class='ocrx_word' id='word_1_695' title='bbox 2413 2691 2496 2717; x_wconf 89' lang='lat' dir='ltr'>cor—</span> 
     </span>
     <span class='ocr_line' id='line_1_104' title="bbox 1422 2732 2496 2782; baseline 0.002 -13"><span class='ocrx_word' id='word_1_696' title='bbox 1422 2744 1583 2781; x_wconf 84' lang='lat' dir='ltr'>poreas,</span> <span class='ocrx_word' id='word_1_697' title='bbox 1615 2732 1682 2769; x_wconf 86' lang='lat' dir='ltr'>sed</span> <span class='ocrx_word' id='word_1_698' title='bbox 1713 2732 1750 2769; x_wconf 91' lang='lat' dir='ltr'>in</span> <span class='ocrx_word' id='word_1_699' title='bbox 1783 2732 1914 2781; x_wconf 80' lang='lat' dir='ltr'>spiritu</span> <span class='ocrx_word' id='word_1_700' title='bbox 1944 2744 2017 2781; x_wconf 87' lang='lat' dir='ltr'>per</span> <span class='ocrx_word' id='word_1_701' title='bbox 2049 2733 2260 2781; x_wconf 82' lang='lat' dir='ltr'>spirituales</span> <span class='ocrx_word' id='word_1_702' title='bbox 2292 2744 2496 2782; x_wconf 82' lang='lat' dir='ltr'>corporum</span> 
     </span>
     <span class='ocr_line' id='line_1_105' title="bbox 1426 2785 2496 2836; baseline 0.002 -14"><span class='ocrx_word' id='word_1_703' title='bbox 1426 2785 1635 2835; x_wconf 84' lang='lat' dir='ltr'>imagines:</span> <span class='ocrx_word' id='word_1_704' title='bbox 1663 2786 1878 2823; x_wconf 84' lang='lat' dir='ltr'>columbam</span> <span class='ocrx_word' id='word_1_705' title='bbox 1901 2797 1992 2823; x_wconf 82' lang='lat' dir='ltr'>vero</span> <span class='ocrx_word' id='word_1_706' title='bbox 2013 2785 2117 2823; x_wconf 89' lang='lat' dir='ltr'>illam</span> <span class='ocrx_word' id='word_1_707' title='bbox 2135 2791 2171 2823; x_wconf 88' lang='lat' dir='ltr'>et</span> <span class='ocrx_word' id='word_1_708' title='bbox 2189 2786 2318 2836; x_wconf 84' lang='lat' dir='ltr'>ignem</span> <span class='ocrx_word' id='word_1_709' title='bbox 2346 2786 2464 2824; x_wconf 87' lang='lat' dir='ltr'>oculis</span> <span class='ocrx_word' id='word_1_710' title='bbox 2483 2792 2496 2808; x_wconf 82' lang='lat'>&#39;⁸</span> 
     </span>
    </p>
   </div>
   <div class='ocr_carea' id='block_1_20' title="bbox 2520 446 2733 553">
    <p class='ocr_par' dir='ltr' id='par_1_49' title="bbox 2520 446 2733 553">
     <span class='ocr_line' id='line_1_106' title="bbox 2520 446 2733 475; baseline 0 -7"><span class='ocrx_word' id='word_1_711' title='bbox 2520 448 2531 458; x_wconf 75' lang='lat'>⁴</span> <span class='ocrx_word' id='word_1_712' title='bbox 2538 446 2603 468; x_wconf 78' lang='lat' dir='ltr'>Parte</span> <span class='ocrx_word' id='word_1_713' title='bbox 2608 446 2647 473; x_wconf 85' lang='grc' dir='ltr'><strong>ΙΙΙ,</strong></span> <span class='ocrx_word' id='word_1_714' title='bbox 2654 453 2733 475; x_wconf 67' lang='lat' dir='ltr'>qumi,</span> 
     </span>
     <span class='ocr_line' id='line_1_107' title="bbox 2521 477 2733 501; baseline 0 -7"><span class='ocrx_word' id='word_1_715' title='bbox 2521 477 2563 494; x_wconf 88' lang='lat' dir='ltr'>art.</span> <span class='ocrx_word' id='word_1_716' title='bbox 2583 479 2611 501; x_wconf 71' lang='lat'>93</span> <span class='ocrx_word' id='word_1_717' title='bbox 2631 479 2670 501; x_wconf 92' lang='lat' dir='ltr'>qu.</span> <span class='ocrx_word' id='word_1_718' title='bbox 2685 479 2733 500; x_wconf 85' lang='lat' dir='ltr'>xn,</span> 
     </span>
     <span class='ocr_line' id='line_1_108' title="bbox 2521 503 2733 527; baseline 0 -6"><span class='ocrx_word' id='word_1_719' title='bbox 2521 503 2563 521; x_wconf 85' lang='lat' dir='ltr'>art.</span> <span class='ocrx_word' id='word_1_720' title='bbox 2576 505 2600 526; x_wconf 72' lang='grc' dir='ltr'>ις</span> <span class='ocrx_word' id='word_1_721' title='bbox 2618 505 2657 527; x_wconf 87' lang='lat' dir='ltr'>qu.</span> <span class='ocrx_word' id='word_1_722' title='bbox 2672 505 2733 527; x_wconf 71' lang='grc' dir='ltr'>ικιι,</span> 
     </span>
     <span class='ocr_line' id='line_1_109' title="bbox 2521 530 2629 553; baseline 0 -6"><span class='ocrx_word' id='word_1_723' title='bbox 2521 530 2563 547; x_wconf 87' lang='lat' dir='ltr'>art.</span> <span class='ocrx_word' id='word_1_724' title='bbox 2573 532 2589 553; x_wconf 88' lang='lat'>1,</span> <span class='ocrx_word' id='word_1_725' title='bbox 2604 532 2629 553; x_wconf 84' lang='lat'>4.</span> 
     </span>
    </p>
   </div>
   <div class='ocr_carea' id='block_1_21' title="bbox 2523 1134 2734 1163">
    <p class='ocr_par' dir='ltr' id='par_1_50' title="bbox 2523 1134 2734 1163">
     <span class='ocr_line' id='line_1_110' title="bbox 2523 1134 2734 1163; baseline 0 -7"><span class='ocrx_word' id='word_1_726' title='bbox 2523 1135 2532 1145; x_wconf 89' lang='grc'><em>·</em></span> <span class='ocrx_word' id='word_1_727' title='bbox 2544 1134 2593 1163; x_wconf 87' lang='lat' dir='ltr'>Qu.</span> <span class='ocrx_word' id='word_1_728' title='bbox 2601 1140 2644 1162; x_wconf 68' lang='grc' dir='ltr'>ιιι,</span> <span class='ocrx_word' id='word_1_729' title='bbox 2653 1137 2696 1156; x_wconf 76' lang='lat' dir='ltr'>art.</span> <span class='ocrx_word' id='word_1_730' title='bbox 2704 1140 2734 1156; x_wconf 66' lang='grc' dir='ltr'>ια.</span> 
     </span>
    </p>
   </div>
   <div class='ocr_carea' id='block_1_22' title="bbox 2621 1162 2636 1192">
    <p class='ocr_par' dir='ltr' id='par_1_51' title="bbox 2621 1162 2636 1192">
     <span class='ocr_line' id='line_1_111' title="bbox 2621 1162 2636 1192; baseline 0 0"><span class='ocrx_word' id='word_1_731' title='bbox 2621 1162 2636 1192; x_wconf 79' lang='grc' dir='ltr'>ζ</span> 
     </span>
    </p>
   </div>
   <div class='ocr_carea' id='block_1_23' title="bbox 1425 2835 2545 2888">
    <p class='ocr_par' dir='ltr' id='par_1_52' title="bbox 1425 2835 2545 2888">
     <span class='ocr_line' id='line_1_112' title="bbox 1425 2835 2545 2888; baseline -0.001 -11"><span class='ocrx_word' id='word_1_732' title='bbox 1425 2839 1601 2877; x_wconf 77' lang='lat' dir='ltr'>viderunt</span> <span class='ocrx_word' id='word_1_733' title='bbox 1617 2838 1842 2887; x_wconf 86' lang='lat' dir='ltr'>quicumque</span> <span class='ocrx_word' id='word_1_734' title='bbox 1868 2839 2052 2876; x_wconf 80' lang='lat' dir='ltr'>viderunt.</span> <span class='ocrx_word' id='word_1_735' title='bbox 2078 2839 2215 2888; x_wconf 84' lang='lat' dir='ltr'>Neque</span> <span class='ocrx_word' id='word_1_736' title='bbox 2233 2840 2368 2877; x_wconf 88' lang='lat' dir='ltr'>iterum</span> <span class='ocrx_word' id='word_1_737' title='bbox 2385 2839 2440 2876; x_wconf 89' lang='lat' dir='ltr'>sic</span> <span class='ocrx_word' id='word_1_738' title='bbox 2456 2851 2498 2877; x_wconf 90' lang='lat' dir='ltr'>se</span> <span class='ocrx_word' id='word_1_739' title='bbox 2543 2835 2545 2838; x_wconf 73' lang='grc'><strong>’</strong></span> 
     </span>
    </p>
   </div>
   <div class='ocr_carea' id='block_1_24' title="bbox 1422 2891 2500 3368">
    <p class='ocr_par' dir='ltr' id='par_1_53' title="bbox 1422 2891 2500 3368">
     <span class='ocr_line' id='line_1_113' title="bbox 1426 2891 2498 2941; baseline 0.001 -13"><span class='ocrx_word' id='word_1_740' title='bbox 1426 2892 1556 2929; x_wconf 87' lang='lat' dir='ltr'>habuit</span> <span class='ocrx_word' id='word_1_741' title='bbox 1574 2891 1733 2941; x_wconf 82' lang='lat' dir='ltr'>Spiritus</span> <span class='ocrx_word' id='word_1_742' title='bbox 1753 2893 1912 2929; x_wconf 89' lang='lat' dir='ltr'>Sanctus</span> <span class='ocrx_word' id='word_1_743' title='bbox 1934 2893 1986 2929; x_wconf 87' lang='lat' dir='ltr'>ad</span> <span class='ocrx_word' id='word_1_744' title='bbox 2002 2892 2217 2929; x_wconf 87' lang='lat' dir='ltr'>huiusmodi</span> <span class='ocrx_word' id='word_1_745' title='bbox 2233 2893 2383 2941; x_wconf 86' lang='lat' dir='ltr'>species,</span> <span class='ocrx_word' id='word_1_746' title='bbox 2402 2892 2498 2930; x_wconf 83' lang='lat' dir='ltr'>sicut</span> 
     </span>
     <span class='ocr_line' id='line_1_114' title="bbox 1426 2945 2498 2994; baseline 0 -12"><span class='ocrx_word' id='word_1_747' title='bbox 1426 2946 1545 2983; x_wconf 89' lang='lat' dir='ltr'>Filius</span> <span class='ocrx_word' id='word_1_748' title='bbox 1564 2946 1616 2983; x_wconf 89' lang='lat' dir='ltr'>ad</span> <span class='ocrx_word' id='word_1_749' title='bbox 1629 2951 1776 2994; x_wconf 85' lang='lat' dir='ltr'>petram</span> <span class='ocrx_word' id='word_1_750' title='bbox 1799 2945 1904 2994; x_wconf 89' lang='lat' dir='ltr'>(quia</span> <span class='ocrx_word' id='word_1_751' title='bbox 1933 2946 2068 2983; x_wconf 85' lang='lat' dir='ltr'>dicitur</span> <span class='ocrx_word' id='word_1_752' title='bbox 2081 2945 2117 2982; x_wconf 72' lang='grc' dir='ltr'>*τ</span> <span class='ocrx_word' id='word_1_753' title='bbox 2137 2947 2248 2983; x_wconf 86' lang='lat' dir='ltr'>Petra</span> <span class='ocrx_word' id='word_1_754' title='bbox 2277 2951 2361 2983; x_wconf 87' lang='lat' dir='ltr'>erat</span> <span class='ocrx_word' id='word_1_755' title='bbox 2391 2945 2498 2983; x_wconf 88' lang='lat' dir='ltr'>Chri-</span> 
     </span>
     <span class='ocr_line' id='line_1_115' title="bbox 1425 2998 2499 3049; baseline 0.001 -13"><span class='ocrx_word' id='word_1_756' title='bbox 1425 2999 1532 3048; x_wconf 88' lang='lat' dir='ltr'>stus).</span> <span class='ocrx_word' id='word_1_757' title='bbox 1561 2998 1634 3036; x_wconf 75' lang='lat' dir='ltr'>ma</span> <span class='ocrx_word' id='word_1_758' title='bbox 1654 2999 1754 3036; x_wconf 89' lang='lat' dir='ltr'>enim</span> <span class='ocrx_word' id='word_1_759' title='bbox 1775 3004 1887 3048; x_wconf 84' lang='lat' dir='ltr'>petra</span> <span class='ocrx_word' id='word_1_760' title='bbox 1907 2999 1983 3036; x_wconf 86' lang='lat' dir='ltr'>iam</span> <span class='ocrx_word' id='word_1_761' title='bbox 2004 3004 2087 3036; x_wconf 89' lang='lat' dir='ltr'>erat</span> <span class='ocrx_word' id='word_1_762' title='bbox 2102 2999 2140 3036; x_wconf 88' lang='lat' dir='ltr'>in</span> <span class='ocrx_word' id='word_1_763' title='bbox 2161 3004 2349 3046; x_wconf 86' lang='lat' dir='ltr'>creatura,</span> <span class='ocrx_word' id='word_1_764' title='bbox 2369 3004 2405 3036; x_wconf 85' lang='lat' dir='ltr'>et</span> <span class='ocrx_word' id='word_1_765' title='bbox 2425 3011 2499 3049; x_wconf 85' lang='lat' dir='ltr'>per</span> 
     </span>
     <span class='ocr_line' id='line_1_116' title="bbox 1427 3052 2496 3102; baseline 0.001 -14"><span class='ocrx_word' id='word_1_766' title='bbox 1427 3052 1583 3089; x_wconf 88' lang='lat' dir='ltr'>actionis</span> <span class='ocrx_word' id='word_1_767' title='bbox 1620 3052 1774 3089; x_wconf 83' lang='lat' dir='ltr'>modum</span> <span class='ocrx_word' id='word_1_768' title='bbox 1807 3058 2023 3102; x_wconf 85' lang='lat' dir='ltr'>nuncupata</span> <span class='ocrx_word' id='word_1_769' title='bbox 2061 3057 2115 3089; x_wconf 89' lang='lat' dir='ltr'>est</span> <span class='ocrx_word' id='word_1_770' title='bbox 2149 3052 2302 3089; x_wconf 88' lang='lat' dir='ltr'>nomine</span> <span class='ocrx_word' id='word_1_771' title='bbox 2343 3052 2496 3098; x_wconf 85' lang='lat' dir='ltr'>Christi,</span> 
     </span>
     <span class='ocr_line' id='line_1_117' title="bbox 1426 3105 2500 3157; baseline 0.001 -15"><span class='ocrx_word' id='word_1_772' title='bbox 1426 3117 1538 3154; x_wconf 89' lang='lat' dir='ltr'>quem</span> <span class='ocrx_word' id='word_1_773' title='bbox 1570 3106 1832 3156; x_wconf 81' lang='lat' dir='ltr'>significabat.-</span> <span class='ocrx_word' id='word_1_774' title='bbox 1859 3106 1926 3143; x_wconf 86' lang='lat' dir='ltr'>sed</span> <span class='ocrx_word' id='word_1_775' title='bbox 1957 3105 2021 3143; x_wconf 90' lang='lat' dir='ltr'>illa</span> <span class='ocrx_word' id='word_1_776' title='bbox 2053 3105 2227 3143; x_wconf 89' lang='lat' dir='ltr'>columba</span> <span class='ocrx_word' id='word_1_777' title='bbox 2256 3111 2292 3142; x_wconf 89' lang='lat' dir='ltr'>et</span> <span class='ocrx_word' id='word_1_778' title='bbox 2316 3105 2417 3157; x_wconf 79' lang='lat' dir='ltr'>ignis</span> <span class='ocrx_word' id='word_1_779' title='bbox 2448 3106 2500 3143; x_wconf 86' lang='lat' dir='ltr'>ad</span> 
     </span>
     <span class='ocr_line' id='line_1_118' title="bbox 1427 3159 2500 3208; baseline 0.001 -13"><span class='ocrx_word' id='word_1_780' title='bbox 1427 3160 1520 3196; x_wconf 87' lang='lat' dir='ltr'>haec</span> <span class='ocrx_word' id='word_1_781' title='bbox 1548 3164 1692 3196; x_wconf 89' lang='lat' dir='ltr'>tantum</span> <span class='ocrx_word' id='word_1_782' title='bbox 1720 3159 1972 3208; x_wconf 73' lang='lat' dir='ltr'>significanda</span> <span class='ocrx_word' id='word_1_783' title='bbox 2006 3164 2156 3208; x_wconf 83' lang='lat' dir='ltr'>repente</span> <span class='ocrx_word' id='word_1_784' title='bbox 2183 3159 2394 3196; x_wconf 86' lang='lat' dir='ltr'>extiterunt.</span> <span class='ocrx_word' id='word_1_785' title='bbox 2425 3159 2500 3196; x_wconf 85' lang='lat' dir='ltr'>Sed</span> 
     </span>
     <span class='ocr_line' id='line_1_119' title="bbox 1427 3211 2497 3262; baseline 0 -12"><span class='ocrx_word' id='word_1_786' title='bbox 1427 3212 1600 3250; x_wconf 78' lang='lat' dir='ltr'>videntur</span> <span class='ocrx_word' id='word_1_787' title='bbox 1618 3223 1697 3250; x_wconf 87' lang='lat' dir='ltr'>esse</span> <span class='ocrx_word' id='word_1_788' title='bbox 1718 3212 1855 3250; x_wconf 86' lang='lat' dir='ltr'>similia</span> <span class='ocrx_word' id='word_1_789' title='bbox 1865 3214 2054 3262; x_wconf 88' lang='lat' dir='ltr'>flammae</span> <span class='ocrx_word' id='word_1_790' title='bbox 2072 3211 2128 3249; x_wconf 90' lang='lat' dir='ltr'>illi</span> <span class='ocrx_word' id='word_1_791' title='bbox 2144 3223 2242 3261; x_wconf 89' lang='lat' dir='ltr'>quae</span> <span class='ocrx_word' id='word_1_792' title='bbox 2260 3213 2297 3249; x_wconf 90' lang='lat' dir='ltr'>in</span> <span class='ocrx_word' id='word_1_793' title='bbox 2315 3213 2412 3250; x_wconf 87' lang='lat' dir='ltr'>rubo</span> <span class='ocrx_word' id='word_1_794' title='bbox 2431 3224 2497 3261; x_wconf 87' lang='lat' dir='ltr'>ap-</span> 
     </span>
     <span class='ocr_line' id='line_1_120' title="bbox 1422 3263 2496 3315; baseline 0 -13"><span class='ocrx_word' id='word_1_795' title='bbox 1422 3266 1557 3314; x_wconf 85' lang='lat' dir='ltr'>paruit</span> <span class='ocrx_word' id='word_1_796' title='bbox 1581 3265 1726 3314; x_wconf 86' lang='lat' dir='ltr'>Moysi,</span> <span class='ocrx_word' id='word_1_797' title='bbox 1757 3270 1793 3302; x_wconf 88' lang='lat' dir='ltr'>et</span> <span class='ocrx_word' id='word_1_798' title='bbox 1819 3265 1874 3302; x_wconf 89' lang='lat' dir='ltr'>illi</span> <span class='ocrx_word' id='word_1_799' title='bbox 1890 3266 2089 3302; x_wconf 87' lang='lat' dir='ltr'>columnae</span> <span class='ocrx_word' id='word_1_800' title='bbox 2107 3263 2119 3286; x_wconf 61' lang='grc' dir='ltr'><strong>λ</strong></span> <span class='ocrx_word' id='word_1_801' title='bbox 2138 3277 2253 3314; x_wconf 91' lang='lat' dir='ltr'>quam</span> <span class='ocrx_word' id='word_1_802' title='bbox 2276 3266 2439 3315; x_wconf 85' lang='lat' dir='ltr'>populus</span> <span class='ocrx_word' id='word_1_803' title='bbox 2459 3266 2496 3303; x_wconf 88' lang='lat' dir='ltr'>in</span> 
     </span>
     <span class='ocr_line' id='line_1_121' title="bbox 1430 3318 2499 3368; baseline 0.001 -13"><span class='ocrx_word' id='word_1_804' title='bbox 1430 3330 1558 3356; x_wconf 87' lang='lat' dir='ltr'>eremo</span> <span class='ocrx_word' id='word_1_805' title='bbox 1585 3319 1822 3367; x_wconf 80' lang='lat' dir='ltr'>sequebatur,</span> <span class='ocrx_word' id='word_1_806' title='bbox 1852 3324 1889 3355; x_wconf 87' lang='lat' dir='ltr'>et</span> <span class='ocrx_word' id='word_1_807' title='bbox 1901 3318 2127 3368; x_wconf 83' lang='lat' dir='ltr'>fulgoribus</span> <span class='ocrx_word' id='word_1_808' title='bbox 2146 3330 2192 3356; x_wconf 90' lang='lat' dir='ltr'>ac</span> <span class='ocrx_word' id='word_1_809' title='bbox 2211 3319 2383 3356; x_wconf 88' lang='lat' dir='ltr'>tonitruis</span> <span class='ocrx_word' id='word_1_810' title='bbox 2402 3330 2499 3368; x_wconf 90' lang='lat' dir='ltr'>quae</span> 
     </span>
    </p>
   </div>
   <div class='ocr_carea' id='block_1_25' title="bbox 1430 3432 2499 3677">
    <p class='ocr_par' dir='ltr' id='par_1_54' title="bbox 1482 3432 2082 3466">
     <span class='ocr_line' id='line_1_122' title="bbox 1482 3432 2082 3466; baseline -0.002 -8"><span class='ocrx_word' id='word_1_811' title='bbox 1482 3434 1509 3465; x_wconf 82' lang='grc' dir='ltr'>η)</span> <span class='ocrx_word' id='word_1_812' title='bbox 1530 3433 1776 3466; x_wconf 81' lang='lat' dir='ltr'>manifestarentur.</span> <span class='ocrx_word' id='word_1_813' title='bbox 1793 3447 1812 3452; x_wconf 96' lang='lat'><em>-</em></span> <span class='ocrx_word' id='word_1_814' title='bbox 1831 3432 2017 3466; x_wconf 61' lang='lat' dir='ltr'>manifestaret</span> <span class='ocrx_word' id='word_1_815' title='bbox 2035 3433 2082 3457; x_wconf 84' lang='lat' dir='ltr'>Ba.</span> 
     </span>
    </p>

    <p class='ocr_par' dir='ltr' id='par_1_55' title="bbox 1430 3466 2499 3529">
     <span class='ocr_line' id='line_1_123' title="bbox 1483 3466 2499 3502; baseline 0.002 -10"><span class='ocrx_word' id='word_1_816' title='bbox 1483 3466 1507 3501; x_wconf 78' lang='grc' dir='ltr'>θ)</span> <span class='ocrx_word' id='word_1_817' title='bbox 1526 3470 1642 3493; x_wconf 83' lang='lat' dir='ltr'>Auctor:</span> <span class='ocrx_word' id='word_1_818' title='bbox 1659 3468 1707 3494; x_wconf 77' lang='lat' dir='ltr'>sed</span> <span class='ocrx_word' id='word_1_819' title='bbox 1726 3468 1846 3500; x_wconf 76' lang='lat' dir='ltr'>Spiritus</span> <span class='ocrx_word' id='word_1_820' title='bbox 1864 3468 1978 3493; x_wconf 78' lang='lat' dir='ltr'>Sanctus</span> <span class='ocrx_word' id='word_1_821' title='bbox 1993 3471 2121 3501; x_wconf 80' lang='lat' dir='ltr'>tanquam</span> <span class='ocrx_word' id='word_1_822' title='bbox 2134 3468 2363 3502; x_wconf 64' lang='lat' dir='ltr'>sanctificationis.</span> <span class='ocrx_word' id='word_1_823' title='bbox 2376 3482 2396 3488; x_wconf 95' lang='lat'>—</span> <span class='ocrx_word' id='word_1_824' title='bbox 2414 3468 2499 3494; x_wconf 81' lang='lat' dir='ltr'>Omit-</span> 
     </span>
     <span class='ocr_line' id='line_1_124' title="bbox 1430 3504 1794 3529; baseline 0 -1"><span class='ocrx_word' id='word_1_825' title='bbox 1430 3509 1488 3529; x_wconf 92' lang='lat' dir='ltr'>tunt</span> <span class='ocrx_word' id='word_1_826' title='bbox 1507 3504 1609 3529; x_wconf 87' lang='lat' dir='ltr'>codices</span> <span class='ocrx_word' id='word_1_827' title='bbox 1629 3509 1654 3528; x_wconf 89' lang='lat' dir='ltr'>et</span> <span class='ocrx_word' id='word_1_828' title='bbox 1673 3504 1750 3528; x_wconf 87' lang='lat' dir='ltr'>editio</span> <span class='ocrx_word' id='word_1_829' title='bbox 1768 3511 1794 3528; x_wconf 88' lang='lat' dir='ltr'>a.</span> 
     </span>
    </p>

    <p class='ocr_par' dir='ltr' id='par_1_56' title="bbox 1431 3538 2499 3608">
     <span class='ocr_line' id='line_1_125' title="bbox 1485 3538 2499 3572; baseline 0 -9"><span class='ocrx_word' id='word_1_830' title='bbox 1485 3540 1502 3572; x_wconf 92' lang='grc' dir='ltr'>ι)</span> <span class='ocrx_word' id='word_1_831' title='bbox 1528 3539 1655 3565; x_wconf 76' lang='lat' dir='ltr'>visibilem</span> <span class='ocrx_word' id='word_1_832' title='bbox 1680 3542 1843 3564; x_wconf 70' lang='lat' dir='ltr'>creaturam.</span> <span class='ocrx_word' id='word_1_833' title='bbox 1865 3553 1885 3558; x_wconf 96' lang='lat'><em>-</em></span> <span class='ocrx_word' id='word_1_834' title='bbox 1906 3542 2060 3565; x_wconf 78' lang='lat' dir='ltr'>creaturam</span> <span class='ocrx_word' id='word_1_835' title='bbox 2087 3539 2214 3566; x_wconf 72' lang='lat' dir='ltr'>visibitem</span> <span class='ocrx_word' id='word_1_836' title='bbox 2240 3539 2360 3571; x_wconf 51' lang='lat' dir='ltr'>codicem</span> <span class='ocrx_word' id='word_1_837' title='bbox 2385 3540 2406 3566; x_wconf 87' lang='lat' dir='ltr'>B</span> <span class='ocrx_word' id='word_1_838' title='bbox 2429 3538 2499 3564; x_wconf 74' lang='lat' dir='ltr'>addit</span> 
     </span>
     <span class='ocr_line' id='line_1_126' title="bbox 1431 3574 1682 3608; baseline 0 -9"><span class='ocrx_word' id='word_1_839' title='bbox 1431 3581 1510 3608; x_wconf 75' lang='lat' dir='ltr'>quam</span> <span class='ocrx_word' id='word_1_840' title='bbox 1529 3574 1682 3606; x_wconf 77' lang='lat' dir='ltr'>assumpsit.</span> 
     </span>
    </p>

    <p class='ocr_par' dir='ltr' id='par_1_57' title="bbox 1485 3609 1998 3642">
     <span class='ocr_line' id='line_1_127' title="bbox 1485 3609 1998 3642; baseline 0 -8"><span class='ocrx_word' id='word_1_841' title='bbox 1485 3610 1510 3642; x_wconf 86' lang='grc' dir='ltr'>κ)</span> <span class='ocrx_word' id='word_1_842' title='bbox 1530 3610 1622 3635; x_wconf 84' lang='lat' dir='ltr'>oculis.</span> <span class='ocrx_word' id='word_1_843' title='bbox 1639 3624 1657 3628; x_wconf 98' lang='lat'>-</span> <span class='ocrx_word' id='word_1_844' title='bbox 1675 3609 1810 3642; x_wconf 79' lang='lat' dir='ltr'>corporeis</span> <span class='ocrx_word' id='word_1_845' title='bbox 1830 3610 1926 3634; x_wconf 84' lang='lat' dir='ltr'>addunt</span> <span class='ocrx_word' id='word_1_846' title='bbox 1944 3610 1998 3635; x_wconf 86' lang='lat' dir='ltr'>BG.</span> 
     </span>
    </p>

    <p class='ocr_par' dir='ltr' id='par_1_58' title="bbox 1484 3644 1933 3677">
     <span class='ocr_line' id='line_1_128' title="bbox 1484 3644 1933 3677; baseline 0 -7"><span class='ocrx_word' id='word_1_847' title='bbox 1484 3644 1512 3677; x_wconf 86' lang='grc' dir='ltr'>λ)</span> <span class='ocrx_word' id='word_1_848' title='bbox 1531 3645 1679 3670; x_wconf 81' lang='lat' dir='ltr'>columnae.</span> <span class='ocrx_word' id='word_1_849' title='bbox 1696 3659 1716 3664; x_wconf 90' lang='lat'><em>-</em></span> <span class='ocrx_word' id='word_1_850' title='bbox 1734 3645 1870 3671; x_wconf 80' lang='lat' dir='ltr'>columbae</span> <span class='ocrx_word' id='word_1_851' title='bbox 1887 3645 1933 3670; x_wconf 85' lang='lat' dir='ltr'>Pb.</span> 
     </span>
    </p>
   </div>
   <div class='ocr_carea' id='block_1_26' title="bbox 2526 2957 2715 2986">
    <p class='ocr_par' dir='ltr' id='par_1_59' title="bbox 2526 2957 2715 2986">
     <span class='ocr_line' id='line_1_129' title="bbox 2526 2957 2715 2986; baseline 0 -6"><span class='ocrx_word' id='word_1_852' title='bbox 2526 2959 2534 2968; x_wconf 90' lang='grc'>·</span> <span class='ocrx_word' id='word_1_853' title='bbox 2550 2958 2560 2980; x_wconf 95' lang='lat'>1</span> <span class='ocrx_word' id='word_1_854' title='bbox 2575 2957 2639 2986; x_wconf 66' lang='lat' dir='ltr'>Cor„</span> <span class='ocrx_word' id='word_1_855' title='bbox 2653 2963 2677 2985; x_wconf 82' lang='lat' dir='ltr'>x,</span> <span class='ocrx_word' id='word_1_856' title='bbox 2691 2964 2715 2985; x_wconf 78' lang='lat'>4.</span> 
     </span>
    </p>
   </div>
  </div>
 </body>
</html>
