<?xml version="1.0" encoding="UTF-8"?>
<!DOCTYPE html PUBLIC "-//W3C//DTD XHTML 1.0 Transitional//EN"
    "http://www.w3.org/TR/xhtml1/DTD/xhtml1-transitional.dtd">
<html xmlns="http://www.w3.org/1999/xhtml" xml:lang="en" lang="en">
 <head>
  <title>
</title>
<meta http-equiv="Content-Type" content="text/html;charset=utf-8" />
  <meta name='ocr-system' content='tesseract 3.04.00' />
  <meta name='ocr-capabilities' content='ocr_page ocr_carea ocr_par ocr_line ocrx_word'/>
</head>
<body>
  <div class='ocr_page' id='page_1' title='image "./operaomniaiussui04thom/operaomniaiussui04thom_0241.png"; bbox 0 0 2768 4178; ppageno 0'>
   <div class='ocr_carea' id='block_1_1' title="bbox 0 1309 7 1430">
    <p class='ocr_par' dir='ltr' id='par_1_1' title="bbox 0 1309 7 1430">
     <span class='ocr_line' id='line_1_1' title="bbox 0 1309 7 1430; baseline 0 2748"><span class='ocrx_word' id='word_1_1' title='bbox 0 1309 7 1430; x_wconf 95' lang='lat' dir='ltr'> </span> 
     </span>
    </p>
   </div>
   <div class='ocr_carea' id='block_1_2' title="bbox 0 2214 21 3625">
    <p class='ocr_par' dir='ltr' id='par_1_2' title="bbox 0 2214 21 3625">
     <span class='ocr_line' id='line_1_2' title="bbox 0 2214 21 3625; baseline 0 0"><span class='ocrx_word' id='word_1_2' title='bbox 0 2214 21 3625; x_wconf 95' lang='lat' dir='ltr'> </span> 
     </span>
    </p>
   </div>
   <div class='ocr_carea' id='block_1_3' title="bbox 966 252 1383 300">
    <p class='ocr_par' dir='ltr' id='par_1_3' title="bbox 966 252 1383 300">
     <span class='ocr_line' id='line_1_3' title="bbox 966 252 1383 300; baseline -0.002 -11"><span class='ocrx_word' id='word_1_3' title='bbox 966 252 1232 298; x_wconf 85' lang='lat' dir='ltr'><strong>QUAESTIO</strong></span> <span class='ocrx_word' id='word_1_4' title='bbox 1262 252 1383 300; x_wconf 84' lang='lat' dir='ltr'>xvn,</span> 
     </span>
    </p>
   </div>
   <div class='ocr_carea' id='block_1_4' title="bbox 295 329 1364 592">
    <p class='ocr_par' dir='ltr' id='par_1_4' title="bbox 295 329 1364 592">
     <span class='ocr_line' id='line_1_4' title="bbox 296 329 1364 372; baseline -0.002 -11"><span class='ocrx_word' id='word_1_5' title='bbox 296 331 335 361; x_wconf 89' lang='lat' dir='ltr'>ab</span> <span class='ocrx_word' id='word_1_6' title='bbox 358 330 430 371; x_wconf 89' lang='lat' dir='ltr'>ipso</span> <span class='ocrx_word' id='word_1_7' title='bbox 453 337 579 362; x_wconf 86' lang='lat' dir='ltr'>tantum</span> <span class='ocrx_word' id='word_1_8' title='bbox 598 330 757 372; x_wconf 88' lang='lat' dir='ltr'>perficitur</span> <span class='ocrx_word' id='word_1_9' title='bbox 781 337 812 361; x_wconf 93' lang='lat' dir='ltr'>et</span> <span class='ocrx_word' id='word_1_10' title='bbox 834 336 982 360; x_wconf 90' lang='lat' dir='ltr'>movetur</span> <span class='ocrx_word' id='word_1_11' title='bbox 997 339 1053 370; x_wconf 92' lang='lat' dir='ltr'>per</span> <span class='ocrx_word' id='word_1_12' title='bbox 1070 339 1102 360; x_wconf 93' lang='lat' dir='ltr'>se</span> <span class='ocrx_word' id='word_1_13' title='bbox 1118 329 1232 369; x_wconf 90' lang='lat' dir='ltr'>primo.</span> <span class='ocrx_word' id='word_1_14' title='bbox 1258 329 1364 360; x_wconf 91' lang='lat' dir='ltr'>Huius</span> 
     </span>
     <span class='ocr_line' id='line_1_5' title="bbox 295 373 1362 415; baseline -0.002 -10"><span class='ocrx_word' id='word_1_15' title='bbox 295 381 404 405; x_wconf 87' lang='lat' dir='ltr'>autem</span> <span class='ocrx_word' id='word_1_16' title='bbox 419 375 499 405; x_wconf 87' lang='lat' dir='ltr'>ratio</span> <span class='ocrx_word' id='word_1_17' title='bbox 516 375 701 415; x_wconf 87' lang='lat' dir='ltr'>assignatur,</span> <span class='ocrx_word' id='word_1_18' title='bbox 727 382 797 406; x_wconf 90' lang='lat' dir='ltr'>tum</span> <span class='ocrx_word' id='word_1_19' title='bbox 812 374 887 415; x_wconf 86' lang='lat' dir='ltr'>quia</span> <span class='ocrx_word' id='word_1_20' title='bbox 903 373 1022 413; x_wconf 89' lang='lat' dir='ltr'>species</span> <span class='ocrx_word' id='word_1_21' title='bbox 1038 373 1241 413; x_wconf 89' lang='lat' dir='ltr'>intelligibilis</span> <span class='ocrx_word' id='word_1_22' title='bbox 1258 373 1362 413; x_wconf 89' lang='lat' dir='ltr'>primo</span> 
     </span>
     <span class='ocr_line' id='line_1_6' title="bbox 296 417 1363 460; baseline -0.002 -11"><span class='ocrx_word' id='word_1_23' title='bbox 296 425 343 449; x_wconf 89' lang='lat' dir='ltr'>est</span> <span class='ocrx_word' id='word_1_24' title='bbox 358 418 550 460; x_wconf 84' lang='lat' dir='ltr'>quidditatis,</span> <span class='ocrx_word' id='word_1_25' title='bbox 571 426 607 450; x_wconf 94' lang='lat' dir='ltr'>ut</span> <span class='ocrx_word' id='word_1_26' title='bbox 625 420 658 450; x_wconf 89' lang='lat' dir='ltr'>in</span> <span class='ocrx_word' id='word_1_27' title='bbox 675 428 807 459; x_wconf 89' lang='lat' dir='ltr'>corpore</span> <span class='ocrx_word' id='word_1_28' title='bbox 831 417 952 448; x_wconf 87' lang='lat' dir='ltr'>articuli</span> <span class='ocrx_word' id='word_1_29' title='bbox 976 417 1099 448; x_wconf 89' lang='lat' dir='ltr'>dicitur.</span> <span class='ocrx_word' id='word_1_30' title='bbox 1124 418 1213 448; x_wconf 90' lang='lat' dir='ltr'>Tum</span> <span class='ocrx_word' id='word_1_31' title='bbox 1237 417 1312 458; x_wconf 88' lang='lat' dir='ltr'>quia</span> <span class='ocrx_word' id='word_1_32' title='bbox 1330 417 1363 447; x_wconf 91' lang='lat' dir='ltr'>in</span> 
     </span>
     <span class='ocr_line' id='line_1_7' title="bbox 295 461 1363 503; baseline -0.003 -9"><span class='ocrx_word' id='word_1_33' title='bbox 295 463 380 503; x_wconf 81' lang='lat' dir='ltr'>quod</span> <span class='ocrx_word' id='word_1_34' title='bbox 402 463 479 503; x_wconf 83' lang='lat' dir='ltr'>quid</span> <span class='ocrx_word' id='word_1_35' title='bbox 502 469 549 494; x_wconf 89' lang='lat' dir='ltr'>est</span> <span class='ocrx_word' id='word_1_36' title='bbox 572 463 728 494; x_wconf 85' lang='lat' dir='ltr'>clauditur</span> <span class='ocrx_word' id='word_1_37' title='bbox 751 462 891 502; x_wconf 85' lang='lat' dir='ltr'>cognitio</span> <span class='ocrx_word' id='word_1_38' title='bbox 916 461 1020 492; x_wconf 92' lang='lat' dir='ltr'>omnis</span> <span class='ocrx_word' id='word_1_39' title='bbox 1040 462 1279 502; x_wconf 82' lang='lat' dir='ltr'>complexionis,</span> <span class='ocrx_word' id='word_1_40' title='bbox 1298 461 1363 492; x_wconf 91' lang='lat' dir='ltr'>sive</span> 
     </span>
     <span class='ocr_line' id='line_1_8' title="bbox 296 505 1362 546; baseline -0.003 -8"><span class='ocrx_word' id='word_1_41' title='bbox 296 507 511 538; x_wconf 89' lang='lat' dir='ltr'>convenientis</span> <span class='ocrx_word' id='word_1_42' title='bbox 535 507 600 538; x_wconf 87' lang='lat' dir='ltr'>sive</span> <span class='ocrx_word' id='word_1_43' title='bbox 624 505 902 538; x_wconf 88' lang='lat' dir='ltr'>disconvenientis:</span> <span class='ocrx_word' id='word_1_44' title='bbox 927 506 1007 535; x_wconf 85' lang='lat' dir='ltr'>adeo</span> <span class='ocrx_word' id='word_1_45' title='bbox 1031 506 1130 546; x_wconf 89' lang='lat' dir='ltr'>quod,</span> <span class='ocrx_word' id='word_1_46' title='bbox 1156 505 1179 535; x_wconf 91' lang='lat' dir='ltr'>si</span> <span class='ocrx_word' id='word_1_47' title='bbox 1204 506 1276 546; x_wconf 90' lang='lat' dir='ltr'>quis</span> <span class='ocrx_word' id='word_1_48' title='bbox 1293 515 1362 545; x_wconf 91' lang='lat' dir='ltr'>per-</span> 
     </span>
     <span class='ocr_line' id='line_1_9' title="bbox 296 549 1362 592; baseline -0.002 -10"><span class='ocrx_word' id='word_1_49' title='bbox 296 551 375 582; x_wconf 84' lang='lat' dir='ltr'>fecte</span> <span class='ocrx_word' id='word_1_50' title='bbox 398 558 575 592; x_wconf 87' lang='lat' dir='ltr'>penetraret</span> <span class='ocrx_word' id='word_1_51' title='bbox 598 551 788 592; x_wconf 87' lang='lat' dir='ltr'>quidditates</span> <span class='ocrx_word' id='word_1_52' title='bbox 811 559 932 586; x_wconf 89' lang='lat' dir='ltr'>rerum,</span> <span class='ocrx_word' id='word_1_53' title='bbox 961 549 1097 590; x_wconf 87' lang='lat' dir='ltr'>perfecte</span> <span class='ocrx_word' id='word_1_54' title='bbox 1121 549 1307 590; x_wconf 84' lang='lat' dir='ltr'>intelligeret</span> <span class='ocrx_word' id='word_1_55' title='bbox 1329 549 1362 580; x_wconf 92' lang='lat' dir='ltr'>in</span> 
     </span>
    </p>
   </div>
   <div class='ocr_carea' id='block_1_5' title="bbox 1414 253 1791 290">
    <p class='ocr_par' dir='ltr' id='par_1_5' title="bbox 1414 253 1791 290">
     <span class='ocr_line' id='line_1_10' title="bbox 1414 253 1791 290; baseline 0.003 -2"><span class='ocrx_word' id='word_1_56' title='bbox 1414 253 1710 290; x_wconf 90' lang='lat' dir='ltr'>ARTICULUS</span> <span class='ocrx_word' id='word_1_57' title='bbox 1741 254 1791 289; x_wconf 91' lang='lat' dir='ltr'>IV</span> 
     </span>
    </p>
   </div>
   <div class='ocr_carea' id='block_1_6' title="bbox 1418 330 2720 593">
    <p class='ocr_par' dir='ltr' id='par_1_6' title="bbox 1418 330 2720 593">
     <span class='ocr_line' id='line_1_11' title="bbox 1420 330 2720 371; baseline 0.007 -12"><span class='ocrx_word' id='word_1_58' title='bbox 1420 330 1464 360; x_wconf 89' lang='lat' dir='ltr'>eis</span> <span class='ocrx_word' id='word_1_59' title='bbox 1480 340 1591 361; x_wconf 90' lang='lat' dir='ltr'>omnes</span> <span class='ocrx_word' id='word_1_60' title='bbox 1607 331 1842 371; x_wconf 86' lang='lat' dir='ltr'>propositiones</span> <span class='ocrx_word' id='word_1_61' title='bbox 1859 333 1897 362; x_wconf 90' lang='lat' dir='ltr'>de</span> <span class='ocrx_word' id='word_1_62' title='bbox 1914 343 2022 363; x_wconf 88' lang='lat' dir='ltr'>earum</span> <span class='ocrx_word' id='word_1_63' title='bbox 2038 334 2260 370; x_wconf 87' lang='lat' dir='ltr'>accidentibus,</span> <span class='ocrx_word' id='word_1_64' title='bbox 2272 340 2308 364; x_wconf 92' lang='lat' dir='ltr'>ut</span> <span class='ocrx_word' id='word_1_65' title='bbox 2322 333 2453 365; x_wconf 90' lang='lat' dir='ltr'>inferius</span> <span class='ocrx_word' id='word_1_66' title='bbox 2464 334 2482 353; x_wconf 86' lang='grc'><strong>*</strong></span> <span class='ocrx_word' id='word_1_67' title='bbox 2509 341 2518 370; x_wconf 69' lang='grc' dir='ltr'><strong><em>ἶ</em></strong></span> <span class='ocrx_word' id='word_1_68' title='bbox 2528 340 2720 369; x_wconf 77' lang='lat' dir='ltr'>Qu.r.v111‚art.2,</span> 
     </span>
     <span class='ocr_line' id='line_1_12' title="bbox 1418 367 2694 418; baseline 0.004 -14"><span class='ocrx_word' id='word_1_69' title='bbox 1418 373 1452 404; x_wconf 90' lang='lat' dir='ltr'>in</span> <span class='ocrx_word' id='word_1_70' title='bbox 1475 380 1606 405; x_wconf 84' lang='lat' dir='ltr'>tractatu</span> <span class='ocrx_word' id='word_1_71' title='bbox 1630 375 1668 405; x_wconf 93' lang='lat' dir='ltr'>de</span> <span class='ocrx_word' id='word_1_72' title='bbox 1693 375 1822 415; x_wconf 88' lang='lat' dir='ltr'>Angelis</span> <span class='ocrx_word' id='word_1_73' title='bbox 1851 377 1978 416; x_wconf 87' lang='lat' dir='ltr'>patebit.</span> <span class='ocrx_word' id='word_1_74' title='bbox 2008 378 2096 408; x_wconf 89' lang='lat' dir='ltr'>Turn</span> <span class='ocrx_word' id='word_1_75' title='bbox 2120 378 2195 418; x_wconf 92' lang='lat' dir='ltr'>quia</span> <span class='ocrx_word' id='word_1_76' title='bbox 2223 378 2307 418; x_wconf 85' lang='lat' dir='ltr'>quod</span> <span class='ocrx_word' id='word_1_77' title='bbox 2330 378 2407 418; x_wconf 86' lang='lat' dir='ltr'>quid</span> <span class='ocrx_word' id='word_1_78' title='bbox 2435 384 2482 409; x_wconf 83' lang='lat' dir='ltr'>est</span> <span class='ocrx_word' id='word_1_79' title='bbox 2510 372 2533 388; x_wconf 79' lang='lat'>¹¹¹</span> <span class='ocrx_word' id='word_1_80' title='bbox 2548 367 2694 390; x_wconf 77' lang='lat' dir='ltr'>Commento.</span> 
     </span>
     <span class='ocr_line' id='line_1_13' title="bbox 1419 419 2481 462; baseline 0.004 -14"><span class='ocrx_word' id='word_1_81' title='bbox 1419 419 1631 458; x_wconf 87' lang='lat' dir='ltr'>cognoscibile</span> <span class='ocrx_word' id='word_1_82' title='bbox 1655 425 1701 449; x_wconf 90' lang='lat' dir='ltr'>est</span> <span class='ocrx_word' id='word_1_83' title='bbox 1717 429 1753 449; x_wconf 87' lang='lat' dir='ltr'>ex</span> <span class='ocrx_word' id='word_1_84' title='bbox 1769 429 1810 455; x_wconf 92' lang='lat' dir='ltr'>se,</span> <span class='ocrx_word' id='word_1_85' title='bbox 1837 421 2014 460; x_wconf 84' lang='lat' dir='ltr'>complexio</span> <span class='ocrx_word' id='word_1_86' title='bbox 2038 428 2145 452; x_wconf 91' lang='lat' dir='ltr'>autem</span> <span class='ocrx_word' id='word_1_87' title='bbox 2169 432 2234 452; x_wconf 91' lang='lat' dir='ltr'>non</span> <span class='ocrx_word' id='word_1_88' title='bbox 2258 422 2317 452; x_wconf 91' lang='lat' dir='ltr'>nisi</span> <span class='ocrx_word' id='word_1_89' title='bbox 2342 432 2378 452; x_wconf 86' lang='lat' dir='ltr'>ex</span> <span class='ocrx_word' id='word_1_90' title='bbox 2397 422 2481 462; x_wconf 82' lang='lat' dir='ltr'>quod</span> 
     </span>
     <span class='ocr_line' id='line_1_14' title="bbox 1418 463 2481 506; baseline 0.003 -13"><span class='ocrx_word' id='word_1_91' title='bbox 1418 463 1495 502; x_wconf 85' lang='lat' dir='ltr'>quid</span> <span class='ocrx_word' id='word_1_92' title='bbox 1516 468 1571 494; x_wconf 85' lang='lat' dir='ltr'>est.</span> <span class='ocrx_word' id='word_1_93' title='bbox 1598 463 1632 493; x_wconf 86' lang='lat' dir='ltr'>In</span> <span class='ocrx_word' id='word_1_94' title='bbox 1656 463 1746 493; x_wconf 92' lang='lat' dir='ltr'>cuius</span> <span class='ocrx_word' id='word_1_95' title='bbox 1770 463 1906 503; x_wconf 89' lang='lat' dir='ltr'>signum,</span> <span class='ocrx_word' id='word_1_96' title='bbox 1931 465 2084 504; x_wconf 82' lang='lat' dir='ltr'>principia</span> <span class='ocrx_word' id='word_1_97' title='bbox 2101 466 2324 505; x_wconf 85' lang='lat' dir='ltr'>cognoscimus</span> <span class='ocrx_word' id='word_1_98' title='bbox 2347 466 2481 506; x_wconf 89' lang='lat' dir='ltr'>inquan-</span> 
     </span>
     <span class='ocr_line' id='line_1_15' title="bbox 1418 507 2480 547; baseline 0.004 -11"><span class='ocrx_word' id='word_1_99' title='bbox 1418 513 1488 536; x_wconf 91' lang='lat' dir='ltr'>tum</span> <span class='ocrx_word' id='word_1_100' title='bbox 1503 507 1655 537; x_wconf 91' lang='lat' dir='ltr'>terminos</span> <span class='ocrx_word' id='word_1_101' title='bbox 1675 507 1908 547; x_wconf 86' lang='lat' dir='ltr'>cognoscimus,</span> <span class='ocrx_word' id='word_1_102' title='bbox 1926 514 1962 538; x_wconf 93' lang='lat' dir='ltr'>ut</span> <span class='ocrx_word' id='word_1_103' title='bbox 1981 508 2092 539; x_wconf 91' lang='lat' dir='ltr'>dicitur</span> <span class='ocrx_word' id='word_1_104' title='bbox 2109 510 2120 539; x_wconf 97' lang='lat' dir='ltr'>I</span> <span class='ocrx_word' id='word_1_105' title='bbox 2140 510 2260 540; x_wconf 90' lang='lat' dir='ltr'>Poster.</span> <span class='ocrx_word' id='word_1_106' title='bbox 2271 510 2302 539; x_wconf 85' lang='lat'>*:</span> <span class='ocrx_word' id='word_1_107' title='bbox 2323 516 2354 540; x_wconf 91' lang='lat' dir='ltr'>et</span> <span class='ocrx_word' id='word_1_108' title='bbox 2369 520 2480 541; x_wconf 90' lang='lat' dir='ltr'>omnes</span> 
     </span>
     <span class='ocr_line' id='line_1_16' title="bbox 1418 550 2361 593; baseline 0.003 -12"><span class='ocrx_word' id='word_1_109' title='bbox 1418 550 1640 587; x_wconf 87' lang='lat' dir='ltr'>dubitationes,</span> <span class='ocrx_word' id='word_1_110' title='bbox 1657 551 1844 581; x_wconf 89' lang='lat' dir='ltr'>resolvendo</span> <span class='ocrx_word' id='word_1_111' title='bbox 1859 551 1892 581; x_wconf 94' lang='lat' dir='ltr'>in</span> <span class='ocrx_word' id='word_1_112' title='bbox 1909 552 1993 592; x_wconf 87' lang='lat' dir='ltr'>quod</span> <span class='ocrx_word' id='word_1_113' title='bbox 2007 553 2084 593; x_wconf 85' lang='lat' dir='ltr'>quid</span> <span class='ocrx_word' id='word_1_114' title='bbox 2100 558 2156 591; x_wconf 89' lang='lat' dir='ltr'>est,</span> <span class='ocrx_word' id='word_1_115' title='bbox 2173 553 2361 584; x_wconf 56' lang='lat' dir='ltr'>iudicamus</span> 
     </span>
    </p>
   </div>
   <div class='ocr_carea' id='block_1_7' title="bbox 2404 256 2480 292">
    <p class='ocr_par' dir='ltr' id='par_1_7' title="bbox 2404 256 2480 292">
     <span class='ocr_line' id='line_1_17' title="bbox 2404 256 2480 292; baseline 0.013 -1"><span class='ocrx_word' id='word_1_116' title='bbox 2404 256 2480 292; x_wconf 84' lang='lat'>223</span> 
     </span>
    </p>
   </div>
   <div class='ocr_carea' id='block_1_8' title="bbox 2508 515 2708 543">
    <p class='ocr_par' dir='ltr' id='par_1_8' title="bbox 2508 515 2708 543">
     <span class='ocr_line' id='line_1_18' title="bbox 2508 515 2708 543; baseline 0.01 -7"><span class='ocrx_word' id='word_1_117' title='bbox 2508 515 2518 526; x_wconf 80' lang='grc'>’</span> <span class='ocrx_word' id='word_1_118' title='bbox 2534 515 2590 541; x_wconf 79' lang='lat' dir='ltr'>Cap.</span> <span class='ocrx_word' id='word_1_119' title='bbox 2599 521 2632 542; x_wconf 88' lang='lat'>111,</span> <span class='ocrx_word' id='word_1_120' title='bbox 2647 522 2671 543; x_wconf 90' lang='lat' dir='ltr'>n,</span> <span class='ocrx_word' id='word_1_121' title='bbox 2683 522 2708 542; x_wconf 86' lang='lat'>4.</span> 
     </span>
    </p>
   </div>
   <div class='ocr_carea' id='block_1_9' title="bbox 884 703 1894 828">
    <p class='ocr_par' dir='ltr' id='par_1_9' title="bbox 884 703 1894 828">
     <span class='ocr_line' id='line_1_19' title="bbox 1079 703 1699 756; baseline 0 -10"><span class='ocrx_word' id='word_1_122' title='bbox 1079 703 1396 746; x_wconf 88' lang='lat' dir='ltr'>ARTICULUS</span> <span class='ocrx_word' id='word_1_123' title='bbox 1427 704 1699 756; x_wconf 90' lang='lat' dir='ltr'><strong>QUARTUS</strong></span> 
     </span>
     <span class='ocr_line' id='line_1_20' title="bbox 884 796 1894 828; baseline 0.002 -2"><span class='ocrx_word' id='word_1_124' title='bbox 884 796 1040 827; x_wconf 87' lang='lat' dir='ltr'><strong>UTRUM</strong></span> <span class='ocrx_word' id='word_1_125' title='bbox 1063 796 1217 827; x_wconf 80' lang='lat' dir='ltr'><strong>VERUM</strong></span> <span class='ocrx_word' id='word_1_126' title='bbox 1240 797 1298 827; x_wconf 89' lang='lat' dir='ltr'>ET</span> <span class='ocrx_word' id='word_1_127' title='bbox 1322 797 1493 828; x_wconf 86' lang='lat' dir='ltr'>FALSUM</span> <span class='ocrx_word' id='word_1_128' title='bbox 1518 797 1615 828; x_wconf 84' lang='lat' dir='ltr'>siNT</span> <span class='ocrx_word' id='word_1_129' title='bbox 1639 797 1894 828; x_wconf 82' lang='lat' dir='ltr'><strong>CONTRARIA</strong></span> 
     </span>
    </p>
   </div>
   <div class='ocr_carea' id='block_1_10' title="bbox 382 896 426 1012">
    <p class='ocr_par' dir='ltr' id='par_1_10' title="bbox 382 896 426 1012">
     <span class='ocr_line' id='line_1_21' title="bbox 382 896 426 973; baseline 0 0"><span class='ocrx_word' id='word_1_130' title='bbox 382 896 426 973; x_wconf 95' lang='lat' dir='ltr'>    </span> 
     </span>
     <span class='ocr_line' id='line_1_22' title="bbox 396 999 398 1012; baseline 0 3166"><span class='ocrx_word' id='word_1_131' title='bbox 396 999 398 1012; x_wconf 95' lang='lat' dir='ltr'> </span> 
     </span>
    </p>
   </div>
   <div class='ocr_carea' id='block_1_11' title="bbox 327 904 394 933">
    <p class='ocr_par' dir='ltr' id='par_1_11' title="bbox 327 904 394 933">
     <span class='ocr_line' id='line_1_23' title="bbox 327 904 394 933; baseline -0.045 -10"><span class='ocrx_word' id='word_1_132' title='bbox 327 904 338 923; x_wconf 61' lang='grc' dir='ltr'>Ἰ</span> <span class='ocrx_word' id='word_1_133' title='bbox 381 908 394 933; x_wconf 42' lang='grc' dir='ltr'>ἃ</span> 
     </span>
    </p>
   </div>
   <div class='ocr_carea' id='block_1_12' title="bbox 321 892 1360 1003">
    <p class='ocr_par' dir='ltr' id='par_1_12' title="bbox 321 892 1360 1003">
     <span class='ocr_line' id='line_1_24' title="bbox 323 892 1360 957; baseline -0.001 -27"><span class='ocrx_word' id='word_1_134' title='bbox 323 912 382 951; x_wconf 43' lang='lat'>,5245</span> <span class='ocrx_word' id='word_1_135' title='bbox 445 913 484 957; x_wconf 52' lang='lat' dir='ltr'>&#39;fx</span> <span class='ocrx_word' id='word_1_136' title='bbox 507 906 529 930; x_wconf 83' lang='lat' dir='ltr'>n</span> <span class='ocrx_word' id='word_1_137' title='bbox 549 904 723 936; x_wconf 84' lang='lat' dir='ltr'>QUARTUM</span> <span class='ocrx_word' id='word_1_138' title='bbox 743 904 796 930; x_wconf 73' lang='lat' dir='ltr'>su:</span> <span class='ocrx_word' id='word_1_139' title='bbox 815 904 1055 930; x_wconf 85' lang='lat' dir='ltr'>PROCEDITUR.</span> <span class='ocrx_word' id='word_1_140' title='bbox 1076 892 1237 930; x_wconf 91' lang='lat' dir='ltr'>Videtur</span> <span class='ocrx_word' id='word_1_141' title='bbox 1255 894 1360 942; x_wconf 91' lang='lat' dir='ltr'>quod</span> 
     </span>
     <span class='ocr_line' id='line_1_25' title="bbox 321 947 465 973; baseline 0 -18"><span class='ocrx_word' id='word_1_142' title='bbox 321 950 324 955; x_wconf 92' lang='grc'><em>,</em></span> <span class='ocrx_word' id='word_1_143' title='bbox 345 952 378 973; x_wconf 43' lang='grc' dir='ltr'>,μ</span> <span class='ocrx_word' id='word_1_144' title='bbox 448 947 465 957; x_wconf 20' lang='grc' dir='ltr'>,ψ</span> 
     </span>
     <span class='ocr_line' id='line_1_26' title="bbox 346 978 368 1003; baseline 0 0"><span class='ocrx_word' id='word_1_145' title='bbox 346 978 368 1003; x_wconf 64' lang='lat' dir='ltr'>xl</span> 
     </span>
    </p>
   </div>
   <div class='ocr_carea' id='block_1_13' title="bbox 42 933 1362 2481">
    <p class='ocr_par' dir='ltr' id='par_1_13' title="bbox 46 933 1362 1474">
     <span class='ocr_line' id='line_1_27' title="bbox 426 933 1359 1004; baseline 0.001 -21"><span class='ocrx_word' id='word_1_146' title='bbox 426 933 480 1004; x_wconf 52' lang='lat'>{34</span> <span class='ocrx_word' id='word_1_147' title='bbox 505 959 644 983; x_wconf 91' lang='lat' dir='ltr'>verum</span> <span class='ocrx_word' id='word_1_148' title='bbox 682 953 719 982; x_wconf 92' lang='lat' dir='ltr'>et</span> <span class='ocrx_word' id='word_1_149' title='bbox 755 946 891 982; x_wconf 87' lang='lat' dir='ltr'>falsum</span> <span class='ocrx_word' id='word_1_150' title='bbox 930 958 1008 982; x_wconf 93' lang='lat' dir='ltr'>non</span> <span class='ocrx_word' id='word_1_151' title='bbox 1046 945 1118 983; x_wconf 92' lang='lat' dir='ltr'>sint</span> <span class='ocrx_word' id='word_1_152' title='bbox 1160 948 1359 984; x_wconf 90' lang='lat' dir='ltr'>contraria.</span> 
     </span>
     <span class='ocr_line' id='line_1_28' title="bbox 312 988 1362 1053; baseline 0.001 -16"><span class='ocrx_word' id='word_1_153' title='bbox 312 997 435 1053; x_wconf 49' lang='lat'>,5314</span> <span class='ocrx_word' id='word_1_154' title='bbox 450 988 478 1041; x_wconf 30' lang='grc' dir='ltr'><em>χή</em></span> <span class='ocrx_word' id='word_1_155' title='bbox 505 1001 651 1037; x_wconf 88' lang='lat' dir='ltr'>Verum</span> <span class='ocrx_word' id='word_1_156' title='bbox 668 998 772 1036; x_wconf 89' lang='lat' dir='ltr'>enim</span> <span class='ocrx_word' id='word_1_157' title='bbox 793 1007 829 1035; x_wconf 92' lang='lat' dir='ltr'>et</span> <span class='ocrx_word' id='word_1_158' title='bbox 847 999 983 1036; x_wconf 87' lang='lat' dir='ltr'>falsum</span> <span class='ocrx_word' id='word_1_159' title='bbox 1005 1007 1252 1048; x_wconf 87' lang='lat' dir='ltr'>opponuntur</span> <span class='ocrx_word' id='word_1_160' title='bbox 1266 1000 1362 1038; x_wconf 89' lang='lat' dir='ltr'>sicut</span> 
     </span>
     <span class='ocr_line' id='line_1_29' title="bbox 330 1025 1359 1102; baseline 0.003 -15"><span class='ocrx_word' id='word_1_161' title='bbox 330 1025 451 1085; x_wconf 56' lang='grc' dir='ltr'>’ζ”ἒῢ</span> <span class='ocrx_word' id='word_1_162' title='bbox 466 1042 612 1102; x_wconf 50' lang='lat' dir='ltr'>Kquod</span> <span class='ocrx_word' id='word_1_163' title='bbox 642 1060 698 1089; x_wconf 90' lang='lat' dir='ltr'>est</span> <span class='ocrx_word' id='word_1_164' title='bbox 725 1059 762 1089; x_wconf 92' lang='lat' dir='ltr'>et</span> <span class='ocrx_word' id='word_1_165' title='bbox 789 1052 895 1100; x_wconf 91' lang='lat' dir='ltr'>quod</span> <span class='ocrx_word' id='word_1_166' title='bbox 914 1064 993 1089; x_wconf 92' lang='lat' dir='ltr'>non</span> <span class='ocrx_word' id='word_1_167' title='bbox 1014 1060 1086 1089; x_wconf 89' lang='lat' dir='ltr'>est:</span> <span class='ocrx_word' id='word_1_168' title='bbox 1117 1064 1207 1089; x_wconf 92' lang='lat' dir='ltr'>nam</span> <span class='ocrx_word' id='word_1_169' title='bbox 1226 1065 1359 1090; x_wconf 80' lang='lat' dir='ltr'>verum</span> 
     </span>
     <span class='ocr_line' id='line_1_30' title="bbox 292 1105 1360 1155; baseline 0.001 -12"><span class='ocrx_word' id='word_1_170' title='bbox 292 1111 346 1143; x_wconf 88' lang='lat' dir='ltr'>est</span> <span class='ocrx_word' id='word_1_171' title='bbox 371 1106 411 1143; x_wconf 85' lang='lat' dir='ltr'>id</span> <span class='ocrx_word' id='word_1_172' title='bbox 436 1107 538 1155; x_wconf 86' lang='lat' dir='ltr'>quod</span> <span class='ocrx_word' id='word_1_173' title='bbox 555 1111 619 1152; x_wconf 89' lang='lat' dir='ltr'>est,</span> <span class='ocrx_word' id='word_1_174' title='bbox 639 1113 682 1143; x_wconf 94' lang='lat' dir='ltr'>ut</span> <span class='ocrx_word' id='word_1_175' title='bbox 701 1105 789 1143; x_wconf 91' lang='lat' dir='ltr'>dicit</span> <span class='ocrx_word' id='word_1_176' title='bbox 807 1105 1041 1153; x_wconf 86' lang='lat' dir='ltr'>Augustinus</span> <span class='ocrx_word' id='word_1_177' title='bbox 1059 1105 1079 1127; x_wconf 76' lang='lat'>&#39;¹‘</span> <span class='ocrx_word' id='word_1_178' title='bbox 1093 1111 1121 1141; x_wconf 60' lang='grc' dir='ltr'>α.</span> <span class='ocrx_word' id='word_1_179' title='bbox 1153 1105 1231 1142; x_wconf 87' lang='lat' dir='ltr'>Sed</span> <span class='ocrx_word' id='word_1_180' title='bbox 1254 1107 1360 1154; x_wconf 92' lang='lat' dir='ltr'>quod</span> 
     </span>
     <span class='ocr_line' id='line_1_31' title="bbox 149 1159 1360 1208; baseline -0.001 -11"><span class='ocrx_word' id='word_1_181' title='bbox 149 1169 167 1187; x_wconf 62' lang='grc' dir='ltr'><strong>α</strong></span> <span class='ocrx_word' id='word_1_182' title='bbox 293 1166 349 1196; x_wconf 92' lang='lat' dir='ltr'>est</span> <span class='ocrx_word' id='word_1_183' title='bbox 377 1167 413 1196; x_wconf 91' lang='lat' dir='ltr'>et</span> <span class='ocrx_word' id='word_1_184' title='bbox 440 1159 546 1208; x_wconf 90' lang='lat' dir='ltr'>quod</span> <span class='ocrx_word' id='word_1_185' title='bbox 574 1171 654 1196; x_wconf 92' lang='lat' dir='ltr'>non</span> <span class='ocrx_word' id='word_1_186' title='bbox 674 1166 740 1206; x_wconf 90' lang='lat' dir='ltr'>est,</span> <span class='ocrx_word' id='word_1_187' title='bbox 761 1171 841 1195; x_wconf 92' lang='lat' dir='ltr'>non</span> <span class='ocrx_word' id='word_1_188' title='bbox 869 1166 1117 1208; x_wconf 91' lang='lat' dir='ltr'>opponuntur</span> <span class='ocrx_word' id='word_1_189' title='bbox 1142 1165 1184 1194; x_wconf 90' lang='lat' dir='ltr'>ut</span> <span class='ocrx_word' id='word_1_190' title='bbox 1213 1167 1360 1196; x_wconf 91' lang='lat' dir='ltr'>contra-</span> 
     </span>
     <span class='ocr_line' id='line_1_32' title="bbox 103 1209 1358 1261; baseline -0.001 -11"><span class='ocrx_word' id='word_1_191' title='bbox 103 1209 107 1213; x_wconf 72' lang='grc'><strong>’</strong></span> <span class='ocrx_word' id='word_1_192' title='bbox 151 1211 166 1246; x_wconf 76' lang='grc' dir='ltr'>β</span> <span class='ocrx_word' id='word_1_193' title='bbox 292 1212 347 1249; x_wconf 90' lang='lat' dir='ltr'>ria</span> <span class='ocrx_word' id='word_1_194' title='bbox 364 1210 394 1250; x_wconf 70' lang='grc' dir='ltr'>Ρ.</span> <span class='ocrx_word' id='word_1_195' title='bbox 425 1213 528 1261; x_wconf 88' lang='lat' dir='ltr'>Ergo</span> <span class='ocrx_word' id='word_1_196' title='bbox 547 1224 685 1250; x_wconf 90' lang='lat' dir='ltr'>verum</span> <span class='ocrx_word' id='word_1_197' title='bbox 715 1219 752 1248; x_wconf 91' lang='lat' dir='ltr'>et</span> <span class='ocrx_word' id='word_1_198' title='bbox 779 1212 916 1248; x_wconf 89' lang='lat' dir='ltr'>falsum</span> <span class='ocrx_word' id='word_1_199' title='bbox 946 1223 1025 1248; x_wconf 93' lang='lat' dir='ltr'>non</span> <span class='ocrx_word' id='word_1_200' title='bbox 1054 1219 1141 1248; x_wconf 90' lang='lat' dir='ltr'>sunt</span> <span class='ocrx_word' id='word_1_201' title='bbox 1161 1212 1358 1249; x_wconf 89' lang='lat' dir='ltr'>contraria.</span> 
     </span>
     <span class='ocr_line' id='line_1_33' title="bbox 346 1264 1359 1313; baseline -0.001 -11"><span class='ocrx_word' id='word_1_202' title='bbox 346 1277 382 1304; x_wconf 88' lang='lat'>2.</span> <span class='ocrx_word' id='word_1_203' title='bbox 402 1267 641 1313; x_wconf 76' lang='lat' dir='ltr'>PRAETEREA,</span> <span class='ocrx_word' id='word_1_204' title='bbox 666 1277 787 1301; x_wconf 90' lang='lat' dir='ltr'>unum</span> <span class='ocrx_word' id='word_1_205' title='bbox 817 1264 1094 1301; x_wconf 89' lang='lat' dir='ltr'>contrariorum</span> <span class='ocrx_word' id='word_1_206' title='bbox 1129 1276 1208 1300; x_wconf 92' lang='lat' dir='ltr'>non</span> <span class='ocrx_word' id='word_1_207' title='bbox 1238 1272 1293 1301; x_wconf 92' lang='lat' dir='ltr'>est</span> <span class='ocrx_word' id='word_1_208' title='bbox 1320 1265 1359 1301; x_wconf 92' lang='lat' dir='ltr'>in</span> 
     </span>
     <span class='ocr_line' id='line_1_34' title="bbox 291 1316 1358 1364; baseline -0.003 -8"><span class='ocrx_word' id='word_1_209' title='bbox 291 1318 376 1356; x_wconf 87' lang='lat' dir='ltr'>alio.</span> <span class='ocrx_word' id='word_1_210' title='bbox 407 1319 485 1356; x_wconf 90' lang='lat' dir='ltr'>Sed</span> <span class='ocrx_word' id='word_1_211' title='bbox 505 1319 643 1356; x_wconf 90' lang='lat' dir='ltr'>falsum</span> <span class='ocrx_word' id='word_1_212' title='bbox 664 1325 720 1354; x_wconf 89' lang='lat' dir='ltr'>est</span> <span class='ocrx_word' id='word_1_213' title='bbox 738 1317 776 1354; x_wconf 91' lang='lat' dir='ltr'>in</span> <span class='ocrx_word' id='word_1_214' title='bbox 794 1329 910 1354; x_wconf 88' lang='lat' dir='ltr'>vero:</span> <span class='ocrx_word' id='word_1_215' title='bbox 931 1317 1032 1364; x_wconf 88' lang='lat' dir='ltr'>quia,</span> <span class='ocrx_word' id='word_1_216' title='bbox 1053 1316 1149 1353; x_wconf 89' lang='lat' dir='ltr'>sicut</span> <span class='ocrx_word' id='word_1_217' title='bbox 1173 1317 1262 1354; x_wconf 90' lang='lat' dir='ltr'>dicit</span> <span class='ocrx_word' id='word_1_218' title='bbox 1280 1319 1358 1354; x_wconf 93' lang='lat' dir='ltr'>Au—</span> 
     </span>
     <span class='ocr_line' id='line_1_35' title="bbox 46 1369 1360 1420; baseline -0.003 -8"><span class='ocrx_word' id='word_1_219' title='bbox 46 1383 164 1411; x_wconf 73' lang='lat' dir='ltr'>‘nb-11,</span> <span class='ocrx_word' id='word_1_220' title='bbox 175 1389 227 1412; x_wconf 73' lang='lat' dir='ltr'>enp-</span> <span class='ocrx_word' id='word_1_221' title='bbox 237 1389 261 1406; x_wconf 77' lang='lat' dir='ltr'>x.</span> <span class='ocrx_word' id='word_1_222' title='bbox 289 1372 460 1420; x_wconf 87' lang='lat' dir='ltr'>gustinus</span> <span class='ocrx_word' id='word_1_223' title='bbox 488 1371 527 1409; x_wconf 92' lang='lat' dir='ltr'>in</span> <span class='ocrx_word' id='word_1_224' title='bbox 555 1371 650 1408; x_wconf 93' lang='lat' dir='ltr'>libro</span> <span class='ocrx_word' id='word_1_225' title='bbox 670 1370 822 1418; x_wconf 86' lang='lat' dir='ltr'>Soliloq.</span> <span class='ocrx_word' id='word_1_226' title='bbox 843 1369 880 1407; x_wconf 72' lang='grc' dir='ltr'>*ι</span> <span class='ocrx_word' id='word_1_227' title='bbox 913 1370 1134 1419; x_wconf 81' lang='lat' dir='ltr'>Tragoedus</span> <span class='ocrx_word' id='word_1_228' title='bbox 1163 1382 1237 1407; x_wconf 92' lang='lat' dir='ltr'>non</span> <span class='ocrx_word' id='word_1_229' title='bbox 1267 1377 1360 1408; x_wconf 86' lang='lat' dir='ltr'>esset</span> 
     </span>
     <span class='ocr_line' id='line_1_36' title="bbox 277 1423 1356 1474; baseline -0.001 -12"><span class='ocrx_word' id='word_1_230' title='bbox 277 1425 408 1474; x_wconf 86' lang='lat' dir='ltr'>falsus</span> <span class='ocrx_word' id='word_1_231' title='bbox 428 1426 587 1470; x_wconf 85' lang='lat' dir='ltr'>Hector,</span> <span class='ocrx_word' id='word_1_232' title='bbox 607 1424 642 1461; x_wconf 88' lang='lat' dir='ltr'>si</span> <span class='ocrx_word' id='word_1_233' title='bbox 663 1435 738 1460; x_wconf 91' lang='lat' dir='ltr'>non</span> <span class='ocrx_word' id='word_1_234' title='bbox 767 1428 862 1459; x_wconf 85' lang='lat' dir='ltr'>esset</span> <span class='ocrx_word' id='word_1_235' title='bbox 877 1434 991 1461; x_wconf 79' lang='lat' dir='ltr'>verus</span> <span class='ocrx_word' id='word_1_236' title='bbox 1009 1423 1224 1472; x_wconf 84' lang='lat' dir='ltr'>tragoedus.</span> <span class='ocrx_word' id='word_1_237' title='bbox 1253 1424 1356 1472; x_wconf 89' lang='lat' dir='ltr'>Ergo</span> 
     </span>
    </p>

    <p class='ocr_par' dir='ltr' id='par_1_14' title="bbox 286 1476 1106 1516">
     <span class='ocr_line' id='line_1_37' title="bbox 286 1476 1106 1516; baseline -0.004 -1"><span class='ocrx_word' id='word_1_238' title='bbox 286 1487 424 1516; x_wconf 90' lang='lat' dir='ltr'>verum</span> <span class='ocrx_word' id='word_1_239' title='bbox 454 1485 492 1515; x_wconf 94' lang='lat' dir='ltr'>et</span> <span class='ocrx_word' id='word_1_240' title='bbox 518 1478 655 1514; x_wconf 84' lang='lat' dir='ltr'>falsum</span> <span class='ocrx_word' id='word_1_241' title='bbox 684 1488 764 1513; x_wconf 92' lang='lat' dir='ltr'>non</span> <span class='ocrx_word' id='word_1_242' title='bbox 792 1483 880 1513; x_wconf 92' lang='lat' dir='ltr'>sunt</span> <span class='ocrx_word' id='word_1_243' title='bbox 908 1476 1106 1513; x_wconf 88' lang='lat' dir='ltr'>contraria.</span> 
     </span>
    </p>

    <p class='ocr_par' dir='ltr' id='par_1_15' title="bbox 287 1529 1357 1633">
     <span class='ocr_line' id='line_1_38' title="bbox 343 1529 1357 1577; baseline -0.002 -9"><span class='ocrx_word' id='word_1_244' title='bbox 343 1531 377 1568; x_wconf 87' lang='grc'>3.</span> <span class='ocrx_word' id='word_1_245' title='bbox 399 1532 634 1577; x_wconf 81' lang='lat' dir='ltr'>PRAETEREA,</span> <span class='ocrx_word' id='word_1_246' title='bbox 654 1529 693 1566; x_wconf 89' lang='lat' dir='ltr'>in</span> <span class='ocrx_word' id='word_1_247' title='bbox 719 1530 805 1566; x_wconf 93' lang='lat' dir='ltr'>Deo</span> <span class='ocrx_word' id='word_1_248' title='bbox 834 1541 913 1566; x_wconf 91' lang='lat' dir='ltr'>non</span> <span class='ocrx_word' id='word_1_249' title='bbox 933 1537 989 1566; x_wconf 90' lang='lat' dir='ltr'>est</span> <span class='ocrx_word' id='word_1_250' title='bbox 1018 1529 1263 1566; x_wconf 85' lang='lat' dir='ltr'>contrarietas</span> <span class='ocrx_word' id='word_1_251' title='bbox 1292 1530 1357 1566; x_wconf 92' lang='lat' dir='ltr'>ali-</span> 
     </span>
     <span class='ocr_line' id='line_1_39' title="bbox 287 1582 1355 1633; baseline -0.002 -12"><span class='ocrx_word' id='word_1_252' title='bbox 287 1595 383 1633; x_wconf 90' lang='lat' dir='ltr'>qua:</span> <span class='ocrx_word' id='word_1_253' title='bbox 413 1583 504 1621; x_wconf 88' lang='lat' dir='ltr'>nihil</span> <span class='ocrx_word' id='word_1_254' title='bbox 533 1583 636 1620; x_wconf 85' lang='lat' dir='ltr'>enim</span> <span class='ocrx_word' id='word_1_255' title='bbox 666 1582 818 1620; x_wconf 89' lang='lat' dir='ltr'>divinae</span> <span class='ocrx_word' id='word_1_256' title='bbox 851 1582 1081 1619; x_wconf 88' lang='lat' dir='ltr'>substantiae</span> <span class='ocrx_word' id='word_1_257' title='bbox 1120 1590 1176 1619; x_wconf 90' lang='lat' dir='ltr'>est</span> <span class='ocrx_word' id='word_1_258' title='bbox 1209 1590 1355 1620; x_wconf 90' lang='lat' dir='ltr'>contra-</span> 
     </span>
    </p>

    <p class='ocr_par' dir='ltr' id='par_1_16' title="bbox 47 1635 1356 1685">
     <span class='ocr_line' id='line_1_40' title="bbox 47 1635 1356 1685; baseline 0.001 -13"><span class='ocrx_word' id='word_1_259' title='bbox 47 1650 58 1660; x_wconf 88' lang='lat'><strong>·</strong></span> <span class='ocrx_word' id='word_1_260' title='bbox 71 1649 130 1678; x_wconf 65' lang='grc' dir='ltr'>σιμ.</span> <span class='ocrx_word' id='word_1_261' title='bbox 143 1654 170 1671; x_wconf 83' lang='lat' dir='ltr'>n.</span> <span class='ocrx_word' id='word_1_262' title='bbox 286 1637 398 1685; x_wconf 90' lang='lat' dir='ltr'>rium,</span> <span class='ocrx_word' id='word_1_263' title='bbox 417 1644 459 1673; x_wconf 92' lang='lat' dir='ltr'>ut</span> <span class='ocrx_word' id='word_1_264' title='bbox 479 1636 567 1674; x_wconf 92' lang='lat' dir='ltr'>dicit</span> <span class='ocrx_word' id='word_1_265' title='bbox 585 1635 833 1684; x_wconf 80' lang='lat' dir='ltr'>Augustinus,</span> <span class='ocrx_word' id='word_1_266' title='bbox 849 1637 919 1672; x_wconf 92' lang='lat' dir='ltr'>XII</span> <span class='ocrx_word' id='word_1_267' title='bbox 940 1636 986 1672; x_wconf 84' lang='lat' dir='ltr'>de</span> <span class='ocrx_word' id='word_1_268' title='bbox 1009 1636 1116 1672; x_wconf 80' lang='lat' dir='ltr'>Civit.</span> <span class='ocrx_word' id='word_1_269' title='bbox 1137 1636 1213 1673; x_wconf 83' lang='lat' dir='ltr'>Dei</span> <span class='ocrx_word' id='word_1_270' title='bbox 1225 1635 1255 1672; x_wconf 66' lang='lat'>³¹⁸.</span> <span class='ocrx_word' id='word_1_271' title='bbox 1279 1637 1356 1673; x_wconf 91' lang='lat' dir='ltr'>Sed</span> 
     </span>
    </p>

    <p class='ocr_par' dir='ltr' id='par_1_17' title="bbox 141 1688 1356 1739">
     <span class='ocr_line' id='line_1_41' title="bbox 141 1688 1356 1739; baseline -0.003 -10"><span class='ocrx_word' id='word_1_272' title='bbox 141 1703 159 1730; x_wconf 83' lang='grc' dir='ltr'><strong><em>τ</em></strong></span> <span class='ocrx_word' id='word_1_273' title='bbox 286 1691 372 1727; x_wconf 90' lang='lat' dir='ltr'>Deo</span> <span class='ocrx_word' id='word_1_274' title='bbox 393 1690 599 1739; x_wconf 91' lang='lat' dir='ltr'>opponitur</span> <span class='ocrx_word' id='word_1_275' title='bbox 617 1689 756 1726; x_wconf 88' lang='lat' dir='ltr'>falsitas</span> <span class='ocrx_word' id='word_1_276' title='bbox 775 1694 806 1725; x_wconf 80' lang='lat'>⁷:</span> <span class='ocrx_word' id='word_1_277' title='bbox 832 1701 923 1725; x_wconf 91' lang='lat' dir='ltr'>nam</span> <span class='ocrx_word' id='word_1_278' title='bbox 948 1689 1093 1725; x_wconf 90' lang='lat' dir='ltr'>idolum</span> <span class='ocrx_word' id='word_1_279' title='bbox 1115 1688 1154 1725; x_wconf 93' lang='lat' dir='ltr'>in</span> <span class='ocrx_word' id='word_1_280' title='bbox 1174 1689 1356 1738; x_wconf 87' lang='lat' dir='ltr'>scriptura</span> 
     </span>
    </p>

    <p class='ocr_par' dir='ltr' id='par_1_18' title="bbox 286 1741 1356 1792">
     <span class='ocr_line' id='line_1_42' title="bbox 286 1741 1356 1792; baseline -0.001 -12"><span class='ocrx_word' id='word_1_281' title='bbox 286 1744 525 1780; x_wconf 84' lang='lat' dir='ltr'>mendacium</span> <span class='ocrx_word' id='word_1_282' title='bbox 553 1742 785 1789; x_wconf 88' lang='lat' dir='ltr'>nominatur,</span> <span class='ocrx_word' id='word_1_283' title='bbox 808 1743 943 1779; x_wconf 85' lang='lat' dir='ltr'>Ierem.</span> <span class='ocrx_word' id='word_1_284' title='bbox 959 1754 1020 1779; x_wconf 85' lang='lat' dir='ltr'>vni</span> <span class='ocrx_word' id='word_1_285' title='bbox 1040 1741 1076 1778; x_wconf 74' lang='lat'>³¹⁸:</span> <span class='ocrx_word' id='word_1_286' title='bbox 1102 1743 1356 1792; x_wconf 76' lang='lat' dir='ltr'>apprehende-</span> 
     </span>
    </p>

    <p class='ocr_par' dir='ltr' id='par_1_19' title="bbox 286 1795 1355 1887">
     <span class='ocr_line' id='line_1_43' title="bbox 286 1795 1355 1844; baseline -0.001 -11"><span class='ocrx_word' id='word_1_287' title='bbox 286 1802 375 1844; x_wconf 71' lang='lat' dir='ltr'>runt</span> <span class='ocrx_word' id='word_1_288' title='bbox 402 1796 660 1841; x_wconf 87' lang='lat' dir='ltr'>mendacium;</span> <span class='ocrx_word' id='word_1_289' title='bbox 689 1796 825 1832; x_wconf 89' lang='lat' dir='ltr'>Glossa</span> <span class='ocrx_word' id='word_1_290' title='bbox 841 1795 876 1832; x_wconf 77' lang='lat' dir='ltr'>*z</span> <span class='ocrx_word' id='word_1_291' title='bbox 906 1795 1000 1832; x_wconf 87' lang='lat' dir='ltr'>idest</span> <span class='ocrx_word' id='word_1_292' title='bbox 1025 1795 1137 1832; x_wconf 82' lang='lat' dir='ltr'>idola.</span> <span class='ocrx_word' id='word_1_293' title='bbox 1167 1796 1269 1843; x_wconf 91' lang='lat' dir='ltr'>Ergo</span> <span class='ocrx_word' id='word_1_294' title='bbox 1288 1808 1355 1833; x_wconf 90' lang='lat' dir='ltr'>ve—</span> 
     </span>
     <span class='ocr_line' id='line_1_44' title="bbox 286 1848 1059 1887; baseline -0.004 0"><span class='ocrx_word' id='word_1_295' title='bbox 286 1862 373 1887; x_wconf 91' lang='lat' dir='ltr'>rum</span> <span class='ocrx_word' id='word_1_296' title='bbox 404 1858 440 1887; x_wconf 91' lang='lat' dir='ltr'>et</span> <span class='ocrx_word' id='word_1_297' title='bbox 467 1850 604 1886; x_wconf 86' lang='lat' dir='ltr'>falsum</span> <span class='ocrx_word' id='word_1_298' title='bbox 633 1861 713 1885; x_wconf 91' lang='lat' dir='ltr'>non</span> <span class='ocrx_word' id='word_1_299' title='bbox 742 1855 829 1885; x_wconf 90' lang='lat' dir='ltr'>sunt</span> <span class='ocrx_word' id='word_1_300' title='bbox 858 1848 1059 1885; x_wconf 86' lang='lat' dir='ltr'>contraria.</span> 
     </span>
    </p>

    <p class='ocr_par' dir='ltr' id='par_1_20' title="bbox 299 1900 1352 1950">
     <span class='ocr_line' id='line_1_45' title="bbox 299 1900 1352 1950; baseline -0.003 -10"><span class='ocrx_word' id='word_1_301' title='bbox 299 1900 301 1902; x_wconf 70' lang='grc'><strong>’</strong></span> <span class='ocrx_word' id='word_1_302' title='bbox 340 1903 415 1940; x_wconf 85' lang='lat' dir='ltr'>SED</span> <span class='ocrx_word' id='word_1_303' title='bbox 445 1914 592 1940; x_wconf 81' lang='lat' dir='ltr'>CONTRA</span> <span class='ocrx_word' id='word_1_304' title='bbox 620 1914 686 1938; x_wconf 84' lang='lat' dir='ltr'>EST</span> <span class='ocrx_word' id='word_1_305' title='bbox 714 1901 820 1949; x_wconf 92' lang='lat' dir='ltr'>quod</span> <span class='ocrx_word' id='word_1_306' title='bbox 849 1901 937 1938; x_wconf 90' lang='lat' dir='ltr'>dicit</span> <span class='ocrx_word' id='word_1_307' title='bbox 962 1900 1230 1950; x_wconf 89' lang='lat' dir='ltr'>Philosophus,</span> <span class='ocrx_word' id='word_1_308' title='bbox 1261 1901 1301 1938; x_wconf 93' lang='lat' dir='ltr'>in</span> <span class='ocrx_word' id='word_1_309' title='bbox 1321 1902 1352 1937; x_wconf 97' lang='lat' dir='ltr'>II</span> 
     </span>
    </p>

    <p class='ocr_par' dir='ltr' id='par_1_21' title="bbox 42 1952 1353 2014">
     <span class='ocr_line' id='line_1_46' title="bbox 42 1952 1353 2014; baseline -0.002 -21"><span class='ocrx_word' id='word_1_310' title='bbox 42 1963 184 2014; x_wconf 60' lang='lat' dir='ltr'>21⁰⁸}in</span> <span class='ocrx_word' id='word_1_311' title='bbox 181 1975 193 1982; x_wconf 91' lang='lat'><strong>·</strong></span> <span class='ocrx_word' id='word_1_312' title='bbox 202 1964 257 2013; x_wconf 58' lang='lat' dir='ltr'>gid-</span> <span class='ocrx_word' id='word_1_313' title='bbox 284 1956 493 1993; x_wconf 87' lang='lat' dir='ltr'>Periherm.</span> <span class='ocrx_word' id='word_1_314' title='bbox 509 1955 545 1992; x_wconf 72' lang='grc' dir='ltr'>*ε</span> <span class='ocrx_word' id='word_1_315' title='bbox 565 1954 674 2004; x_wconf 90' lang='lat' dir='ltr'>ponit</span> <span class='ocrx_word' id='word_1_316' title='bbox 694 1954 796 1991; x_wconf 90' lang='lat' dir='ltr'>enim</span> <span class='ocrx_word' id='word_1_317' title='bbox 812 1952 826 1976; x_wconf 65' lang='grc' dir='ltr'>δ</span> <span class='ocrx_word' id='word_1_318' title='bbox 846 1955 978 1991; x_wconf 78' lang='lat' dir='ltr'>falsam</span> <span class='ocrx_word' id='word_1_319' title='bbox 999 1954 1223 2003; x_wconf 87' lang='lat' dir='ltr'>opinionem</span> <span class='ocrx_word' id='word_1_320' title='bbox 1238 1966 1353 1991; x_wconf 90' lang='lat' dir='ltr'>verae</span> 
     </span>
    </p>

    <p class='ocr_par' dir='ltr' id='par_1_22' title="bbox 73 1997 529 2046">
     <span class='ocr_line' id='line_1_47' title="bbox 73 1997 529 2046; baseline 0.002 -2"><span class='ocrx_word' id='word_1_321' title='bbox 73 1997 97 2020; x_wconf 68' lang='lat'>&#39;³&#39;</span> <span class='ocrx_word' id='word_1_322' title='bbox 134 2007 154 2044; x_wconf 69' lang='grc' dir='ltr'>δ’</span> <span class='ocrx_word' id='word_1_323' title='bbox 186 2006 193 2013; x_wconf 83' lang='grc'><strong>”</strong></span> <span class='ocrx_word' id='word_1_324' title='bbox 230 2007 236 2014; x_wconf 92' lang='grc'><strong>”</strong></span> <span class='ocrx_word' id='word_1_325' title='bbox 287 2008 529 2046; x_wconf 87' lang='lat' dir='ltr'>contrariam.</span> 
     </span>
    </p>

    <p class='ocr_par' dir='ltr' id='par_1_23' title="bbox 284 2059 1355 2481">
     <span class='ocr_line' id='line_1_48' title="bbox 339 2059 1354 2109; baseline -0.002 -11"><span class='ocrx_word' id='word_1_326' title='bbox 339 2063 566 2099; x_wconf 79' lang='lat' dir='ltr'>RESPONDEO</span> <span class='ocrx_word' id='word_1_327' title='bbox 603 2073 788 2099; x_wconf 80' lang='lat' dir='ltr'><strong>DICENDUM</strong></span> <span class='ocrx_word' id='word_1_328' title='bbox 826 2061 932 2109; x_wconf 92' lang='lat' dir='ltr'>quod</span> <span class='ocrx_word' id='word_1_329' title='bbox 967 2072 1106 2097; x_wconf 90' lang='lat' dir='ltr'>verum</span> <span class='ocrx_word' id='word_1_330' title='bbox 1145 2067 1180 2096; x_wconf 91' lang='lat' dir='ltr'>et</span> <span class='ocrx_word' id='word_1_331' title='bbox 1216 2059 1354 2097; x_wconf 89' lang='lat' dir='ltr'>falsum</span> 
     </span>
     <span class='ocr_line' id='line_1_49' title="bbox 285 2113 1353 2165; baseline -0.004 -12"><span class='ocrx_word' id='word_1_332' title='bbox 285 2122 533 2165; x_wconf 91' lang='lat' dir='ltr'>opponuntur</span> <span class='ocrx_word' id='word_1_333' title='bbox 560 2121 602 2151; x_wconf 95' lang='lat' dir='ltr'>ut</span> <span class='ocrx_word' id='word_1_334' title='bbox 630 2113 828 2161; x_wconf 90' lang='lat' dir='ltr'>contraria,</span> <span class='ocrx_word' id='word_1_335' title='bbox 857 2120 892 2150; x_wconf 89' lang='lat' dir='ltr'>et</span> <span class='ocrx_word' id='word_1_336' title='bbox 920 2126 999 2150; x_wconf 92' lang='lat' dir='ltr'>non</span> <span class='ocrx_word' id='word_1_337' title='bbox 1027 2113 1123 2150; x_wconf 88' lang='lat' dir='ltr'>sicut</span> <span class='ocrx_word' id='word_1_338' title='bbox 1150 2113 1353 2149; x_wconf 87' lang='lat' dir='ltr'>affirmatio</span> 
     </span>
     <span class='ocr_line' id='line_1_50' title="bbox 286 2165 1355 2216; baseline -0.003 -11"><span class='ocrx_word' id='word_1_339' title='bbox 286 2177 323 2206; x_wconf 91' lang='lat' dir='ltr'>et</span> <span class='ocrx_word' id='word_1_340' title='bbox 341 2167 504 2216; x_wconf 83' lang='lat' dir='ltr'>negatio,</span> <span class='ocrx_word' id='word_1_341' title='bbox 525 2174 566 2204; x_wconf 91' lang='lat' dir='ltr'>ut</span> <span class='ocrx_word' id='word_1_342' title='bbox 585 2167 742 2216; x_wconf 88' lang='lat' dir='ltr'>quidam</span> <span class='ocrx_word' id='word_1_343' title='bbox 763 2167 947 2204; x_wconf 85' lang='lat' dir='ltr'>dixerunt.</span> <span class='ocrx_word' id='word_1_344' title='bbox 977 2166 1039 2203; x_wconf 92' lang='lat' dir='ltr'>Ad</span> <span class='ocrx_word' id='word_1_345' title='bbox 1068 2165 1175 2202; x_wconf 91' lang='lat' dir='ltr'>cuius</span> <span class='ocrx_word' id='word_1_346' title='bbox 1201 2165 1355 2203; x_wconf 89' lang='lat' dir='ltr'>eviden-</span> 
     </span>
     <span class='ocr_line' id='line_1_51' title="bbox 285 2218 1355 2268; baseline -0.005 -9"><span class='ocrx_word' id='word_1_347' title='bbox 285 2222 396 2268; x_wconf 87' lang='lat' dir='ltr'>tiam,</span> <span class='ocrx_word' id='word_1_348' title='bbox 437 2220 636 2258; x_wconf 89' lang='lat' dir='ltr'>sciendum</span> <span class='ocrx_word' id='word_1_349' title='bbox 671 2228 726 2257; x_wconf 92' lang='lat' dir='ltr'>est</span> <span class='ocrx_word' id='word_1_350' title='bbox 761 2219 867 2268; x_wconf 93' lang='lat' dir='ltr'>quod</span> <span class='ocrx_word' id='word_1_351' title='bbox 904 2219 1055 2267; x_wconf 87' lang='lat' dir='ltr'>negatio</span> <span class='ocrx_word' id='word_1_352' title='bbox 1092 2231 1218 2267; x_wconf 89' lang='lat' dir='ltr'>neque</span> <span class='ocrx_word' id='word_1_353' title='bbox 1246 2218 1355 2267; x_wconf 87' lang='lat' dir='ltr'>ponit</span> 
     </span>
     <span class='ocr_line' id='line_1_52' title="bbox 285 2271 1352 2323; baseline -0.004 -12"><span class='ocrx_word' id='word_1_354' title='bbox 285 2273 440 2323; x_wconf 92' lang='lat' dir='ltr'>aliquid,</span> <span class='ocrx_word' id='word_1_355' title='bbox 460 2285 586 2323; x_wconf 91' lang='lat' dir='ltr'>neque</span> <span class='ocrx_word' id='word_1_356' title='bbox 607 2273 836 2311; x_wconf 87' lang='lat' dir='ltr'>determinat</span> <span class='ocrx_word' id='word_1_357' title='bbox 861 2272 931 2309; x_wconf 90' lang='lat' dir='ltr'>sibi</span> <span class='ocrx_word' id='word_1_358' title='bbox 951 2271 1106 2321; x_wconf 84' lang='lat' dir='ltr'>aliquod</span> <span class='ocrx_word' id='word_1_359' title='bbox 1126 2271 1352 2308; x_wconf 90' lang='lat' dir='ltr'>subiectum.</span> 
     </span>
     <span class='ocr_line' id='line_1_53' title="bbox 285 2325 1353 2377; baseline -0.004 -12"><span class='ocrx_word' id='word_1_360' title='bbox 285 2329 335 2366; x_wconf 94' lang='lat' dir='ltr'>Et</span> <span class='ocrx_word' id='word_1_361' title='bbox 353 2334 510 2377; x_wconf 91' lang='lat' dir='ltr'>propter</span> <span class='ocrx_word' id='word_1_362' title='bbox 528 2327 615 2374; x_wconf 92' lang='lat' dir='ltr'>hoc,</span> <span class='ocrx_word' id='word_1_363' title='bbox 635 2334 762 2375; x_wconf 92' lang='lat' dir='ltr'>potest</span> <span class='ocrx_word' id='word_1_364' title='bbox 781 2326 854 2363; x_wconf 90' lang='lat' dir='ltr'>dici</span> <span class='ocrx_word' id='word_1_365' title='bbox 873 2333 951 2362; x_wconf 91' lang='lat' dir='ltr'>tam</span> <span class='ocrx_word' id='word_1_366' title='bbox 981 2325 1028 2362; x_wconf 90' lang='lat' dir='ltr'>de</span> <span class='ocrx_word' id='word_1_367' title='bbox 1059 2332 1143 2362; x_wconf 92' lang='lat' dir='ltr'>ente</span> <span class='ocrx_word' id='word_1_368' title='bbox 1168 2337 1286 2373; x_wconf 91' lang='lat' dir='ltr'>quam</span> <span class='ocrx_word' id='word_1_369' title='bbox 1307 2325 1353 2362; x_wconf 94' lang='lat' dir='ltr'>de</span> 
     </span>
     <span class='ocr_line' id='line_1_54' title="bbox 285 2378 1354 2427; baseline -0.004 -9"><span class='ocrx_word' id='word_1_370' title='bbox 285 2393 365 2418; x_wconf 93' lang='lat' dir='ltr'>non</span> <span class='ocrx_word' id='word_1_371' title='bbox 393 2388 499 2427; x_wconf 84' lang='lat' dir='ltr'>ente3</span> <span class='ocrx_word' id='word_1_372' title='bbox 530 2380 625 2417; x_wconf 84' lang='lat' dir='ltr'>sicut</span> <span class='ocrx_word' id='word_1_373' title='bbox 653 2392 727 2417; x_wconf 89' lang='lat' dir='ltr'>non</span> <span class='ocrx_word' id='word_1_374' title='bbox 756 2379 905 2425; x_wconf 80' lang='lat' dir='ltr'>videns,</span> <span class='ocrx_word' id='word_1_375' title='bbox 936 2385 973 2415; x_wconf 92' lang='lat' dir='ltr'>et</span> <span class='ocrx_word' id='word_1_376' title='bbox 1001 2390 1075 2415; x_wconf 91' lang='lat' dir='ltr'>non</span> <span class='ocrx_word' id='word_1_377' title='bbox 1104 2378 1245 2415; x_wconf 83' lang='lat' dir='ltr'>sedens.</span> <span class='ocrx_word' id='word_1_378' title='bbox 1275 2378 1354 2414; x_wconf 90' lang='lat' dir='ltr'>Pri-</span> 
     </span>
     <span class='ocr_line' id='line_1_55' title="bbox 284 2430 1355 2481; baseline -0.004 -10"><span class='ocrx_word' id='word_1_379' title='bbox 284 2434 388 2471; x_wconf 89' lang='lat' dir='ltr'>vatio</span> <span class='ocrx_word' id='word_1_380' title='bbox 409 2441 537 2470; x_wconf 89' lang='lat' dir='ltr'>autem</span> <span class='ocrx_word' id='word_1_381' title='bbox 556 2446 635 2470; x_wconf 92' lang='lat' dir='ltr'>non</span> <span class='ocrx_word' id='word_1_382' title='bbox 653 2432 762 2481; x_wconf 91' lang='lat' dir='ltr'>ponit</span> <span class='ocrx_word' id='word_1_383' title='bbox 781 2431 934 2481; x_wconf 91' lang='lat' dir='ltr'>aliquid,</span> <span class='ocrx_word' id='word_1_384' title='bbox 951 2431 1019 2468; x_wconf 91' lang='lat' dir='ltr'>sed</span> <span class='ocrx_word' id='word_1_385' title='bbox 1040 2431 1264 2468; x_wconf 88' lang='lat' dir='ltr'>determinat</span> <span class='ocrx_word' id='word_1_386' title='bbox 1285 2430 1355 2467; x_wconf 90' lang='lat' dir='ltr'>sibi</span> 
     </span>
    </p>
   </div>
   <div class='ocr_carea' id='block_1_14' title="bbox 292 896 352 1100">
    <p class='ocr_par' dir='ltr' id='par_1_24' title="bbox 292 896 352 1100">
     <span class='ocr_line' id='line_1_56' title="bbox 292 896 352 1100; baseline 0 -16"><span class='ocrx_word' id='word_1_387' title='bbox 292 896 352 1100; x_wconf 95' lang='lat' dir='ltr'>    </span> <span class='ocrx_word' id='word_1_388' title='bbox 350 1048 352 1084; x_wconf 95' lang='lat' dir='ltr'> </span> 
     </span>
    </p>
   </div>
   <div class='ocr_carea' id='block_1_15' title="bbox 38 1753 173 1783">
    <p class='ocr_par' dir='ltr' id='par_1_25' title="bbox 38 1753 173 1783">
     <span class='ocr_line' id='line_1_57' title="bbox 38 1753 173 1783; baseline 0 -7"><span class='ocrx_word' id='word_1_389' title='bbox 38 1753 58 1770; x_wconf 52' lang='grc' dir='ltr'>ν·</span> <span class='ocrx_word' id='word_1_390' title='bbox 71 1753 140 1776; x_wconf 72' lang='lat' dir='ltr'>Vm.</span> <span class='ocrx_word' id='word_1_391' title='bbox 152 1759 173 1783; x_wconf 79' lang='lat'>5.</span> 
     </span>
    </p>
   </div>
   <div class='ocr_carea' id='block_1_16' title="bbox 42 1806 258 1883">
    <p class='ocr_par' dir='ltr' id='par_1_26' title="bbox 42 1806 258 1883">
     <span class='ocr_line' id='line_1_58' title="bbox 42 1806 258 1830; baseline -0.005 0"><span class='ocrx_word' id='word_1_392' title='bbox 42 1807 57 1820; x_wconf 66' lang='lat'><strong><em>⁴</em></strong></span> <span class='ocrx_word' id='word_1_393' title='bbox 64 1807 150 1830; x_wconf 65' lang='lat' dir='ltr'>Glossa</span> <span class='ocrx_word' id='word_1_394' title='bbox 157 1806 258 1830; x_wconf 83' lang='lat' dir='ltr'>interlin.</span> 
     </span>
     <span class='ocr_line' id='line_1_59' title="bbox 45 1833 258 1856; baseline 0 0"><span class='ocrx_word' id='word_1_395' title='bbox 45 1840 75 1856; x_wconf 81' lang='lat' dir='ltr'>ex</span> <span class='ocrx_word' id='word_1_396' title='bbox 88 1840 108 1856; x_wconf 79' lang='grc' dir='ltr'>ι.</span> <span class='ocrx_word' id='word_1_397' title='bbox 122 1833 219 1856; x_wconf 77' lang='lat' dir='ltr'>ffleron.</span> <span class='ocrx_word' id='word_1_398' title='bbox 234 1833 258 1856; x_wconf 85' lang='lat' dir='ltr'>in</span> 
     </span>
     <span class='ocr_line' id='line_1_60' title="bbox 44 1861 167 1883; baseline 0 0"><span class='ocrx_word' id='word_1_399' title='bbox 44 1861 108 1883; x_wconf 74' lang='lat' dir='ltr'>hunc</span> <span class='ocrx_word' id='word_1_400' title='bbox 120 1861 167 1883; x_wconf 85' lang='lat' dir='ltr'>loc.</span> 
     </span>
    </p>
   </div>
   <div class='ocr_carea' id='block_1_17' title="bbox 41 2483 1355 2640">
    <p class='ocr_par' dir='ltr' id='par_1_27' title="bbox 41 2483 1355 2640">
     <span class='ocr_line' id='line_1_61' title="bbox 147 2483 1353 2533; baseline -0.004 -8"><span class='ocrx_word' id='word_1_401' title='bbox 147 2500 158 2517; x_wconf 68' lang='grc' dir='ltr'><strong>ε</strong></span> <span class='ocrx_word' id='word_1_402' title='bbox 286 2487 511 2524; x_wconf 86' lang='lat' dir='ltr'>subiectum.</span> <span class='ocrx_word' id='word_1_403' title='bbox 546 2487 615 2523; x_wconf 90' lang='lat' dir='ltr'>Est</span> <span class='ocrx_word' id='word_1_404' title='bbox 643 2485 743 2523; x_wconf 89' lang='lat' dir='ltr'>enim</span> <span class='ocrx_word' id='word_1_405' title='bbox 771 2485 922 2533; x_wconf 86' lang='lat' dir='ltr'>negatio</span> <span class='ocrx_word' id='word_1_406' title='bbox 942 2484 981 2521; x_wconf 91' lang='lat' dir='ltr'>in</span> <span class='ocrx_word' id='word_1_407' title='bbox 1001 2484 1171 2521; x_wconf 90' lang='lat' dir='ltr'>subiecto</span> <span class='ocrx_word' id='word_1_408' title='bbox 1187 2490 1209 2531; x_wconf 84' lang='lat'>‘,</span> <span class='ocrx_word' id='word_1_409' title='bbox 1231 2491 1272 2520; x_wconf 91' lang='lat' dir='ltr'>ut</span> <span class='ocrx_word' id='word_1_410' title='bbox 1301 2483 1353 2520; x_wconf 92' lang='lat' dir='ltr'>di-</span> 
     </span>
     <span class='ocr_line' id='line_1_62' title="bbox 41 2537 1355 2600; baseline -0.003 -23"><span class='ocrx_word' id='word_1_411' title='bbox 41 2551 139 2600; x_wconf 53' lang='grc' dir='ltr'>18)ἷάτῆ</span> <span class='ocrx_word' id='word_1_412' title='bbox 141 2551 194 2600; x_wconf 65' lang='lat' dir='ltr'>leffi-</span> <span class='ocrx_word' id='word_1_413' title='bbox 205 2557 258 2573; x_wconf 72' lang='grc' dir='ltr'><strong>ιη.-</strong></span> <span class='ocrx_word' id='word_1_414' title='bbox 287 2540 382 2577; x_wconf 91' lang='lat' dir='ltr'>citur</span> <span class='ocrx_word' id='word_1_415' title='bbox 411 2540 463 2577; x_wconf 89' lang='lat' dir='ltr'>IV</span> <span class='ocrx_word' id='word_1_416' title='bbox 489 2540 707 2588; x_wconf 83' lang='lat' dir='ltr'>Metaphys.</span> <span class='ocrx_word' id='word_1_417' title='bbox 730 2538 766 2575; x_wconf 78' lang='lat' dir='ltr'>*z</span> <span class='ocrx_word' id='word_1_418' title='bbox 796 2550 951 2575; x_wconf 86' lang='lat' dir='ltr'>caecum</span> <span class='ocrx_word' id='word_1_419' title='bbox 981 2537 1083 2574; x_wconf 90' lang='lat' dir='ltr'>enim</span> <span class='ocrx_word' id='word_1_420' title='bbox 1113 2550 1192 2574; x_wconf 94' lang='lat' dir='ltr'>non</span> <span class='ocrx_word' id='word_1_421' title='bbox 1221 2537 1355 2574; x_wconf 89' lang='lat' dir='ltr'>dicitur</span> 
     </span>
     <span class='ocr_line' id='line_1_63' title="bbox 42 2584 1353 2640; baseline -0.003 -10"><span class='ocrx_word' id='word_1_422' title='bbox 42 2584 147 2632; x_wconf 80' lang='lat'>11,1&#39;1.¹8·&#39;</span> <span class='ocrx_word' id='word_1_423' title='bbox 191 2584 258 2606; x_wconf 69' lang='lat'>’⁰⁸¹³&#39;</span> <span class='ocrx_word' id='word_1_424' title='bbox 286 2593 358 2630; x_wconf 90' lang='lat' dir='ltr'>nisi</span> <span class='ocrx_word' id='word_1_425' title='bbox 387 2593 433 2630; x_wconf 92' lang='lat' dir='ltr'>de</span> <span class='ocrx_word' id='word_1_426' title='bbox 465 2605 510 2629; x_wconf 90' lang='lat' dir='ltr'>eo</span> <span class='ocrx_word' id='word_1_427' title='bbox 545 2592 651 2640; x_wconf 88' lang='lat' dir='ltr'>quod</span> <span class='ocrx_word' id='word_1_428' title='bbox 680 2599 735 2628; x_wconf 91' lang='lat' dir='ltr'>est</span> <span class='ocrx_word' id='word_1_429' title='bbox 762 2599 896 2628; x_wconf 90' lang='lat' dir='ltr'>natum</span> <span class='ocrx_word' id='word_1_430' title='bbox 923 2590 1068 2628; x_wconf 91' lang='lat' dir='ltr'>videre.</span> <span class='ocrx_word' id='word_1_431' title='bbox 1109 2590 1353 2627; x_wconf 86' lang='lat' dir='ltr'>Contrarium</span> 
     </span>
    </p>
   </div>
   <div class='ocr_carea' id='block_1_18' title="bbox 284 2643 1353 2749">
    <p class='ocr_par' dir='ltr' id='par_1_28' title="bbox 284 2643 1353 2749">
     <span class='ocr_line' id='line_1_64' title="bbox 284 2643 1353 2693; baseline -0.004 -10"><span class='ocrx_word' id='word_1_432' title='bbox 284 2658 379 2683; x_wconf 91' lang='lat' dir='ltr'>vero</span> <span class='ocrx_word' id='word_1_433' title='bbox 411 2653 447 2682; x_wconf 90' lang='lat' dir='ltr'>et</span> <span class='ocrx_word' id='word_1_434' title='bbox 478 2645 621 2693; x_wconf 89' lang='lat' dir='ltr'>aliquid</span> <span class='ocrx_word' id='word_1_435' title='bbox 648 2644 773 2693; x_wconf 87' lang='lat' dir='ltr'>ponit,</span> <span class='ocrx_word' id='word_1_436' title='bbox 804 2651 841 2680; x_wconf 89' lang='lat' dir='ltr'>et</span> <span class='ocrx_word' id='word_1_437' title='bbox 869 2643 1083 2680; x_wconf 88' lang='lat' dir='ltr'>subiectum</span> <span class='ocrx_word' id='word_1_438' title='bbox 1113 2643 1353 2680; x_wconf 88' lang='lat' dir='ltr'>determinat:</span> 
     </span>
     <span class='ocr_line' id='line_1_65' title="bbox 287 2696 1353 2749; baseline -0.003 -14"><span class='ocrx_word' id='word_1_439' title='bbox 287 2700 442 2749; x_wconf 80' lang='lat' dir='ltr'>nigrum</span> <span class='ocrx_word' id='word_1_440' title='bbox 463 2698 566 2735; x_wconf 86' lang='lat' dir='ltr'>enim</span> <span class='ocrx_word' id='word_1_441' title='bbox 596 2705 651 2734; x_wconf 91' lang='lat' dir='ltr'>est</span> <span class='ocrx_word' id='word_1_442' title='bbox 671 2697 797 2747; x_wconf 89' lang='lat' dir='ltr'>aliqua</span> <span class='ocrx_word' id='word_1_443' title='bbox 817 2697 962 2745; x_wconf 87' lang='lat' dir='ltr'>species</span> <span class='ocrx_word' id='word_1_444' title='bbox 983 2696 1131 2733; x_wconf 90' lang='lat' dir='ltr'>coloris.</span> <span class='ocrx_word' id='word_1_445' title='bbox 1153 2718 1177 2724; x_wconf 95' lang='lat'><em>-</em></span> <span class='ocrx_word' id='word_1_446' title='bbox 1198 2697 1353 2733; x_wconf 90' lang='lat' dir='ltr'>Falsum</span> 
     </span>
    </p>
   </div>
   <div class='ocr_carea' id='block_1_19' title="bbox 286 2810 1354 3023">
    <p class='ocr_par' dir='ltr' id='par_1_29' title="bbox 340 2810 1318 2846">
     <span class='ocr_line' id='line_1_66' title="bbox 340 2810 1318 2846; baseline -0.004 -8"><span class='ocrx_word' id='word_1_447' title='bbox 340 2813 367 2846; x_wconf 87' lang='grc' dir='ltr'>α)</span> <span class='ocrx_word' id='word_1_448' title='bbox 387 2816 417 2838; x_wconf 82' lang='lat' dir='ltr'>ut</span> <span class='ocrx_word' id='word_1_449' title='bbox 436 2812 501 2837; x_wconf 81' lang='lat' dir='ltr'>dicit</span> <span class='ocrx_word' id='word_1_450' title='bbox 518 2811 695 2845; x_wconf 82' lang='lat' dir='ltr'>Augustinus.</span> <span class='ocrx_word' id='word_1_451' title='bbox 714 2825 732 2829; x_wconf 98' lang='lat'>-</span> <span class='ocrx_word' id='word_1_452' title='bbox 750 2810 894 2836; x_wconf 86' lang='lat' dir='ltr'>secundum</span> <span class='ocrx_word' id='word_1_453' title='bbox 913 2811 1093 2844; x_wconf 81' lang='lat' dir='ltr'>Augustinum</span> <span class='ocrx_word' id='word_1_454' title='bbox 1112 2812 1143 2842; x_wconf 88' lang='lat' dir='ltr'>A,</span> <span class='ocrx_word' id='word_1_455' title='bbox 1157 2819 1209 2835; x_wconf 86' lang='lat' dir='ltr'>om.</span> <span class='ocrx_word' id='word_1_456' title='bbox 1226 2810 1318 2842; x_wconf 86' lang='lat' dir='ltr'>CEpB.</span> 
     </span>
    </p>

    <p class='ocr_par' dir='ltr' id='par_1_30' title="bbox 286 2844 1354 2916">
     <span class='ocr_line' id='line_1_67' title="bbox 340 2844 1354 2881; baseline -0.003 -8"><span class='ocrx_word' id='word_1_457' title='bbox 340 2847 365 2881; x_wconf 86' lang='grc' dir='ltr'>β)</span> <span class='ocrx_word' id='word_1_458' title='bbox 386 2856 436 2873; x_wconf 90' lang='lat' dir='ltr'>non</span> <span class='ocrx_word' id='word_1_459' title='bbox 456 2850 627 2879; x_wconf 80' lang='lat' dir='ltr'>opponuntur</span> <span class='ocrx_word' id='word_1_460' title='bbox 647 2849 675 2871; x_wconf 85' lang='lat' dir='ltr'>ut</span> <span class='ocrx_word' id='word_1_461' title='bbox 694 2847 841 2871; x_wconf 85' lang='lat' dir='ltr'>contraria.</span> <span class='ocrx_word' id='word_1_462' title='bbox 859 2860 878 2865; x_wconf 96' lang='lat'>—</span> <span class='ocrx_word' id='word_1_463' title='bbox 895 2849 1067 2878; x_wconf 79' lang='lat' dir='ltr'>opponuntur·</span> <span class='ocrx_word' id='word_1_464' title='bbox 1090 2850 1119 2871; x_wconf 87' lang='lat' dir='ltr'>ut</span> <span class='ocrx_word' id='word_1_465' title='bbox 1142 2844 1354 2871; x_wconf 81' lang='lat' dir='ltr'>contradictoria</span> 
     </span>
     <span class='ocr_line' id='line_1_68' title="bbox 286 2882 805 2916; baseline -0.01 -6"><span class='ocrx_word' id='word_1_466' title='bbox 286 2885 310 2909; x_wconf 94' lang='lat' dir='ltr'>G</span> <span class='ocrx_word' id='word_1_467' title='bbox 317 2892 324 2916; x_wconf 83' lang='lat'>;</span> <span class='ocrx_word' id='word_1_468' title='bbox 343 2884 390 2910; x_wconf 83' lang='lat' dir='ltr'>sed</span> <span class='ocrx_word' id='word_1_469' title='bbox 409 2887 439 2908; x_wconf 84' lang='lat' dir='ltr'>ut</span> <span class='ocrx_word' id='word_1_470' title='bbox 456 2882 668 2908; x_wconf 80' lang='lat' dir='ltr'>contradictoria</span> <span class='ocrx_word' id='word_1_471' title='bbox 687 2882 757 2906; x_wconf 88' lang='lat' dir='ltr'>addit</span> <span class='ocrx_word' id='word_1_472' title='bbox 775 2882 805 2906; x_wconf 87' lang='lat' dir='ltr'>B.</span> 
     </span>
    </p>

    <p class='ocr_par' dir='ltr' id='par_1_31' title="bbox 338 2917 767 2953">
     <span class='ocr_line' id='line_1_69' title="bbox 338 2917 767 2953; baseline -0.007 -9"><span class='ocrx_word' id='word_1_473' title='bbox 338 2920 365 2953; x_wconf 84' lang='grc' dir='ltr'>γ)</span> <span class='ocrx_word' id='word_1_474' title='bbox 378 2919 499 2953; x_wconf 84' lang='lat' dir='ltr'>salsitas.</span> <span class='ocrx_word' id='word_1_475' title='bbox 516 2931 536 2937; x_wconf 90' lang='lat'><em>-</em></span> <span class='ocrx_word' id='word_1_476' title='bbox 549 2917 695 2950; x_wconf 82' lang='lat' dir='ltr'>pluralitas</span> <span class='ocrx_word' id='word_1_477' title='bbox 714 2917 767 2941; x_wconf 88' lang='lat' dir='ltr'>AC.</span> 
     </span>
    </p>

    <p class='ocr_par' dir='ltr' id='par_1_32' title="bbox 339 2950 1351 2987">
     <span class='ocr_line' id='line_1_70' title="bbox 339 2950 1351 2987; baseline -0.006 -7"><span class='ocrx_word' id='word_1_478' title='bbox 339 2954 363 2987; x_wconf 76' lang='grc' dir='ltr'>ὃ)</span> <span class='ocrx_word' id='word_1_479' title='bbox 384 2955 450 2980; x_wconf 81' lang='lat' dir='ltr'>dicit</span> <span class='ocrx_word' id='word_1_480' title='bbox 467 2953 673 2985; x_wconf 80' lang='lat' dir='ltr'>Philosophus..</span> <span class='ocrx_word' id='word_1_481' title='bbox 694 2952 773 2984; x_wconf 83' lang='lat' dir='ltr'>ponit</span> <span class='ocrx_word' id='word_1_482' title='bbox 795 2952 874 2977; x_wconf 80' lang='lat' dir='ltr'>enim.</span> <span class='ocrx_word' id='word_1_483' title='bbox 891 2966 911 2971; x_wconf 94' lang='lat'>—</span> <span class='ocrx_word' id='word_1_484' title='bbox 928 2952 1137 2984; x_wconf 81' lang='lat' dir='ltr'>Philosophus...</span> <span class='ocrx_word' id='word_1_485' title='bbox 1151 2951 1232 2983; x_wconf 79' lang='lat' dir='ltr'>ponit</span> <span class='ocrx_word' id='word_1_486' title='bbox 1255 2950 1351 2974; x_wconf 74' lang='lat' dir='ltr'>ABCE</span> 
     </span>
    </p>

    <p class='ocr_par' dir='ltr' id='par_1_33' title="bbox 340 2987 908 3023">
     <span class='ocr_line' id='line_1_71' title="bbox 340 2987 908 3023; baseline -0.004 -9"><span class='ocrx_word' id='word_1_487' title='bbox 340 2991 362 3023; x_wconf 89' lang='grc' dir='ltr'>ε)</span> <span class='ocrx_word' id='word_1_488' title='bbox 381 2990 505 3015; x_wconf 83' lang='lat' dir='ltr'>subiecto.</span> <span class='ocrx_word' id='word_1_489' title='bbox 523 3003 541 3008; x_wconf 92' lang='lat'>—</span> <span class='ocrx_word' id='word_1_490' title='bbox 559 2988 710 3014; x_wconf 81' lang='lat' dir='ltr'>substantia</span> <span class='ocrx_word' id='word_1_491' title='bbox 727 2987 908 3012; x_wconf 82' lang='lat' dir='ltr'>ACDEFGab.</span> 
     </span>
    </p>
   </div>
   <div class='ocr_carea' id='block_1_20' title="bbox 1410 893 2720 1950">
    <p class='ocr_par' dir='ltr' id='par_1_34' title="bbox 1414 893 2720 1249">
     <span class='ocr_line' id='line_1_72' title="bbox 1417 893 2482 943; baseline 0.003 -13"><span class='ocrx_word' id='word_1_492' title='bbox 1417 901 1545 930; x_wconf 90' lang='lat' dir='ltr'>autem</span> <span class='ocrx_word' id='word_1_493' title='bbox 1580 893 1722 943; x_wconf 90' lang='lat' dir='ltr'>aliquid</span> <span class='ocrx_word' id='word_1_494' title='bbox 1755 894 1873 942; x_wconf 91' lang='lat' dir='ltr'>ponit.</span> <span class='ocrx_word' id='word_1_495' title='bbox 1912 895 1980 930; x_wconf 89' lang='lat' dir='ltr'>Est</span> <span class='ocrx_word' id='word_1_496' title='bbox 2009 894 2112 931; x_wconf 91' lang='lat' dir='ltr'>enim</span> <span class='ocrx_word' id='word_1_497' title='bbox 2141 895 2296 942; x_wconf 88' lang='lat' dir='ltr'>falsum,</span> <span class='ocrx_word' id='word_1_498' title='bbox 2325 904 2366 932; x_wconf 89' lang='lat' dir='ltr'>ut</span> <span class='ocrx_word' id='word_1_499' title='bbox 2394 896 2482 934; x_wconf 92' lang='lat' dir='ltr'>dicit</span> 
     </span>
     <span class='ocr_line' id='line_1_73' title="bbox 1417 947 2720 998; baseline 0.005 -15"><span class='ocrx_word' id='word_1_500' title='bbox 1417 947 1675 996; x_wconf 90' lang='lat' dir='ltr'>Philosophus</span> <span class='ocrx_word' id='word_1_501' title='bbox 1705 947 1756 984; x_wconf 93' lang='lat' dir='ltr'>IV</span> <span class='ocrx_word' id='word_1_502' title='bbox 1774 948 1991 995; x_wconf 76' lang='lat' dir='ltr'>Metaphrs.</span> <span class='ocrx_word' id='word_1_503' title='bbox 2008 947 2043 994; x_wconf 72' lang='lat'>²¹⁶,</span> <span class='ocrx_word' id='word_1_504' title='bbox 2074 960 2119 984; x_wconf 88' lang='lat' dir='ltr'>ex</span> <span class='ocrx_word' id='word_1_505' title='bbox 2139 961 2185 985; x_wconf 94' lang='lat' dir='ltr'>eo</span> <span class='ocrx_word' id='word_1_506' title='bbox 2215 948 2318 998; x_wconf 91' lang='lat' dir='ltr'>quod</span> <span class='ocrx_word' id='word_1_507' title='bbox 2347 949 2481 986; x_wconf 90' lang='lat' dir='ltr'>dicitur</span> <span class='ocrx_word' id='word_1_508' title='bbox 2505 960 2720 992; x_wconf 61' lang='lat' dir='ltr'>*s-Tn-lecmvu</span> 
     </span>
     <span class='ocr_line' id='line_1_74' title="bbox 1414 987 2717 1061; baseline 0.002 -25"><span class='ocrx_word' id='word_1_509' title='bbox 1414 1001 1477 1037; x_wconf 88' lang='lat' dir='ltr'>vel</span> <span class='ocrx_word' id='word_1_510' title='bbox 1505 999 1655 1037; x_wconf 89' lang='lat' dir='ltr'>videtur</span> <span class='ocrx_word' id='word_1_511' title='bbox 1683 999 1825 1049; x_wconf 92' lang='lat' dir='ltr'>aliquid</span> <span class='ocrx_word' id='word_1_512' title='bbox 1854 1012 1937 1037; x_wconf 90' lang='lat' dir='ltr'>esse</span> <span class='ocrx_word' id='word_1_513' title='bbox 1966 1001 2070 1048; x_wconf 93' lang='lat' dir='ltr'>quod</span> <span class='ocrx_word' id='word_1_514' title='bbox 2099 1013 2179 1038; x_wconf 92' lang='lat' dir='ltr'>non</span> <span class='ocrx_word' id='word_1_515' title='bbox 2208 1009 2281 1048; x_wconf 90' lang='lat' dir='ltr'>est,</span> <span class='ocrx_word' id='word_1_516' title='bbox 2311 1002 2373 1039; x_wconf 94' lang='lat' dir='ltr'>vel</span> <span class='ocrx_word' id='word_1_517' title='bbox 2401 1015 2480 1040; x_wconf 94' lang='lat' dir='ltr'>non</span> <span class='ocrx_word' id='word_1_518' title='bbox 2506 987 2717 1061; x_wconf 49' lang='grc' dir='ltr'>ἓὲῗὲΙῖῗ-Ἦὲῆῗῖ</span> 
     </span>
     <span class='ocr_line' id='line_1_75' title="bbox 1417 1040 2715 1104; baseline 0.004 -15"><span class='ocrx_word' id='word_1_519' title='bbox 1417 1065 1499 1090; x_wconf 91' lang='lat' dir='ltr'>esse</span> <span class='ocrx_word' id='word_1_520' title='bbox 1530 1053 1634 1102; x_wconf 93' lang='lat' dir='ltr'>quod</span> <span class='ocrx_word' id='word_1_521' title='bbox 1655 1060 1721 1090; x_wconf 89' lang='lat' dir='ltr'>est.</span> <span class='ocrx_word' id='word_1_522' title='bbox 1753 1053 1858 1090; x_wconf 90' lang='lat' dir='ltr'>Sicut</span> <span class='ocrx_word' id='word_1_523' title='bbox 1878 1053 1980 1090; x_wconf 90' lang='lat' dir='ltr'>enim</span> <span class='ocrx_word' id='word_1_524' title='bbox 2009 1065 2146 1091; x_wconf 89' lang='lat' dir='ltr'>verum</span> <span class='ocrx_word' id='word_1_525' title='bbox 2165 1054 2274 1103; x_wconf 92' lang='lat' dir='ltr'>ponit</span> <span class='ocrx_word' id='word_1_526' title='bbox 2292 1055 2480 1104; x_wconf 88' lang='lat' dir='ltr'>acceptio-</span> <span class='ocrx_word' id='word_1_527' title='bbox 2505 1040 2598 1093; x_wconf 50' lang='lat' dir='ltr'>influe-³</span> <span class='ocrx_word' id='word_1_528' title='bbox 2612 1048 2715 1094; x_wconf 57' lang='lat' dir='ltr'>13.sssz</span> 
     </span>
     <span class='ocr_line' id='line_1_76' title="bbox 1415 1093 2628 1156; baseline 0.002 -14"><span class='ocrx_word' id='word_1_529' title='bbox 1415 1118 1505 1142; x_wconf 90' lang='lat' dir='ltr'>nem</span> <span class='ocrx_word' id='word_1_530' title='bbox 1534 1106 1788 1155; x_wconf 86' lang='lat' dir='ltr'>adaequatam</span> <span class='ocrx_word' id='word_1_531' title='bbox 1818 1106 1882 1153; x_wconf 87' lang='lat' dir='ltr'>rei,</span> <span class='ocrx_word' id='word_1_532' title='bbox 1909 1106 1959 1143; x_wconf 87' lang='lat' dir='ltr'>ita</span> <span class='ocrx_word' id='word_1_533' title='bbox 1978 1106 2115 1143; x_wconf 88' lang='lat' dir='ltr'>falsum</span> <span class='ocrx_word' id='word_1_534' title='bbox 2144 1107 2405 1156; x_wconf 88' lang='lat' dir='ltr'>acceptionem</span> <span class='ocrx_word' id='word_1_535' title='bbox 2425 1108 2478 1145; x_wconf 92' lang='lat' dir='ltr'>rei</span> <span class='ocrx_word' id='word_1_536' title='bbox 2505 1093 2628 1115; x_wconf 61' lang='lat' dir='ltr'>imm.</span> 
     </span>
     <span class='ocr_line' id='line_1_77' title="bbox 1415 1159 2478 1210; baseline 0.003 -15"><span class='ocrx_word' id='word_1_537' title='bbox 1415 1171 1493 1195; x_wconf 92' lang='lat' dir='ltr'>non</span> <span class='ocrx_word' id='word_1_538' title='bbox 1512 1159 1779 1207; x_wconf 88' lang='lat' dir='ltr'>adaequatam.</span> <span class='ocrx_word' id='word_1_539' title='bbox 1804 1159 1916 1196; x_wconf 91' lang='lat' dir='ltr'>Unde</span> <span class='ocrx_word' id='word_1_540' title='bbox 1944 1159 2190 1197; x_wconf 90' lang='lat' dir='ltr'>manifestum</span> <span class='ocrx_word' id='word_1_541' title='bbox 2216 1168 2271 1197; x_wconf 90' lang='lat' dir='ltr'>est</span> <span class='ocrx_word' id='word_1_542' title='bbox 2289 1162 2395 1210; x_wconf 93' lang='lat' dir='ltr'>quod</span> <span class='ocrx_word' id='word_1_543' title='bbox 2413 1173 2478 1199; x_wconf 88' lang='lat' dir='ltr'>ve-</span> 
     </span>
     <span class='ocr_line' id='line_1_78' title="bbox 1415 1211 2618 1249; baseline -0.001 -1"><span class='ocrx_word' id='word_1_544' title='bbox 1415 1224 1501 1248; x_wconf 89' lang='lat' dir='ltr'>rum</span> <span class='ocrx_word' id='word_1_545' title='bbox 1531 1219 1567 1248; x_wconf 92' lang='lat' dir='ltr'>et</span> <span class='ocrx_word' id='word_1_546' title='bbox 1594 1212 1730 1248; x_wconf 85' lang='lat' dir='ltr'>falsum</span> <span class='ocrx_word' id='word_1_547' title='bbox 1758 1219 1845 1248; x_wconf 90' lang='lat' dir='ltr'>sunt</span> <span class='ocrx_word' id='word_1_548' title='bbox 1873 1212 2059 1249; x_wconf 90' lang='lat' dir='ltr'>contraria</span> <span class='ocrx_word' id='word_1_549' title='bbox 2078 1211 2102 1249; x_wconf 63' lang='grc' dir='ltr'>ς.</span> <span class='ocrx_word' id='word_1_550' title='bbox 2603 1217 2618 1247; x_wconf 80' lang='grc' dir='ltr'>ζ</span> 
     </span>
    </p>

    <p class='ocr_par' dir='ltr' id='par_1_35' title="bbox 1411 1266 2712 1726">
     <span class='ocr_line' id='line_1_79' title="bbox 1466 1266 2479 1314; baseline 0.003 -13"><span class='ocrx_word' id='word_1_551' title='bbox 1466 1266 1526 1301; x_wconf 84' lang='lat' dir='ltr'>AD</span> <span class='ocrx_word' id='word_1_552' title='bbox 1555 1276 1692 1301; x_wconf 81' lang='lat' dir='ltr'>PRIMUM</span> <span class='ocrx_word' id='word_1_553' title='bbox 1720 1276 1818 1301; x_wconf 84' lang='lat' dir='ltr'>ERGO</span> <span class='ocrx_word' id='word_1_554' title='bbox 1851 1277 2036 1302; x_wconf 82' lang='lat' dir='ltr'>DICENDUM</span> <span class='ocrx_word' id='word_1_555' title='bbox 2071 1267 2174 1314; x_wconf 89' lang='lat' dir='ltr'>quod</span> <span class='ocrx_word' id='word_1_556' title='bbox 2211 1266 2250 1303; x_wconf 94' lang='lat' dir='ltr'>id</span> <span class='ocrx_word' id='word_1_557' title='bbox 2283 1267 2389 1314; x_wconf 89' lang='lat' dir='ltr'>quod</span> <span class='ocrx_word' id='word_1_558' title='bbox 2423 1274 2479 1304; x_wconf 91' lang='lat' dir='ltr'>est</span> 
     </span>
     <span class='ocr_line' id='line_1_80' title="bbox 1412 1317 2478 1368; baseline 0.002 -14"><span class='ocrx_word' id='word_1_559' title='bbox 1412 1317 1452 1354; x_wconf 91' lang='lat' dir='ltr'>in</span> <span class='ocrx_word' id='word_1_560' title='bbox 1479 1317 1605 1363; x_wconf 92' lang='lat' dir='ltr'>rebus,</span> <span class='ocrx_word' id='word_1_561' title='bbox 1627 1324 1682 1354; x_wconf 90' lang='lat' dir='ltr'>est</span> <span class='ocrx_word' id='word_1_562' title='bbox 1708 1318 1848 1354; x_wconf 91' lang='lat' dir='ltr'>veritas</span> <span class='ocrx_word' id='word_1_563' title='bbox 1876 1317 1946 1354; x_wconf 85' lang='lat' dir='ltr'>rei:</span> <span class='ocrx_word' id='word_1_564' title='bbox 1977 1317 2045 1355; x_wconf 92' lang='lat' dir='ltr'>sed</span> <span class='ocrx_word' id='word_1_565' title='bbox 2067 1318 2106 1356; x_wconf 90' lang='lat' dir='ltr'>id</span> <span class='ocrx_word' id='word_1_566' title='bbox 2134 1319 2240 1366; x_wconf 91' lang='lat' dir='ltr'>quod</span> <span class='ocrx_word' id='word_1_567' title='bbox 2269 1327 2325 1356; x_wconf 91' lang='lat' dir='ltr'>est</span> <span class='ocrx_word' id='word_1_568' title='bbox 2351 1327 2392 1356; x_wconf 93' lang='lat' dir='ltr'>ut</span> <span class='ocrx_word' id='word_1_569' title='bbox 2411 1332 2478 1368; x_wconf 91' lang='lat' dir='ltr'>ap-</span> 
     </span>
     <span class='ocr_line' id='line_1_81' title="bbox 1412 1370 2476 1421; baseline 0.003 -15"><span class='ocrx_word' id='word_1_570' title='bbox 1412 1371 1658 1419; x_wconf 90' lang='lat' dir='ltr'>prehensum,</span> <span class='ocrx_word' id='word_1_571' title='bbox 1690 1377 1746 1406; x_wconf 90' lang='lat' dir='ltr'>est</span> <span class='ocrx_word' id='word_1_572' title='bbox 1772 1382 1910 1407; x_wconf 91' lang='lat' dir='ltr'>verum</span> <span class='ocrx_word' id='word_1_573' title='bbox 1937 1370 2158 1417; x_wconf 90' lang='lat' dir='ltr'>intellectus,</span> <span class='ocrx_word' id='word_1_574' title='bbox 2187 1371 2226 1408; x_wconf 90' lang='lat' dir='ltr'>in</span> <span class='ocrx_word' id='word_1_575' title='bbox 2246 1384 2323 1420; x_wconf 92' lang='lat' dir='ltr'>quo</span> <span class='ocrx_word' id='word_1_576' title='bbox 2351 1372 2476 1421; x_wconf 88' lang='lat' dir='ltr'>primo</span> 
     </span>
     <span class='ocr_line' id='line_1_82' title="bbox 1414 1422 2479 1472; baseline 0.002 -12"><span class='ocrx_word' id='word_1_577' title='bbox 1414 1431 1469 1460; x_wconf 90' lang='lat' dir='ltr'>est</span> <span class='ocrx_word' id='word_1_578' title='bbox 1495 1423 1648 1460; x_wconf 89' lang='lat' dir='ltr'>veritas.</span> <span class='ocrx_word' id='word_1_579' title='bbox 1682 1422 1797 1461; x_wconf 91' lang='lat' dir='ltr'>Unde</span> <span class='ocrx_word' id='word_1_580' title='bbox 1826 1430 1863 1460; x_wconf 91' lang='lat' dir='ltr'>et</span> <span class='ocrx_word' id='word_1_581' title='bbox 1891 1423 2026 1460; x_wconf 87' lang='lat' dir='ltr'>falsum</span> <span class='ocrx_word' id='word_1_582' title='bbox 2046 1431 2101 1461; x_wconf 91' lang='lat' dir='ltr'>est</span> <span class='ocrx_word' id='word_1_583' title='bbox 2128 1424 2164 1461; x_wconf 89' lang='lat' dir='ltr'>id</span> <span class='ocrx_word' id='word_1_584' title='bbox 2187 1426 2292 1472; x_wconf 92' lang='lat' dir='ltr'>quod</span> <span class='ocrx_word' id='word_1_585' title='bbox 2315 1437 2394 1462; x_wconf 93' lang='lat' dir='ltr'>non</span> <span class='ocrx_word' id='word_1_586' title='bbox 2424 1432 2479 1462; x_wconf 89' lang='lat' dir='ltr'>est</span> 
     </span>
     <span class='ocr_line' id='line_1_83' title="bbox 1411 1477 2479 1525; baseline 0.003 -13"><span class='ocrx_word' id='word_1_587' title='bbox 1411 1484 1453 1513; x_wconf 91' lang='lat' dir='ltr'>ut</span> <span class='ocrx_word' id='word_1_588' title='bbox 1485 1477 1781 1525; x_wconf 87' lang='lat' dir='ltr'>apprehensum.</span> <span class='ocrx_word' id='word_1_589' title='bbox 1817 1477 2117 1525; x_wconf 90' lang='lat' dir='ltr'>Apprehendere</span> <span class='ocrx_word' id='word_1_590' title='bbox 2155 1485 2283 1514; x_wconf 91' lang='lat' dir='ltr'>autem</span> <span class='ocrx_word' id='word_1_591' title='bbox 2317 1490 2400 1515; x_wconf 89' lang='lat' dir='ltr'>esse</span> <span class='ocrx_word' id='word_1_592' title='bbox 2443 1486 2479 1515; x_wconf 92' lang='lat' dir='ltr'>et</span> 
     </span>
     <span class='ocr_line' id='line_1_84' title="bbox 1411 1529 2477 1580; baseline 0.001 -14"><span class='ocrx_word' id='word_1_593' title='bbox 1411 1542 1491 1566; x_wconf 93' lang='lat' dir='ltr'>non</span> <span class='ocrx_word' id='word_1_594' title='bbox 1519 1541 1614 1576; x_wconf 92' lang='lat' dir='ltr'>esse,</span> <span class='ocrx_word' id='word_1_595' title='bbox 1636 1529 1939 1566; x_wconf 88' lang='lat' dir='ltr'>contrarietatem</span> <span class='ocrx_word' id='word_1_596' title='bbox 1958 1530 2093 1567; x_wconf 90' lang='lat' dir='ltr'>habet:</span> <span class='ocrx_word' id='word_1_597' title='bbox 2114 1530 2209 1567; x_wconf 89' lang='lat' dir='ltr'>sicut</span> <span class='ocrx_word' id='word_1_598' title='bbox 2226 1532 2364 1580; x_wconf 87' lang='lat' dir='ltr'>probat</span> <span class='ocrx_word' id='word_1_599' title='bbox 2389 1531 2477 1568; x_wconf 92' lang='lat' dir='ltr'>Phi-</span> 
     </span>
     <span class='ocr_line' id='line_1_85' title="bbox 1411 1582 2712 1639; baseline 0.002 -21"><span class='ocrx_word' id='word_1_600' title='bbox 1411 1583 1608 1631; x_wconf 91' lang='lat' dir='ltr'>losophus,</span> <span class='ocrx_word' id='word_1_601' title='bbox 1638 1582 1676 1619; x_wconf 93' lang='lat' dir='ltr'>in</span> <span class='ocrx_word' id='word_1_602' title='bbox 1705 1583 1737 1618; x_wconf 94' lang='lat' dir='ltr'>II</span> <span class='ocrx_word' id='word_1_603' title='bbox 1765 1582 1971 1619; x_wconf 85' lang='lat' dir='ltr'>Periherm.</span> <span class='ocrx_word' id='word_1_604' title='bbox 1992 1582 2023 1631; x_wconf 72' lang='lat'>²³⁶,</span> <span class='ocrx_word' id='word_1_605' title='bbox 2044 1583 2148 1631; x_wconf 90' lang='lat' dir='ltr'>quod</span> <span class='ocrx_word' id='word_1_606' title='bbox 2176 1584 2265 1620; x_wconf 91' lang='lat' dir='ltr'>huic</span> <span class='ocrx_word' id='word_1_607' title='bbox 2294 1584 2476 1633; x_wconf 89' lang='lat' dir='ltr'>opinioni,</span> <span class='ocrx_word' id='word_1_608' title='bbox 2503 1590 2648 1639; x_wconf 50' lang='lat' dir='ltr'>gampx-xy-n-</span> <span class='ocrx_word' id='word_1_609' title='bbox 2659 1590 2712 1638; x_wconf 58' lang='lat' dir='ltr'>Poid-</span> 
     </span>
     <span class='ocr_line' id='line_1_86' title="bbox 1411 1623 2696 1683; baseline 0.002 -11"><span class='ocrx_word' id='word_1_610' title='bbox 1411 1637 1551 1673; x_wconf 85' lang='lat' dir='ltr'>bonum</span> <span class='ocrx_word' id='word_1_611' title='bbox 1571 1641 1624 1672; x_wconf 86' lang='lat' dir='ltr'>est</span> <span class='ocrx_word' id='word_1_612' title='bbox 1643 1636 1795 1681; x_wconf 77' lang='lat' dir='ltr'>bonum,</span> <span class='ocrx_word' id='word_1_613' title='bbox 1826 1635 2013 1672; x_wconf 89' lang='lat' dir='ltr'>contraria</span> <span class='ocrx_word' id='word_1_614' title='bbox 2034 1644 2090 1673; x_wconf 90' lang='lat' dir='ltr'>est</span> <span class='ocrx_word' id='word_1_615' title='bbox 2112 1644 2139 1683; x_wconf 70' lang='grc' dir='ltr'>η,</span> <span class='ocrx_word' id='word_1_616' title='bbox 2170 1637 2309 1674; x_wconf 87' lang='lat' dir='ltr'>bonum</span> <span class='ocrx_word' id='word_1_617' title='bbox 2330 1650 2405 1674; x_wconf 89' lang='lat' dir='ltr'>non</span> <span class='ocrx_word' id='word_1_618' title='bbox 2425 1643 2479 1674; x_wconf 91' lang='lat' dir='ltr'>est</span> <span class='ocrx_word' id='word_1_619' title='bbox 2531 1623 2554 1644; x_wconf 53' lang='grc' dir='ltr'>β’</span> <span class='ocrx_word' id='word_1_620' title='bbox 2601 1634 2616 1678; x_wconf 79' lang='grc' dir='ltr'>ἦ</span> <span class='ocrx_word' id='word_1_621' title='bbox 2646 1633 2652 1639; x_wconf 81' lang='grc'><strong>’</strong></span> <span class='ocrx_word' id='word_1_622' title='bbox 2690 1633 2696 1639; x_wconf 77' lang='grc'><strong>’</strong></span> 
     </span>
     <span class='ocr_line' id='line_1_87' title="bbox 1411 1690 1563 1726; baseline -0.007 0"><span class='ocrx_word' id='word_1_623' title='bbox 1411 1690 1563 1726; x_wconf 84' lang='lat' dir='ltr'>honum.</span> 
     </span>
    </p>

    <p class='ocr_par' dir='ltr' id='par_1_36' title="bbox 1410 1742 2507 1950">
     <span class='ocr_line' id='line_1_88' title="bbox 1464 1742 2476 1789; baseline 0.001 -11"><span class='ocrx_word' id='word_1_624' title='bbox 1464 1743 1523 1778; x_wconf 84' lang='lat' dir='ltr'>AD</span> <span class='ocrx_word' id='word_1_625' title='bbox 1551 1753 1742 1778; x_wconf 78' lang='lat' dir='ltr'><strong>SECUNDUM</strong></span> <span class='ocrx_word' id='word_1_626' title='bbox 1770 1753 1954 1778; x_wconf 79' lang='lat' dir='ltr'>DiCENDuM</span> <span class='ocrx_word' id='word_1_627' title='bbox 1983 1742 2088 1789; x_wconf 92' lang='lat' dir='ltr'>quod</span> <span class='ocrx_word' id='word_1_628' title='bbox 2121 1742 2258 1779; x_wconf 86' lang='lat' dir='ltr'>falsum</span> <span class='ocrx_word' id='word_1_629' title='bbox 2286 1755 2365 1779; x_wconf 91' lang='lat' dir='ltr'>non</span> <span class='ocrx_word' id='word_1_630' title='bbox 2393 1743 2476 1779; x_wconf 88' lang='lat' dir='ltr'>fun—</span> 
     </span>
     <span class='ocr_line' id='line_1_89' title="bbox 1411 1794 2478 1841; baseline 0 -9"><span class='ocrx_word' id='word_1_631' title='bbox 1411 1795 1522 1832; x_wconf 88' lang='lat' dir='ltr'>datur</span> <span class='ocrx_word' id='word_1_632' title='bbox 1548 1794 1588 1831; x_wconf 91' lang='lat' dir='ltr'>in</span> <span class='ocrx_word' id='word_1_633' title='bbox 1614 1806 1709 1831; x_wconf 90' lang='lat' dir='ltr'>vero</span> <span class='ocrx_word' id='word_1_634' title='bbox 1738 1794 1809 1831; x_wconf 89' lang='lat' dir='ltr'>sibi</span> <span class='ocrx_word' id='word_1_635' title='bbox 1830 1794 2031 1841; x_wconf 85' lang='lat' dir='ltr'>contrario,</span> <span class='ocrx_word' id='word_1_636' title='bbox 2053 1794 2148 1831; x_wconf 90' lang='lat' dir='ltr'>sicut</span> <span class='ocrx_word' id='word_1_637' title='bbox 2175 1807 2246 1832; x_wconf 88' lang='lat' dir='ltr'>nec</span> <span class='ocrx_word' id='word_1_638' title='bbox 2274 1796 2419 1832; x_wconf 88' lang='lat' dir='ltr'>malum</span> <span class='ocrx_word' id='word_1_639' title='bbox 2439 1795 2478 1832; x_wconf 93' lang='lat' dir='ltr'>in</span> 
     </span>
     <span class='ocr_line' id='line_1_90' title="bbox 1411 1847 2477 1896; baseline 0.001 -12"><span class='ocrx_word' id='word_1_640' title='bbox 1411 1848 1515 1885; x_wconf 92' lang='lat' dir='ltr'>bono</span> <span class='ocrx_word' id='word_1_641' title='bbox 1536 1847 1607 1884; x_wconf 90' lang='lat' dir='ltr'>sibi</span> <span class='ocrx_word' id='word_1_642' title='bbox 1627 1847 1833 1893; x_wconf 82' lang='lat' dir='ltr'>contrari03</span> <span class='ocrx_word' id='word_1_643' title='bbox 1864 1847 1931 1884; x_wconf 90' lang='lat' dir='ltr'>sed</span> <span class='ocrx_word' id='word_1_644' title='bbox 1951 1847 1990 1884; x_wconf 93' lang='lat' dir='ltr'>in</span> <span class='ocrx_word' id='word_1_645' title='bbox 2019 1860 2065 1884; x_wconf 91' lang='lat' dir='ltr'>eo</span> <span class='ocrx_word' id='word_1_646' title='bbox 2094 1848 2200 1896; x_wconf 91' lang='lat' dir='ltr'>quod</span> <span class='ocrx_word' id='word_1_647' title='bbox 2228 1848 2299 1885; x_wconf 90' lang='lat' dir='ltr'>sibi</span> <span class='ocrx_word' id='word_1_648' title='bbox 2327 1848 2477 1885; x_wconf 91' lang='lat' dir='ltr'>subiici-</span> 
     </span>
     <span class='ocr_line' id='line_1_91' title="bbox 1410 1900 2507 1950; baseline 0 -12"><span class='ocrx_word' id='word_1_649' title='bbox 1410 1908 1480 1938; x_wconf 88' lang='lat' dir='ltr'>tur.</span> <span class='ocrx_word' id='word_1_650' title='bbox 1511 1901 1560 1937; x_wconf 92' lang='lat' dir='ltr'>Et</span> <span class='ocrx_word' id='word_1_651' title='bbox 1587 1901 1663 1937; x_wconf 91' lang='lat' dir='ltr'>hoc</span> <span class='ocrx_word' id='word_1_652' title='bbox 1690 1900 1778 1947; x_wconf 83' lang='lat' dir='ltr'>ideo</span> <span class='ocrx_word' id='word_1_653' title='bbox 1798 1900 1837 1937; x_wconf 94' lang='lat' dir='ltr'>in</span> <span class='ocrx_word' id='word_1_654' title='bbox 1864 1907 2026 1948; x_wconf 91' lang='lat' dir='ltr'>utroque</span> <span class='ocrx_word' id='word_1_655' title='bbox 2047 1900 2192 1949; x_wconf 91' lang='lat' dir='ltr'>accidit,</span> <span class='ocrx_word' id='word_1_656' title='bbox 2222 1901 2311 1950; x_wconf 88' lang='lat' dir='ltr'>quia</span> <span class='ocrx_word' id='word_1_657' title='bbox 2337 1913 2475 1939; x_wconf 90' lang='lat' dir='ltr'>verum</span> <span class='ocrx_word' id='word_1_658' title='bbox 2491 1915 2507 1929; x_wconf 72' lang='grc' dir='ltr'><strong><em>ο</em></strong></span> 
     </span>
    </p>
   </div>
   <div class='ocr_carea' id='block_1_21' title="bbox 1410 1951 2613 2108">
    <p class='ocr_par' dir='ltr' id='par_1_37' title="bbox 1410 1951 2613 2108">
     <span class='ocr_line' id='line_1_92' title="bbox 1411 1951 2613 2001; baseline 0 -11"><span class='ocrx_word' id='word_1_659' title='bbox 1411 1961 1447 1990; x_wconf 90' lang='lat' dir='ltr'>et</span> <span class='ocrx_word' id='word_1_660' title='bbox 1466 1955 1613 1990; x_wconf 91' lang='lat' dir='ltr'>bonum</span> <span class='ocrx_word' id='word_1_661' title='bbox 1635 1953 1857 1990; x_wconf 84' lang='lat' dir='ltr'>communia</span> <span class='ocrx_word' id='word_1_662' title='bbox 1885 1961 1972 1990; x_wconf 88' lang='lat' dir='ltr'>sunt</span> <span class='ocrx_word' id='word_1_663' title='bbox 1990 1951 2013 2001; x_wconf 82' lang='lat'>⁰,</span> <span class='ocrx_word' id='word_1_664' title='bbox 2042 1961 2078 1990; x_wconf 92' lang='lat' dir='ltr'>et</span> <span class='ocrx_word' id='word_1_665' title='bbox 2098 1962 2369 1991; x_wconf 90' lang='lat' dir='ltr'>convertuntur</span> <span class='ocrx_word' id='word_1_666' title='bbox 2388 1967 2475 1991; x_wconf 92' lang='lat' dir='ltr'>cum</span> <span class='ocrx_word' id='word_1_667' title='bbox 2600 1959 2613 1984; x_wconf 85' lang='grc' dir='ltr'>θ</span> 
     </span>
     <span class='ocr_line' id='line_1_93' title="bbox 1411 2006 2475 2054; baseline 0 -11"><span class='ocrx_word' id='word_1_668' title='bbox 1411 2014 1522 2043; x_wconf 89' lang='lat' dir='ltr'>ente:</span> <span class='ocrx_word' id='word_1_669' title='bbox 1560 2006 1685 2054; x_wconf 90' lang='lat' dir='ltr'>unde,</span> <span class='ocrx_word' id='word_1_670' title='bbox 1730 2006 1825 2043; x_wconf 92' lang='lat' dir='ltr'>sicut</span> <span class='ocrx_word' id='word_1_671' title='bbox 1862 2006 1987 2043; x_wconf 90' lang='lat' dir='ltr'>omnis</span> <span class='ocrx_word' id='word_1_672' title='bbox 2021 2006 2183 2054; x_wconf 88' lang='lat' dir='ltr'>privatio</span> <span class='ocrx_word' id='word_1_673' title='bbox 2222 2007 2400 2044; x_wconf 89' lang='lat' dir='ltr'>fundatur</span> <span class='ocrx_word' id='word_1_674' title='bbox 2437 2007 2475 2043; x_wconf 93' lang='lat' dir='ltr'>in</span> 
     </span>
     <span class='ocr_line' id='line_1_94' title="bbox 1410 2059 2612 2108; baseline 0 -12"><span class='ocrx_word' id='word_1_675' title='bbox 1410 2060 1582 2097; x_wconf 90' lang='lat' dir='ltr'>subiecto</span> <span class='ocrx_word' id='word_1_676' title='bbox 1609 2059 1713 2108; x_wconf 92' lang='lat' dir='ltr'>quod</span> <span class='ocrx_word' id='word_1_677' title='bbox 1734 2066 1790 2096; x_wconf 89' lang='lat' dir='ltr'>est</span> <span class='ocrx_word' id='word_1_678' title='bbox 1809 2071 1876 2095; x_wconf 91' lang='lat' dir='ltr'>ens</span> <span class='ocrx_word' id='word_1_679' title='bbox 1890 2066 1908 2106; x_wconf 73' lang='lat'>³,</span> <span class='ocrx_word' id='word_1_680' title='bbox 1930 2059 1979 2096; x_wconf 89' lang='lat' dir='ltr'>ita</span> <span class='ocrx_word' id='word_1_681' title='bbox 1999 2072 2112 2096; x_wconf 92' lang='lat' dir='ltr'>omne</span> <span class='ocrx_word' id='word_1_682' title='bbox 2132 2060 2278 2096; x_wconf 90' lang='lat' dir='ltr'>malum</span> <span class='ocrx_word' id='word_1_683' title='bbox 2299 2060 2477 2097; x_wconf 83' lang='lat' dir='ltr'>fundatur</span> <span class='ocrx_word' id='word_1_684' title='bbox 2604 2074 2612 2089; x_wconf 77' lang='grc' dir='ltr'>ι</span> 
     </span>
    </p>
   </div>
   <div class='ocr_carea' id='block_1_22' title="bbox 1410 2108 2616 2161">
    <p class='ocr_par' dir='ltr' id='par_1_38' title="bbox 1410 2108 2616 2161">
     <span class='ocr_line' id='line_1_95' title="bbox 1410 2108 2616 2161; baseline -0.001 -12"><span class='ocrx_word' id='word_1_685' title='bbox 1410 2113 1448 2150; x_wconf 94' lang='lat' dir='ltr'>in</span> <span class='ocrx_word' id='word_1_686' title='bbox 1468 2112 1595 2161; x_wconf 90' lang='lat' dir='ltr'>aliquo</span> <span class='ocrx_word' id='word_1_687' title='bbox 1615 2113 1719 2149; x_wconf 91' lang='lat' dir='ltr'>bono</span> <span class='ocrx_word' id='word_1_688' title='bbox 1734 2111 1766 2160; x_wconf 64' lang='lat'>²⁸,</span> <span class='ocrx_word' id='word_1_689' title='bbox 1788 2119 1824 2148; x_wconf 91' lang='lat' dir='ltr'>et</span> <span class='ocrx_word' id='word_1_690' title='bbox 1844 2124 1960 2148; x_wconf 91' lang='lat' dir='ltr'>omne</span> <span class='ocrx_word' id='word_1_691' title='bbox 1985 2112 2122 2149; x_wconf 90' lang='lat' dir='ltr'>falsum</span> <span class='ocrx_word' id='word_1_692' title='bbox 2151 2112 2189 2149; x_wconf 90' lang='lat' dir='ltr'>in</span> <span class='ocrx_word' id='word_1_693' title='bbox 2204 2108 2344 2161; x_wconf 40' lang='lat' dir='ltr'>saliquo</span> <span class='ocrx_word' id='word_1_694' title='bbox 2366 2125 2473 2150; x_wconf 91' lang='lat' dir='ltr'>vero.</span> <span class='ocrx_word' id='word_1_695' title='bbox 2501 2121 2512 2132; x_wconf 74' lang='lat'><em>*</em></span> <span class='ocrx_word' id='word_1_696' title='bbox 2526 2121 2555 2141; x_wconf 87' lang='lat' dir='ltr'>D·</span> <span class='ocrx_word' id='word_1_697' title='bbox 2570 2126 2616 2148; x_wconf 86' lang='lat'>291·</span> 
     </span>
    </p>
   </div>
   <div class='ocr_carea' id='block_1_23' title="bbox 1408 2165 2606 2744">
    <p class='ocr_par' dir='ltr' id='par_1_39' title="bbox 1408 2165 2606 2744">
     <span class='ocr_line' id='line_1_96' title="bbox 1462 2165 2476 2214; baseline 0.001 -13"><span class='ocrx_word' id='word_1_698' title='bbox 1462 2167 1521 2202; x_wconf 82' lang='lat' dir='ltr'>An</span> <span class='ocrx_word' id='word_1_699' title='bbox 1554 2177 1714 2202; x_wconf 83' lang='lat' dir='ltr'>TERTIUM</span> <span class='ocrx_word' id='word_1_700' title='bbox 1742 2177 1926 2202; x_wconf 82' lang='lat' dir='ltr'>DICENDUM</span> <span class='ocrx_word' id='word_1_701' title='bbox 1955 2165 2076 2213; x_wconf 90' lang='lat' dir='ltr'>quod,</span> <span class='ocrx_word' id='word_1_702' title='bbox 2107 2165 2195 2214; x_wconf 85' lang='lat' dir='ltr'>quia</span> <span class='ocrx_word' id='word_1_703' title='bbox 2225 2166 2411 2202; x_wconf 89' lang='lat' dir='ltr'>contraria</span> <span class='ocrx_word' id='word_1_704' title='bbox 2441 2174 2476 2202; x_wconf 92' lang='lat' dir='ltr'>et</span> 
     </span>
     <span class='ocr_line' id='line_1_97' title="bbox 1414 2217 2474 2267; baseline 0 -12"><span class='ocrx_word' id='word_1_705' title='bbox 1414 2218 1590 2267; x_wconf 88' lang='lat' dir='ltr'>opposita</span> <span class='ocrx_word' id='word_1_706' title='bbox 1608 2218 1797 2266; x_wconf 84' lang='lat' dir='ltr'>privative</span> <span class='ocrx_word' id='word_1_707' title='bbox 1817 2225 1906 2254; x_wconf 87' lang='lat' dir='ltr'>nata</span> <span class='ocrx_word' id='word_1_708' title='bbox 1925 2225 2012 2254; x_wconf 90' lang='lat' dir='ltr'>sunt</span> <span class='ocrx_word' id='word_1_709' title='bbox 2030 2217 2113 2254; x_wconf 90' lang='lat' dir='ltr'>fieri</span> <span class='ocrx_word' id='word_1_710' title='bbox 2135 2218 2233 2254; x_wconf 89' lang='lat' dir='ltr'>circa</span> <span class='ocrx_word' id='word_1_711' title='bbox 2251 2218 2366 2265; x_wconf 90' lang='lat' dir='ltr'>idem,</span> <span class='ocrx_word' id='word_1_712' title='bbox 2388 2218 2474 2255; x_wconf 92' lang='lat' dir='ltr'>ideo</span> 
     </span>
     <span class='ocr_line' id='line_1_98' title="bbox 1411 2270 2477 2320; baseline 0 -12"><span class='ocrx_word' id='word_1_713' title='bbox 1411 2273 1518 2318; x_wconf 86' lang='lat' dir='ltr'>Deo,</span> <span class='ocrx_word' id='word_1_714' title='bbox 1552 2278 1666 2319; x_wconf 91' lang='lat' dir='ltr'>prout</span> <span class='ocrx_word' id='word_1_715' title='bbox 1693 2271 1733 2307; x_wconf 91' lang='lat' dir='ltr'>in</span> <span class='ocrx_word' id='word_1_716' title='bbox 1760 2283 1800 2306; x_wconf 90' lang='lat' dir='ltr'>se</span> <span class='ocrx_word' id='word_1_717' title='bbox 1830 2270 2110 2317; x_wconf 84' lang='lat' dir='ltr'>consideratur,</span> <span class='ocrx_word' id='word_1_718' title='bbox 2147 2283 2224 2307; x_wconf 91' lang='lat' dir='ltr'>non</span> <span class='ocrx_word' id='word_1_719' title='bbox 2254 2279 2310 2307; x_wconf 87' lang='lat' dir='ltr'>est</span> <span class='ocrx_word' id='word_1_720' title='bbox 2337 2271 2477 2320; x_wconf 90' lang='lat' dir='ltr'>aliquid</span> 
     </span>
     <span class='ocr_line' id='line_1_99' title="bbox 1412 2323 2475 2372; baseline -0.001 -11"><span class='ocrx_word' id='word_1_721' title='bbox 1412 2324 1656 2372; x_wconf 86' lang='lat' dir='ltr'>contrarium,</span> <span class='ocrx_word' id='word_1_722' title='bbox 1686 2335 1810 2371; x_wconf 88' lang='lat' dir='ltr'>neque</span> <span class='ocrx_word' id='word_1_723' title='bbox 1840 2323 1984 2360; x_wconf 89' lang='lat' dir='ltr'>ratione</span> <span class='ocrx_word' id='word_1_724' title='bbox 2013 2336 2104 2360; x_wconf 91' lang='lat' dir='ltr'>suae</span> <span class='ocrx_word' id='word_1_725' title='bbox 2133 2323 2320 2371; x_wconf 89' lang='lat' dir='ltr'>bonitatis,</span> <span class='ocrx_word' id='word_1_726' title='bbox 2351 2337 2475 2372; x_wconf 90' lang='lat' dir='ltr'>neque</span> 
     </span>
     <span class='ocr_line' id='line_1_100' title="bbox 1409 2376 2475 2424; baseline 0 -10"><span class='ocrx_word' id='word_1_727' title='bbox 1409 2377 1554 2414; x_wconf 88' lang='lat' dir='ltr'>ratione</span> <span class='ocrx_word' id='word_1_728' title='bbox 1583 2389 1674 2414; x_wconf 90' lang='lat' dir='ltr'>suae</span> <span class='ocrx_word' id='word_1_729' title='bbox 1702 2376 1888 2414; x_wconf 88' lang='lat' dir='ltr'>veritatis:</span> <span class='ocrx_word' id='word_1_730' title='bbox 1918 2376 2006 2424; x_wconf 90' lang='lat' dir='ltr'>quia</span> <span class='ocrx_word' id='word_1_731' title='bbox 2026 2376 2064 2413; x_wconf 92' lang='lat' dir='ltr'>in</span> <span class='ocrx_word' id='word_1_732' title='bbox 2083 2376 2272 2413; x_wconf 88' lang='lat' dir='ltr'>intellectu</span> <span class='ocrx_word' id='word_1_733' title='bbox 2297 2377 2376 2413; x_wconf 92' lang='lat' dir='ltr'>eius</span> <span class='ocrx_word' id='word_1_734' title='bbox 2396 2390 2475 2414; x_wconf 91' lang='lat' dir='ltr'>non</span> 
     </span>
     <span class='ocr_line' id='line_1_101' title="bbox 1408 2429 2473 2479; baseline -0.001 -12"><span class='ocrx_word' id='word_1_735' title='bbox 1408 2438 1533 2479; x_wconf 90' lang='lat' dir='ltr'>potest</span> <span class='ocrx_word' id='word_1_736' title='bbox 1562 2443 1644 2466; x_wconf 89' lang='lat' dir='ltr'>esse</span> <span class='ocrx_word' id='word_1_737' title='bbox 1673 2429 1811 2466; x_wconf 87' lang='lat' dir='ltr'>falsitas</span> <span class='ocrx_word' id='word_1_738' title='bbox 1840 2429 1976 2476; x_wconf 88' lang='lat' dir='ltr'>aliqua.</span> <span class='ocrx_word' id='word_1_739' title='bbox 2004 2430 2081 2466; x_wconf 91' lang='lat' dir='ltr'>Sed</span> <span class='ocrx_word' id='word_1_740' title='bbox 2109 2429 2148 2465; x_wconf 95' lang='lat' dir='ltr'>in</span> <span class='ocrx_word' id='word_1_741' title='bbox 2168 2430 2473 2477; x_wconf 87' lang='lat' dir='ltr'>apprehensione</span> 
     </span>
     <span class='ocr_line' id='line_1_102' title="bbox 1409 2481 2474 2531; baseline -0.002 -11"><span class='ocrx_word' id='word_1_742' title='bbox 1409 2491 1538 2520; x_wconf 91' lang='lat' dir='ltr'>nostra</span> <span class='ocrx_word' id='word_1_743' title='bbox 1565 2483 1681 2519; x_wconf 91' lang='lat' dir='ltr'>habet</span> <span class='ocrx_word' id='word_1_744' title='bbox 1705 2481 1845 2530; x_wconf 91' lang='lat' dir='ltr'>aliquid</span> <span class='ocrx_word' id='word_1_745' title='bbox 1867 2481 2111 2518; x_wconf 89' lang='lat' dir='ltr'>contrarium:</span> <span class='ocrx_word' id='word_1_746' title='bbox 2133 2494 2221 2518; x_wconf 89' lang='lat' dir='ltr'>nam</span> <span class='ocrx_word' id='word_1_747' title='bbox 2250 2495 2365 2519; x_wconf 90' lang='lat' dir='ltr'>verae</span> <span class='ocrx_word' id='word_1_748' title='bbox 2394 2483 2474 2531; x_wconf 91' lang='lat' dir='ltr'>opi-</span> 
     </span>
     <span class='ocr_line' id='line_1_103' title="bbox 1409 2534 2474 2584; baseline -0.002 -11"><span class='ocrx_word' id='word_1_749' title='bbox 1409 2536 1513 2573; x_wconf 87' lang='lat' dir='ltr'>nioni</span> <span class='ocrx_word' id='word_1_750' title='bbox 1532 2536 1580 2573; x_wconf 93' lang='lat' dir='ltr'>de</span> <span class='ocrx_word' id='word_1_751' title='bbox 1599 2536 1682 2584; x_wconf 91' lang='lat' dir='ltr'>ipso</span> <span class='ocrx_word' id='word_1_752' title='bbox 1705 2534 1952 2571; x_wconf 89' lang='lat' dir='ltr'>contrariatur</span> <span class='ocrx_word' id='word_1_753' title='bbox 1970 2535 2063 2571; x_wconf 86' lang='lat' dir='ltr'>falsa</span> <span class='ocrx_word' id='word_1_754' title='bbox 2082 2534 2224 2583; x_wconf 84' lang='lat' dir='ltr'>opinio.</span> <span class='ocrx_word' id='word_1_755' title='bbox 2242 2536 2290 2571; x_wconf 89' lang='lat' dir='ltr'>Et</span> <span class='ocrx_word' id='word_1_756' title='bbox 2305 2535 2358 2572; x_wconf 88' lang='lat' dir='ltr'>sic</span> <span class='ocrx_word' id='word_1_757' title='bbox 2372 2535 2474 2572; x_wconf 89' lang='lat' dir='ltr'>idola</span> 
     </span>
     <span class='ocr_line' id='line_1_104' title="bbox 1409 2587 2472 2635; baseline -0.003 -9"><span class='ocrx_word' id='word_1_758' title='bbox 1409 2589 1609 2626; x_wconf 89' lang='lat' dir='ltr'>mendacia</span> <span class='ocrx_word' id='word_1_759' title='bbox 1635 2588 1809 2624; x_wconf 87' lang='lat' dir='ltr'>dicuntur</span> <span class='ocrx_word' id='word_1_760' title='bbox 1833 2587 2009 2635; x_wconf 88' lang='lat' dir='ltr'>opposita</span> <span class='ocrx_word' id='word_1_761' title='bbox 2035 2587 2182 2624; x_wconf 87' lang='lat' dir='ltr'>veritati</span> <span class='ocrx_word' id='word_1_762' title='bbox 2216 2587 2387 2635; x_wconf 83' lang='lat' dir='ltr'>divinae,</span> <span class='ocrx_word' id='word_1_763' title='bbox 2418 2588 2472 2624; x_wconf 92' lang='lat' dir='ltr'>in-</span> 
     </span>
     <span class='ocr_line' id='line_1_105' title="bbox 1409 2639 2520 2691; baseline -0.001 -13"><span class='ocrx_word' id='word_1_764' title='bbox 1409 2649 1595 2691; x_wconf 88' lang='lat' dir='ltr'>quantum</span> <span class='ocrx_word' id='word_1_765' title='bbox 1615 2641 1707 2677; x_wconf 80' lang='lat' dir='ltr'>salsa</span> <span class='ocrx_word' id='word_1_766' title='bbox 1727 2639 1856 2688; x_wconf 91' lang='lat' dir='ltr'>opinio</span> <span class='ocrx_word' id='word_1_767' title='bbox 1878 2641 1924 2677; x_wconf 88' lang='lat' dir='ltr'>de</span> <span class='ocrx_word' id='word_1_768' title='bbox 1944 2639 2053 2676; x_wconf 91' lang='lat' dir='ltr'>idolis</span> <span class='ocrx_word' id='word_1_769' title='bbox 2082 2640 2330 2677; x_wconf 89' lang='lat' dir='ltr'>contrariatur</span> <span class='ocrx_word' id='word_1_770' title='bbox 2356 2652 2472 2677; x_wconf 88' lang='lat' dir='ltr'>verae</span> <span class='ocrx_word' id='word_1_771' title='bbox 2518 2641 2520 2643; x_wconf 77' lang='grc'><strong>’</strong></span> 
     </span>
     <span class='ocr_line' id='line_1_106' title="bbox 1409 2692 2606 2744; baseline -0.004 -13"><span class='ocrx_word' id='word_1_772' title='bbox 1409 2694 1580 2744; x_wconf 92' lang='lat' dir='ltr'>opinioni</span> <span class='ocrx_word' id='word_1_773' title='bbox 1609 2694 1656 2731; x_wconf 90' lang='lat' dir='ltr'>de</span> <span class='ocrx_word' id='word_1_774' title='bbox 1684 2693 1825 2730; x_wconf 90' lang='lat' dir='ltr'>unitate</span> <span class='ocrx_word' id='word_1_775' title='bbox 1847 2699 1860 2713; x_wconf 70' lang='lat'>&#39;²</span> <span class='ocrx_word' id='word_1_776' title='bbox 1889 2692 1972 2729; x_wconf 89' lang='lat' dir='ltr'>Dei.</span> <span class='ocrx_word' id='word_1_777' title='bbox 2591 2706 2606 2722; x_wconf 81' lang='grc' dir='ltr'>κ</span> 
     </span>
    </p>
   </div>
   <div class='ocr_carea' id='block_1_24' title="bbox 1408 2806 2470 3017">
    <p class='ocr_par' dir='ltr' id='par_1_40' title="bbox 1460 2806 2031 2840">
     <span class='ocr_line' id='line_1_107' title="bbox 1460 2806 2031 2840; baseline -0.004 -8"><span class='ocrx_word' id='word_1_778' title='bbox 1460 2808 1486 2840; x_wconf 93' lang='grc' dir='ltr'>ζ)</span> <span class='ocrx_word' id='word_1_779' title='bbox 1505 2808 1652 2833; x_wconf 82' lang='lat' dir='ltr'>contraria.</span> <span class='ocrx_word' id='word_1_780' title='bbox 1670 2821 1689 2826; x_wconf 80' lang='lat'><em>-</em></span> <span class='ocrx_word' id='word_1_781' title='bbox 1707 2806 1843 2832; x_wconf 82' lang='lat' dir='ltr'>contrarie</span> <span class='ocrx_word' id='word_1_782' title='bbox 1861 2806 1983 2838; x_wconf 80' lang='lat' dir='ltr'>opposita</span> <span class='ocrx_word' id='word_1_783' title='bbox 2002 2806 2031 2830; x_wconf 92' lang='lat' dir='ltr'>B.</span> 
     </span>
    </p>

    <p class='ocr_par' dir='ltr' id='par_1_41' title="bbox 1456 2840 2470 2875">
     <span class='ocr_line' id='line_1_108' title="bbox 1456 2840 2470 2875; baseline -0.001 -8"><span class='ocrx_word' id='word_1_784' title='bbox 1456 2844 1486 2875; x_wconf 82' lang='grc' dir='ltr'>η)</span> <span class='ocrx_word' id='word_1_785' title='bbox 1506 2843 1644 2868; x_wconf 83' lang='lat' dir='ltr'>contraria</span> <span class='ocrx_word' id='word_1_786' title='bbox 1659 2845 1705 2867; x_wconf 86' lang='lat' dir='ltr'>est.</span> <span class='ocrx_word' id='word_1_787' title='bbox 1719 2856 1738 2860; x_wconf 98' lang='lat'><em>-</em></span> <span class='ocrx_word' id='word_1_788' title='bbox 1751 2841 1937 2867; x_wconf 83' lang='lat' dir='ltr'>contrariatur</span> <span class='ocrx_word' id='word_1_789' title='bbox 1951 2841 2015 2866; x_wconf 82' lang='lat' dir='ltr'>haec</span> <span class='ocrx_word' id='word_1_790' title='bbox 2033 2841 2068 2870; x_wconf 84' lang='lat' dir='ltr'>B;</span> <span class='ocrx_word' id='word_1_791' title='bbox 2088 2840 2157 2865; x_wconf 88' lang='lat' dir='ltr'>idem</span> <span class='ocrx_word' id='word_1_792' title='bbox 2171 2848 2218 2872; x_wconf 90' lang='lat' dir='ltr'>pro</span> <span class='ocrx_word' id='word_1_793' title='bbox 2233 2847 2284 2865; x_wconf 85' lang='lat' dir='ltr'>non</span> <span class='ocrx_word' id='word_1_794' title='bbox 2299 2844 2345 2870; x_wconf 83' lang='lat' dir='ltr'>est,</span> <span class='ocrx_word' id='word_1_795' title='bbox 2358 2844 2398 2866; x_wconf 82' lang='lat' dir='ltr'>est</span> <span class='ocrx_word' id='word_1_796' title='bbox 2410 2849 2470 2866; x_wconf 89' lang='lat' dir='ltr'>non.</span> 
     </span>
    </p>

    <p class='ocr_par' dir='ltr' id='par_1_42' title="bbox 1408 2876 2470 2945">
     <span class='ocr_line' id='line_1_109' title="bbox 1461 2876 2470 2910; baseline -0.002 -7"><span class='ocrx_word' id='word_1_797' title='bbox 1461 2877 1485 2910; x_wconf 84' lang='grc' dir='ltr'>θ)</span> <span class='ocrx_word' id='word_1_798' title='bbox 1505 2878 1655 2903; x_wconf 85' lang='lat' dir='ltr'>communia</span> <span class='ocrx_word' id='word_1_799' title='bbox 1673 2880 1744 2902; x_wconf 85' lang='lat' dir='ltr'>sunt.</span> <span class='ocrx_word' id='word_1_800' title='bbox 1763 2891 1782 2895; x_wconf 98' lang='lat'><em>-</em></span> <span class='ocrx_word' id='word_1_801' title='bbox 1800 2877 1939 2901; x_wconf 84' lang='lat' dir='ltr'>contraria</span> <span class='ocrx_word' id='word_1_802' title='bbox 1957 2879 2019 2900; x_wconf 83' lang='lat' dir='ltr'>sunt</span> <span class='ocrx_word' id='word_1_803' title='bbox 2032 2876 2110 2907; x_wconf 89' lang='lat' dir='ltr'>BDG,</span> <span class='ocrx_word' id='word_1_804' title='bbox 2125 2876 2263 2901; x_wconf 81' lang='lat' dir='ltr'>contraria</span> <span class='ocrx_word' id='word_1_805' title='bbox 2278 2880 2340 2901; x_wconf 87' lang='lat' dir='ltr'>sunt</span> <span class='ocrx_word' id='word_1_806' title='bbox 2351 2877 2425 2910; x_wconf 86' lang='lat' dir='ltr'>falso</span> <span class='ocrx_word' id='word_1_807' title='bbox 2444 2880 2470 2902; x_wconf 84' lang='lat' dir='ltr'>et</span> 
     </span>
     <span class='ocr_line' id='line_1_110' title="bbox 1408 2911 2359 2945; baseline -0.004 -6"><span class='ocrx_word' id='word_1_808' title='bbox 1408 2915 1478 2939; x_wconf 82' lang='lat' dir='ltr'>malo</span> <span class='ocrx_word' id='word_1_809' title='bbox 1497 2914 1547 2941; x_wconf 86' lang='lat' dir='ltr'>Pb,·</span> <span class='ocrx_word' id='word_1_810' title='bbox 1565 2914 1601 2943; x_wconf 88' lang='lat' dir='ltr'>A,</span> <span class='ocrx_word' id='word_1_811' title='bbox 1621 2918 1749 2945; x_wconf 87' lang='lat' dir='ltr'>expuncto</span> <span class='ocrx_word' id='word_1_812' title='bbox 1768 2915 1907 2937; x_wconf 77' lang='lat' dir='ltr'>contraria</span> <span class='ocrx_word' id='word_1_813' title='bbox 1925 2915 1995 2941; x_wconf 82' lang='lat' dir='ltr'>sunt,</span> <span class='ocrx_word' id='word_1_814' title='bbox 2015 2911 2103 2935; x_wconf 87' lang='lat' dir='ltr'>scribit</span> <span class='ocrx_word' id='word_1_815' title='bbox 2120 2911 2270 2936; x_wconf 84' lang='lat' dir='ltr'>communia</span> <span class='ocrx_word' id='word_1_816' title='bbox 2289 2915 2359 2936; x_wconf 86' lang='lat' dir='ltr'>sunt.</span> 
     </span>
    </p>

    <p class='ocr_par' dir='ltr' id='par_1_43' title="bbox 1462 2946 2156 2981">
     <span class='ocr_line' id='line_1_111' title="bbox 1462 2946 2156 2981; baseline -0.004 -8"><span class='ocrx_word' id='word_1_817' title='bbox 1462 2949 1480 2981; x_wconf 85' lang='grc' dir='ltr'>ι)</span> <span class='ocrx_word' id='word_1_818' title='bbox 1498 2949 1614 2974; x_wconf 84' lang='lat' dir='ltr'>subiecto</span> <span class='ocrx_word' id='word_1_819' title='bbox 1632 2948 1703 2980; x_wconf 89' lang='lat' dir='ltr'>quod</span> <span class='ocrx_word' id='word_1_820' title='bbox 1721 2951 1761 2972; x_wconf 82' lang='lat' dir='ltr'>est</span> <span class='ocrx_word' id='word_1_821' title='bbox 1779 2954 1831 2972; x_wconf 83' lang='lat' dir='ltr'>ens.</span> <span class='ocrx_word' id='word_1_822' title='bbox 1850 2961 1868 2965; x_wconf 98' lang='lat'><em>-</em></span> <span class='ocrx_word' id='word_1_823' title='bbox 1886 2947 1975 2979; x_wconf 81' lang='lat' dir='ltr'>aliquo</span> <span class='ocrx_word' id='word_1_824' title='bbox 1994 2946 2108 2971; x_wconf 82' lang='lat' dir='ltr'>subiecto</span> <span class='ocrx_word' id='word_1_825' title='bbox 2127 2947 2156 2971; x_wconf 89' lang='lat' dir='ltr'>B.</span> 
     </span>
    </p>

    <p class='ocr_par' dir='ltr' id='par_1_44' title="bbox 1461 2983 1856 3017">
     <span class='ocr_line' id='line_1_112' title="bbox 1461 2983 1856 3017; baseline -0.003 -9"><span class='ocrx_word' id='word_1_826' title='bbox 1461 2984 1486 3017; x_wconf 82' lang='grc' dir='ltr'>κ)</span> <span class='ocrx_word' id='word_1_827' title='bbox 1507 2984 1618 3009; x_wconf 83' lang='lat' dir='ltr'>unitate.</span> <span class='ocrx_word' id='word_1_828' title='bbox 1636 2997 1654 3002; x_wconf 93' lang='lat'><em>—</em></span> <span class='ocrx_word' id='word_1_829' title='bbox 1672 2983 1784 3007; x_wconf 82' lang='lat' dir='ltr'>veritate</span> <span class='ocrx_word' id='word_1_830' title='bbox 1802 2983 1856 3007; x_wconf 89' lang='lat' dir='ltr'>BD.</span> 
     </span>
    </p>
   </div>
   <div class='ocr_carea' id='block_1_25' title="bbox 968 3071 1793 3108">
    <p class='ocr_par' dir='ltr' id='par_1_45' title="bbox 968 3071 1793 3108">
     <span class='ocr_line' id='line_1_113' title="bbox 968 3071 1793 3108; baseline -0.008 0"><span class='ocrx_word' id='word_1_831' title='bbox 968 3075 1299 3108; x_wconf 77' lang='lat' dir='ltr'>Commentaria</span> <span class='ocrx_word' id='word_1_832' title='bbox 1323 3072 1571 3105; x_wconf 76' lang='lat' dir='ltr'>cardinalis</span> <span class='ocrx_word' id='word_1_833' title='bbox 1594 3071 1793 3103; x_wconf 68' lang='lat' dir='ltr'>(Daiei-,ani</span> 
     </span>
    </p>
   </div>
   <div class='ocr_carea' id='block_1_26' title="bbox 289 3161 1356 3645">
    <p class='ocr_par' dir='ltr' id='par_1_46' title="bbox 289 3161 1356 3645">
     <span class='ocr_line' id='line_1_114' title="bbox 319 3161 1354 3205; baseline -0.004 -10"><span class='ocrx_word' id='word_1_834' title='bbox 319 3176 339 3196; x_wconf 82' lang='lat' dir='ltr'>N</span> <span class='ocrx_word' id='word_1_835' title='bbox 362 3165 475 3201; x_wconf 89' lang='lat' dir='ltr'>titulo,</span> <span class='ocrx_word' id='word_1_836' title='bbox 504 3164 537 3205; x_wconf 95' lang='lat' dir='ltr'>ly</span> <span class='ocrx_word' id='word_1_837' title='bbox 561 3165 725 3195; x_wconf 84' lang='lat' dir='ltr'>contraria</span> <span class='ocrx_word' id='word_1_838' title='bbox 756 3163 892 3193; x_wconf 89' lang='lat' dir='ltr'>sumitur</span> <span class='ocrx_word' id='word_1_839' title='bbox 919 3163 1065 3203; x_wconf 91' lang='lat' dir='ltr'>proprie,</span> <span class='ocrx_word' id='word_1_840' title='bbox 1094 3169 1131 3193; x_wconf 94' lang='lat' dir='ltr'>ut</span> <span class='ocrx_word' id='word_1_841' title='bbox 1154 3161 1354 3192; x_wconf 86' lang='lat' dir='ltr'>contrarietas</span> 
     </span>
     <span class='ocr_line' id='line_1_115' title="bbox 292 3178 1152 3248; baseline -0.001 -10"><span class='ocrx_word' id='word_1_842' title='bbox 292 3178 522 3248; x_wconf 83' lang='lat' dir='ltr'>Idistinguitur</span> <span class='ocrx_word' id='word_1_843' title='bbox 541 3216 649 3239; x_wconf 91' lang='lat' dir='ltr'>contra</span> <span class='ocrx_word' id='word_1_844' title='bbox 668 3208 743 3238; x_wconf 82' lang='lat' dir='ltr'>alias</span> <span class='ocrx_word' id='word_1_845' title='bbox 763 3207 1006 3247; x_wconf 91' lang='lat' dir='ltr'>oppositionum</span> <span class='ocrx_word' id='word_1_846' title='bbox 1025 3207 1152 3247; x_wconf 69' lang='lat' dir='ltr'>species</span> 
     </span>
     <span class='ocr_line' id='line_1_116' title="bbox 348 3249 1354 3292; baseline -0.004 -9"><span class='ocrx_word' id='word_1_847' title='bbox 348 3254 383 3283; x_wconf 93' lang='lat' dir='ltr'>In</span> <span class='ocrx_word' id='word_1_848' title='bbox 408 3262 540 3292; x_wconf 88' lang='lat' dir='ltr'>corpore</span> <span class='ocrx_word' id='word_1_849' title='bbox 563 3263 626 3283; x_wconf 87' lang='lat' dir='ltr'>una</span> <span class='ocrx_word' id='word_1_850' title='bbox 650 3251 822 3288; x_wconf 86' lang='lat' dir='ltr'>conclusio,</span> <span class='ocrx_word' id='word_1_851' title='bbox 847 3251 1031 3291; x_wconf 85' lang='lat' dir='ltr'>responsiva</span> <span class='ocrx_word' id='word_1_852' title='bbox 1054 3250 1197 3291; x_wconf 90' lang='lat' dir='ltr'>quaesito</span> <span class='ocrx_word' id='word_1_853' title='bbox 1220 3249 1354 3280; x_wconf 86' lang='lat' dir='ltr'>affirma-</span> 
     </span>
     <span class='ocr_line' id='line_1_117' title="bbox 289 3294 1354 3329; baseline -0.004 -2"><span class='ocrx_word' id='word_1_854' title='bbox 289 3298 366 3329; x_wconf 85' lang='lat' dir='ltr'>tive:</span> <span class='ocrx_word' id='word_1_855' title='bbox 391 3297 512 3327; x_wconf 84' lang='lat' dir='ltr'>Verum</span> <span class='ocrx_word' id='word_1_856' title='bbox 536 3302 566 3326; x_wconf 94' lang='lat' dir='ltr'>et</span> <span class='ocrx_word' id='word_1_857' title='bbox 589 3296 705 3327; x_wconf 82' lang='lat' dir='ltr'>falsum</span> <span class='ocrx_word' id='word_1_858' title='bbox 724 3303 798 3326; x_wconf 90' lang='lat' dir='ltr'>sunt</span> <span class='ocrx_word' id='word_1_859' title='bbox 814 3295 977 3326; x_wconf 84' lang='lat' dir='ltr'>contraria.</span> <span class='ocrx_word' id='word_1_860' title='bbox 993 3313 1014 3317; x_wconf 94' lang='lat'>—</span> <span class='ocrx_word' id='word_1_861' title='bbox 1029 3295 1185 3325; x_wconf 84' lang='lat' dir='ltr'>Probatur</span> <span class='ocrx_word' id='word_1_862' title='bbox 1208 3294 1259 3324; x_wconf 91' lang='lat' dir='ltr'>sic.</span> <span class='ocrx_word' id='word_1_863' title='bbox 1285 3294 1354 3323; x_wconf 86' lang='lat' dir='ltr'>Fal-</span> 
     </span>
     <span class='ocr_line' id='line_1_118' title="bbox 291 3340 1354 3377; baseline -0.004 -6"><span class='ocrx_word' id='word_1_864' title='bbox 291 3351 364 3372; x_wconf 90' lang='lat' dir='ltr'>sum</span> <span class='ocrx_word' id='word_1_865' title='bbox 380 3347 426 3371; x_wconf 90' lang='lat' dir='ltr'>est</span> <span class='ocrx_word' id='word_1_866' title='bbox 445 3340 505 3370; x_wconf 90' lang='lat' dir='ltr'>dici</span> <span class='ocrx_word' id='word_1_867' title='bbox 520 3340 570 3370; x_wconf 91' lang='lat' dir='ltr'>vel</span> <span class='ocrx_word' id='word_1_868' title='bbox 585 3340 682 3370; x_wconf 90' lang='lat' dir='ltr'>videri</span> <span class='ocrx_word' id='word_1_869' title='bbox 698 3350 753 3370; x_wconf 90' lang='lat' dir='ltr'>ens</span> <span class='ocrx_word' id='word_1_870' title='bbox 770 3350 836 3370; x_wconf 92' lang='lat' dir='ltr'>non</span> <span class='ocrx_word' id='word_1_871' title='bbox 856 3340 932 3375; x_wconf 84' lang='lat' dir='ltr'>esse,</span> <span class='ocrx_word' id='word_1_872' title='bbox 951 3345 1005 3369; x_wconf 92' lang='lat' dir='ltr'>aut</span> <span class='ocrx_word' id='word_1_873' title='bbox 1020 3348 1086 3368; x_wconf 91' lang='lat' dir='ltr'>non</span> <span class='ocrx_word' id='word_1_874' title='bbox 1102 3348 1156 3368; x_wconf 91' lang='lat' dir='ltr'>ens</span> <span class='ocrx_word' id='word_1_875' title='bbox 1172 3346 1254 3368; x_wconf 86' lang='lat' dir='ltr'>esse:</span> <span class='ocrx_word' id='word_1_876' title='bbox 1280 3347 1354 3377; x_wconf 90' lang='lat' dir='ltr'>ergo</span> 
     </span>
     <span class='ocr_line' id='line_1_119' title="bbox 290 3381 1355 3424; baseline -0.005 -8"><span class='ocrx_word' id='word_1_877' title='bbox 290 3385 407 3416; x_wconf 89' lang='lat' dir='ltr'>falsum</span> <span class='ocrx_word' id='word_1_878' title='bbox 432 3383 585 3424; x_wconf 85' lang='lat' dir='ltr'>significat</span> <span class='ocrx_word' id='word_1_879' title='bbox 609 3384 825 3424; x_wconf 85' lang='lat' dir='ltr'>acceptionem</span> <span class='ocrx_word' id='word_1_880' title='bbox 848 3383 1091 3423; x_wconf 87' lang='lat' dir='ltr'>inadaequatam</span> <span class='ocrx_word' id='word_1_881' title='bbox 1112 3381 1174 3412; x_wconf 90' lang='lat' dir='ltr'>rei:</span> <span class='ocrx_word' id='word_1_882' title='bbox 1202 3391 1275 3422; x_wconf 91' lang='lat' dir='ltr'>ergo</span> <span class='ocrx_word' id='word_1_883' title='bbox 1299 3381 1355 3411; x_wconf 88' lang='lat' dir='ltr'>fal-</span> 
     </span>
     <span class='ocr_line' id='line_1_120' title="bbox 291 3426 1355 3469; baseline -0.005 -9"><span class='ocrx_word' id='word_1_884' title='bbox 291 3440 363 3460; x_wconf 91' lang='lat' dir='ltr'>sum</span> <span class='ocrx_word' id='word_1_885' title='bbox 383 3428 475 3469; x_wconf 92' lang='lat' dir='ltr'>ponit</span> <span class='ocrx_word' id='word_1_886' title='bbox 498 3427 627 3468; x_wconf 80' lang='lat' dir='ltr'>aliquid,</span> <span class='ocrx_word' id='word_1_887' title='bbox 645 3435 675 3459; x_wconf 94' lang='lat' dir='ltr'>et</span> <span class='ocrx_word' id='word_1_888' title='bbox 698 3428 884 3458; x_wconf 88' lang='lat' dir='ltr'>determinat</span> <span class='ocrx_word' id='word_1_889' title='bbox 907 3427 964 3457; x_wconf 92' lang='lat' dir='ltr'>sibi</span> <span class='ocrx_word' id='word_1_890' title='bbox 988 3426 1181 3457; x_wconf 85' lang='lat' dir='ltr'>subiectum:</span> <span class='ocrx_word' id='word_1_891' title='bbox 1207 3435 1280 3465; x_wconf 88' lang='lat' dir='ltr'>ergo</span> <span class='ocrx_word' id='word_1_892' title='bbox 1298 3435 1355 3455; x_wconf 90' lang='lat' dir='ltr'>nec</span> 
     </span>
     <span class='ocr_line' id='line_1_121' title="bbox 290 3469 1353 3511; baseline -0.005 -7"><span class='ocrx_word' id='word_1_893' title='bbox 290 3471 541 3508; x_wconf 87' lang='lat' dir='ltr'>contradictorie,</span> <span class='ocrx_word' id='word_1_894' title='bbox 559 3481 616 3501; x_wconf 90' lang='lat' dir='ltr'>nec</span> <span class='ocrx_word' id='word_1_895' title='bbox 635 3471 795 3511; x_wconf 90' lang='lat' dir='ltr'>privative,</span> <span class='ocrx_word' id='word_1_896' title='bbox 821 3472 875 3502; x_wconf 91' lang='lat' dir='ltr'>sed</span> <span class='ocrx_word' id='word_1_897' title='bbox 900 3471 1053 3502; x_wconf 89' lang='lat' dir='ltr'>contrarie</span> <span class='ocrx_word' id='word_1_898' title='bbox 1077 3469 1252 3510; x_wconf 91' lang='lat' dir='ltr'>opponitur</span> <span class='ocrx_word' id='word_1_899' title='bbox 1267 3479 1353 3499; x_wconf 90' lang='lat' dir='ltr'>vero.</span> 
     </span>
     <span class='ocr_line' id='line_1_122' title="bbox 346 3513 1355 3555; baseline -0.005 -8"><span class='ocrx_word' id='word_1_900' title='bbox 346 3517 544 3547; x_wconf 87' lang='lat' dir='ltr'>Antecedens</span> <span class='ocrx_word' id='word_1_901' title='bbox 568 3515 720 3555; x_wconf 89' lang='lat' dir='ltr'>probatur</span> <span class='ocrx_word' id='word_1_902' title='bbox 744 3525 780 3546; x_wconf 79' lang='lat' dir='ltr'>ex</span> <span class='ocrx_word' id='word_1_903' title='bbox 803 3516 846 3546; x_wconf 93' lang='lat' dir='ltr'>IV</span> <span class='ocrx_word' id='word_1_904' title='bbox 859 3516 1055 3555; x_wconf 67' lang='lat' dir='ltr'>Metaphys„</span> <span class='ocrx_word' id='word_1_905' title='bbox 1081 3521 1154 3545; x_wconf 84' lang='lat' dir='ltr'>text.</span> <span class='ocrx_word' id='word_1_906' title='bbox 1174 3524 1225 3555; x_wconf 87' lang='lat'>27.</span> <span class='ocrx_word' id='word_1_907' title='bbox 1250 3513 1355 3543; x_wconf 89' lang='lat' dir='ltr'>Prima</span> 
     </span>
     <span class='ocr_line' id='line_1_123' title="bbox 290 3557 1356 3601; baseline -0.004 -10"><span class='ocrx_word' id='word_1_908' title='bbox 290 3560 517 3601; x_wconf 88' lang='lat' dir='ltr'>consequentia</span> <span class='ocrx_word' id='word_1_909' title='bbox 547 3566 647 3599; x_wconf 88' lang='lat' dir='ltr'>patet:</span> <span class='ocrx_word' id='word_1_910' title='bbox 673 3565 703 3589; x_wconf 88' lang='lat' dir='ltr'>et</span> <span class='ocrx_word' id='word_1_911' title='bbox 726 3569 762 3589; x_wconf 87' lang='lat' dir='ltr'>ex</span> <span class='ocrx_word' id='word_1_912' title='bbox 785 3559 1011 3599; x_wconf 89' lang='lat' dir='ltr'>significatione</span> <span class='ocrx_word' id='word_1_913' title='bbox 1035 3559 1115 3594; x_wconf 87' lang='lat' dir='ltr'>veri,</span> <span class='ocrx_word' id='word_1_914' title='bbox 1141 3558 1215 3599; x_wconf 91' lang='lat' dir='ltr'>quia</span> <span class='ocrx_word' id='word_1_915' title='bbox 1239 3557 1356 3588; x_wconf 89' lang='lat' dir='ltr'>scilicet</span> 
     </span>
     <span class='ocr_line' id='line_1_124' title="bbox 290 3602 1356 3645; baseline -0.005 -9"><span class='ocrx_word' id='word_1_916' title='bbox 290 3605 382 3645; x_wconf 91' lang='lat' dir='ltr'>ponit</span> <span class='ocrx_word' id='word_1_917' title='bbox 405 3603 621 3644; x_wconf 86' lang='lat' dir='ltr'>acceptionem</span> <span class='ocrx_word' id='word_1_918' title='bbox 644 3603 852 3643; x_wconf 83' lang='lat' dir='ltr'>adaequatam</span> <span class='ocrx_word' id='word_1_919' title='bbox 874 3603 937 3639; x_wconf 89' lang='lat' dir='ltr'>rei,</span> <span class='ocrx_word' id='word_1_920' title='bbox 962 3602 1177 3634; x_wconf 88' lang='lat' dir='ltr'>confirmatur.</span> <span class='ocrx_word' id='word_1_921' title='bbox 1212 3602 1356 3632; x_wconf 89' lang='lat' dir='ltr'>Secunda</span> 
     </span>
    </p>
   </div>
   <div class='ocr_carea' id='block_1_27' title="bbox 1409 3155 2585 3638">
    <p class='ocr_par' dir='ltr' id='par_1_47' title="bbox 1409 3155 2469 3373">
     <span class='ocr_line' id='line_1_125' title="bbox 1410 3155 2468 3197; baseline -0.005 -7"><span class='ocrx_word' id='word_1_922' title='bbox 1410 3166 1516 3190; x_wconf 90' lang='lat' dir='ltr'>autem</span> <span class='ocrx_word' id='word_1_923' title='bbox 1531 3165 1577 3189; x_wconf 90' lang='lat' dir='ltr'>est</span> <span class='ocrx_word' id='word_1_924' title='bbox 1593 3168 1630 3188; x_wconf 80' lang='lat' dir='ltr'>ex</span> <span class='ocrx_word' id='word_1_925' title='bbox 1649 3168 1681 3188; x_wconf 90' lang='lat' dir='ltr'>se</span> <span class='ocrx_word' id='word_1_926' title='bbox 1698 3157 1840 3187; x_wconf 90' lang='lat' dir='ltr'>evidens:</span> <span class='ocrx_word' id='word_1_927' title='bbox 1862 3157 1937 3197; x_wconf 87' lang='lat' dir='ltr'>quia</span> <span class='ocrx_word' id='word_1_928' title='bbox 1953 3157 2093 3196; x_wconf 90' lang='lat' dir='ltr'>acceptio</span> <span class='ocrx_word' id='word_1_929' title='bbox 2111 3155 2262 3186; x_wconf 89' lang='lat' dir='ltr'>difformis</span> <span class='ocrx_word' id='word_1_930' title='bbox 2279 3162 2324 3186; x_wconf 88' lang='lat' dir='ltr'>est</span> <span class='ocrx_word' id='word_1_931' title='bbox 2339 3156 2468 3196; x_wconf 85' lang='lat' dir='ltr'>aliquid·</span> 
     </span>
     <span class='ocr_line' id='line_1_126' title="bbox 1409 3199 2469 3241; baseline -0.005 -7"><span class='ocrx_word' id='word_1_932' title='bbox 1409 3203 1529 3235; x_wconf 90' lang='lat' dir='ltr'>Ultima</span> <span class='ocrx_word' id='word_1_933' title='bbox 1544 3209 1651 3232; x_wconf 90' lang='lat' dir='ltr'>autem</span> <span class='ocrx_word' id='word_1_934' title='bbox 1667 3202 1819 3241; x_wconf 87' lang='lat' dir='ltr'>probatur</span> <span class='ocrx_word' id='word_1_935' title='bbox 1843 3211 1879 3231; x_wconf 88' lang='lat' dir='ltr'>ex</span> <span class='ocrx_word' id='word_1_936' title='bbox 1903 3201 2074 3231; x_wconf 87' lang='lat' dir='ltr'>differentia</span> <span class='ocrx_word' id='word_1_937' title='bbox 2089 3200 2169 3230; x_wconf 89' lang='lat' dir='ltr'>inter</span> <span class='ocrx_word' id='word_1_938' title='bbox 2185 3199 2332 3239; x_wconf 91' lang='lat' dir='ltr'>opposita</span> <span class='ocrx_word' id='word_1_939' title='bbox 2349 3207 2469 3230; x_wconf 90' lang='lat' dir='ltr'>contra-</span> 
     </span>
     <span class='ocr_line' id='line_1_127' title="bbox 1410 3243 2469 3286; baseline -0.005 -8"><span class='ocrx_word' id='word_1_940' title='bbox 1410 3247 1548 3283; x_wconf 89' lang='lat' dir='ltr'>dictorie,</span> <span class='ocrx_word' id='word_1_941' title='bbox 1565 3246 1726 3286; x_wconf 90' lang='lat' dir='ltr'>privative,</span> <span class='ocrx_word' id='word_1_942' title='bbox 1744 3251 1774 3275; x_wconf 89' lang='lat' dir='ltr'>et</span> <span class='ocrx_word' id='word_1_943' title='bbox 1798 3245 1966 3275; x_wconf 86' lang='lat' dir='ltr'>contrarie:</span> <span class='ocrx_word' id='word_1_944' title='bbox 1991 3245 2066 3285; x_wconf 90' lang='lat' dir='ltr'>quia</span> <span class='ocrx_word' id='word_1_945' title='bbox 2089 3244 2205 3274; x_wconf 88' lang='lat' dir='ltr'>scilicet</span> <span class='ocrx_word' id='word_1_946' title='bbox 2220 3244 2252 3273; x_wconf 92' lang='lat' dir='ltr'>in</span> <span class='ocrx_word' id='word_1_947' title='bbox 2268 3243 2320 3273; x_wconf 90' lang='lat' dir='ltr'>illa</span> <span class='ocrx_word' id='word_1_948' title='bbox 2336 3244 2469 3274; x_wconf 86' lang='lat' dir='ltr'>alterum</span> 
     </span>
     <span class='ocr_line' id='line_1_128' title="bbox 1410 3287 2468 3331; baseline -0.005 -9"><span class='ocrx_word' id='word_1_949' title='bbox 1410 3299 1455 3322; x_wconf 94' lang='lat' dir='ltr'>est</span> <span class='ocrx_word' id='word_1_950' title='bbox 1478 3301 1558 3331; x_wconf 87' lang='lat' dir='ltr'>pura</span> <span class='ocrx_word' id='word_1_951' title='bbox 1580 3289 1705 3329; x_wconf 90' lang='lat' dir='ltr'>negatio</span> <span class='ocrx_word' id='word_1_952' title='bbox 1729 3290 1847 3329; x_wconf 91' lang='lat' dir='ltr'>absque</span> <span class='ocrx_word' id='word_1_953' title='bbox 1871 3289 2031 3324; x_wconf 90' lang='lat' dir='ltr'>subiecto;</span> <span class='ocrx_word' id='word_1_954' title='bbox 2055 3288 2088 3318; x_wconf 93' lang='lat' dir='ltr'>in</span> <span class='ocrx_word' id='word_1_955' title='bbox 2112 3288 2262 3323; x_wconf 88' lang='lat' dir='ltr'>secunda,</span> <span class='ocrx_word' id='word_1_956' title='bbox 2288 3287 2412 3327; x_wconf 89' lang='lat' dir='ltr'>negatio</span> <span class='ocrx_word' id='word_1_957' title='bbox 2436 3287 2468 3317; x_wconf 92' lang='lat' dir='ltr'>in</span> 
     </span>
     <span class='ocr_line' id='line_1_129' title="bbox 1410 3332 2114 3373; baseline -0.007 -7"><span class='ocrx_word' id='word_1_958' title='bbox 1410 3335 1566 3371; x_wconf 86' lang='lat' dir='ltr'>subiecto;</span> <span class='ocrx_word' id='word_1_959' title='bbox 1591 3334 1623 3363; x_wconf 92' lang='lat' dir='ltr'>in</span> <span class='ocrx_word' id='word_1_960' title='bbox 1647 3333 1745 3369; x_wconf 90' lang='lat' dir='ltr'>tertia,</span> <span class='ocrx_word' id='word_1_961' title='bbox 1770 3333 1887 3373; x_wconf 88' lang='lat' dir='ltr'>positio</span> <span class='ocrx_word' id='word_1_962' title='bbox 1907 3333 1939 3362; x_wconf 90' lang='lat' dir='ltr'>in</span> <span class='ocrx_word' id='word_1_963' title='bbox 1963 3332 2114 3362; x_wconf 86' lang='lat' dir='ltr'>subiecto.</span> 
     </span>
    </p>

    <p class='ocr_par' dir='ltr' id='par_1_48' title="bbox 1410 3374 2585 3638">
     <span class='ocr_line' id='line_1_130' title="bbox 1466 3374 2470 3418; baseline -0.005 -9"><span class='ocrx_word' id='word_1_964' title='bbox 1466 3380 1502 3410; x_wconf 89' lang='grc' dir='ltr'>ΙΙ.</span> <span class='ocrx_word' id='word_1_965' title='bbox 1527 3378 1662 3409; x_wconf 89' lang='lat' dir='ltr'>Adverte</span> <span class='ocrx_word' id='word_1_966' title='bbox 1686 3377 1746 3413; x_wconf 92' lang='lat' dir='ltr'>hic,</span> <span class='ocrx_word' id='word_1_967' title='bbox 1764 3377 1853 3418; x_wconf 93' lang='lat' dir='ltr'>quod</span> <span class='ocrx_word' id='word_1_968' title='bbox 1872 3377 1974 3407; x_wconf 88' lang='lat' dir='ltr'>littera</span> <span class='ocrx_word' id='word_1_969' title='bbox 1990 3375 2142 3415; x_wconf 89' lang='lat' dir='ltr'>supponit</span> <span class='ocrx_word' id='word_1_970' title='bbox 2164 3385 2276 3405; x_wconf 89' lang='lat' dir='ltr'>verum</span> <span class='ocrx_word' id='word_1_971' title='bbox 2300 3381 2331 3405; x_wconf 87' lang='lat' dir='ltr'>et</span> <span class='ocrx_word' id='word_1_972' title='bbox 2354 3374 2470 3405; x_wconf 79' lang='lat' dir='ltr'>falsum</span> 
     </span>
     <span class='ocr_line' id='line_1_131' title="bbox 1410 3419 2470 3464; baseline -0.006 -11"><span class='ocrx_word' id='word_1_973' title='bbox 1410 3422 1541 3464; x_wconf 90' lang='lat' dir='ltr'>opponi,</span> <span class='ocrx_word' id='word_1_974' title='bbox 1566 3429 1719 3462; x_wconf 87' lang='lat' dir='ltr'>tanquam</span> <span class='ocrx_word' id='word_1_975' title='bbox 1742 3431 1798 3461; x_wconf 91' lang='lat' dir='ltr'>per</span> <span class='ocrx_word' id='word_1_976' title='bbox 1814 3431 1846 3451; x_wconf 89' lang='lat' dir='ltr'>se</span> <span class='ocrx_word' id='word_1_977' title='bbox 1865 3427 1996 3455; x_wconf 90' lang='lat' dir='ltr'>notum;</span> <span class='ocrx_word' id='word_1_978' title='bbox 2022 3427 2051 3449; x_wconf 91' lang='lat' dir='ltr'>et</span> <span class='ocrx_word' id='word_1_979' title='bbox 2074 3419 2180 3449; x_wconf 90' lang='lat' dir='ltr'>solum</span> <span class='ocrx_word' id='word_1_980' title='bbox 2208 3419 2344 3449; x_wconf 92' lang='lat' dir='ltr'>modum</span> <span class='ocrx_word' id='word_1_981' title='bbox 2368 3428 2470 3458; x_wconf 92' lang='lat' dir='ltr'>oppo-</span> 
     </span>
     <span class='ocr_line' id='line_1_132' title="bbox 1410 3462 2470 3503; baseline -0.006 -6"><span class='ocrx_word' id='word_1_982' title='bbox 1410 3467 1531 3498; x_wconf 88' lang='lat' dir='ltr'>sitionis</span> <span class='ocrx_word' id='word_1_983' title='bbox 1554 3472 1686 3496; x_wconf 90' lang='lat' dir='ltr'>venatur</span> <span class='ocrx_word' id='word_1_984' title='bbox 1704 3475 1740 3495; x_wconf 90' lang='lat' dir='ltr'>ac</span> <span class='ocrx_word' id='word_1_985' title='bbox 1759 3465 1953 3495; x_wconf 86' lang='lat' dir='ltr'>determinat.</span> <span class='ocrx_word' id='word_1_986' title='bbox 1978 3464 2018 3493; x_wconf 89' lang='lat' dir='ltr'>Et</span> <span class='ocrx_word' id='word_1_987' title='bbox 2038 3463 2109 3493; x_wconf 89' lang='lat' dir='ltr'>ideo</span> <span class='ocrx_word' id='word_1_988' title='bbox 2134 3462 2359 3503; x_wconf 87' lang='lat' dir='ltr'>consequentia</span> <span class='ocrx_word' id='word_1_989' title='bbox 2381 3462 2470 3493; x_wconf 90' lang='lat' dir='ltr'>tertia</span> 
     </span>
     <span class='ocr_line' id='line_1_133' title="bbox 1410 3506 2470 3550; baseline -0.006 -9"><span class='ocrx_word' id='word_1_990' title='bbox 1410 3511 1531 3541; x_wconf 87' lang='lat' dir='ltr'>nullam</span> <span class='ocrx_word' id='word_1_991' title='bbox 1553 3509 1670 3550; x_wconf 87' lang='lat' dir='ltr'>patitur</span> <span class='ocrx_word' id='word_1_992' title='bbox 1694 3509 1895 3539; x_wconf 89' lang='lat' dir='ltr'>calumniam.</span> <span class='ocrx_word' id='word_1_993' title='bbox 1913 3526 1933 3530; x_wconf 94' lang='lat'><em>-</em></span> <span class='ocrx_word' id='word_1_994' title='bbox 1949 3506 2158 3538; x_wconf 88' lang='lat' dir='ltr'>Confirmatio</span> <span class='ocrx_word' id='word_1_995' title='bbox 2187 3516 2317 3547; x_wconf 90' lang='lat' dir='ltr'>quoque</span> <span class='ocrx_word' id='word_1_996' title='bbox 2350 3507 2470 3546; x_wconf 89' lang='lat' dir='ltr'>primae</span> 
     </span>
     <span class='ocr_line' id='line_1_134' title="bbox 1411 3549 2578 3601; baseline -0.006 -15"><span class='ocrx_word' id='word_1_997' title='bbox 1411 3553 1652 3595; x_wconf 89' lang='lat' dir='ltr'>consequentiae</span> <span class='ocrx_word' id='word_1_998' title='bbox 1680 3563 1717 3583; x_wconf 86' lang='lat' dir='ltr'>ex</span> <span class='ocrx_word' id='word_1_999' title='bbox 1740 3552 1965 3592; x_wconf 86' lang='lat' dir='ltr'>significatione</span> <span class='ocrx_word' id='word_1_1000' title='bbox 1993 3551 2074 3587; x_wconf 90' lang='lat' dir='ltr'>veri,</span> <span class='ocrx_word' id='word_1_1001' title='bbox 2099 3551 2189 3580; x_wconf 80' lang='lat' dir='ltr'>valde</span> <span class='ocrx_word' id='word_1_1002' title='bbox 2213 3550 2319 3582; x_wconf 85' lang='lat' dir='ltr'>efficax</span> <span class='ocrx_word' id='word_1_1003' title='bbox 2348 3557 2412 3586; x_wconf 85' lang='lat' dir='ltr'>est,</span> <span class='ocrx_word' id='word_1_1004' title='bbox 2445 3549 2469 3579; x_wconf 93' lang='lat' dir='ltr'>si</span> <span class='ocrx_word' id='word_1_1005' title='bbox 2497 3554 2578 3601; x_wconf 54' lang='lat' dir='ltr'>fiCap-</span> 
     </span>
     <span class='ocr_line' id='line_1_135' title="bbox 1411 3580 2585 3638; baseline -0.006 -8"><span class='ocrx_word' id='word_1_1006' title='bbox 1411 3600 1453 3631; x_wconf 90' lang='lat' dir='ltr'>IV</span> <span class='ocrx_word' id='word_1_1007' title='bbox 1476 3598 1658 3638; x_wconf 76' lang='lat' dir='ltr'>Metaphys.</span> <span class='ocrx_word' id='word_1_1008' title='bbox 1676 3595 1691 3611; x_wconf 89' lang='grc'><strong>*</strong></span> <span class='ocrx_word' id='word_1_1009' title='bbox 1716 3597 1865 3627; x_wconf 87' lang='lat' dir='ltr'>creditur:</span> <span class='ocrx_word' id='word_1_1010' title='bbox 1890 3595 2044 3636; x_wconf 90' lang='lat' dir='ltr'>quoniam</span> <span class='ocrx_word' id='word_1_1011' title='bbox 2066 3594 2183 3625; x_wconf 90' lang='lat' dir='ltr'>ibidem</span> <span class='ocrx_word' id='word_1_1012' title='bbox 2201 3594 2288 3625; x_wconf 85' lang='lat' dir='ltr'>nulla</span> <span class='ocrx_word' id='word_1_1013' title='bbox 2308 3593 2470 3634; x_wconf 89' lang='lat' dir='ltr'>disparitas</span> <span class='ocrx_word' id='word_1_1014' title='bbox 2495 3581 2554 3627; x_wconf 43' lang='lat' dir='ltr'>iffi}</span> <span class='ocrx_word' id='word_1_1015' title='bbox 2567 3580 2585 3607; x_wconf 87' lang='lat'>1,</span> 
     </span>
    </p>
   </div>
   <div class='ocr_carea' id='block_1_28' title="bbox 2588 3553 2706 3608">
    <p class='ocr_par' dir='ltr' id='par_1_49' title="bbox 2588 3553 2706 3608">
     <span class='ocr_line' id='line_1_136' title="bbox 2588 3553 2706 3575; baseline -0.008 0"><span class='ocrx_word' id='word_1_1016' title='bbox 2588 3560 2620 3575; x_wconf 78' lang='lat' dir='ltr'>xi.</span> <span class='ocrx_word' id='word_1_1017' title='bbox 2633 3564 2643 3568; x_wconf 93' lang='lat'>-</span> <span class='ocrx_word' id='word_1_1018' title='bbox 2651 3553 2706 3575; x_wconf 87' lang='lat' dir='ltr'>Did.</span> 
     </span>
     <span class='ocr_line' id='line_1_137' title="bbox 2601 3586 2706 3608; baseline -0.01 -7"><span class='ocrx_word' id='word_1_1019' title='bbox 2601 3586 2652 3608; x_wconf 85' lang='lat' dir='ltr'>cap.</span> <span class='ocrx_word' id='word_1_1020' title='bbox 2665 3586 2706 3607; x_wconf 86' lang='lat' dir='ltr'>vn,</span> 
     </span>
    </p>
   </div>
  </div>
 </body>
</html>
