2768 4178
58 2059 71 2072 '
82 2058 108 2082 S.
117 2058 165 2083 Th.
173 2059 227 2081 lect.
238 2048 273 2081 iit.

60 2162 70 2171 ·
86 2159 154 2182 Vere.
163 2166 187 2187 4.

68 3179 78 3190 ·
92 3178 161 3200 ven.
170 3184 192 3207 3.

22 3304 23 3310 ι
70 3293 79 3304 ·
92 3292 283 3319 1Ρενί1ιεηηεη.,

19 3367 21 3369 ,
69 3325 155 3369 ἓρῂέῑ
168 3325 228 3368 izei:
238 3326 281 3368 2³12·

1000 226 1268 272 QUAESTIO
1298 226 1404 273 XIII,
1434 227 1730 264 ARTICULUS
1761 228 1774 263 1

2412 230 2482 276 139

1539 357 1557 367 x

853 441 1265 517 QUAESTIO
1303 442 1934 499 DECIMATERTIA

1097 560 1182 600 DE
1214 559 1549 602 NOMINIBUS
1583 562 1685 602 DEI

1021 671 1060 696 IN
1095 671 1314 698 DUODECIM
1348 672 1585 697 ARTICULOS
1623 673 1765 698 DIVISA

378 777 613 803 ONsmERATls
654 765 712 802 his
755 777 852 813 quae
891 765 940 802 ad
978 765 1147 802 divinam
1186 765 1366 814 cognitio-

299 777 468 860 Cnem
496 825 513 839 ²
541 818 746 868 pertinent,
779 818 1069 867 procedendum
1104 826 1160 856 est
1194 820 1241 856 ad
1276 831 1365 856 con—

83 883 267 927 trggvnqfflss,
295 872 567 911 siderationem
592 871 811 909 divinorum
831 872 1035 909 nominum
1054 872 1090 909 *τ
1120 873 1365 921 unumquod-

296 938 372 975 que
406 925 508 963 enim
541 924 763 962 nominatur
791 937 813 962 a
845 925 973 973 nobis,
1014 926 1227 963 secundum
1260 925 1364 975 quod

295 979 423 1029 ipsum
453 978 733 1026 cognoscimus.

297 1032 408 1070 Circa
434 1032 510 1069 hoc
540 1044 629 1080 ergo
659 1040 891 1080 quaeruntur
919 1032 1135 1070 duodecim.

349 1085 498 1123 Primo:
527 1093 655 1122 utrum
684 1086 790 1122 Deus
819 1085 863 1122 sit
890 1085 1135 1123 nominabilis
1163 1097 1186 1122 a
1213 1085 1336 1122 nobis.

351 1138 551 1177 Secundo:
580 1146 707 1176 utrum
738 1139 863 1188 aliqua
891 1138 1050 1176 nomina
1075 1138 1174 1175 dicta
1198 1137 1246 1175 de
1265 1139 1364 1185 Deo,

402 1191 669 1242 praedicentur
698 1192 746 1229 de
774 1192 858 1240 ipso
887 1191 1189 1228 substantialiter.

350 1245 659 1283 Tertiox'utrum
698 1244 824 1294 aliqua
856 1244 1015 1281 nomina
1044 1244 1143 1281 dicta
1172 1244 1219 1281 de
1257 1245 1364 1290 Deo,

402 1298 555 1348 proprie
594 1298 766 1335 dicantur
804 1297 851 1334 de
881 1297 986 1346 ipso;
1020 1310 1068 1334 an
1097 1297 1228 1334 omnia
1266 1297 1367 1334 attri-

403 1353 569 1389 buantur
590 1351 630 1396 ⁴ei
659 1349 930 1399 metaphorice.

352 1406 519 1454 Quarto:
547 1412 677 1441 utrum
705 1404 823 1440 multa
851 1403 1010 1440 nomina
1039 1403 1138 1440 dicta
1172 1403 1220 1440 de
1258 1404 1364 1450 Deo,

404 1457 477 1495 sint
504 1469 732 1506 synonyma.

351 1510 515 1559 Quinto:
545 1518 673 1547 utrum
697 1510 858 1547 nomina
877 1509 1002 1559 aliqua
1022 1509 1193 1547 dicantur
1213 1509 1260 1547 de
1280 1511 1366 1547 Deo

405 1571 442 1601 et
470 1563 650 1601 creaturis
677 1563 863 1610 univoce,
888 1564 950 1600 vel
980 1563 1204 1612 aequivoce.

1475 767 1606 804 Sexto:
1624 766 1823 816 supposito
1836 767 1942 817 quod
1958 767 2129 805 dicantur
2140 769 2344 817 analogice,
2355 777 2484 806 utrum

1528 820 1700 857 dicantur
1729 820 1776 857 de
1799 821 1885 857 Deo
1914 833 1982 869 per
2009 821 2124 870 prius,
2145 823 2207 859 vel
2229 822 2274 859 de
2296 823 2483 860 creaturis.

1475 873 1670 922 Septimo:
1690 881 1818 910 utrum
1833 873 1958 923 aliqua
1977 874 2134 911 nomina
2151 875 2322 912 dicantur
2337 876 2384 913 de
2400 877 2485 912 Deo

1528 939 1574 963 ex
1601 934 1788 975 tempore.

1475 980 1643 1016 Octavo:
1672 987 1801 1017 utrum
1833 980 1908 1017 hoc
1945 993 2090 1017 nomen
2118 982 2223 1018 Deus
2260 982 2306 1018 sit
2342 994 2487 1018 nomen

1527 1040 1697 1081 naturae,
1725 1034 1788 1071 vel
1818 1033 2049 1082 operationis
2068 1033 2095 1070 β.

1475 1086 1614 1123 Nono:
1648 1094 1776 1123 utrum
1810 1087 1885 1123 hoc
1918 1099 2062 1124 nomen
2095 1089 2199 1124 Deus
2219 1093 2232 1114 ⁷
2261 1088 2321 1124 sit.
2343 1100 2487 1125 nomen

1530 1139 1861 1176 communicabile.
2412 1137 2414 1140 ’

1475 1192 1655 1228 Decimo:
1684 1200 1811 1229 utrum
1841 1192 2045 1242 accipiatur
2071 1193 2236 1230 univoce
2264 1195 2327 1231 vel
2359 1194 2487 1243 aequi-

1527 1257 1638 1291 voce,
1669 1246 1881 1282 secundum
1911 1237 2015 1294 quod
2044 1246 2230 1294 significat
2257 1247 2394 1284 Deum,
2418 1259 2488 1296 per

1528 1305 1721 1345 naturam,
1752 1306 1788 1335 et
1815 1311 1884 1347 per
1917 1299 2261 1348 participationem,
2293 1308 2328 1336 et
2357 1313 2489 1337 secun-

1530 1350 1623 1387 dum
1653 1351 1877 1400 opinionem
1898 1349 1922 1387 ὃ.

1475 1403 1710 1442 Undecimo:
1739 1412 1868 1441 utrum
1888 1405 1963 1441 hoc
1982 1417 2127 1442 nomen
2160 1406 2233 1447 Qui
2259 1412 2314 1442 est
2339 1406 2384 1443 sit
2410 1418 2490 1442 ma-

1528 1456 1631 1494 xime
1659 1457 1859 1507 proprium
1888 1470 2032 1495 nomen
2061 1458 2145 1495 Dei.

1476 1510 1737 1547 Duodecimo:
1767 1519 1895 1548 utrum
1924 1511 2204 1560 propositiones
2238 1512 2489 1549 affirmativae

1531 1564 1677 1612 possint
1705 1564 1860 1601 formari
1891 1564 1937 1601 de
1966 1565 2064 1601 Deo.

1119 1673 1437 1716 ARTICULUS
1467 1673 1675 1716 PRIMUS

923 1766 1079 1797 UTRUM
1103 1766 1300 1804 ALIQUOD
1324 1766 1480 1797 NOMEN
1503 1766 1593 1797 DEo
1618 1766 1873 1797 CONVENIAT

718 1854 727 1879 1
747 1854 830 1884 Sent„
851 1855 909 1879 dist.
928 1862 945 1885 ι,
965 1862 1055 1888 expos.
1073 1859 1143 1885 text„
1162 1856 1208 1887 qu*
1229 1853 1259 1886 6;
1280 1855 1339 1880 dist.
1358 1862 1416 1884 xxu,
1437 1859 1485 1880 art.
1508 1862 1533 1885 13
1554 1854 1596 1880 De
1615 1854 1677 1880 Diu.
1696 1855 1784 1886 Nom.‚
1805 1862 1861 1888 cap.
1880 1863 1898 1886 1,
1918 1855 1976 1880 lect.
1996 1862 2013 1886 ι,
2033 1862 2069 1880 ιιι.

335 1962 395 2003 '22¹5ss
418 1965 474 1992 »κ
496 1956 538 1981 D
567 1955 703 1981 PRIMUM
732 1955 785 1980 sxc
814 1955 1052 1981 PROCEmTUR.
1079 1943 1238 1981 Videtur
1267 1943 1372 1992 quod

330 1990 491 2057 {⁴
516 1997 665 2034 nullum
706 2009 851 2034 nomen
894 1998 979 2033 Deo
1022 1997 1236 2034 conveniat.
1271 1996 1372 2033 Dicit

320 2053 353 2098 ’,ᾗ
406 2069 441 2096 ν,
452 2037 504 2097 ”ff
517 2050 620 2087 enim
649 2049 870 2098 Dionysius,
892 2063 901 2086 1
922 2062 1004 2099 cap.
1025 2050 1071 2087 de
1094 2051 1181 2087 Div.
1202 2051 1320 2087 Nom.
1337 2050 1369 2096 ²¹⁶,

311 2118 318 2127 ²
361 2098 622 2152 fenkquod
651 2115 771 2152 neque
798 2115 935 2140 nomen
964 2103 1043 2140 eius
1071 2109 1134 2149 est,
1156 2115 1275 2152 neque
1294 2103 1373 2152 opi-

302 2158 376 2196 nio.
407 2158 457 2195 Et
482 2158 597 2194 Prov.
612 2155 718 2193 xxx*
738 2155 890 2193 dicitur:
925 2156 1036 2198 Quod
1062 2169 1198 2193 nomen
1227 2157 1318 2202 eius,
1339 2162 1374 2192 et

301 2211 403 2260 quod
430 2222 566 2247 nomen
585 2209 665 2258 filii
690 2210 785 2255 eius,
813 2210 848 2246 si
874 2209 998 2246 nosti?

357 2276 392 2302 2.
414 2264 647 2310 PRAETEREA,
669 2275 786 2300 omne
815 2274 960 2300 nornen
990 2270 1054 2300 aut
1074 2262 1210 2300 dicitur
1229 2262 1267 2299 in
1287 2262 1372 2299 abs-

301 2325 433 2364 tracto,
455 2324 519 2354 aut
546 2316 586 2354 in
615 2324 806 2353 concreto.
838 2316 917 2353 Sed
935 2315 1094 2353 nomina
1123 2315 1372 2364 significantia

301 2370 342 2408 in
370 2377 563 2418 concreto,
594 2381 673 2406 non
702 2377 926 2418 competunt
953 2370 1062 2417 Deo,
1092 2381 1181 2406 cum
1210 2369 1372 2418 simplex

303 2424 366 2462 sit:
394 2436 520 2472 neque
549 2423 708 2461 nomina
733 2423 983 2472 significantia
1002 2422 1041 2460 in
1060 2423 1262 2470 abstracto,
1283 2423 1373 2471 quia

301 2490 382 2516 non
400 2477 614 2526 significant
632 2476 776 2526 aliquid
793 2477 1006 2526 perfectum
1026 2476 1247 2513 subsistens.
1269 2477 1371 2524 Ergo

303 2531 451 2568 nullum
480 2543 625 2567 nomen
652 2537 779 2580 potest
807 2529 881 2566 dici
910 2529 957 2567 de
986 2531 1084 2567 Deo.

359 2585 394 2621 3.
423 2585 657 2632 Pmrnnm,
683 2583 842 2620 nomina
877 2583 1091 2631 significant
1124 2583 1373 2620 substantiam

305 2649 394 2674 cum
424 2636 619 2686 qualitate;
648 2637 793 2674 verba'
817 2643 946 2675 autem
976 2644 1011 2674 et
1037 2636 1235 2686 participia
1263 2636 1373 2684 signi-

304 2690 422 2736 ficant
450 2702 538 2727 cum
558 2698 751 2739 tempore;
776 2690 1009 2738 pronomina
1034 2698 1164 2727 autem
1194 2702 1282 2727 cum
1310 2689 1374 2726 de-

305 2743 581 2781 monstratione
609 2744 672 2781 vel
701 2743 894 2781 relatione.
925 2744 1105 2791 Quorum
1138 2743 1230 2780 nihil
1266 2755 1370 2780 com-

304 2797 398 2846 petit
431 2798 535 2847 Deo:
565 2797 655 2846 quia
688 2796 768 2834 sine
798 2796 974 2846 qualitate
1004 2805 1059 2834 est
1091 2805 1128 2834 et
1156 2797 1236 2834 sine
1265 2797 1372 2834 omni

305 2850 513 2898 accidente,
536 2858 572 2887 et
590 2850 673 2887 sine
698 2858 888 2899 tempore;
919 2858 955 2887 et
982 2850 1111 2888 sentiri
1129 2863 1207 2887 non
1235 2857 1372 2899 potest,

305 2912 346 2942 ut
367 2904 618 2942 demonstrari
637 2904 774 2953 possit;
794 2916 866 2941 nec
885 2904 1040 2942 relative
1056 2903 1268 2952 significari,
1286 2916 1373 2940 cum

307 2957 463 2996 relativa
482 2958 555 2995 sint
582 2957 798 3006 aliquorum
818 2957 1096 2995 antedictorum
1122 2957 1373 3004 recordativa,

306 3012 370 3048 vel
385 3011 600 3059 nominum,
620 3012 683 3048 vel
698 3010 995 3060 participiorum,
1015 3011 1077 3049 vel
1098 3010 1374 3060 pronominum

309 3063 708 3102 demonstrativorum.
736 3065 837 3112 Ergo
857 3065 964 3102 Deus
983 3064 1086 3102 nullo
1111 3064 1231 3102 modo
1250 3071 1376 3113 potest

309 3117 499 3154 nominari
527 3131 550 3155 a
576 3119 700 3155 nobis.

365 3171 439 3207 SED
460 3182 605 3208 CONTRA
623 3183 689 3209 EsT
709 3170 814 3221 quod
834 3170 967 3208 dicitur
980 3171 1104 3208 Exod.
1120 3182 1168 3207 xv
1181 3170 1218 3207 *ε
1244 3170 1375 3207 Domi-

311 3235 380 3260 nus
397 3223 411 3249 ζ
429 3224 538 3272 quasi
553 3225 614 3261 vir
626 3231 835 3275 pugnator,
861 3224 1100 3273 Omnipotens
1119 3236 1255 3261 nomen
1284 3224 1373 3260 eius.

364 3278 589 3314 RESPONDEO
617 3290 801 3316 DICENDUM
820 3277 941 3327 quod,
961 3278 1173 3315 secundum
1203 3276 1376 3314 Philoso-

309 3330 433 3379 phum
447 3329 478 3377 ³⁸,
507 3342 625 3367 voces
645 3339 732 3368 sunt
759 3331 865 3380 signa
885 3331 1156 3378 intellectuum,
1179 3338 1215 3367 et
1234 3330 1375 3367 intelle—

364 3463 392 3496 α)
411 3462 599 3496 cognitionem.
617 3474 636 3481 -
649 3463 841 3496 perfectionem
860 3464 927 3489 PFG
946 3468 972 3489 et
990 3464 1048 3488 edd.
1067 3464 1118 3488 ab.

365 3497 390 3531 β)
410 3497 581 3531 operationis.
600 3511 620 3516 -
637 3498 846 3530 comparationis
864 3499 896 3524 D.

364 3535 390 3568 γ)
410 3534 458 3559 hoc
477 3540 571 3558 nomen
592 3533 674 3557 Deus.
691 3546 710 3552 -
728 3533 790 3558 Om.
808 3534 910 3559 codices
929 3539 955 3559 et
973 3534 1013 3559 ed.
1027 3542 1054 3560 a.

365 3569 389 3602 ὃ)
405 3569 548 3595 secundum
563 3568 723 3600 opinionem.
734 3575 814 3600 -per
827 3570 1008 3601 operationem
1022 3569 1141 3601 AEFGa,
1152 3569 1331 3602 operationem
1347 3569 1375 3600 Β,

308 3613 360 3638 per
378 3605 606 3638 comparationem
626 3603 670 3628 CD

1427 1950 1508 1980 ctus
1536 1951 1623 1980 sunt
1651 1955 1779 1981 rerum
1809 1943 2084 1981 similitudines.
2119 1944 2168 1981 Et
2195 1943 2248 1980 sic
2266 1951 2369 1992 patet
2387 1945 2492 1993 quod

1425 2009 1543 2034 voces
1572 1997 1785 2034 referuntur
1819 1997 1867 2034 ad
1896 2009 1955 2034 res
1984 1997 2271 2045 significandas,
2301 1997 2491 2035 mediante

1426 2050 1676 2099 conceptione
1714 2050 1935 2087 intellectus.
1980 2050 2203 2087 Secundum
2241 2050 2351 2098 igitur
2387 2051 2491 2100 quod

1426 2103 1568 2152 aliquid
1588 2116 1610 2140 a
1629 2103 1741 2140 nobis
1756 2104 1945 2141 intellectu
1961 2103 2140 2151 cognosci
2158 2111 2294 2152 potest,
2311 2103 2363 2140 sic
2383 2116 2405 2140 a
2424 2117 2492 2141 no-

1426 2156 1483 2193 bis
1502 2164 1628 2205 potest
1647 2156 1847 2194 nominari.
1879 2157 2088 2193 Ostensum
2113 2164 2169 2193 est
2188 2164 2316 2193 autem
2346 2169 2459 2205 supra
2473 2157 2493 2179 ’¹‘

1426 2206 1531 2258 quod
1559 2211 1665 2246 Deus
1691 2209 1729 2246 in
1756 2210 1828 2246 hac
1846 2209 1923 2246 vita
1952 2222 2031 2246 non
2049 2217 2175 2258 potest
2193 2223 2215 2246 a
2235 2209 2345 2247 nobis
2372 2210 2494 2248 videri

1425 2275 1495 2312 per
1514 2275 1623 2300 suam
1645 2263 1847 2300 essentiam
1867 2262 1902 2308 *;
1929 2263 1996 2300 sed
2017 2263 2257 2311 cognoscitur
2276 2275 2298 2300 a
2318 2263 2427 2300 nobis
2447 2276 2493 2300 ex

1427 2316 1618 2363 creaturis,
1645 2316 1858 2353 secundum
1878 2316 2142 2353 habitudinem
2165 2316 2349 2366 principii,
2371 2325 2408 2353 et
2425 2329 2495 2366 per

1426 2370 1587 2407 modum
1603 2369 1843 2420 excellentiae
1860 2377 1896 2406 et
1911 2369 2143 2406 remotionis.
2166 2370 2228 2406 Sic
2243 2369 2353 2417 igitur
2369 2378 2495 2418 potest

1427 2423 1616 2460 nominari
1645 2435 1668 2460 a
1696 2423 1808 2460 nobis
1838 2435 1883 2459 ex
1912 2422 2111 2459 creaturis:
2145 2435 2224 2460 non
2252 2430 2381 2459 tamen
2399 2429 2414 2446 '¹
2442 2423 2492 2460 ita

1427 2475 1532 2525 quod
1551 2488 1696 2513 nomen
1717 2476 1932 2524 significans
1953 2476 2092 2524 ipsum,
2114 2476 2300 2524 exprimat
2321 2475 2491 2513 divinam

1426 2529 1631 2567 essentiam
1660 2529 1873 2566 secundum
1892 2529 1998 2578 quod
2023 2537 2093 2575 est,
2124 2529 2219 2565 sicut
2245 2530 2320 2565 hoc
2348 2541 2493 2566 nomen

1426 2584 1539 2620 homo
1575 2582 1748 2631 exprimit
1781 2595 1850 2619 sua
1884 2581 2159 2630 significatione
2194 2582 2394 2619 essentiam
2424 2583 2492 2619 ho-

1426 2635 1540 2673 minis
1573 2635 1784 2673 secundum
1819 2635 1925 2684 quod
1959 2642 2031 2672 est:
2066 2635 2252 2683 significat
2280 2635 2382 2672 enirn
2413 2635 2493 2672 eius

1427 2688 1712 2736 definitionem,
1742 2689 2000 2726 declarantem
2030 2688 2109 2725 eius
2144 2688 2368 2734 essentiam;
2399 2688 2492 2726 ratio

1429 2742 1530 2780 enim
1560 2754 1677 2791 quam
1706 2741 1890 2789 significat
1917 2754 2073 2790 nomen,
2104 2749 2159 2779 est
2188 2741 2356 2779 definitio
2376 2739 2433 2779 ⁰³¹⁶.

1480 2797 1539 2832 Αι)
1569 2807 1705 2832 PRIMUM
1734 2806 1833 2832 ERGO
1862 2803 2045 2832 mcENDUM
2075 2795 2179 2844 quod
2209 2807 2254 2832 ea
2274 2795 2418 2832 ratione
2440 2794 2493 2831 di-

1428 2849 1522 2885 citur
1549 2850 1654 2885 Deus
1683 2860 1762 2885 non
1799 2848 1940 2885 habere
1974 2860 2139 2895 nomen,
2168 2849 2230 2886 vel
2260 2860 2342 2885 esse
2380 2860 2494 2897 supra

1427 2901 1752 2948 nominationem,
1792 2901 1881 2950 quia
1915 2901 2077 2938 essentia
2112 2901 2191 2938 eius
2225 2909 2280 2938 est
2314 2913 2428 2949 supra
2456 2901 2493 2938 id

1428 2954 1532 3004 quod
1562 2955 1608 2992 de
1642 2955 1727 2990 Deo
1762 2954 2004 3002 intelligimus
2034 2962 2071 2991 et
2097 2967 2194 2992 voce
2224 2954 2491 3002 significamus.

1437 3010 1441 3013 '
1482 3010 1540 3045 AD
1569 3019 1758 3045 SECUNDUM
1787 3019 1972 3045 DlCENDUM
1991 3008 2109 3057 quod,
2131 3007 2220 3056 quia
2249 3020 2295 3043 ex
2314 3007 2493 3043 creaturis

1428 3062 1467 3099 in
1499 3061 1571 3098 Dei
1605 3060 1861 3108 cognitionem
1894 3060 2092 3108 venimus,
2131 3068 2167 3097 et
2205 3072 2249 3097 ex
2281 3059 2370 3108 ipsis
2404 3072 2493 3096 eum

1429 3114 1692 3161 nominamus,
1721 3113 1880 3151 nomina
1907 3126 2006 3163 quae
2035 3115 2118 3150 Deo
2149 3112 2398 3160 attribuimus,
2418 3113 2494 3149 hoc

1429 3168 1547 3205 modo
1568 3166 1792 3215 significant,
1813 3168 2026 3205 secundum
2047 3166 2152 3214 quod
2180 3165 2361 3215 competit
2389 3177 2493 3202 crea-

1430 3221 1522 3259 turis
1554 3220 1831 3268 materialibus,
1871 3227 2061 3269 quarum‘
2091 3219 2253 3267 cognitio
2292 3226 2347 3255 est
2383 3218 2494 3255 nobis

1431 3273 1703 3321 connaturalis,
1733 3280 1774 3310 ut
1801 3286 1916 3323 supra
1940 3273 1959 3295 ’¹‘
1989 3273 2129 3310 dictum
2159 3279 2225 3309 est.
2262 3273 2311 3308 Et
2338 3272 2428 3321 quia
2455 3271 2494 3308 in
2523 3279 2643 3306 'Qu-¹11,
2654 3281 2698 3301 art·
2708 3284 2732 3304 4-

1430 3327 1650 3366 huiusmodi
1671 3327 1863 3375 creaturis,
1881 3339 1925 3364 ea
1945 3339 2041 3375 quae
2061 3333 2148 3363 sunt
2165 3325 2332 3374 perfecta
2351 3332 2388 3361 et
2407 3325 2493 3361 sub—

1484 3461 1506 3493 ε)
1525 3461 1614 3485 verba.
1631 3473 1650 3478 -
1667 3460 1776 3484 verbum
1794 3459 1916 3484 ABCDE.
1933 3472 1953 3480 -
1970 3459 2021 3483 Pro
2034 3458 2194 3490 participia,
2210 3457 2385 3489 participium
2405 3457 2458 3482 CD.

1483 3496 1507 3528 ζ)
1528 3495 1667 3520 Dominus.
1685 3507 1704 3514 —-
1722 3495 1784 3520 Om.
1802 3494 1865 3519 Pab.

1483 3531 1510 3563 η)
1531 3534 1627 3556 tamen.
1645 3544 1665 3549 -
1683 3530 1744 3555 Om.
1758 3530 1813 3555 BD.

1485 3565 1508 3598 θ)
1529 3566 1655 3599 definitio.
1674 3578 1692 3585 ·-
1711 3569 1741 3590 ut
1759 3565 1859 3590 dicitur
1876 3564 1902 3589 in
1924 3564 1965 3588 IV
1978 3563 2181 3597 Metaphysicae
2200 3563 2297 3588 addunt
2314 3562 2458 3587 ABCDEF.

1485 3602 1503 3634 ι)
1523 3609 1645 3635 quarum.
1663 3615 1682 3620 -
1700 3608 1812 3634 quorum
1831 3600 1946 3630 PFGab,·
1964 3607 2077 3632 quarum
2127 3598 2310 3624 connaturalis
2328 3605 2381 3622 om.
2396 3598 2428 3622 D.

2520 2164 2529 2173 '
2541 2163 2588 2190 Qu.
2599 2169 2639 2189 ιιι,
2647 2166 2693 2186 art.
2704 2169 2731 2189 n,

2521 2277 2530 2286 ·
2545 2276 2574 2298 D.
2588 2276 2640 2303 482.

2520 2782 2530 2792 ⁸
2545 2781 2676 2808 Metaphys.
2692 2780 2732 2806 111,

2521 2814 2612 2856 {³¹'†K¹¹
2622 2813 2666 2855 ’11¹3'
2680 2822 2704 2861 ι’
2720 2818 2731 2823 ’

2519 2862 2572 2883 lect.
2582 2866 2629 2882 xvi.
