2768 4178
310 261 358 296 26

359 342 418 377 AD
447 351 637 377 SECUNDUM
658 350 843 376 mcENnuM
863 338 968 387 quod
987 338 1050 375 illa
1069 338 1139 375 tria
1153 345 1183 385 μ,
1209 338 1377 386 historia,

306 393 517 441 aetiologia,
547 392 731 440 analogia,
762 392 814 439 ads
839 404 961 429 unum
994 391 1192 428 litteralem
1221 404 1378 429 sensum

305 446 504 496 pertinent.
544 446 647 482 Nam
675 445 831 482 historia
860 453 933 493 est,
963 452 1004 481 ut
1032 444 1114 494 ipse
1142 445 1378 493 Augustinus

66 505 76 515 ⁶
93 504 157 526 L⁰00
173 504 244 526 011210
255 504 278 526 1¹¹
307 499 461 549 exponit
487 499 527 547 ²¹²,
569 511 657 536 cum
695 498 915 548 simpliciter
951 498 1095 547 aliquid
1123 498 1375 547 proponitur:

68 537 118 558 arg.

66 722 74 729 ·
90 720 156 742 Vers.
168 720 190 742 8.

65 1412 72 1420 ·
88 1411 123 1432 Cf.
139 1417 202 1432 num.
219 1417 254 1432 iu.

306 552 506 601 aetiologia
533 564 640 600 vero,
662 564 751 589 cum
781 564 896 589 causa
920 551 1009 589 dicti
1037 551 1260 599 assignatur,
1282 551 1378 588 sicut

306 618 395 643 cum
428 605 620 643 Dominus
648 605 854 653 assignavit
883 617 1039 642 causam
1068 616 1186 652 quare
1216 605 1376 653 Moyses

304 659 474 708 permisit
497 659 688 696 licentiam
714 658 939 707 repudiandi
957 669 1108 705 uxores,
1129 657 1269 694 scilicet
1287 670 1375 707 pro-

304 720 387 761 pter
407 711 583 749 duritiam
604 711 729 749 cordis
757 711 941 760 ipsorum,
968 711 1075 748 Matt.
1095 722 1156 747 X1x
1174 710 1214 747 *z
1245 712 1374 748 analo-

304 766 364 814 gia
383 778 477 802 vero
502 773 568 812 est,
586 777 675 802 cum
694 765 834 802 veritas
861 764 974 801 unius
1003 763 1219 812 Scripturae
1249 771 1374 801 osten-

305 819 402 856 ditur
420 818 567 855 veritati
596 818 747 855 alterius
776 831 855 855 non
879 829 1101 866 repugnare.
1134 817 1224 854 Sola
1243 824 1372 854 autem

304 872 492 920 allegoria,
509 872 605 909 inter
623 872 684 908 illa
704 879 878 920 quatuor,
894 883 965 920 pro
981 870 1098 907 tribus
1118 869 1372 919 spiritualibus

304 925 476 962 sensibus
494 925 658 974 ponitur.
681 925 786 962 Sicut
805 932 841 961 et
861 925 974 972 Hugo
996 923 1043 961 de
1063 922 1203 961 Sancto
1218 923 1371 960 Victore

304 979 375 1016 sub
395 991 510 1016 sensu
530 978 731 1026 allegorico
754 977 867 1014 etiam
892 977 1145 1025 anagogicum
1161 983 1172 996 ’
1196 989 1372 1025 compre-

357 1143 384 1176 μ)
404 1143 450 1167 illa
469 1144 532 1168 tria.
550 1155 570 1163 —
588 1143 642 1167 tria
661 1143 708 1167 illa
726 1142 825 1167 scilicet
844 1142 956 1167 codices.

355 1180 378 1210 ν)
397 1178 585 1211 anagogicum.
603 1190 622 1197 —
639 1178 812 1211 analogicum
833 1177 861 1202 P.

356 1212 379 1246 Ε)
392 1214 550 1247 figurative.
568 1227 587 1232 -
598 1214 722 1246 figurate
740 1213 838 1238 ACEF.

1045 258 1314 305 QUAESTIO
1345 260 1377 307 Ι,
1407 259 1706 297 ARTICULUS
1736 260 1771 296 X

1434 338 1585 386 hendit,
1614 350 1765 387 ponens
1794 338 1832 376 in
1860 339 1969 376 tertio
2004 350 2162 376 suarum
2190 338 2470 376 Sententiarum
2490 338 2510 360 ’¹‘

1434 392 1561 428 solum
1581 399 1656 428 tres
1677 404 1823 440 sensus,
1845 392 1985 429 scilicet
2003 391 2240 439 historicum,
2262 391 2509 440 allegoricum

1434 453 1471 482 et
1498 445 1793 494 tropologicum.

1485 500 1545 535 An
1573 510 1734 536 TERTIUM
1763 510 1948 536 menapum
1978 498 2084 548 quod
2113 510 2248 536 sensus
2266 497 2509 547 parabolicus

1432 551 1503 588 sub
1531 551 1678 588 litterali
1707 551 1940 589 continetur:
1971 564 2062 589 nam
2085 564 2156 601 per
2182 563 2302 589 voces
2321 551 2508 599 significa-

1431 611 1492 641 tur
1510 604 1655 652 aliquid
1673 604 1841 654 proprie,
1863 612 1899 642 et
1918 605 2062 655 aliquid
2076 605 2276 654 figurative
2300 602 2329 650 ἢ
2360 616 2432 641 nec
2453 611 2509 642 est

1430 657 1594 695 litteralis
1623 670 1758 695 sensus
1785 658 1869 707 ipsa
1893 658 2034 706 figura,
2063 658 2132 696 sed
2151 658 2190 696 id
2209 658 2316 707 quod
2336 664 2393 695 est
2411 658 2508 706 figu-

1430 718 1566 748 ratum.
1610 711 1703 748 Non
1738 711 1841 748 enim
1877 724 1966 749 cum
1995 712 2190 761 Scriptura
2222 711 2397 749 nominat
2434 710 2508 749 Dei

1430 764 1651 812 brachium,
1687 772 1743 801 est
1776 764 1944 802 litteralis
1973 777 2109 802 sensus
2145 765 2253 815 quod
2281 765 2321 802 in
2348 763 2432 802 Deo
2461 764 2509 801 sit

1429 817 1653 854 membrum
1682 817 1906 855 huiusmodi
1926 823 1938 838 ⁰
1967 819 2188 867 corporale:
2224 818 2294 856 sed
2325 818 2364 855 id
2399 818 2507 866 quod

1427 882 1498 919 per
1511 870 1588 907 hoc
1605 871 1830 908 membrum
1850 871 2096 919 significatur,
2117 871 2258 909 scilicet
2275 871 2395 909 virtus
2414 883 2507 920 ope-

1428 923 1560 960 rativa.
1592 924 1635 960 In
1663 935 1742 972 quo
1770 931 1875 972 patet
1903 924 2009 973 quod
2041 925 2171 962 sensui
2199 924 2347 962 litterali
2375 936 2506 962 sacrae

1427 975 1645 1025 scripturae
1674 988 1874 1025 nunquam
1902 985 2028 1026 potest
2055 978 2213 1015 subesse
2242 978 2392 1015 falsum.

1481 1141 1508 1202 ἓ)
1518 1142 1676 1202 Ᾰηοεηιὸνιιηι
1696 1142 1860 1168 huiusmodi.
1873 1157 1891 1161 -
1905 1142 1960 1167 tale
1972 1142 2120 1167 membrum
2138 1143 2169 1167 B.
2187 1156 2207 1162 -
2224 1142 2275 1167 Pro
2290 1142 2363 1174 quod
2376 1149 2437 1174 per,
2453 1149 2506 1174 per

1427 1184 1480 1210 quo
1565 1195 1572 1201 .

983 1301 1318 1334 Oommentarta
1340 1300 1592 1334 cardinalis
1615 1300 1816 1334 Caietam

363 1409 470 1429 tronus
489 1399 600 1429 clarus.
622 1415 640 1421 -
662 1398 696 1428 In
717 1407 850 1438 corpore
872 1398 955 1428 duae
976 1397 1200 1428 conclusiones
1215 1397 1242 1428 *.
1267 1397 1373 1428 Prima

305 1411 534 1483 Trespondet
556 1442 700 1484 quaesito
723 1441 921 1473 affirmative:
947 1442 1041 1473 Sacra
1062 1441 1205 1472 doctrina
1228 1442 1288 1472 sub
1309 1452 1374 1472 una

302 1487 402 1518 littera
418 1487 512 1518 habet
528 1487 634 1527 plures
655 1496 776 1522 sensus,
793 1486 910 1518 scilicet
929 1486 1096 1517 litteralem
1113 1492 1143 1517 et
1157 1486 1370 1526 spiritualem:

303 1539 333 1562 et
355 1532 441 1562 hunc
464 1532 635 1572 triplicem,
667 1531 784 1562 scilicet
812 1530 1033 1571 allegoricum,
1058 1530 1214 1561 moralem
1244 1537 1275 1561 et
1298 1541 1372 1561 ana-

302 1576 464 1617 gogicum.

367 1621 523 1651 Probatur
546 1630 582 1650 ex
599 1619 773 1650 differentia
791 1619 872 1650 inter
886 1619 968 1650 hanc
984 1618 1149 1650 scientiam
1172 1626 1203 1650 et
1224 1619 1310 1655 alias,
1335 1630 1372 1650 ex

302 1664 475 1695 differentia
491 1665 571 1695 inter
587 1670 732 1695 auctores
744 1663 891 1696 derivata.
904 1666 1027 1695 Auctor
1041 1663 1137 1694 huius
1153 1663 1314 1694 doctrinae
1326 1671 1373 1695 est

302 1709 406 1745 Deus,
432 1715 606 1740 ceterarum
634 1708 751 1739 homo:
777 1718 851 1748 ergo
874 1708 908 1739 in
936 1714 1091 1749 potestate
1115 1707 1211 1738 huius
1235 1708 1372 1739 auctoris

303 1760 349 1784 est
372 1753 626 1784 accommodatio
644 1759 675 1783 et
688 1762 808 1783 vocum
823 1759 855 1783 et
876 1762 983 1783 rerum
1007 1753 1047 1783 ad
1070 1751 1324 1792 significandum,
1343 1759 1373 1784 et

303 1807 369 1828 non
393 1798 425 1828 in
449 1803 603 1837 potestate
627 1797 765 1828 auctoris
788 1797 932 1828 aliarum.
956 1797 1042 1838 Ergo
1057 1796 1090 1827 in
1111 1796 1219 1827 ceteris
1235 1797 1372 1828 scientiis

302 1852 396 1873 voces
420 1848 546 1873 tantum
566 1841 756 1882 significant:
781 1841 813 1871 in
829 1841 887 1872 hac
903 1851 978 1872 vero
995 1848 1026 1872 et
1041 1850 1137 1871 voces
1156 1848 1187 1872 et
1201 1851 1260 1872 res.
1285 1842 1371 1882 Ergo

302 1886 335 1916 in
359 1886 417 1917 hac
440 1893 487 1916 est
505 1886 622 1926 duplex
645 1895 771 1922 sensus,
796 1885 914 1917 scilicet
936 1885 1076 1917 litteralis
1100 1891 1131 1915 et
1153 1885 1334 1926 spiritualis.
1352 1904 1372 1908 -

303 1926 425 1962 Omnes
450 1930 693 1971 consequentiae
721 1936 840 1970 patent.
873 1930 913 1961 Et
936 1929 1048 1961 ultima
1080 1929 1271 1961 declaratur:
1297 1930 1372 1972 quia

302 1975 388 2006 iuxta
419 1974 682 2015 significationem
705 1984 842 2011 vocum,
874 1974 1045 2005 attenditur
1073 1983 1183 2004 sensus
1213 1973 1370 2005 litteralis:

302 2019 387 2049 iuxta
410 2018 673 2059 significationem
697 2025 804 2049 autem
828 2028 948 2055 rerum,
974 2017 1145 2050 attenditur
1168 2028 1279 2050 sensus
1303 2029 1371 2061 my-

303 2070 410 2094 sucus.

357 2108 474 2145 Quoad
499 2107 671 2138 secundam
694 2116 770 2137 vero
794 2113 926 2147 partem,
949 2107 1124 2138 declaratur
1147 2107 1372 2148 distinguendo

303 2152 456 2193 triplicem
481 2151 715 2192 figurationem,
741 2158 777 2182 ut
800 2151 882 2182 clare
905 2158 991 2192 patet
1013 2151 1046 2182 in
1070 2151 1182 2182 littera.

360 2196 397 2227 11.
421 2195 514 2227 Circa
535 2195 617 2226 hanc
640 2202 763 2236 partem
786 2202 871 2231 nota,
896 2205 971 2226 cum
995 2196 1238 2226 accommodare
1260 2206 1309 2226 res
1333 2196 1373 2226 ad

304 2240 546 2281 significandum
562 2239 640 2270 nihil
655 2240 742 2270 aliud
757 2239 797 2270 sit
808 2249 907 2280 quam
923 2240 1023 2271 facere
1038 2249 1087 2270 res
1101 2250 1167 2270 esse
1183 2249 1250 2270 non
1266 2239 1374 2271 solum

304 2295 362 2321 res,
383 2285 438 2315 sed
461 2285 549 2325 signa
572 2284 706 2314 aliarum
729 2293 845 2320 rerum,
863 2284 1030 2325 dupliciter
1049 2284 1180 2324 intelligi
1204 2291 1310 2325 potest
1325 2294 1374 2315 res

305 2329 371 2360 fieri
395 2329 498 2369 signa:
524 2338 591 2359 uno
614 2328 726 2364 mod0‚
747 2329 779 2359 in
804 2329 873 2369 ipsa
895 2329 1107 2370 generatione
1126 2338 1249 2366 rerum,
1265 2335 1301 2360 ut
1316 2328 1373 2359 sci-

304 2374 376 2404 licet
400 2373 495 2404 simul
514 2372 591 2404 fiant
614 2373 654 2404 ad
676 2372 739 2403 hoc
766 2379 802 2403 ut
830 2373 893 2404 sint
915 2383 978 2408 res,
1003 2379 1034 2404 et
1056 2373 1145 2413 signa
1169 2373 1302 2404 aliarum
1326 2383 1373 2404 re-

305 2427 392 2454 rum;
418 2417 480 2448 alio
503 2417 614 2453 mod0‚
631 2416 815 2454 adventitie,
840 2424 876 2448 ut
898 2427 947 2448 res
970 2417 1035 2448 iam
1058 2417 1157 2449 factae
1180 2417 1375 2458 accipiantur

306 2469 341 2493 ut
356 2463 455 2502 signa.
478 2479 498 2484 -
517 2461 550 2492 Si
574 2461 829 2492 accommodatio
854 2471 961 2492 rerum
984 2461 1024 2492 ad
1048 2461 1111 2493 hoc
1134 2468 1170 2492 ut
1189 2461 1252 2493 sint
1274 2462 1373 2502 signa,

305 2513 450 2537 sumatur
472 2506 534 2536 hoc
557 2505 697 2536 secundo
722 2506 839 2542 modo,
872 2516 938 2537 non
962 2512 1008 2536 est
1031 2506 1199 2547 proprium
1222 2506 1292 2543 Dei,
1317 2516 1375 2537 nec

306 2551 426 2582 excedit
448 2550 587 2581 hominis
602 2549 799 2586 facultatem,
816 2550 1060 2581 accommodare
1076 2560 1125 2581 res
1142 2551 1181 2581 ad
1197 2550 1374 2591 significan-

307 2597 401 2626 dum:
427 2605 485 2626 nec
501 2601 547 2625 est
561 2594 729 2635 proprium
743 2594 839 2625 huius
856 2594 1002 2626 scientiae
1019 2595 1108 2635 quod
1124 2604 1172 2626 res
1189 2594 1374 2635 significent.

307 2640 471 2677 Quoniam
494 2649 542 2670 res
565 2645 669 2679 gestae
694 2645 834 2670 narratae
857 2639 890 2669 in
913 2638 981 2677 aliis
1004 2638 1152 2676 historiis,
1177 2646 1312 2680 possunt
1336 2640 1374 2670 ab

307 2684 438 2715 homine
460 2683 654 2723 interpretari
677 2690 713 2714 ut
728 2683 817 2723 signa
840 2683 988 2719 aliarum;
1013 2693 1079 2714 non
1103 2683 1211 2714 solum
1234 2694 1290 2725 per
1309 2694 1376 2715 mo-

308 2729 387 2759 dum
411 2727 603 2763 imitationis,
628 2734 664 2758 ut
682 2734 769 2767 gesta
793 2727 884 2758 fortia
907 2728 1115 2769 antiquorum
1137 2727 1291 2759 imitanda
1314 2728 1377 2760 sint

308 2783 326 2802 a
345 2772 591 2807 successoribus;
616 2772 671 2802 sed
694 2782 750 2812 per
773 2772 910 2802 modurn
933 2771 1181 2813 significationis,
1205 2779 1242 2804 ut
1260 2772 1376 2804 scilicet

309 2823 395 2857 gesta
417 2816 470 2846 illa
493 2823 529 2847 ut
551 2815 639 2856 signa
662 2815 837 2847 habeantur
859 2817 1083 2857 gerendorum.
1099 2834 1119 2839 —
1135 2816 1168 2848 Si
1191 2823 1299 2848 autem
1323 2827 1376 2848 su-

310 2868 414 2891 matur
429 2860 682 2891 accommodatio
698 2870 805 2891 rerum
821 2860 861 2890 ad
876 2860 1128 2901 significandum,
1142 2861 1248 2902 primo
1264 2862 1375 2899 modo,

310 2904 476 2945 dupliciter
492 2911 596 2945 potest
610 2904 741 2945 intelligi
754 2913 759 2934 :
785 2904 902 2936 scilicet
917 2905 1142 2942 universaliter,
1163 2912 1193 2937 et
1208 2906 1377 2947 particula·

310 2949 391 2980 riter.
417 2949 449 2980 Si
465 2948 701 2990 particulariter,
718 2948 762 2979 sic
782 2959 848 2979 non
872 2949 992 2981 excedit
1015 2949 1155 2981 hominis
1171 2957 1374 2991 potestatem:

310 3003 386 3024 nam
409 2993 541 3034 quilibet
564 2999 669 3033 potest
692 2992 792 3024 facere
812 2993 935 3034 aliquos
959 3001 1056 3030 actus,
1081 2994 1131 3025 vel
1150 2994 1282 3036 aliquod
1305 2995 1375 3026 arti-

310 3037 421 3073 ficiale,
446 3044 476 3068 et
499 3037 643 3068 faciendo
666 3037 728 3073 illa,
746 3037 906 3068 intendere
930 3048 986 3078 per
1009 3038 1062 3069 illa
1084 3038 1258 3079 significare
1282 3039 1377 3070 aliam

312 3092 388 3118 rem,
406 3088 441 3112 ut
458 3087 552 3122 patet.
576 3081 638 3113 Sed
661 3081 751 3122 quod
770 3081 879 3112 omnia
902 3092 983 3123 quae
1000 3090 1164 3114 narrantur
1178 3090 1265 3124 gesta
1280 3083 1312 3114 in
1329 3090 1378 3115 tot

312 3125 449 3157 historiis
472 3132 508 3156 ut
531 3135 580 3156 res
603 3126 644 3156 ad
673 3125 851 3157 doctrinam
879 3126 1019 3167 aliquam
1042 3133 1234 3168 spectantes,
1263 3133 1300 3159 ut
1322 3127 1376 3164 sic,

313 3170 375 3200 sint
398 3180 434 3200 ex
457 3169 506 3201 sui
530 3169 755 3201 constitutione
779 3169 866 3210 signa
890 3170 1024 3202 aliarum
1046 3181 1162 3209 rerum,
1177 3171 1240 3202 hoc
1259 3171 1379 3203 excedit

313 3214 487 3244 humanam
510 3214 705 3246 facultatem:
730 3214 792 3245 hoc
812 3214 871 3245 Dei
888 3221 934 3246 est
956 3215 1136 3256 proprium:
1161 3215 1194 3246 in
1216 3215 1279 3247 hoc
1301 3216 1379 3247 haec

314 3258 455 3289 doctrina
480 3265 595 3290 ceteras
619 3258 763 3290 scientias
787 3258 919 3290 excellit.

1483 1398 1540 1429 Est
1563 1397 1659 1438 igitur
1682 1408 1793 1429 sensus
1815 1398 1954 1434 litterae,
1979 1397 2070 1439 quod
2093 1397 2337 1428 accommodare
2360 1406 2410 1428 res
2434 1397 2504 1429 uni·

1426 1442 1587 1473 versaliter
1613 1449 1791 1483 spectantes
1822 1443 1862 1473 ad
1891 1442 2088 1478 doctrinam,
2113 1441 2153 1472 ad
2175 1441 2239 1472 hoc
2269 1448 2305 1473 ut
2328 1441 2418 1482 signa
2440 1441 2504 1474 sint

1427 1496 1503 1518 cum
1525 1485 1616 1524 fiunt,
1635 1493 1682 1518 est
1700 1486 1869 1528 proprium
1893 1486 1990 1518 huius
2014 1485 2194 1517 doctrinae:
2219 1485 2296 1527 quia
2318 1485 2382 1517 hoc
2397 1496 2416 1517 a
2431 1486 2502 1518 solo

1426 1533 1567 1562 Auctore
1590 1531 1686 1562 huius
1702 1531 1864 1563 doctrinae
1880 1530 1947 1562 fieri
1963 1537 2079 1572 potest.
2103 1531 2179 1561 Non
2196 1530 2283 1561 enim
2298 1540 2336 1562 ex
2351 1529 2503 1565 adinven-

1425 1575 1513 1606 tione
1537 1581 1654 1612 nostra,
1676 1582 1766 1616 petra
1789 1576 1828 1606 de
1851 1585 1916 1617 qua
1939 1574 2031 1606 fluxit
2054 1574 2178 1606 Iudaeis
2202 1584 2286 1616 aqua
2308 1573 2342 1605 in
2365 1575 2507 1612 deserto,

1426 1619 1508 1651 facta
1534 1626 1582 1651 est
1604 1620 1733 1661 signum
1761 1619 1896 1651 Christi:
1921 1620 1977 1651 sed
2000 1619 2041 1650 ad
2063 1619 2127 1650 hoc
2150 1629 2187 1650 ex
2216 1619 2270 1650 illa
2299 1625 2388 1660 petra
2411 1619 2503 1651 fluxit

1426 1674 1519 1706 aqua,
1530 1671 1567 1695 ut
1581 1664 1615 1695 in
1631 1664 1760 1696 veritate
1776 1671 1857 1696 esset
1872 1663 1946 1696 fons
1959 1673 2071 1706 aquae,
2085 1671 2117 1695 et
2133 1670 2215 1695 esset
2229 1663 2360 1704 signum
2371 1663 2500 1701 Christi.

1425 1709 1482 1750 qui
1506 1708 1578 1739 fons
1602 1715 1649 1740 est
1671 1719 1774 1750 aquae
1797 1708 1954 1750 spiritalis,
1983 1708 2107 1740 dicente
2130 1708 2281 1749 apostolo
2296 1708 2330 1738 *ι
2355 1707 2502 1740 bibebant

1425 1758 1533 1784 autem
1557 1753 1598 1784 de
1618 1753 1784 1794 spirituali
1811 1758 2023 1794 consequente
2045 1762 2099 1784 eos
2121 1758 2237 1794 petra,
2263 1757 2362 1794 petra
2390 1758 2499 1785 autem

1426 1802 1498 1828 erat
1524 1797 1682 1829 Christus.
1707 1798 1749 1829 Et
1768 1797 1812 1828 sic
1835 1798 1874 1828 de
1898 1797 1978 1829 aliis.

1482 1841 1535 1873 111.
1553 1841 1700 1873 Secunda
1709 1839 1725 1857 *
1738 1841 1903 1873 conclusio
1918 1847 1975 1873 est.
1994 1841 2070 1872 Non
2082 1840 2267 1872 inconvenit
2278 1841 2311 1872 in
2323 1850 2388 1872 una
2399 1840 2501 1873 littera

1426 1886 1615 1926 Scripturae,
1632 1886 1812 1917 secundum
1827 1895 1958 1917 sensum
1977 1885 2154 1922 litteralem,
2170 1894 2239 1917 esse
2254 1886 2362 1927 plures
2377 1895 2500 1918 sensus.

1481 1931 1638 1961 Probatur
1661 1930 1839 1971 dupliciter.
1866 1930 1996 1968 Prinm,
2020 1929 2153 1961 ratione.
2177 1932 2299 1962 Auctor
2322 1929 2502 1971 Scripturae

1426 1981 1551 2006 sanctae
1576 1981 1623 2006 est
1645 1974 1743 2012 Deus,
1768 1974 1879 2005 omnia
1903 1974 2001 2005 simul
2024 1983 2084 2005 suo
2102 1973 2266 2005 intellectu
2290 1973 2501 2016 comprehen-

1427 2019 1534 2050 densz‘
1553 2029 1628 2060 ergo
1658 2029 1725 2050 non
1753 2018 1954 2055 inconvenit,
1980 2025 2039 2050 etc.
2069 2018 2227 2050 Probatur
2257 2018 2501 2060 consequentia:

1426 2063 1502 2105 quia
1518 2073 1630 2094 sensus
1649 2062 1791 2094 litteralis
1810 2070 1856 2094 est
1871 2073 1971 2104 quem
1985 2065 2109 2094 Auctor
2124 2062 2304 2104 Scripturae
2320 2062 2466 2095 intendit.
2481 2080 2502 2087 —

1426 2107 1586 2146 Secundo,
1610 2107 1797 2139 auctoritate
1819 2107 2003 2148 Augustini,
2027 2107 2085 2138 XII
2112 2106 2372 2150 Consessionum.

1483 2152 1535 2183 1v.
1561 2151 1654 2183 Circa
1669 2151 1751 2182 hanc
1767 2151 2011 2183 conclusionem
2034 2151 2173 2183 occurrit
2195 2151 2342 2183 dubium.
2367 2151 2454 2190 Quia
2475 2151 2504 2184 si

1427 2206 1538 2228 sensus
1554 2195 1694 2227 litteralis
1710 2202 1817 2236 potest
1831 2195 2047 2236 multiplicari,
2070 2195 2160 2227 nulla
2175 2195 2234 2228 erit
2249 2196 2406 2228 certitudo
2429 2196 2503 2238 quiz

1427 2251 1538 2272 sensus
1562 2240 1602 2272 sit
1624 2240 1765 2272 intentus
1787 2241 1828 2271 ad
1850 2240 2002 2276 litteram,
2027 2240 2174 2282 quolibet
2191 2240 2386 2282 praeferente
2409 2250 2503 2272 suam

1428 2284 1662 2326 expositionem
1684 2284 1937 2325 interpretationi
1962 2284 2108 2316 alterius:
2133 2294 2209 2316 cum
2232 2284 2319 2316 enim
2343 2285 2382 2316 de
2400 2285 2502 2317 inten-

1427 2329 1514 2361 tione
1538 2329 1598 2360 Dei
1621 2338 1688 2359 non
1712 2328 1801 2360 aliter
1824 2335 1956 2365 constet,
1981 2329 2144 2370 oportebit
2166 2338 2280 2360 omnes
2303 2329 2424 2361 litterae
2448 2339 2501 2362 ex-

1427 2373 1603 2415 positiones
1626 2380 1663 2404 ut
1685 2372 1832 2404 litterales
1855 2379 2026 2414 acceptare,
2051 2379 2106 2405 aut
2129 2373 2262 2405 nullam.

1483 2418 1522 2449 V.
1542 2418 1595 2449 Ad
1617 2417 1680 2449 hoc
1703 2417 1838 2448 breviter
1860 2417 1985 2454 dicitur,
2002 2418 2093 2459 quod
2115 2418 2219 2450 littera
2241 2418 2362 2449 habens
2385 2418 2503 2450 multas

1429 2462 1662 2504 expositiones,
1688 2461 1855 2502 dupliciter
1878 2472 1911 2493 se
1934 2468 2040 2503 potest
2070 2462 2187 2494 habere
2210 2463 2250 2493 ad
2271 2462 2351 2494 illas.
2379 2463 2501 2501 Ρνίηιο,

1429 2506 1627 2548 compatiens
1648 2506 1719 2537 illas
1741 2513 1808 2537 tam
1831 2506 1987 2542 absolute,
2007 2516 2107 2548 quam
2129 2506 2162 2538 in
2186 2506 2298 2538 ordine
2320 2507 2361 2538 ad
2380 2507 2503 2550 reliqua

1429 2561 1511 2593 quae
1526 2557 1601 2582 sunt
1615 2549 1699 2582 fidei.
1723 2550 1764 2582 Et
1780 2557 1857 2582 tunc
1873 2550 2048 2582 multitudo
2064 2550 2304 2592 expositionum
2318 2550 2503 2584 litteralium

1429 2596 1469 2626 ad
1497 2595 1753 2627 exercitationem
1782 2601 1924 2626 nostram
1952 2594 2091 2632 confert,
2119 2595 2329 2638 dignitatique
2352 2596 2503 2628 Auctoris

1429 2643 1602 2676 attestatur,
1626 2646 1662 2670 ut
1685 2639 1886 2680 Augustinus
1909 2639 2028 2671 ibidem
2041 2640 2122 2671 vult.
2146 2640 2306 2679 Secundo,
2321 2647 2358 2672 ut
2373 2650 2504 2682 compa-

1429 2684 1509 2716 tiens
1533 2684 1602 2715 illas
1617 2683 1651 2714 in
1667 2693 1710 2720 se,
1735 2693 1801 2715 non
1816 2690 1924 2715 tamen
1948 2684 2062 2715 collata
2085 2694 2161 2716 cum
2181 2684 2250 2716 aliis
2264 2684 2374 2717 litteris
2397 2693 2504 2717 sacrae

1430 2728 1619 2770 Scripturae.
1638 2728 1680 2759 Et
1695 2734 1772 2759 tunc
1787 2728 1894 2759 ex'tali
1910 2728 2082 2760 collatione
2097 2729 2222 2761 excludi
2237 2736 2374 2770 possunt
2389 2739 2504 2762 omnes

1429 2773 1500 2804 illae
1524 2772 1798 2813 interpretationes
1829 2780 2060 2814 repugnantes:
2085 2783 2152 2804 non
2184 2780 2398 2814 repugnantes
2426 2783 2503 2806 vero

1430 2817 1565 2848 admitti.
1596 2816 1684 2848 Sicut
1707 2816 1794 2847 enirn
1819 2817 1852 2847 in
1876 2817 2086 2858 responsione
2112 2818 2152 2848 ad
2176 2818 2318 2859 primum
2345 2818 2379 2849 in
2401 2817 2505 2850 littera

1430 2862 1562 2898 dicitur,
1593 2860 1672 2892 nihil
1695 2861 1907 2892 necessarium
1932 2862 1971 2892 ad
1995 2862 2131 2894 salutem
2158 2861 2339 2894 continetur
2360 2862 2394 2893 in
2417 2870 2504 2894 sacra

1430 2906 1601 2948 Scriptura,
1619 2905 1708 2947 quod
1723 2915 1790 2936 non
1805 2915 1862 2946 per
1876 2905 2044 2937 litteralem
2059 2915 2190 2938 sensum
2206 2905 2322 2938 alicubi
2337 2905 2504 2938 manifeste

1431 2951 1584 2983 tradatur:
1601 2949 1748 2992 quamvis
1763 2949 1797 2980 in
1813 2950 1919 2991 aliqua
1932 2950 2034 2982 littera
2048 2951 2183 2982 obscure
2198 2950 2360 2988 habeatur.
2373 2957 2505 2991 propter

1431 2994 1672 3026 multitudinem
1695 2994 1942 3035 expositionum.
1959 3013 1979 3018 -
1995 2995 2037 3026 Et
2059 2995 2086 3026 si
2109 2993 2256 3026 deficeret
2278 2994 2407 3026 collatio
2422 2994 2503 3027 litte·

1431 3049 1483 3070 rae
1507 3039 1659 3070 obscurae
1687 3038 1728 3069 ad
1750 3038 1966 3076 manifestam,
1995 3049 2164 3081 nunquam
2191 3045 2299 3070 tamen
2329 3039 2417 3071 deest
2439 3039 2504 3071 col-

1431 3083 1508 3115 latio
1532 3083 1573 3114 ad
1595 3089 1720 3114 sanctae
1743 3082 1902 3114 Ecclesiae
1926 3083 2162 3120 auctoritatem;
2186 3093 2204 3114 a
2227 3093 2291 3124 qua
2312 3093 2380 3115 non
2395 3083 2504 3115 solum

1431 3126 1591 3159 certificari
1614 3136 1788 3168 possumus
1812 3127 1850 3158 de
1873 3127 1998 3159 litterali
2021 3137 2115 3159 sensu
2139 3126 2327 3168 Scripturae,
2352 3127 2407 3159 sed
2429 3127 2505 3160 certi

1432 3171 1505 3203 facti
1521 3181 1633 3202 sumus
1649 3171 1688 3202 de
1702 3171 1863 3211 Scriptura
1875 3171 1958 3212 ipsa:
1973 3171 2156 3214 Evangelio
2167 3169 2287 3214 (inquit
2301 3172 2504 3213 Augustinus

1432 3215 1466 3246 in
1483 3215 1616 3257 epistola
1633 3222 1742 3246 contra
1759 3216 2020 3248 Fundamentum
2038 3214 2071 3259 ⁴¹)
2087 3226 2150 3248 non
2175 3216 2350 3256 crederem,
2375 3217 2439 3249 nisi
2452 3225 2505 3249 me

1433 3261 1612 3291 auctoritas
1633 3259 1800 3291 Ecclesiae
1822 3260 2021 3292 admoneret.

1349 3425 1470 3476 *Q*

2760 159 2768 224 ἑ

2537 337 2748 393 ἑιῦἕςὲῗὲἔέἕέἷ
2761 347 2768 366 ’

2536 397 2736 450 ἒῖῗῗέὶειξὶῗῇξ
2750 416 2754 418 ·

2536 447 2560 466 et
2567 444 2630 467 Prot.
2639 445 2679 467 hh.
2687 445 2698 468 1
2707 445 2738 469 de

2533 470 2707 518 gae-ramerum,
2715 478 2738 495 e.

2635 599 2648 631 ξ

2528 1716 2537 1726 ”
2552 1716 2702 1745 leonum.

2527 1849 2536 1858 '
2552 1847 2590 1871 Cf.
2603 1854 2670 1872 aum.
2684 1855 2701 1871 ι.

2529 3219 2689 3249 maner-ap.

2529 3246 2739 3306 m..
