2768 4178
307 262 385 298 440
993 244 1260 293 QUAESTIO
1290 244 1410 291 XLII,
1440 240 1734 280 ARTICULUS
1764 241 1814 277 111

311 329 409 378 cipio
427 340 615 366 coaevum
637 326 847 364 secundum
863 325 1115 371 durationem,
1131 332 1261 361 tamen
1274 324 1375 373 prin-

312 382 453 431 cipium
491 388 546 418 est
582 379 686 429 prius
723 378 935 416 secundum
968 385 1143 415 naturam
1172 385 1208 414 et
1235 376 1376 414 intelle-

312 442 427 481 ctum,
447 433 479 470 si
499 432 757 470 consideretur
775 431 813 468 id
833 432 936 480 quod
957 438 1012 467 est
1030 429 1270 478 principium.
1299 429 1376 466 Sed

312 488 343 525 si
362 484 671 524 considerentur'
663 496 766 544 ipsae
787 484 987 521 relationes
1007 494 1143 521 causae
1164 490 1200 520 et
1220 482 1374 528 causati,

312 547 349 577 et
375 538 545 588 principii
575 545 611 575 et
638 537 870 586 principiati,
899 535 1141 573 manifestum
1177 543 1233 574 est
1269 535 1376 583 quod

312 592 466 629 relativa
495 598 582 628 sunt
609 591 720 627 simul
754 598 888 627 natura
917 596 954 627 et
979 588 1189 635 intellectu,
1218 588 1377 637 inquan-

311 652 394 683 tum
422 656 542 682 unurn
572 651 627 680 est
653 643 692 681 in
720 642 941 680 definitione
969 641 1131 679 alterius.
1162 642 1240 679 Sed
1265 641 1304 679 in
1324 641 1377 678 di-

311 697 410 737 vinis
437 697 542 746 ipsae
570 696 771 733 relationes
800 702 887 732 sunt
915 694 1160 732 subsistentes
1187 706 1375 743 personae

311 751 351 788 in
379 762 455 788 una
487 757 631 787 natura.
670 748 781 786 Unde
819 760 942 796 neque
981 759 1027 784 ex
1063 754 1169 796 parte
1197 750 1375 794 naturae,

173 812 184 828 ε
313 815 437 852 neque
466 815 511 840 ex
538 810 644 851 parte
674 801 900 840 relationum
921 806 942 847 ¹,
972 812 1049 838 una
1068 812 1233 849 persona
1251 807 1377 849 potest

366 934 388 967 ε)
408 936 558 959 naturae...
572 933 743 959 reIationum.
760 946 779 951 -
797 932 956 958 relationum
1010 935 1125 957 naturae
1143 932 1254 957 codices.

1429 333 1512 358 esse
1541 320 1644 369 prior
1671 319 1755 367 alia,
1785 330 1911 367 neque
1941 318 2055 356 etiam
2079 316 2291 356 secundum
2319 325 2495 357 naturam

1429 382 1465 411 et
1492 373 1734 411 intellectum.

1464 428 1541 468 *An
1569 437 1729 463 Tannum
1757 437 1941 462 monimum
1978 423 2084 473 quod
2122 423 2217 460 ordo
2253 430 2408 461 naturae
2443 423 2496 462 di-

1430 478 1535 526 citur,
1556 491 1635 517 non
1664 479 1768 527 quod
1796 478 1879 527 ipsa
1906 484 2040 515 natura
2059 476 2273 514 ordinetur:
2303 476 2371 513 sed
2390 476 2497 525 quod

1430 532 1525 569 ordo
1541 531 1579 568 in
1599 531 1735 569 divinis
1762 530 1935 580 personis
1963 529 2165 567 attenditur
2193 528 2407 567 secundum
2431 541 2496 566 na-

1430 585 1591 622 turalem
1621 584 1819 632 originem.

1481 639 1542 674 AD
1571 649 1744 680 QUARTUM
1771 648 1956 675 DtCENDUM
1994 635 2098 685 quod
2135 640 2272 672 natura
2309 634 2498 684 quodam-

1430 689 1551 727 modo
1588 689 1768 739 importat
1805 689 1990 728 rationem
2027 687 2220 738 principii,
2255 699 2335 725 non
2367 694 2496 724 autem

1430 742 1598 781 essentia.
1629 743 1679 779 Et
1705 742 1792 780 ideo
1821 743 1917 780 ordo
1946 741 2099 790 originis
2119 740 2256 779 melius
2281 739 2499 778 nominatur

1432 795 1529 832 ordo
1558 801 1726 842 naturae,
1755 807 1873 843 quarn
1902 795 1999 832 ordo
2029 793 2225 833 essentiae.

991 1020 1324 1054 Commenta-ia.
1345 1020 1596 1054 Cardine-lis
1617 1020 1819 1053 Caietam

343 1128 363 1148 n
387 1118 497 1154 titulo,
524 1118 557 1159 ly
581 1123 718 1149 naturae
740 1127 807 1148 non
835 1124 881 1148 est
903 1117 1053 1158 obliquus
1077 1116 1301 1148 determinatus
1324 1126 1380 1158 per

316 1130 376 1203 Ily
400 1162 500 1192 ordo:
523 1162 578 1192 sed
599 1172 616 1192 e
642 1159 760 1199 contra,
782 1162 992 1193 determinans
1018 1162 1126 1202 ipsum
1152 1161 1307 1192 ordinem.
1334 1161 1379 1192 Ita

313 1207 402 1247 quod
425 1215 490 1236 non
514 1213 560 1237 est
583 1214 708 1237 sensus:
740 1207 857 1238 Utrum
879 1206 919 1237 sit
941 1206 1021 1237 ordo
1049 1212 1199 1244 naturae,
1227 1211 1380 1247 tanquam

313 1251 358 1282 rei
377 1250 555 1287 ordinatae;
575 1251 646 1281 sed:
664 1251 780 1282 Utrum
797 1250 836 1281 sit
854 1251 934 1281 ordo
948 1257 1087 1287 naturae,
1103 1250 1184 1281 idest
1202 1250 1379 1288 naturalis,

314 1302 350 1326 ut
369 1295 519 1326 naturale
538 1294 740 1336 distinguitur
758 1301 867 1326 contra
881 1295 1111 1326 voluntarium.

373 1339 410 1370 ΙΙ.
436 1339 469 1369 In
487 1349 620 1380 corpore
637 1349 700 1370 una
723 1346 769 1370 est
787 1339 966 1370 conclusio:
990 1339 1026 1370 In
1042 1338 1185 1380 personis
1201 1337 1314 1369 divinis
1333 1344 1380 1370 est

315 1383 395 1414 ordo
418 1389 557 1414 naturae.
572 1401 592 1406 ——
603 1384 767 1414 Probatur.
785 1383 874 1415 Ordo
891 1393 1015 1424 semper
1031 1390 1077 1414 est
1099 1393 1155 1424 per
1170 1382 1379 1423 comparatio-

315 1437 390 1458 nem
406 1427 445 1457 ad
460 1427 590 1468 aliquod
609 1428 817 1468 principium:
843 1438 917 1469 ergo
937 1434 983 1458 est
1001 1427 1176 1468 multiplex,
1197 1426 1283 1457 iuxta
1298 1426 1379 1457 mul-

315 1471 511 1512 tiplicitatem
525 1471 682 1512 principii:
701 1482 774 1513 ergo
791 1479 838 1503 est
851 1472 884 1502 in
899 1471 1012 1502 divinis
1025 1472 1201 1502 secundum
1214 1470 1379 1511 originem,

316 1516 434 1556 absque
456 1515 634 1556 prioritate.
660 1526 734 1556 ergo
757 1523 804 1547 est
826 1516 906 1547 ordo
930 1522 1068 1548 naturae.

369 1560 474 1591 Prima
497 1570 592 1591 conse
616 1561 722 1591 uentia
737 1561 921 1602 explanatur
942 1561 976 1591 in
999 1560 1071 1597 situ,
1087 1559 1258 1595 intellectu,
1276 1566 1306 1590 et
1321 1558 1381 1589 sin

316 1604 398 1645 gulis
422 1604 532 1635 causis.
556 1622 576 1627 —
623 1605 745 1635 ecunda
767 1611 875 1636 autem
898 1604 1065 1645 probatur:
1090 1604 1166 1645 quia
1185 1603 1381 1654 principium

316 1649 349 1679 in
380 1647 491 1678 divinis
516 1655 562 1679 est
592 1649 769 1679 secundum
801 1648 972 1689 originem,
998 1649 1116 1690 absque
1146 1647 1324 1689 prioritate,
1345 1657 1382 1678 ex

317 1703 371 1734 qu.
395 1703 507 1729 xxxin,
527 1699 583 1723 art.
614 1704 638 1724 1.
656 1711 676 1716 -
694 1693 801 1724 Tertia
823 1699 931 1724 autem
953 1692 1171 1725 manifestatur
1198 1691 1382 1723 auctoritate

317 1736 504 1777 Augustini,
527 1737 584 1778 qui
615 1744 645 1768 et
672 1737 734 1768 hoc
761 1737 955 1768 vocabulum
978 1737 1110 1768 induxit.

376 1781 427 1811 ΙΙΙ.
453 1780 545 1812 Circa
559 1781 641 1813 hanc
656 1788 787 1822 partem,
804 1791 862 1822 pro
881 1788 1002 1822 quanto
1018 1781 1148 1822 ponitur
1164 1781 1244 1811 ordo
1263 1780 1382 1821 absque

318 1824 494 1876 prioritate,
519 1826 654 1857 dubium
676 1826 810 1876 insurgit
832 1827 919 1866 apud
941 1825 1074 1862 multos,
1104 1831 1250 1865 putantes
1273 1824 1312 1855 de
1336 1834 1382 1854 ra-

317 1869 404 1901 tione
428 1869 546 1901 ordinis
569 1879 636 1901 esse
659 1870 854 1921 prioritatem
883 1877 914 1901 et
936 1869 1217 1911 posterioritatem
1249 1875 1280 1899 et
1302 1868 1383 1899 sicut

317 1913 361 1944 ibi
384 1914 515 1954 ponitur
543 1914 624 1945 ordo
654 1914 802 1955 originis,
836 1914 1024 1965 ponendum
1056 1923 1123 1944 esse
1152 1913 1241 1955 quod
1270 1912 1314 1943 ibi
1344 1912 1384 1943 sit

318 1957 462 1998 prioritas
486 1964 517 1990 et
539 1958 752 1998 posterioritas
775 1958 914 1999 originis.
964 1965 997 1974 Ἣ
1016 1970 1020 1972 “
1050 1968 1054 1973 ’

376 2002 510 2039 Verum,
535 2002 610 2043 quia
633 2013 699 2034 non
729 2010 775 2034 est
797 2003 1024 2043 theologorum
1047 2001 1303 2033 contentionibus
1331 2001 1383 2031 de-

319 2046 441 2083 servire,
462 2053 492 2077 et
508 2046 541 2076 in
557 2057 589 2077 re
601 2047 660 2078 hac
675 2045 763 2078 nulla
776 2047 929 2078 dissensio
946 2053 992 2078 est
1010 2046 1070 2077 nisi
1086 2046 1119 2077 in
1135 2045 1246 2083 verbis,
1266 2045 1383 2076 idcirco

319 2090 452 2121 breviter
474 2090 552 2122 scito
575 2091 674 2132 quod,
699 2101 773 2122 cum
795 2091 876 2122 ordo
900 2090 1029 2131 originis
1051 2090 1131 2121 nihil
1153 2090 1239 2121 aliud
1262 2089 1301 2121 sit
1324 2089 1385 2120 nisi

319 2135 378 2166 hoc
401 2144 468 2166 esse
486 2135 526 2166 ab
548 2135 624 2174 hoc;
647 2143 678 2166 et
700 2135 732 2166 in
755 2146 793 2166 eo
817 2136 994 2166 secundum
1017 2145 1084 2166 rem
1106 2134 1265 2165 invenitur
1283 2143 1303 2164 a
1322 2143 1385 2175 quo

320 2179 405 2210 alius
428 2186 459 2210 et
480 2180 534 2220 qui
552 2180 591 2210 ab
606 2180 671 2211 alio
678 2187 691 2218 ;
714 2187 744 2211 et
762 2190 870 2211 rursus
886 2190 906 2210 a
929 2189 991 2220 quo
1014 2179 1099 2210 alius
1121 2185 1167 2210 est
1189 2178 1384 2220 quandoque

321 2233 341 2253 a
364 2233 399 2254 se
415 2223 611 2264 producens,
637 2230 673 2255 ut
695 2230 780 2264 patet
803 2224 842 2254 de
865 2223 969 2264 primo
993 2223 1202 2263 producente;
1227 2229 1258 2253 et
1279 2222 1313 2252 in
1335 2222 1384 2252 his

322 2267 410 2297 nulla
432 2267 472 2298 sit
494 2267 665 2298 discordia:
690 2278 888 2308 consequens
911 2274 958 2298 est
980 2267 1069 2309 quod
1092 2267 1172 2298 inter
1190 2276 1250 2297 nos
1266 2272 1297 2298 et
1312 2266 1387 2297 Sco-

322 2318 402 2347 tum,
413 2311 462 2341 his
472 2312 621 2342 omnibus
631 2312 889 2348 consentientem,
898 2311 931 2342 in
942 2311 1060 2348 Primo,
1070 2310 1268 2342 distinctione
1279 2319 1385 2347 xxvm,

83 2356 227 2405 'ufflstrew'
250 2355 280 2378 aa
323 2362 443 2396 quaest.
460 2355 516 2387 ult.
526 2354 555 2392 ³,
571 2362 602 2387 et
619 2356 826 2394 Quod1ibetis‚
842 2362 964 2396 quaest.
979 2365 1021 2391 xv,
1036 2365 1103 2386 non
1119 2355 1158 2385 sit
1173 2354 1386 2386 controversia

84 2390 100 2412 ‘³
322 2399 499 2430 secundum
513 2409 590 2437 rem,
606 2400 661 2430 sed
675 2407 800 2431 tantum
814 2399 985 2431 differentia
999 2406 1046 2430 est
1061 2399 1093 2430 in
1109 2398 1280 2430 vocabulis.
1299 2398 1387 2436 Quo-

322 2444 409 2474 niam
426 2443 487 2485 ipsi
502 2451 617 2476 vocant
635 2444 721 2485 prius
745 2443 865 2484 origine
887 2454 908 2474 a
931 2453 994 2485 quo
1016 2443 1113 2481 alius,
1138 2450 1168 2474 et
1191 2442 1286 2473 etiam
1308 2452 1329 2473 a
1352 2452 1388 2474 se

316 2488 521 2529 producens,
547 2488 705 2540 posterius
727 2498 802 2519 vero
832 2487 953 2529 origine
975 2488 1031 2528 qui
1046 2488 1093 2518 'ab
1115 2487 1203 2524 alio,·
1231 2486 1274 2518 ita
1297 2487 1387 2527 quod

322 2531 466 2573 prioritas
490 2531 618 2573 originis
641 2538 687 2563 est
709 2532 742 2573 ly
765 2542 785 2563 a
808 2542 871 2573 quo
894 2542 949 2562 seu
973 2542 993 2562 a
1015 2541 1061 2569 se,
1075 2525 1296 2572 posterioritas
1310 2541 1385 2562 vero

323 2577 356 2618 ly
371 2576 411 2607 ab
426 2577 509 2614 alio;
532 2583 568 2608 ut
582 2583 667 2617 patet
682 2577 720 2607 ab
736 2576 874 2617 ipsomet
888 2575 920 2606 in
936 2576 1054 2612 Primo,
1074 2575 1144 2606 dist.
1159 2585 1215 2612 111,
1232 2585 1286 2616 qu.
1303 2585 1340 2612 11,
1356 2582 1387 2606 et

324 2620 407 2652 alibi
436 2620 530 2652 Unde
557 2621 591 2651 in
618 2620 817 2657 huiusmodi,
842 2626 971 2661 propter
998 2626 1182 2650 sanctorum
1208 2619 1387 2651 Doctorum

323 2664 545 2702 reverentiam,
574 2665 629 2706 qui
652 2665 700 2696 his
722 2664 884 2696 vocabulis
912 2664 962 2695 usi
991 2674 1059 2695 non
1087 2670 1180 2702 sunt,
1209 2670 1241 2694 et
1262 2663 1303 2694 ad
1325 2664 1386 2695 tol-

321 2709 431 2740 lendas
455 2709 566 2740 erroris
588 2709 778 2746 occasiones,
793 2710 981 2740 sententiam
1005 2713 1147 2746 teneant,
1163 2707 1220 2739 sed
1238 2707 1386 2749 linguam

86 2757 136 2805 :nf-
143 2758 207 2811 321¹ss
211 2756 298 2811 ¹552}-
325 2753 488 2784 cohibeant
500 2752 528 2785 ³.

86 2816 138 2838 cap
152 2816 168 2832 1
220 2790 227 2806 ¹
381 2797 511 2828 Pariunt
533 2807 663 2839 quoque
690 2796 876 2828 huiusmodi
902 2796 1080 2828 locutiones
1108 2795 1332 2827 obscuritatem
1354 2796 1387 2827 in

324 2842 417 2872 rebus
432 2841 614 2879 manifestis,
638 2848 674 2872 ut
689 2848 774 2882 patet
797 2852 871 2873 cum
894 2841 930 2872 fit
948 2840 1091 2882 quaestio
1108 2841 1146 2871 de
1162 2839 1322 2871 identitate
1337 2840 1388 2871 vel

326 2885 500 2917 diversitate
516 2886 597 2926 signi
616 2885 754 2927 originis,
771 2896 837 2927 quo
857 2886 907 2917 vel
922 2885 1039 2927 quibus
1054 2885 1145 2924 Pater
1162 2891 1193 2916 et
1207 2884 1306 2915 Filius
1325 2884 1387 2925 spi-

325 2936 408 2962 rant:
433 2940 508 2961 cum
529 2937 636 2962 tamen
658 2940 707 2961 res
731 2930 812 2961 clara
835 2930 883 2967 sit,
900 2930 989 2971 quod
1011 2929 1103 2960 Pater
1125 2939 1143 2960 a
1165 2939 1214 2965 se,
1235 2935 1266 2959 et
1288 2929 1388 2960 Filius

326 2984 344 3005 a
366 2974 465 3011 Patre,
489 2974 584 3005 unico
608 2974 703 3006 simul
727 2980 797 3005 actu
821 2974 948 3015 spirant,
973 2980 1009 3005 ut
1031 2973 1164 3005 unicum
1184 2972 1386 3014 principium,

90 3025 161 3053 *Qu.
171 3027 300 3052 mv1,m.
325 3025 362 3049 ut
384 3018 504 3050 dictum
527 3025 573 3050 est
587 3017 615 3050 ³.

384 3062 436 3094 IV.
461 3063 496 3093 In
519 3062 724 3103 responsione
740 3062 779 3092 ad
795 3062 982 3101 secundum,
1006 3062 1141 3093 dubium
1157 3060 1302 3098 occurrit,
1321 3070 1388 3092 non

327 3107 528 3147 praeteritum
551 3118 569 3138 a
592 3107 698 3143 Scoto,
721 3106 754 3137 in
777 3117 871 3137 xxvm
894 3106 1095 3138 distinctione
1117 3105 1225 3143 Primi,
1244 3115 1300 3147 qu.
1319 3105 1375 3136 ult.
1368 3128 1387 3142 .,

92 3058 118 3078 4.

1434 1118 1523 1159 quod
1546 1117 1608 1149 hoc
1632 1117 1752 1149 dictum
1770 1124 1925 1159 repugnat
1949 1117 2040 1150 dictis
2063 1117 2096 1148 in
2120 1128 2175 1159 qu.
2197 1128 2256 1155 ιι,
2280 1125 2336 1149 an.
2358 1119 2415 1150 ult.
2438 1119 2500 1151 Hic

1433 1172 1572 1204 namque
1589 1162 1716 1194 dicitur:
1741 1162 1921 1203 paternitas,
1937 1162 2002 1193 sive
2018 1162 2118 1198 Pater,
2134 1162 2225 1193 nullo
2238 1162 2338 1194 modo
2354 1169 2401 1195 est
2414 1163 2501 1203 prior

1433 1206 1529 1243 Filio,
1553 1206 1596 1237 ita
1614 1207 1704 1248 quod
1726 1216 1784 1238 nec
1800 1207 1977 1238 secundum
2000 1213 2155 1243 naturam,
2174 1216 2231 1238 nec
2254 1207 2431 1238 secundum
2453 1206 2501 1238 in-

1433 1250 1602 1282 tellectum.
1632 1251 1679 1282 lbi
1701 1257 1809 1282 autem
1831 1260 1974 1291 expresse
1998 1251 2118 1281 dictum
2138 1257 2185 1282 est
2207 1250 2296 1292 quod
2321 1250 2502 1292 hypostasis

1433 1294 1531 1326 Patris
1555 1302 1602 1326 est
1616 1295 1703 1336 prior
1717 1295 1894 1326 secundum
1908 1294 2104 1326 intellectum
2120 1301 2191 1325 actu
2212 1294 2368 1326 notionali
2383 1295 2439 1336 qui
2455 1301 2502 1326 est

1433 1339 1593 1379 generatio
1608 1339 1725 1376 acfiva;
1750 1346 1781 1370 et
1804 1346 2033 1381 consequenter
2056 1339 2143 1379 prior
2165 1338 2258 1375 Filio,
2280 1339 2336 1380 qui
2359 1339 2502 1380 sequitur

1433 1383 1670 1424 generationem
1692 1383 1864 1424 passivam,
1889 1390 1925 1415 ut
1947 1383 2066 1414 ibidem
2085 1383 2207 1415 dicitur.
2223 1383 2298 1414 Non
2321 1393 2396 1424 ergo
2419 1389 2503 1417 stant

1433 1428 1511 1458 haec
1533 1428 1599 1459 duo
1623 1428 1730 1459 simul.

1491 1472 1531 1503 V.
1554 1472 1606 1502 Ad
1629 1471 1819 1503 evidentiam
1845 1471 1941 1503 huius
1970 1471 2181 1508 difficultatis,
2212 1478 2242 1503 et
2266 1471 2450 1512 simpliciter
2472 1477 2503 1503 et

1434 1516 1475 1547 ad
1497 1516 1672 1553 hominem,
1690 1516 1768 1547 scito
1792 1516 1882 1558 quod
1905 1516 1944 1547 de
1966 1516 2057 1547 Patre
2073 1522 2103 1548 et
2125 1515 2208 1547 Filio
2232 1515 2265 1546 in
2289 1515 2402 1547 divinis
2425 1525 2502 1547 con-

1434 1560 1526 1601 tingit
1548 1560 1639 1601 loqui
1663 1560 1838 1601 dupliciter.
1871 1561 1946 1592 Uno
1965 1560 2082 1597 modo,
2109 1560 2286 1596 secundum
2316 1569 2383 1591 rem
2405 1567 2501 1600 pure:

1435 1611 1466 1635 et
1484 1604 1528 1635 sic
1550 1604 1693 1645 loquitur
1715 1604 1766 1635 hic
1788 1607 1926 1640 Auctor,
1951 1614 2068 1645 negans
2092 1614 2223 1634 omnem
2253 1603 2450 1644 prioritatem
2472 1610 2505 1635 et

1435 1648 1715 1689 posterioritatem.-
1726 1649 1768 1680 Et
1789 1649 1903 1689 probat
1917 1649 1979 1679 hoc
1994 1647 2208 1679 efficacissima
2223 1648 2360 1679 ratione:
2387 1648 2504 1679 scilicet

1435 1693 1525 1734 quod
1546 1693 1580 1723 in
1603 1693 1647 1723 eis
1670 1703 1737 1723 non
1767 1699 1814 1724 est
1841 1692 1902 1723 nisi
1924 1692 2033 1723 relatio
2067 1699 2098 1723 et
2126 1692 2277 1728 essentia;
2307 1692 2341 1722 in
2369 1691 2504 1724 essentia

1435 1737 1524 1768 nulla
1547 1743 1593 1768 est
1608 1737 1763 1778 prioritas,
1787 1747 1863 1768 cum
1885 1737 1925 1768 sit
1947 1745 2027 1773 una;
2052 1736 2219 1767 relationes
2242 1743 2317 1767 sunt
2335 1736 2431 1767 simul
2448 1746 2503 1769 nn-

1436 1787 1506 1812 tura
1529 1787 1560 1812 et
1581 1781 1758 1817 intellectu;
1778 1790 1864 1821 ergo.
1876 1780 1982 1811 —Alio
2006 1780 2106 1811 modo
2123 1780 2276 1820 contingit
2291 1780 2382 1821 loqui
2404 1780 2443 1811 de
2459 1780 2504 1812 eis

1437 1826 1496 1856 sub
1515 1825 1623 1866 aliquo
1646 1825 1768 1866 partiali
1790 1831 1956 1865 conceptu,
1973 1834 2027 1855 seu
2051 1824 2151 1855 modo
2175 1823 2389 1864 concipiendi:
2411 1830 2443 1856 et
2460 1824 2506 1855 sic

1436 1869 1563 1900 locutus
1579 1875 1626 1900 est
1644 1869 1797 1910 superius.
1815 1869 1856 1900 Et
1870 1868 2000 1900 merito:
2025 1868 2101 1910 quia
2118 1868 2229 1899 titulus
2245 1868 2367 1899 articuli
2385 1874 2450 1900 erat
2465 1868 2505 1904 de

1437 1913 1724 1954 praeintellectione
1746 1913 1977 1954 proprietatum
2001 1918 2143 1953 respectu
2167 1919 2311 1949 actuum,
2333 1919 2365 1943 et
2387 1922 2404 1943 e
2427 1922 2504 1944 con-

1436 1966 1544 1995 verso;
1565 1965 1596 1989 et
1614 1957 1658 1988 sic
1673 1958 1764 1988 Pater
1780 1955 1935 2000 (similiter
1950 1963 1981 1988 et
1996 1955 2189 1999 paternitas),
2207 1963 2379 1997 conceptus
2398 1963 2435 1989 ut
2447 1956 2505 1998 hy-

1437 2002 1590 2043 postasis,
1619 2001 1794 2043 praecedit,
1819 2001 1996 2032 secundum
2027 2001 2242 2040 intellectum,
2270 2001 2506 2041 generationem

1438 2053 1469 2078 et
1490 2046 1619 2077 Filium.
1645 2046 1738 2077 Unde
1761 2046 1849 2077 nulla
1872 2052 1919 2077 est
1939 2045 1973 2076 in
1997 2045 2087 2076 dictis
2110 2045 2326 2077 contradictio.

1496 2091 1566 2122 Imo
1589 2100 1626 2121 ex
1649 2090 1712 2121 hoc
1734 2090 1807 2121 loco
1831 2089 1995 2121 manifeste
2019 2096 2148 2130 apparet
2171 2089 2260 2131 quod
2283 2089 2415 2127 Scotus,
2439 2095 2506 2121 tam

1437 2135 1470 2166 in
1493 2135 1566 2166 loco
1591 2134 1734 2175 allegato,
1759 2144 1857 2176 quam
1879 2134 1913 2165 in
1940 2134 2147 2172 Quodlibetis,
2172 2144 2227 2175 qu.
2251 2144 2283 2164 ιν
2297 2133 2325 2171 ³,
2350 2133 2505 2175 imposuit
2534 2140 2545 2151 ·

1438 2190 1462 2210 s.
1480 2179 1627 2210 Thomae
1650 2179 1810 2210 motivum
1833 2179 1873 2209 ad
1895 2178 2071 2209 faciendam
2098 2178 2187 2209 illam
2209 2177 2444 2209 distinctionem
2466 2178 2506 2209 de

1438 2223 1622 2264 paternitate
1637 2229 1674 2254 ut
1689 2223 1892 2254 constitutiva
1914 2229 1945 2253 et
1967 2229 2003 2253 ut
2026 2222 2145 2259 relatio,
2170 2229 2206 2253 ut
2229 2223 2360 2253 salvaret
2377 2222 2504 2254 Patrem

1438 2277 1505 2304 esse
1528 2267 1668 2308 priorem
1689 2266 1766 2298 filio.
1781 2267 1893 2307 Neque
1917 2266 2003 2297 enim
2025 2266 2088 2297 hoc
2110 2266 2280 2298 somniavit
2301 2268 2424 2298 Auctor
2446 2276 2506 2298 un-

1438 2319 1550 2352 quam:
1575 2311 1629 2341 sed
1652 2310 1703 2341 hic
1727 2310 1835 2341 docuit
1858 2311 2059 2351 oppositum,
2091 2310 2196 2341 dicens
2226 2310 2309 2351 ipsas
2338 2310 2506 2342 relationes

1439 2355 1651 2391 subsistentes,
1667 2364 1748 2395 quae
1764 2361 1839 2385 sunt
1852 2355 1942 2385 Pater
1957 2361 1988 2385 et
1999 2354 2108 2391 Filius,
2121 2360 2268 2395 oportere
2284 2364 2350 2385 esse
2371 2354 2505 2386 omnino

1439 2399 1543 2435 simul,
1561 2398 1655 2429 etiarn
1671 2398 1830 2429 intellectu
1839 2407 1847 2435 ;
1867 2405 1898 2429 et
1911 2398 1974 2429 hoc
1989 2408 2026 2429 ex
2040 2398 2158 2429 meritis
2176 2408 2292 2429 rerum.
2309 2398 2403 2429 Ratio
2419 2398 2506 2430 enim

1439 2453 1521 2484 quae
1535 2442 1637 2474 movit
1652 2444 1826 2474 Auctorem
1842 2442 1883 2473 ad
1894 2442 1983 2473 illam
1996 2442 2240 2479 distinctionem,
2257 2442 2326 2480 fuit,
2338 2442 2415 2485 quia
2427 2442 2505 2474 rda-

1439 2487 1484 2518 tio
1509 2487 1602 2520 unica
1623 2486 1717 2518 habet
1732 2486 1814 2517 duos
1837 2493 1935 2523 actus,
1957 2486 2073 2518 scilicet
2094 2487 2284 2519 constituere
2307 2486 2506 2528 hypostasim

1440 2538 1471 2563 et
1493 2530 1620 2570 referre,
1645 2537 1681 2562 ut
1703 2530 1778 2562 ibi*
1800 2530 1911 2571 patuit.

1497 2575 1551 2607 Vl.
1576 2575 1618 2606 Et
1640 2575 1718 2606 scito
1746 2575 1853 2616 quod,
1883 2585 1958 2606 cum
1985 2575 2044 2606 hac
2071 2574 2165 2606 unica
2192 2574 2391 2607 distinctione

1441 2619 1545 2656 missa,
1571 2619 1687 2650 scilicet
1705 2619 1744 2650 de
1763 2619 1856 2650 rebus
1880 2619 2057 2650 secundum
2080 2629 2127 2656 se,
2145 2625 2199 2650 aut
2214 2619 2253 2650 de
2269 2619 2313 2650 eis
2329 2619 2507 2651 secundum

1441 2662 1581 2705 aliquem
1595 2663 1763 2704 specialem
1779 2670 1971 2704 conceptum
1989 2673 2045 2694 seu
2062 2663 2260 2704 concipiendi
2278 2664 2424 2701 modum,
2442 2663 2506 2695 sol-

1440 2718 1495 2739 ves
1518 2707 1711 2739 obiectiones
1734 2717 1847 2743 eorum
1874 2707 1931 2749 qui
1954 2707 2088 2738 omnino
2116 2707 2312 2748 prioritatem
2334 2707 2367 2738 in
2393 2707 2506 2740 divinis

1441 2753 1575 2793 probare
1597 2751 1727 2787 volunt;
1751 2752 1802 2782 vel
1825 2762 1861 2782 ex
1885 2762 1923 2782 eo
1951 2752 2041 2794 quod
2062 2751 2261 2792 Augustinus
2284 2752 2359 2784 dicit
2375 2751 2395 2771 ³
2417 2752 2545 2794 quod·

1442 2796 1522 2827 nihil
1543 2801 1680 2837 generat
1702 2805 1753 2833 se,
1779 2806 1817 2827 eo
1841 2796 1931 2838 quod
1954 2802 2034 2827 esset
2056 2802 2227 2837 antequam
2250 2803 2339 2833 esset,
2360 2803 2391 2828 et
2405 2796 2449 2829 sic
2468 2796 2507 2827 de

1441 2840 1561 2871 ratione
1584 2839 1759 2880 generantis
1783 2846 1830 2871 est
1852 2850 1919 2871 esse
1934 2846 2005 2871 ante
2023 2839 2180 2881 genitum
2207 2840 2258 2876 vel
2276 2851 2313 2871 ex
2331 2841 2375 2871 eis
2398 2840 2507 2871 simili-

1442 2885 1511 2915 bus.
1536 2884 1622 2915 Haec
1642 2883 1727 2915 enim
1745 2884 1855 2915 omnia
1877 2894 1944 2915 non
1967 2884 2163 2916 concludunt
2177 2894 2244 2915 rem
2263 2894 2319 2915 seu
2334 2893 2506 2924 personam

1441 2934 1653 2969 generantem,
1667 2935 1735 2964 etc„
1753 2938 1820 2959 esse
1836 2928 1984 2968 priorem,
1997 2928 2094 2960 etiam
2105 2928 2281 2960 secundum
2293 2928 2503 2961 intellectum:

1442 2973 1497 3004 sed
1512 2983 1580 3004 rem
1594 2972 1682 3003 illam
1696 2973 1744 3004 sic
1765 2978 1947 3013 conceptam
1972 2983 2038 3004 esse
2053 2972 2192 3013 priorem
2213 2973 2391 3004 secundum
2413 2972 2507 3005 ratio·

1442 3027 1526 3048 nem.
1552 3016 1685 3048 Constat
1708 3022 1816 3048 autem
1838 3027 1904 3048 non
1918 3017 2020 3049 valere
2036 3023 2259 3057 argumentum
2278 3027 2297 3048 a
2318 3027 2352 3048 re
2367 3016 2411 3048 sic
2429 3027 2505 3048 con-

1443 3068 1532 3102 cepta
1546 3061 1585 3091 ad
1607 3061 1740 3092 eandem
1763 3060 1962 3101 simpliciter:
1988 3068 2034 3093 est
2057 3060 2143 3092 enim
2165 3061 2328 3102 sophisma
2351 3071 2371 3094 a
2394 3070 2505 3093 secun-

1442 3105 1517 3136 dum
1541 3105 1617 3147 quid
1641 3105 1684 3136 ad
1706 3105 1902 3146 simpliciter.

2760 692 2768 803 *mmm-
2760 622 2768 676 ..m-
2766 583 2768 602 ..
2766 542 2768 548 .

2763 1050 2768 1062 -
2760 929 2768 1042 ..-.-.-n-
