2768 4178
938 268 1205 314 QUAESTIO
1235 267 1416 314 XXXVI,
1445 268 1742 306 ARTICULUS
1772 270 1803 305 11

233 370 245 377 ·
274 350 356 380 hanc
375 349 559 384 formaliter;
585 348 665 379 sicut
685 347 797 378 albedo
817 347 931 378 dicitur
955 347 1027 377 dare
1047 346 1220 377 formaliter
1239 346 1342 376 subie-

0 725 5 728 .
32 706 44 719 ⁸
59 706 95 729 Cf.
110 711 173 728 num.
189 712 223 728 vi.

0 742 2 750 ,

8 1151 10 1154 ’
29 1143 43 1155 “
55 1142 93 1167 01.
107 1149 172 1166 nm.
181 1148 221 1166 nx.⁴

29 2956 54 2995 ἶ·
64 2961 245 3005 c.¹’·.¹v¹1.¹¹:ssz‹1.

32 3009 74 3032 hb.
121 3025 128 3037 ,
141 3014 246 3037 capavum

30 3041 108 3086 ¹'i-Aass.
123 3068 149 3090 2,
172 3062 232 3085 Com

33 3177 44 3188 ·
57 3176 96 3199 Cf.
109 3182 176 3199 num.
190 3181 224 3199 tn.

275 401 326 424 cto
350 392 701 433 incompossibilitatem
720 391 899 431 nigredinis.
925 392 990 421 Nec
1006 391 1088 421 valet
1104 390 1340 431 consequentia,

276 448 355 478 ergo
377 438 533 478 generari
556 442 637 467 esset
658 437 790 476 spirari,
816 435 905 476 quod
929 441 975 465 est
999 434 1220 465 correlativum
1241 433 1341 473 ipsius

276 482 408 522 spirare;
437 481 517 512 sicut
541 491 607 511 non
629 481 728 516 valet,
759 489 838 520 ergo
860 479 1034 509 subiectum
1059 479 1214 509 albedinis
1233 483 1278 508 est
1295 479 1341 508 ni-

274 526 394 567 gredo,
408 531 502 566 'quae
526 531 572 555 est
594 523 748 555 contraria
771 522 916 554 albedini.

330 570 381 600 Ad
403 569 532 601 tertium
551 575 658 599 autem
677 567 800 603 dicitur,
817 567 906 607 quod
922 573 1052 606 propter
1067 566 1193 597 nullum
1212 565 1342 596 illorum

274 615 371 645 trium
391 620 437 644 est
459 614 518 644 ista
536 611 851 651 incompossibilitas:
876 611 930 641 sed
950 617 1080 650 propter
1098 610 1169 646 hoc,
1187 610 1262 650 quia
1278 610 1341 650 spi-

274 658 353 689 ratio
370 665 417 689 est
429 657 518 688 notio
531 665 685 697 personae
696 655 823 686 relativa
835 655 875 684 ad
888 654 997 694 ipsum
1013 654 1165 694 Spiritum
1177 654 1340 685 Sanctum.

326 703 410 733 XIX.
431 701 482 732 Ad
506 700 637 731 unicum
653 709 728 729 vero
753 698 911 729 motivum
933 708 970 728 ex
993 706 1081 739 parte
1103 698 1201 729 Patris
1216 698 1242 734 *‚
1268 698 1341 728 dici-

273 754 325 778 tur
341 746 439 787 quod,
460 745 486 775 si
505 744 639 784 Spiritus
655 743 788 774 Sanctus
807 743 990 783 procederet
1006 753 1023 772 a
1040 742 1111 773 solo
1128 742 1220 779 Filio,
1237 742 1341 773 adhuc

274 790 517 830 distingueretur
533 798 551 818 a
566 788 656 818 Patre
683 787 792 817 ordine
816 787 955 827 originis,
980 787 1038 817 etsi
1064 797 1130 817 non
1149 786 1339 823 immediate,

273 842 379 866 tamen
403 832 548 864 mediate.
581 832 623 862 Et
654 832 770 862 eodem
793 831 892 861 modo
921 837 1002 862 esset
1023 831 1104 861 inter
1136 841 1190 861 eos
1214 831 1341 862 relativa

273 877 447 919 oppositiO,
472 877 550 907 dum
573 876 632 906 ista
655 883 736 906 esset
758 885 840 912 vera,
864 876 962 906 Pater
984 877 1087 916 spirat
1110 875 1246 906 mediate
1269 875 1340 915 Spi-

273 924 371 954 ritum
396 921 569 952 Sanctum:
594 920 638 951 sic
667 920 752 950 enim
783 920 875 950 Pater
905 920 963 950 sub
992 919 1090 950 altero
1115 919 1340 959 oppositorum

273 967 476 998 clauderetur.
491 983 511 988 —-
524 965 600 995 Non
617 971 697 995 esset
713 971 819 994 tamen
836 963 1142 994 consubstantialitas
1159 964 1255 994 trium
1271 974 1338 1004 per-

272 1018 438 1042 sonarum:
464 1009 601 1040 exclusio
618 1018 757 1049 namque
780 1008 879 1038 Patris
899 1008 937 1038 ab
956 1008 1140 1038 immediata
1158 1008 1338 1048 spiratione,

271 1054 304 1087 in
328 1054 521 1086 substantiae
543 1053 799 1094 inaequalitatem
823 1052 1021 1083 redundaret.

327 1100 396 1130 XX.
412 1098 559 1129 Secunda
573 1099 658 1128 ratio
672 1097 705 1127 in
722 1097 822 1128 littera
838 1096 941 1136 posita
959 1096 998 1126 ad
1012 1096 1210 1136 probandam
1226 1095 1339 1136 princi-

271 1143 377 1184 palem
394 1142 635 1173 conclusionem
646 1141 672 1178 *,
690 1148 745 1172 est.
769 1141 858 1171 Nihil
873 1150 1018 1170 amamus
1039 1140 1099 1170 nisi
1122 1140 1212 1180 quod
1228 1149 1338 1170 conce-

270 1188 381 1229 ptione
397 1186 511 1217 mentis
527 1185 812 1227 apprehendimus:
833 1194 908 1224 ergo
926 1194 1016 1214 amor
1031 1184 1174 1224 procedit
1190 1194 1208 1214 a
1223 1184 1336 1214 verbo:

271 1242 347 1273 ergo
371 1231 506 1272 Spiritus
535 1230 668 1261 Sanctus
692 1240 710 1260 a
733 1229 834 1265 Fi1i0;
858 1228 934 1269 quia
956 1228 1008 1259 ille
1032 1235 1068 1259 ut
1091 1238 1198 1264 amor,
1222 1227 1279 1258 iste
1303 1234 1339 1258 ut

267 1277 404 1315 verbum
426 1272 580 1315 procedit.

326 1320 410 1352 XXI.
435 1319 527 1350 Circa
549 1319 632 1349 hanc
655 1317 824 1354 rationem,
849 1316 974 1347 adverte
992 1316 1082 1356 quod
1104 1315 1136 1346 in
1160 1315 1262 1346 littera
1285 1315 1337 1345 ad—

272 1364 398 1396 ducitur
420 1363 520 1404 magis
543 1369 580 1394 ut
602 1361 808 1397 rationabilis,
833 1370 932 1401 quam
955 1366 991 1391 ut
1014 1359 1202 1396 necessaria;
1226 1365 1262 1390 ut
1284 1359 1338 1390 illa

270 1409 366 1440 verba
389 1408 577 1443 ostendunt,
603 1406 728 1442 scilicet,
752 1406 827 1436 huic
843 1410 998 1435 consonat
1020 1405 1104 1434 ratio
1121 1404 1339 1444 processionis

271 1454 448 1494 utriusque.
473 1451 554 1482 Dico
573 1457 680 1481 autem
703 1450 775 1486 hoc,
793 1448 868 1490 quia
884 1448 963 1479 ratio
987 1448 1045 1479 ista
1069 1447 1220 1479 fundatur
1243 1457 1338 1488 super

270 1497 348 1534 hoc,
373 1496 463 1538 quod
491 1504 582 1526 amor
609 1501 656 1525 est
679 1494 717 1524 ab
742 1500 867 1524 amante
895 1499 926 1524 et
951 1492 1078 1524 amabili
1102 1498 1138 1523 ut
1162 1498 1336 1532 concepto,

271 1541 346 1583 quia
368 1539 530 1580 incognita
553 1538 680 1579 diligere
703 1548 770 1568 non
793 1547 978 1578 possumus.
1002 1537 1075 1567 Hoc
1094 1543 1202 1567 autem
1225 1535 1336 1567 funda-

271 1591 418 1621 mentum
441 1584 480 1614 de
503 1592 612 1614 amore
643 1589 674 1613 et
696 1582 906 1622 conceptione
936 1581 1166 1617 essentialiter,
1190 1580 1224 1610 in
1247 1580 1337 1611 omni

234 1640 245 1646 ·
269 1636 382 1662 natura
404 1627 607 1660 intellectuali
629 1636 741 1658 verum
765 1633 831 1662 est;
855 1625 1016 1666 quamvis,
1041 1631 1078 1655 ut
1100 1625 1221 1656 dicetur
1238 1624 1274 1660 *,
1299 1625 1337 1655 de

270 1683 379 1706 amore
403 1672 629 1709 notionaliter‚
655 1677 686 1702 et
709 1669 852 1701 similiter
874 1670 913 1700 de
938 1676 1094 1710 conceptu
1119 1669 1336 1706 notionaliter‚

270 1718 449 1751 evidentem
466 1715 683 1747 necessitatem
699 1725 764 1746 non
780 1715 938 1750 ostendat;
959 1714 1060 1744 dicere
1076 1713 1162 1744 enim
1178 1713 1337 1754 quispiam

269 1768 378 1804 posset
407 1761 497 1802 quod
519 1760 611 1791 Pater
642 1758 791 1800 producit
814 1768 958 1789 amorem
986 1757 1035 1788 sui
1058 1757 1255 1788 notionalem
1284 1767 1337 1788 co-

268 1806 453 1848 gnoscendo
469 1815 502 1835 se
521 1803 732 1834 essentialiter.
757 1803 973 1834 Veruntamen
998 1801 1071 1833 satis
1092 1801 1277 1833 rationabile
1292 1807 1338 1832 est

269 1858 307 1883 ut
328 1850 431 1892 qualis
454 1849 494 1880 sit
513 1849 593 1879 ordo
616 1848 698 1878 inter
721 1846 895 1878 essentialia
914 1846 1090 1877 intellectus
1109 1852 1140 1877 et
1154 1845 1336 1882 voluntatis,

269 1895 339 1927 talis
362 1894 458 1926 etiam
477 1893 517 1923 sit
535 1892 615 1923 ordo
638 1892 720 1924 inter
735 1891 910 1922 notionalia
926 1891 1107 1931 utriusque;
1132 1900 1167 1921 ac
1190 1900 1247 1930 per
1264 1890 1335 1926 hoc,

270 1949 361 1971 amor
384 1937 596 1973 notionaliter‚
613 1936 669 1978 qui
689 1942 735 1967 est
758 1935 892 1976 Spiritus
912 1935 1055 1971 Sanctus,
1073 1934 1113 1965 sit
1128 1945 1165 1965 ex
1181 1941 1336 1975 conceptu

268 1982 482 2018 notionaliter‚
494 1981 583 2022 quod
598 1981 741 2012 Verbum
757 1986 815 2016 est;
836 1979 916 2010 sicut
932 1989 1022 2009 amor
1038 1978 1209 2010 essentialis
1226 1978 1335 2015 oritur,

269 2027 447 2060 secundum
470 2025 636 2062 rationem,
655 2035 692 2056 ex
715 2030 871 2064 conceptu
895 2023 1060 2060 essentiali,
1078 2033 1143 2064 quo
1164 2023 1337 2054 formaliter

267 2072 360 2104 Pater
383 2070 492 2102 omnia
515 2069 613 2100 novit.

325 2115 423 2147 XXII.
441 2114 582 2152 Quidam
594 2120 712 2150 tamen,
728 2111 988 2153 consequentiam
1000 2111 1095 2142 huius
1111 2111 1241 2142 rationis
1252 2110 1336 2141 labe-

268 2160 384 2192 factare
400 2159 515 2195 conati,
535 2164 671 2198 arguunt
687 2164 794 2189 contra
812 2167 883 2187 eam
899 2155 1074 2196 dupliciter.
1094 2156 1213 2186 Primo.
1229 2155 1338 2186 Potest

268 2204 336 2236 fieri
359 2202 570 2244 apprehensio
593 2202 770 2234 intellectus
793 2201 912 2242 absque
935 2207 1108 2240 conceptu:
1133 2210 1208 2240 ergo
1231 2205 1337 2239 potest

268 2248 336 2280 fieri
353 2248 448 2280 etiam
460 2255 564 2278 amor:
584 2246 679 2286 igitur
691 2245 877 2276 antecedens
889 2251 936 2275 est
951 2244 1077 2274 falsum.
1091 2262 1111 2266 -
1122 2246 1336 2283 Assumptum

268 2292 430 2335 probatur,
448 2298 519 2322 tum
533 2290 567 2321 in
582 2290 704 2321 visione
727 2290 830 2326 beata;
851 2295 921 2320 tum
939 2288 972 2319 in
992 2295 1064 2319 actu
1080 2287 1240 2324 credendi;
1265 2293 1336 2318 tum

269 2337 345 2379 quia
366 2336 501 2368 verbum
524 2341 571 2366 est
592 2334 688 2371 aliud,
713 2333 799 2374 apud
821 2340 862 2370 te,
887 2333 925 2363 ab
948 2339 1020 2363 actu
1041 2331 1246 2371 intelligendi.

323 2380 481 2416 Secundo,
501 2379 577 2421 quia
592 2389 659 2409 non
674 2378 774 2409 valet:
800 2387 863 2408 non
877 2386 1052 2418 possumus
1067 2377 1250 2417 intelligere
1267 2377 1337 2407 sine

268 2433 382 2463 sensu,
407 2434 487 2466 ergo
511 2423 682 2454 intellectio
705 2427 751 2454 est
773 2432 794 2452 a
817 2431 915 2464 sensu*
937 2426 973 2452 ut
994 2431 1015 2451 a
1033 2421 1195 2462 principio
1212 2420 1336 2461 produ-

269 2471 361 2502 divo.
387 2468 486 2509 Igitur
509 2467 735 2508 consequentia
758 2466 837 2497 nihil
858 2465 950 2502 valet,
976 2472 1034 2496 etc.

325 2513 438 2544 XXIII.
459 2512 511 2543 Ad
532 2512 609 2542 haec
633 2511 755 2547 dicitur,
775 2510 865 2552 quod
884 2509 1070 2541 antecedens
1094 2516 1140 2540 est
1162 2519 1274 2539 verum
1298 2509 1336 2539 de

270 2557 483 2589 intellectione
505 2555 650 2587 naturali.
675 2555 768 2586 Unde
792 2554 871 2585 nihil
895 2554 998 2585 obstat
1020 2554 1111 2584 beata
1133 2553 1224 2584 visio.
1242 2571 1262 2576 -
1278 2553 1338 2584 Per

270 2608 378 2633 actum
408 2606 516 2631 autem
545 2599 692 2630 credendi
722 2598 878 2629 formatur
903 2597 977 2639 fidei
999 2598 1142 2628 verbum.
1163 2615 1183 2620 -
1202 2598 1243 2628 Et
1265 2597 1337 2628 licet

269 2646 404 2676 verbum
427 2644 466 2675 sit
496 2644 582 2674 aliud
611 2644 649 2674 ab
677 2642 906 2678 intellectione,
930 2642 1137 2683 inseparabile
1159 2648 1266 2673 tamen
1291 2648 1337 2672 est

271 2690 310 2721 ab
332 2689 411 2730 ipsa,
435 2698 493 2719 nec
516 2694 621 2728 potest
644 2687 683 2718 ab
706 2686 775 2727 ipsa
799 2686 918 2717 secludi
939 2686 973 2716 in
996 2686 1201 2718 naturalibus.

326 2733 472 2764 Secunda
500 2742 576 2763 vero
600 2731 737 2762 obiectio
765 2731 894 2771 puerilis
916 2730 1006 2762 valde
1030 2737 1086 2762 est.
1119 2730 1228 2762 Credit
1252 2730 1337 2761 enim

269 2777 398 2809 latuisse
421 2777 532 2807 divum
555 2775 719 2806 Thomam
735 2776 823 2816 quod
840 2785 875 2806 ex
893 2775 1110 2806 concurrentia
1124 2775 1256 2806 alicuius
1271 2785 1336 2805 non

270 2828 422 2864 sequatur
441 2830 614 2852 concursus
637 2819 722 2850 illius
747 2826 783 2850 ut
800 2819 946 2860 principii
964 2819 1157 2860 productivi;
1181 2819 1270 2860 quod
1289 2819 1338 2850 in-

270 2866 371 2898 fantes
402 2865 514 2896 sciunt.
544 2864 661 2895 Littera
690 2863 774 2894 enim
805 2863 959 2904 supponit
988 2863 1192 2900 communia,
1221 2863 1338 2894 scilicet

271 2911 361 2952 quod
384 2911 508 2941 bonum
534 2908 700 2948 cognitum
722 2908 762 2939 sit
785 2907 978 2948 principium
1001 2908 1226 2948 productivum
1249 2917 1338 2938 amo-

271 2954 322 2992 ris,
343 2961 379 2986 ut
397 2960 482 2995 patet
492 2954 543 2993 ‚111
566 2953 606 2984 de
627 2953 746 2983 Anima
761 2952 788 2989 *,
813 2958 844 2982 et
858 2952 915 2982 XII
931 2953 1116 2993 Metaphys.
1132 2952 1180 2982 **:
1205 2959 1236 2983 et
1251 2962 1336 2983 assu-

271 2998 332 3029 mit
353 2998 443 3040 quod
461 3008 528 3029 esse
552 2997 717 3038 cognitum
742 3003 788 3027 est
812 3006 878 3027 esse
901 3003 1092 3037 conceptum
1115 3003 1232 3033 mente,
1248 2997 1338 3038 quod

234 3073 245 3078 ,
271 3043 306 3073 in
322 3052 376 3083 qu.
392 3041 506 3073 xxvn*
528 3041 702 3073 stabilitum
726 3048 790 3072 est:
815 3047 846 3072 et
868 3040 921 3071 sic.
935 3040 1029 3071 infert
1050 3040 1220 3072 intentum.
1245 3041 1338 3072 Unde

230 3104 236 3110 ·
271 3086 419 3118 instantia
442 3085 533 3117 allata
566 3091 675 3116 contra
705 3085 818 3116 rudem
840 3084 933 3115 illum
961 3094 1109 3121 sensum,
1134 3095 1200 3115 non
1229 3091 1338 3116 contra

272 3140 384 3161 verum
407 3136 438 3161 et
461 3130 628 3167 intentum,
653 3129 775 3160 militat.
1015 3149 1026 3155 ι

326 3174 441 3205 XXIV.
462 3174 570 3205 Tertia
594 3175 679 3205 ratio
690 3172 709 3191 ‘¹‘
725 3180 771 3204 est
790 3183 827 3204 ex
842 3183 948 3204 rerum
963 3173 1084 3209 ordine,
1101 3173 1181 3204 talis.
1201 3173 1252 3204 Ab
1270 3183 1337 3204 uno

274 3227 441 3259 nunquam
464 3217 641 3259 procedunt
663 3218 755 3258 plura
778 3218 897 3258 absque
920 3217 1031 3248 ordine
1054 3217 1135 3248 inter
1157 3227 1200 3254 se,
1221 3217 1282 3248 nisi
1304 3217 1338 3247 in

273 3262 474 3294 materialiter
500 3268 625 3293 tantum
649 3262 878 3293 differentibus:
906 3271 982 3302 ergo
1005 3262 1044 3292 ab
1067 3271 1134 3292 uno
1157 3262 1249 3293 Patre
1272 3271 1338 3292 non

274 3307 452 3348 procedunt
473 3306 573 3337 Filius
597 3312 628 3337 et
657 3304 791 3347 Spiritus
818 3306 951 3337 Sanctus
974 3306 1094 3347 absque
1116 3305 1227 3336 ordine
1258 3305 1339 3337 inter

274 3360 325 3382 se:
353 3360 428 3391 ergo
451 3349 532 3381 inter
555 3360 610 3380 eos
633 3357 760 3391 oportet
783 3360 849 3381 esse
873 3347 1018 3380 ordinem
1042 3349 1181 3390 originis.

329 3394 527 3438 Antecedens
542 3393 768 3431 manifestatur,
785 3395 892 3436 quoad
908 3394 1044 3435 primam
1060 3401 1192 3434 partem,
1208 3394 1241 3424 in
1257 3403 1339 3425 crea-

273 3439 367 3471 turis:
397 3439 473 3480 quia
496 3438 528 3468 in
552 3438 614 3469 hoc
643 3438 861 3470 manifestatur
887 3439 981 3469 decor
1008 3438 1132 3468 divinae
1158 3438 1338 3479 sapientiae.

275 3483 392 3522 Quoad
412 3482 584 3514 secundam
606 3491 692 3519 vero,
708 3482 742 3513 in
757 3482 984 3520 artificialibus,
1010 3489 1088 3523 puta
1111 3482 1238 3513 duobus
1257 3492 1338 3513 mar-

1177 3534 1194 3547 9

2387 271 2456 307 381

1395 347 1484 378 tellis.
1502 365 1522 369 -
1542 347 1660 378 Ultima
1680 355 1787 378 autem
1811 349 2036 389 consequentia
2059 349 2211 388 probatur
2234 359 2270 379 ex
2294 359 2348 385 eo,
2373 350 2462 390 quod

1395 401 1547 431 personae
1571 391 1694 422 divinae
1713 402 1770 422 nec
1786 392 2023 432 distinguuntur
2039 393 2251 429 materialiter;
2278 403 2334 423 nec
2350 403 2462 434 quern-

1395 445 1533 476 cumque
1553 436 1698 466 ordinem
1714 436 1773 466 nisi
1791 436 1920 476 originis
1937 437 2189 477 compatiuntur;
2215 437 2306 467 ceteri
2323 447 2461 478 namque

1394 479 1667 519 imperfectionem
1696 480 1836 521 aliquam
1868 481 2028 511 claudunt.
2048 498 2070 504 -
2089 481 2130 511 Et
2152 481 2232 511 hanc
2257 481 2411 512 rationem
2435 482 2460 512 si

1396 523 1580 554 confirmare
1604 524 1738 560 noveris,
1764 524 1921 555 efficacem
1949 524 2107 555 invenies:
2133 525 2187 555 ubi
2212 525 2296 555 enim
2321 533 2367 556 est
2388 525 2460 566 plu-

1395 567 1498 598 ralitas
1522 568 1611 598 realis
1635 568 1700 598 sine
1724 568 1798 598 reali
1821 569 1941 604 ordine,
1966 569 2009 598 ibi
2033 576 2079 599 est
2102 569 2258 600 confusio.

1447 612 1545 642 XXV.
1571 612 1691 642 Contra
1721 613 1801 642 hanc
1834 620 1940 643 tamen
1964 613 2119 643 rationem
2151 613 2282 654 quidam
2313 620 2458 653 arguunt.

1394 656 1512 692 Primo,
1530 656 1604 697 quia
1620 657 1806 687 antecedens
1825 656 1941 686 falsum
1960 664 2016 687 est.
2041 657 2129 687 Tum
2144 657 2227 698 quia,
2243 658 2269 687 si
2284 658 2371 688 Deus
2387 668 2460 698 pro-

1395 700 1522 730 duceret
1545 700 1650 740 plures
1675 700 1845 736 Gabrieles,
1866 707 1947 731 esset
1970 701 2131 740 pluralitas
2154 701 2369 732 immaterialis
2393 701 2459 732 sine

1395 744 1514 775 ordine.
1539 745 1627 775 Tum
1660 744 1734 785 quia
1761 745 1848 775 Deus
1878 751 1983 785 potest
2005 744 2186 775 immediate
2210 755 2266 786 per
2295 756 2328 776 se
2351 746 2460 776 omnia

1394 789 1579 828 producere.

1452 833 1608 869 Secundo,
1629 832 1704 873 quia
1726 832 1828 863 littera
1851 833 1955 863 obstat
1979 833 2036 863 sibi
2060 833 2129 872 ipsi,
2155 833 2233 863 dum
2249 833 2356 864 subdit
2371 834 2460 874 quod

1394 877 1504 908 Graeci
1529 877 1708 907 concedunt
1723 876 1868 907 ordinem
1891 877 2101 917 importatum
2119 887 2175 917 per
2198 877 2230 918 ly
2240 888 2304 917 per
2308 887 2323 916 ;
2347 885 2378 908 et
2393 878 2460 908 abs-

1393 931 1456 962 que
1475 921 1663 962 probatione
1679 921 1811 951 assumit
1830 921 1919 961 quod
1942 931 2008 951 non
2032 928 2137 961 potest
2163 931 2229 952 esse
2246 921 2288 952 ibi
2304 922 2382 952 ordo
2399 922 2459 952 nisi

1393 966 1582 1005 importatus
1606 975 1662 1004 per
1685 965 1717 1005 ly
1740 975 1760 995 a
1785 972 1839 995 aut
1861 965 1911 995 ab.

1448 1009 1562 1040 XXVI.
1580 1009 1631 1039 Acl
1654 1009 1730 1039 haec
1747 1009 1869 1045 dicitur,
1885 1009 1974 1049 quod
1986 1009 2188 1049 pluralitatis
2207 1010 2384 1040 materialis
2401 1019 2460 1039 no-

1393 1054 1478 1086 mine
1506 1053 1557 1083 hic
1586 1053 1770 1093 intelligitur
1801 1053 1964 1092 pluralitas
1993 1053 2161 1083 materialis
2192 1060 2228 1084 ut
2258 1053 2460 1094 distinguitur

1393 1104 1502 1128 contra
1520 1097 1721 1138 specficam;
1740 1097 1841 1138 qualis
1865 1098 1903 1127 de
1920 1097 2003 1128 facto
2023 1104 2069 1127 est
2083 1097 2164 1128 inter
2180 1098 2258 1128 duas
2274 1097 2458 1128 intellectio-

1393 1152 1448 1172 nes
1465 1141 1607 1172 eiusdem
1622 1141 1745 1181 speciei,
1760 1148 1790 1172 et
1806 1148 1886 1172 esset
1900 1141 1980 1172 inter
1996 1141 2165 1172 Gabrieles.
2175 1159 2195 1163 -
2207 1142 2301 1172 Plura
2317 1151 2457 1183 quoque,

1393 1196 1447 1216 seu
1472 1185 1591 1221 omnia,
1609 1196 1626 1215 a
1644 1186 1714 1215 Deo
1734 1195 1800 1215 non
1819 1185 2040 1225 producuntur
2063 1185 2206 1226 specifice
2223 1186 2368 1217 distantia
2391 1186 2458 1216 sine

1393 1229 1502 1260 ordine
1526 1229 1606 1260 inter
1629 1239 1672 1265 se,
1697 1229 1842 1269 quamvis
1862 1239 1880 1259 a
1901 1230 1970 1261 Deo
1994 1229 2185 1260 immediate.

1450 1274 1515 1303 Nec
1531 1273 1629 1303 alium
1649 1273 1793 1303 ordinem
1810 1273 1920 1304 Graeci
1939 1280 2045 1303 mente
2060 1280 2152 1304 tenus
2169 1273 2388 1304 intellexerunt
2402 1283 2459 1313 per

1391 1317 1424 1358 ly
1442 1327 1515 1357 per,
1542 1327 1640 1357 quam
1663 1326 1722 1347 nos
1746 1317 1959 1357 intelligamus
1983 1327 2039 1357 per
2062 1317 2094 1357 ly
2110 1327 2141 1347 a.
2166 1317 2339 1354 Quoniam,
2365 1324 2401 1348 ut
2423 1317 2456 1347 in

1391 1361 1524 1392 articulo
1545 1361 1688 1401 sequenti
1707 1368 1801 1400 patet,
1825 1361 1858 1401 ly
1876 1371 1939 1401 per
1955 1361 2169 1391 causalitatem
2189 1361 2333 1399 denotat;
2358 1368 2389 1392 et
2411 1371 2457 1392 re-

1392 1405 1545 1436 solvendo
1570 1404 1717 1435 facillime
1740 1411 1826 1445 patet
1849 1405 1937 1446 quod
1961 1405 2000 1435 ad
2020 1404 2180 1436 efficientis
2204 1415 2304 1445 genus
2327 1405 2359 1435 in
2383 1415 2458 1445 pro-

1390 1450 1497 1491 posito
1514 1449 1621 1479 reduci
1641 1455 1776 1489 oportet.
1801 1449 1842 1479 Et
1857 1455 2024 1489 propterea
2046 1455 2132 1490 patet
2151 1450 2240 1490 quod
2259 1459 2324 1480 non
2339 1450 2458 1491 absque

1391 1493 1607 1524 subintellecta
1619 1493 1806 1534 probatione
1817 1493 1988 1533 assumpsit
2002 1493 2103 1524 littera
2115 1493 2204 1534 quod
2217 1493 2259 1524 ibi
2276 1504 2342 1524 non
2353 1500 2458 1534 potest

1391 1548 1458 1568 esse
1486 1538 1566 1568 ordo
1595 1537 1684 1568 realis
1712 1537 1772 1567 nisi
1795 1547 1815 1567 a
1838 1547 1900 1578 quo
1923 1538 2009 1568 alius
2032 1544 2063 1568 et
2084 1539 2140 1578 qui
2167 1538 2207 1568 ab
2230 1538 2310 1569 alio:
2338 1544 2457 1568 ceteros

1391 1582 1477 1613 enim
1501 1588 1624 1612 constat
1646 1581 1920 1621 imperfectionem
1944 1581 2099 1612 claudere.

1446 1626 1574 1657 XXVII.
1599 1626 1715 1663 Quoad
1729 1626 1902 1657 secundam
1916 1631 2045 1666 partem
2060 1626 2156 1656 huius
2171 1626 2302 1656 articuli
2314 1625 2341 1662 *‚
2362 1625 2457 1656 Grae-

1391 1681 1445 1702 cos
1469 1670 1580 1711 arguit,
1600 1670 1658 1701 tria
1674 1680 1787 1700 eorum
1810 1669 1892 1700 dicta
1914 1670 2089 1700 recitando:
2115 1670 2239 1706 scilicet,
2264 1670 2353 1710 quod
2369 1680 2457 1700 com-

1390 1715 1529 1746 muniter
1548 1714 1727 1745 concedunt
1749 1714 1891 1745 ordinem
1916 1714 1996 1744 inter
2019 1714 2137 1744 Filium
2161 1721 2191 1745 et
2214 1714 2367 1754 Spiritum
2382 1714 2457 1745 San-

1391 1766 1492 1795 ctum;
1513 1758 1664 1795 secundo,
1681 1759 1769 1799 quod
1786 1758 1882 1799 aliqui
1899 1758 2077 1789 concedunt
2093 1758 2181 1799 quod
2197 1759 2239 1789 sit
2250 1758 2300 1788 vel
2312 1759 2458 1798 profluat

1391 1814 1408 1834 a
1431 1803 1527 1839 Filio;
1551 1803 1664 1839 tertio,
1689 1803 1779 1843 quod
1807 1809 1939 1842 negatur
1971 1803 2060 1843 quod
2077 1802 2225 1842 procedit
2247 1812 2265 1832 a
2289 1802 2381 1833 Filio.
2410 1803 2457 1832 Ex

1390 1848 1506 1889 quibus
1526 1847 1628 1887 arguit
1646 1857 1701 1877 eos
1729 1846 1924 1887 ignorantiae
1942 1847 1992 1877 vel
2012 1847 2202 1886 proterviae:
2227 1846 2382 1887 quoniam
2400 1853 2457 1877 ter-

1390 1892 1472 1923 tium
1496 1891 1681 1922 contradicit
1703 1891 1808 1932 primo
1833 1897 1863 1921 et
1885 1891 2036 1921 secundo.
2055 1891 2152 1928 Quod
2172 1891 2285 1930 probat
2301 1891 2353 1921 sic.
2377 1892 2456 1921 Pro·

1391 1936 1502 1967 cedere
1518 1942 1564 1966 est
1580 1935 1880 1966 communissimum
1899 1935 1980 1965 inter
1995 1935 2104 1965 omnia
2120 1935 2291 1975 spectantia
2311 1935 2348 1965 ad
2366 1934 2457 1974 origi-

1391 1989 1481 2011 nem:
1507 1989 1581 2019 ergo
1598 1989 1635 2010 ex
1650 1989 1856 2020 quocumque
1877 1989 2026 2010 concesso
2043 1979 2218 2018 pertinente
2234 1979 2274 2009 ad
2289 1978 2454 2019 originem,

1390 2031 1467 2065 puta
1483 2024 1606 2062 ordine,
1631 2034 1686 2054 seu
1711 2033 1779 2054 esse
1801 2033 1833 2061 a,
1858 2033 1913 2054 seu
1930 2023 2110 2063 profluere,
2131 2023 2273 2064 sequitur
2288 2023 2454 2053 affirmatio

1384 2076 1576 2109 processus:
1599 2074 1629 2098 et
1648 2068 1691 2098 sic
1707 2068 1826 2108 priores
1851 2067 2074 2098 affirmationes
2098 2074 2276 2107 repugnant
2294 2067 2455 2107 negationi

1390 2112 1611 2153 processionis.
1631 2129 1650 2135 -
1670 2112 1867 2143 Antecedens
1895 2111 2062 2152 probatur:
2087 2111 2162 2152 quia
2185 2111 2306 2142 utimur
2322 2121 2454 2152 proces-

1389 2159 1479 2188 sione
1501 2157 1534 2186 in
1558 2156 1718 2192 omnibus,
1743 2163 1778 2187 ut
1801 2162 1886 2196 patet
1908 2155 2078 2187 inductive.

1448 2201 1589 2231 XXVIII.
1615 2201 1650 2230 In
1666 2200 1872 2240 responsione
1896 2200 1935 2230 ad
1956 2199 2094 2236 tertium,
2117 2199 2195 2230 scito
2219 2199 2308 2240 quod
2323 2199 2455 2240 quidam

1389 2245 1544 2275 invehunt
1566 2251 1676 2275 contra
1698 2245 1774 2274 haec
1797 2244 1905 2280 verba,
1938 2244 2013 2285 quia
2041 2254 2077 2274 ex
2100 2243 2149 2273 his
2173 2243 2315 2284 sequitur
2337 2243 2455 2273 Dama-

1391 2299 1523 2320 scenum
1546 2288 1643 2319 fuisse
1666 2288 1875 2319 haereticum:
1905 2289 1994 2329 quod
2018 2294 2048 2318 et
2071 2287 2253 2327 simpliciter
2276 2294 2322 2318 est
2345 2287 2456 2318 incon-

1389 2332 1535 2369 veniens;
1560 2338 1591 2363 et
1609 2332 1642 2362 in
1656 2332 1712 2363 illo
1736 2331 1911 2373 specialiter
1934 2341 2039 2372 opere,
2059 2331 2134 2372 quia
2153 2331 2231 2362 illud
2248 2331 2357 2372 recipit
2371 2332 2457 2371 Papa

1391 2377 1554 2417 Eugenius
1569 2376 1595 2407 *.

1448 2421 1500 2452 Ad
1522 2421 1584 2452 hoc
1608 2421 1730 2457 dicitur,
1755 2420 1845 2461 quod
1867 2430 1934 2451 non
1958 2419 2100 2460 sequitur
2121 2419 2213 2450 illum
2238 2419 2334 2450 fuisse
2350 2419 2456 2450 haere-

1391 2466 1500 2497 ticum.
1526 2465 1700 2502 Quoniam,
1714 2471 1750 2495 ut
1772 2465 1806 2495 in
1820 2475 1874 2505 qu.
1892 2474 1984 2501 xxxn,
2002 2470 2057 2494 art.
2075 2464 2144 2500 ult„
2162 2463 2282 2494 dictum
2299 2470 2354 2500 est,
2371 2470 2456 2494 ante-

1391 2520 1490 2551 quam
1506 2509 1729 2546 consideretur,
1747 2516 1801 2540 aut
1820 2508 2044 2539 determinetur
2062 2518 2118 2548 per
2136 2507 2319 2544 Ecclesiam,
2337 2508 2456 2548 absque

1391 2554 1526 2585 haeresis
1549 2553 1626 2584 vitio
1651 2553 1800 2594 opinatur
1828 2552 1898 2594 quis
1923 2552 2056 2589 falsum;
2086 2552 2175 2593 quod
2198 2552 2407 2591 postmodum
2430 2551 2456 2582 si

1390 2597 1589 2639 pertinaciter
1612 2598 1786 2634 sustineret,
1812 2603 1892 2628 esset
1915 2596 2098 2627 haereticus.
2123 2595 2245 2627 Dicitur
2268 2603 2374 2627 autern
2394 2596 2456 2626 Da-

1391 2652 1578 2673 mascenum
1600 2641 1656 2672 illo
1676 2641 1773 2672 fuisse
1796 2648 1940 2682 tempore
1964 2651 2030 2682 quo
2055 2640 2196 2671 decisum
2214 2641 2277 2671 hoc
2296 2651 2362 2671 non
2382 2647 2455 2671 erat.

1391 2688 1498 2725 Quare
1521 2693 1579 2717 etc.

1448 2731 1562 2762 XXIX.
1588 2730 1624 2760 In
1647 2729 1853 2770 responsione
1881 2730 1921 2760 ad
1943 2730 2132 2770 septimum,
2162 2729 2285 2760 adverte
2309 2729 2397 2770 quod
2421 2738 2458 2759 ex

1390 2775 1457 2806 istis
1475 2774 1577 2806 verbis
1599 2774 1724 2805 videtur
1747 2774 1887 2805 elicitum
1910 2774 2008 2815 quod,
2029 2774 2114 2814 apud
2138 2784 2162 2804 s.
2180 2773 2352 2810 Thomam,
2374 2783 2457 2803 ema-

1392 2820 1536 2851 nationes
1560 2818 1683 2849 divinae
1707 2818 1944 2859 distinguuntur
1967 2828 2023 2859 per
2044 2818 2120 2855 hoc,
2151 2818 2239 2858 quod
2263 2828 2325 2848 una
2350 2824 2395 2847 est
2418 2817 2456 2847 ab

1392 2874 1476 2900 uno,
1506 2863 1601 2894 altera
1622 2873 1698 2893 vero
1722 2873 1740 2893 a
1763 2863 1906 2899 duobus,
1935 2869 1972 2893 ut
1999 2863 2032 2893 in
2055 2873 2109 2892 xm
2132 2861 2332 2892 distinctione
2360 2860 2457 2891 Primi

1393 2909 1507 2940 Scotus
1531 2907 1645 2938 attulit.
1671 2907 1732 2938 Sed
1755 2917 1788 2937 re
1810 2917 1883 2937 vera
1906 2907 1964 2937 ista
1988 2907 2071 2937 dicta
2094 2906 2210 2936 distant
2232 2905 2313 2936 sicut
2335 2905 2458 2935 caelum

1393 2959 1423 2984 et
1445 2959 1540 2988 terra,
1566 2951 1668 2982 dicere
1696 2951 1785 2992 quod
1804 2950 1975 2982 differentia
1998 2951 2036 2981 sit
2059 2952 2134 2991 quia
2159 2960 2224 2981 una
2248 2955 2293 2980 est
2316 2950 2356 2980 ab
2379 2959 2455 2986 un0,

1392 3002 1423 3028 et
1445 2997 1512 3027 alia
1536 3006 1556 3026 a
1579 2996 1702 3026 duobus
1724 2996 1912 3036 suppositis:
1935 3002 1966 3026 et
1981 2995 2083 3026 dicere
2106 2994 2195 3035 quod
2219 2993 2390 3024 differentia
2411 2999 2457 3024 est

1392 3042 1467 3082 quia
1492 3050 1558 3070 una
1582 3045 1628 3070 est
1650 3049 1671 3070 a
1694 3040 1792 3070 Patre
1813 3039 1933 3077 solum,
1958 3040 2024 3070 alia
2048 3048 2123 3070 vero
2146 3048 2166 3068 a
2190 3038 2287 3068 Patre
2310 3043 2339 3068 et
2361 3037 2454 3068 Filio.

1393 3085 1437 3115 Ibi
1458 3084 1543 3115 enim
1559 3083 1627 3114 sola
1646 3083 1818 3114 differentia
1833 3083 1913 3114 inter
1929 3083 2083 3114 unitatem
2104 3089 2135 3113 et
2148 3082 2358 3122 pluralitatem
2382 3091 2456 3121 sup—

1392 3129 1572 3170 positorum
1596 3137 1654 3168 pro
1671 3137 1764 3158 causa
1787 3127 1942 3164 redditur;
1967 3127 2055 3168 quod
2077 3133 2123 3157 est
2137 3126 2322 3161 ridiculum;
2348 3132 2457 3155 contra

1393 3173 1481 3214 quod
1505 3178 1535 3203 et
1557 3171 1711 3202 laboravit
1734 3172 1857 3203 Scotus.
1887 3172 1948 3202 Hic
1976 3177 2083 3202 autem
2111 3170 2190 3200 ordo
2219 3169 2348 3209 originis
2376 3169 2456 3199 inter

1393 3227 1444 3248 eas
1467 3226 1526 3257 pro
1550 3225 1644 3246 causa
1659 3215 1807 3247 redditur.
1832 3216 1905 3246 Hoc
1928 3215 2013 3246 enim
2035 3215 2129 3245 verba
2151 3214 2204 3244 illa
2227 3214 2415 3254 important:
2435 3231 2456 3236 -

1392 3262 1467 3292 Non
1490 3260 1576 3291 enim
1590 3266 1694 3300 potest
1709 3260 1797 3290 aliter
1819 3259 1949 3300 originis
1965 3260 2044 3290 ordo
2061 3258 2180 3294 salvari,
2197 3258 2257 3288 nisi
2272 3258 2366 3288 altera
2383 3257 2423 3288 sit
2437 3267 2455 3287 a

1392 3306 1482 3336 Patre
1498 3311 1528 3335 et
1540 3304 1633 3335 Filio.
1646 3304 1742 3335 Hunc
1756 3310 1863 3335 autem
1879 3303 2023 3334 ordinem
2038 3302 2175 3342 originis,
2189 3302 2264 3343 quia
2276 3301 2316 3332 ad
2328 3301 2454 3342 integri-

1393 3357 1490 3381 tatem
1506 3348 1667 3379 rationum
1683 3348 1867 3379 formalium
1890 3348 2031 3388 ipsarum
2055 3346 2224 3386 originum,
2242 3353 2278 3376 ut
2293 3345 2454 3376 distinctae

1392 3394 1515 3424 realiter
1538 3399 1621 3428 sunt,
1639 3398 1778 3433 spectare
1800 3392 1863 3422 iam
1878 3399 2042 3422 ostensum
2066 3397 2112 3421 est
2132 3390 2163 3426 *;
2184 3390 2266 3426 ideo,
2291 3390 2353 3420 hoc
2376 3399 2454 3420 sano

1393 3448 1486 3468 sensu
1503 3436 1718 3476 intelligendo,
1735 3436 1814 3466 nihil
1835 3443 1928 3467 nocet
1949 3435 2120 3466 concedere
2135 3444 2304 3474 personam
2320 3434 2454 3474 Spiritus

1393 3481 1498 3513 Sancti
1521 3491 1558 3511 ex
1580 3491 1638 3512 sua
1661 3481 1781 3521 origine
1805 3479 1953 3520 distingui
1977 3490 1995 3510 a
2017 3479 2109 3510 Filio.
2426 3490 2429 3492 ·

2484 1627 2494 1636 ·
2509 1626 2545 1648 Cf.
2559 1632 2624 1649 num.
2635 1633 2670 1649 111.

2482 2377 2492 2388 ⁸
2501 2376 2604 2407 Tertius.
2614 2388 2624 2392 -
2635 2376 2694 2398 Vide

2482 2403 2597 2451 fflgtgisxtk,
2605 2403 2694 2431 1Sent.,

2481 3395 2493 3407 ⁸
2507 3395 2542 3418 Cf.
2558 3400 2622 3417 num.
2637 3399 2693 3415 xvn.
