2768 4178
37 326 48 338 ⁸
62 325 119 354 Cap.
130 332 152 347 iv
167 331 220 353 sqq.

0 175 8 254 i

0 262 134 365 {³⁰²⁹·¹·

25 469 52 491 n,
67 468 108 491 qu.
117 469 141 484 x.

118 662 144 678 11.
161 656 239 678 -.Did

19 656 128 732 'uniat
136 688 185 710 0-11,
194 689 242 711 11,5,

64 709 123 738 Cup
134 716 156 737 v,
167 715 217 731 111

12 445 13 452 ¹
27 437 36 447 ·
52 436 74 458 11
87 435 168 462 Seth,
185 435 239 457 dist.

988 215 1257 262 QUAEST10
1288 216 1343 262 11,
1368 216 1666 253 ART1CULUS
1696 216 1745 254 111

267 304 350 336 01180
377 302 507 335 sumpta
540 302 586 326 est
613 306 651 326 ex
674 296 731 327 VII
748 296 765 315 *
789 302 820 326 et
842 295 913 326 VIII
937 295 1067 335 Physic.
1084 292 1132 331 **,
1157 301 1233 325 511111
1261 295 1342 324 duae

267 339 504 381 propositiones
525 340 741 381 impugnatae.
765 340 873 371 Altera
896 345 952 375 est,
973 339 1054 369 nihil
1077 344 1182 370 movet
1203 340 1341 379 seipsum

261 385 382 425 primo.
405 383 528 415 Contra
550 384 632 415 hanc
654 384 743 415 enim
766 384 897 419 Scotus,
921 383 955 414 in
979 383 1110 414 materia
1133 383 1171 413 de
1195 383 1342 423 gravibus

266 434 298 459 et
312 428 446 464 levibus,
467 436 498 460 et
512 429 688 467 voluntate,
702 435 772 464 etc.⁹
786 427 890 468 arguit
903 427 930 458 *.
947 428 990 458 Et
1007 427 1166 468 quoniam
1179 428 1242 458 hoc
1258 434 1342 458 esset

268 472 350 504 exire
374 480 502 504 nostros
525 473 652 510 limites,
676 472 734 503 erit
757 472 796 503 de
819 472 882 503 hoc
904 472 1050 513 quaestio
1074 472 1229 512 specialis.

323 517 432 549 Altera
444 524 500 554 est,
505 518 650 558 primum
667 522 714 548 est
729 526 829 548 causa
845 517 958 547 medii:
975 516 1052 547 haec
1068 516 1155 546 enim
1171 517 1343 547 assumitur

267 569 335 594 tam
357 561 391 592 in
414 562 518 602 prima
540 571 640 603 quam
663 561 801 592 secunda
824 567 855 591 et
878 561 968 591 tertia
991 560 1123 596 ratione,
1142 561 1182 591 ad
1206 562 1342 601 proban-

268 607 349 638 dum
364 606 454 647 quod
469 616 536 636 non
552 605 734 646 proceditur
748 605 783 635 in
798 604 971 636 infinitum.
991 605 1032 636 Et
1047 612 1157 636 contra
1172 615 1253 642 earn,
1271 606 1343 636 licet

269 651 310 682 sit
325 659 469 701 expresse
484 649 662 681 Aristotelis
677 650 711 680 in
736 650 762 680 11
778 647 966 691 Metaphys;
978 647 994 664 *
1018 656 1049 680 01
1063 650 1136 680 VIII
1152 650 1281 691 Physic.
1297 650 1341 686 **,

269 695 412 735 arguitur
433 694 487 730 sic,
511 694 545 724 in
569 693 753 725 substantia.
778 694 883 725 Media
907 704 1001 725 causa
1025 704 1080 724 seu
1104 702 1221 730 motor,
1242 695 1268 725 si
1288 705 1342 725 ne-

269 739 404 770 cessario
424 738 581 784 dependet
597 748 615 768 a
629 738 732 779 prima
747 748 842 769 causa
866 748 921 769 seu
946 745 1082 775 motore‚
1098 746 1154 770 aut
1172 739 1235 770 hoc
1249 739 1343 770 habet

268 783 345 824 quia
358 779 473 819 media,
490 789 546 814 aut
559 782 636 823 quia
653 793 757 819 causa,
774 790 830 814 aut
845 783 921 823 quia
937 793 1032 814 causa
1047 783 1168 814 media:
1193 785 1248 814 sed
1264 784 1342 814 nihil

268 827 387 859 horum
403 834 464 858 est:
489 837 565 867 ergo
584 837 651 858 non
674 834 803 868 oportet
823 827 963 858 mediam
986 838 1115 858 causam
1132 829 1309 869 dependere
1324 839 1342 859 a

268 871 381 913 prima.
406 889 426 894 —
449 874 664 912 Assumptum
678 878 764 912 patet
787 882 824 902 ex
848 871 1015 903 sufficienti
1039 872 1250 904 distinctione.
1275 874 1340 904 De-

269 916 401 948 structio
416 925 492 946 vero
511 916 713 956 singulorum
732 917 894 957 probatur.
920 917 961 948 Et
970 918 1091 957 primo,
1109 918 1199 958 quod
1222 928 1289 948 non
1305 928 1342 948 ex

268 960 391 992 ratione
410 960 518 991 medii.
542 960 708 998 Quoniam
731 961 875 992 medium
899 961 1013 992 dicitur
1028 969 1173 1002 respectu
1190 963 1339 999 duorum,

267 1004 343 1037 hinc
365 1004 484 1036 scilicet
501 1005 585 1041 inde,
603 1015 744 1046 quorum
768 1013 815 1036 est
837 1005 995 1039 medium:
1021 1013 1051 1036 et
1074 1016 1141 1036 non
1164 1007 1340 1037 necessario

268 1056 412 1090 respectu
435 1049 531 1090 primi
553 1056 586 1080 et
608 1049 724 1086 ultimi,
746 1057 782 1081 ut
805 1057 891 1091 patet
913 1050 947 1080 in
970 1050 1084 1081 mediis
1103 1051 1244 1091 partibus
1267 1061 1341 1091 pro-

268 1093 502 1135 portionalibus
517 1094 635 1125 circuli.
655 1094 815 1132 Secundo,
833 1095 923 1136 quod
939 1105 1005 1125 non
1021 1105 1058 1125 ex
1074 1095 1197 1126 ratione
1216 1105 1339 1126 causae.

269 1137 356 1176 Quin
377 1145 481 1174 causa,
502 1145 538 1170 ut
561 1148 664 1175 causa,
682 1139 808 1180 respicit
831 1138 992 1175 effectum;
1017 1146 1048 1170 et
1071 1149 1137 1170 non
1161 1140 1342 1180 dependen-

268 1182 347 1215 tiam
366 1183 406 1213 ad
429 1183 517 1223 prius
541 1190 597 1214 aut
619 1183 772 1224 primum,
788 1191 824 1214 ut
839 1186 935 1224 patet.
966 1182 1083 1221 Tertio,
1101 1184 1190 1224 quod
1214 1194 1281 1215 non
1305 1194 1341 1215 ex

268 1227 396 1269 [ᾳῳω
404 1226 603 1278 composita,
623 1228 741 1260 scilicet
763 1238 876 1260 causae
900 1228 1032 1259 mediae.
1058 1228 1223 1265 Quoniam
1247 1239 1341 1260 causa

268 1271 374 1303 media
397 1278 434 1303 ut
456 1271 510 1308 sic,
528 1271 607 1302 nihil
630 1272 717 1303 aliud
736 1271 830 1313 exigit
852 1282 952 1313 quam
975 1279 1011 1303 ut
1033 1272 1067 1303 in
1090 1273 1251 1303 causando
1275 1283 1341 1304 me-

269 1315 347 1347 diet:
371 1317 427 1347 sed
449 1316 521 1353 hoc,
537 1316 678 1348 scilicet·
669 1327 703 1347 111
718 1317 879 1348 08115811ἀο
903 1316 1051 1353 mediare,
1068 1316 1260 1349 sufficienter
1282 1319 1342 1348 sal-

268 1367 370 1397 vatur,
386 1360 412 1391 si
430 1360 512 1392 inter
534 1360 676 1411 aliquam
699 1361 840 1401 priorem
858 1371 988 1392 causam
1011 1368 1042 1392 et
1065 1361 1213 1393 effectum
1235 1363 1342 1404 aliqua

268 1404 374 1436 media
389 1405 554 1436 causalitas
566 1405 620 1436 sit:
636 1415 712 1446 ergo
729 1405 834 1436 media
851 1416 954 1442 causa,
968 1416 1006 1437 ex
1021 1406 1142 1437 ratione
1158 1417 1223 1448 qua
1238 1408 1342 1438 media

268 1459 372 1486 causa,
389 1459 456 1479 non
471 1449 566 1490 exigit
581 1449 826 1491 dependentium
845 1461 863 1481 a
872 1451 984 1491 prima
998 1461 1101 1487 causa,
1117 1451 1173 1482 sed
1189 1462 1207 1482 a
1217 1453 1341 1492 priore.

267 1493 310 1525 Et
332 1492 553 1525 confirmatur:
578 1494 654 1536 quia
685 1495 863 1526 secundum
885 1502 932 1531 te,
957 1495 1015 1526 ista
1046 1493 1268 1527 conditio'nalis
1296 1504 1342 1528 est

267 1547 351 1574 vera,
366 1539 396 1569 si
411 1538 628 1579 procederent
652 1540 684 1569 in
710 1539 870 1581 infinitum
887 1549 1017 1578 causae,
1035 1550 1145 1571 omnes
1160 1550 1280 1572 causae
1295 1551 1341 1573 es-

267 1587 340 1614 sent
354 1592 474 1614 causae
497 1583 631 1614 mediae.
657 1583 742 1624 Ergo
766 1585 806 1614 ad
829 1584 985 1615 rationem
1002 1595 1114 1616 causae
1137 1585 1259 1616 mediae
1277 1596 1342 1616 non

268 1626 438 1669 requiritur
453 1627 663 1668 dependentia
679 1638 697 1658 a
713 1628 825 1669 prima,
842 1629 897 1660 sed
919 1640 936 1660 a
957 1629 1072 1669 priore,
1090 1637 1233 1671 respectu
1251 1631 1342 1662 cuius

269 1677 301 1703 et
322 1671 506 1713 posterioris
529 1672 651 1704 dicatur
674 1673 788 1704 media.

323 1716 362 1747 V.
386 1716 439 1747 Ad
461 1716 524 1747 hoc
548 1717 682 1748 breviter
709 1717 838 1754 dicitur,
864 1719 953 1759 quod
978 1729 1071 1750 causa
1096 1720 1217 1755 media,
1242 1731 1278 1751 ex
1303 1731 1342 1751 eo

239 1779 243 1782 ·
269 1761 360 1802 quod
383 1770 477 1792 causa
501 1761 615 1797 media,
631 1762 807 1794 necessario
831 1763 988 1803 dependet
1007 1774 1024 1794 a
1044 1764 1156 1804 prima.
1180 1765 1231 1795 Ad
1251 1765 1342 1796 cuius

270 1804 471 1857 evidentiam,
487 1812 615 1857 oportet
630 1807 767 1838 recolere
783 1807 873 1848 quod
890 1808 928 1838 de
946 1808 1068 1839 ratione
1085 1818 1197 1839 causae
1214 1816 1261 1840 est
1277 1809 1341 1840 effi-

270 1849 369 1881 cacia:
395 1850 455 1881 nisi
471 1850 558 1880 enim
578 1861 672 1881 causa
687 1851 807 1892 aliquid
824 1851 946 1887 efficiat,
965 1862 1058 1883 causa
1074 1852 1107 1883 in
1123 1861 1205 1890 actu,
1223 1854 1262 1884 de
1279 1864 1343 1895 qua

271 1901 318 1926 est
332 1904 447 1931 sermo,
466 1894 527 1926 dici
544 1905 610 1925 non
627 1902 742 1936 potest.
765 1895 912 1927 Efficacia
928 1906 1068 1938 namque
1085 1907 1197 1928 causae
1213 1898 1245 1928 in
1258 1898 1344 1929 illius

270 1939 451 1970 causalitate
463 1939 578 1970 actuali
595 1939 750 1971 consistit:
769 1947 799 1971 et
815 1947 991 1981 propterea,
1004 1941 1063 1972 nisi
1080 1942 1244 1973 causalitas
1257 1953 1343 1973 corn-

269 1983 402 2024 pleatur‚
420 1994 524 2024 neque
543 1993 638 2014 causa
660 1984 692 2014 in
717 1992 799 2021 actu,
817 1995 921 2026 neque
938 1985 1075 2017 efficacia
1099 1997 1154 2017 seu
1179 1986 1343 2018 efficientia

269 2027 376 2069 aliqua
400 2028 546 2059 salvatur.
572 2028 708 2069 Oportet
731 2039 823 2069 ergo,
849 2030 887 2060 ad
921 2030 982 2060 hoc
1006 2031 1095 2071 quod
1120 2041 1232 2062 causae
1262 2033 1341 2063 ratio

269 2071 416 2109 salvetur,
438 2079 474 2104 ut
493 2073 657 2104 causalitas
680 2073 765 2104 illius
789 2074 1001 2114 compleatur.
1027 2085 1062 2106 ac
1086 2085 1142 2115 per
1161 2075 1232 2111 hoc,
1250 2077 1342 2117 quid-

269 2116 348 2158 quid
371 2124 526 2158 repugnat
544 2117 782 2169 complemento
803 2118 991 2150 causalitatis
1007 2119 1140 2154 alicuius
1157 2130 1278 2156 causae,
1297 2131 1342 2151 re-

269 2168 391 2202 pugnat
406 2171 519 2193 causae
535 2161 591 2193 illi.
617 2161 704 2193 Cum
727 2162 822 2213 igitur
845 2173 939 2194 causa
962 2163 1067 2194 media
1082 2174 1154 2195 vere
1179 2175 1278 2197 081158
1292 2166 1340 2201 511,

269 2212 396 2247 oportet
418 2206 522 2247 ipsam
545 2206 660 2238 habere
684 2207 846 2248 propriam
871 2207 1086 2239 causalitatem
1111 2209 1313 2250 completam.

325 2250 421 2282 Tunc
448 2251 502 2282 sic.
537 2250 824 2292 Complementum
857 2252 1045 2283 causalitatis
1077 2263 1188 2284 causae
1220 2254 1342 2285 mediae

269 2294 451 2326 nullatenus
483 2301 589 2336 potest
619 2306 686 2327 esse
717 2296 784 2327 sine
816 2296 1026 2337 dependentia
1049 2307 1067 2327 a
1097 2298 1201 2338 prima
1231 2309 1340 2329 causa:

269 2349 345 2380 ergo
370 2349 464 2370 causa
487 2340 601 2377 media,
619 2348 655 2372 ut
679 2347 725 2372 est
748 2351 842 2372 causa
866 2341 980 2377 media,
1008 2341 1165 2392 dependet
1187 2353 1206 2373 a
1229 2343 1341 2384 prima.

269 2383 355 2425 Ergo
379 2384 501 2425 optime
525 2384 600 2416 dicit
620 2385 818 2421 Aristoteles,
845 2392 875 2416 et
897 2386 1031 2417 habetur
1054 2386 1086 2416 in
1110 2387 1228 2423 littera,
1252 2389 1342 2429 quod

269 2428 411 2470 primum
423 2435 470 2460 est
482 2439 577 2460 causa
591 2430 726 2461 medii.—
706 2429 976 2481 —Consequentia
991 2437 1078 2462 nota.
1098 2431 1140 2462 Et
1155 2433 1343 2463 antecedens

269 2473 433 2519 probatur.
458 2473 491 2504 Si
507 2474 671 2505 tolleretur
689 2475 791 2515 prima
815 2485 918 2511 causa,
940 2475 984 2506 sic
1005 2475 1093 2516 quod
1118 2483 1189 2508 ante
1210 2487 1342 2508 omnem

270 2527 399 2549 causam
422 2525 503 2549 esset
527 2519 588 2549 alia
611 2529 724 2556 causa,
752 2529 921 2560 nunquam
944 2519 1146 2560 perficeretur
1178 2522 1342 2552 causalitas

269 2562 402 2594 istarum
433 2573 601 2594 causarum
632 2563 835 2595 essentialiter
858 2564 1122 2604 dependentium:
1155 2576 1230 2606 ergo
1255 2576 1342 2597 com-

269 2607 468 2647 plementum
492 2607 670 2638 mediarum
695 2608 852 2649 dependet
868 2618 886 2638 a
901 2608 1013 2649 prima.
1039 2609 1273 2641 Conditionalis
1296 2618 1343 2641 est

270 2651 365 2682 clara:
390 2651 465 2692 quia
487 2651 626 2683 infinitas
643 2653 812 2683 descensus
828 2653 878 2683 vel
902 2663 1050 2684 ascensus
1072 2662 1229 2695 repugnat
1253 2665 1342 2686 com-

270 2695 444 2736 plemento.
472 2695 710 2737 Consequentia
734 2703 842 2728 autem
865 2704 964 2738 patet:
997 2698 1073 2738 quia
1101 2706 1224 2730 constat
1252 2700 1342 2740 quod

271 2740 546 2780 complementum
568 2741 692 2771 mediae
716 2751 828 2772 causae
852 2742 1009 2782 dependet
1025 2743 1063 2773 ab
1088 2743 1194 2784 aliqua
1217 2751 1342 2775 antece-

270 2784 376 2820 dente;
402 2791 433 2815 et
455 2795 522 2815 non
546 2795 564 2815 a
581 2786 696 2826 priore
719 2792 860 2822 1811111111,
885 2794 920 2817 111
943 2793 1029 2827 patet
1053 2797 1089 2818 ex
1118 2788 1340 2823 conditionali;

269 2838 344 2870 ergo
368 2839 387 2859 a
403 2830 525 2869 prima.

322 2873 378 2904 vl.·
401 2874 453 2904 Ad
476 2874 691 2905 obiectionem
714 2881 822 2906 81110111
845 2875 877 2905 111
902 2876 1106 2916 oppositum,
1132 2886 1206 2907 cum
1230 2876 1343 2907 dicitur

269 2927 370 2949 causa
395 2918 500 2950 media
524 2919 605 2949 nihil
628 2920 731 2960 exigit
754 2920 817 2950 nisi
843 2920 929 2960 quod
960 2921 991 2951 in
1017 2921 1182 2956 causando
1207 2921 1338 2958 mediet,

270 2962 469 2994 conceditur:
495 2963 550 2993 sed
575 2973 650 2994 cum
670 2963 868 2994 subsumitur
886 2965 976 3005 quod
999 2964 1060 2996 hoc
1077 2965 1215 2996 salvatur
1238 2975 1341 3006 respe-

270 3014 323 3038 ctu
346 3007 460 3047 prioris
483 3017 605 3044 causae,
631 3014 773 3048 negatur.
797 3008 962 3045 Quoniam
985 3009 1181 3049 impossibile
1205 3016 1252 3040 est
1274 3020 1341 3040 me-

270 3050 357 3082 diam
372 3051 587 3083 causalitatem
602 3051 721 3092 perfici,
738 3052 799 3082 nisi
815 3059 1006 3084 sustentetur
1021 3054 1054 3084 in
1073 3054 1191 3094 prima:
1212 3054 1239 3084 si
1255 3054 1342 3084 enim

270 3095 308 3125 ab
332 3094 462 3126 infinitis
484 3096 642 3137 prioribus
667 3097 833 3137 dependet,
855 3107 1023 3138 nunquam
1046 3098 1154 3138 perfici
1177 3098 1302 3139 poterit.

325 3139 377 3169 Ad
391 3139 668 3171 confirmationem
683 3151 769 3177 vero,
787 3147 919 3182 negatur
934 3143 1023 3183 quod
1039 3142 1092 3173 illa
1108 3142 1340 3179 conditionalis,

270 3183 389 3214 scilicet
411 3185 440 3214 si
462 3194 581 3216 causae
604 3186 818 3216 essentialiter
841 3185 1011 3217 ordinatae
1038 3192 1143 3218 essent
1174 3188 1341 3228 infinitae,

270 3237 380 3258 omnes
403 3234 508 3260 essent
523 3239 642 3261 causae
664 3230 798 3269 mediae,
817 3229 857 3260 sit
871 3230 1049 3261 Aristotelis
1068 3238 1124 3262 aut
1138 3239 1247 3262 nostra
1270 3232 1343 3262 sim-

270 3272 404 3313 pliciter:
425 3273 481 3303 sed
495 3280 542 3305 est
557 3274 598 3304 ad
613 3274 779 3305 hominem
795 3281 970 3315 ponentem
985 3274 1173 3306 infinitatem
1189 3276 1223 3306 in
1240 3276 1342 3307 causis

270 3316 467 3347 huiusmodi.
491 3318 589 3358 Apud
611 3318 672 3349 hos
691 3329 831 3360 namque
847 3318 989 3360 sequitur
1008 3319 1131 3360 optime
1149 3321 1248 3360 quod,
1267 3331 1342 3351 curn

271 3371 383 3391 omnes
398 3368 560 3401 ponantur
575 3372 696 3399 causae,
717 3370 747 3394 et
765 3363 854 3394 nulla
869 3363 980 3404 prima,
1002 3364 1106 3405 igitur
1120 3365 1254 3395 mediae.
1279 3365 1342 3396 Sed

271 3405 449 3436 secundum
471 3405 644 3443 veritatem,
660 3417 697 3438 ex
715 3407 772 3438 illo
795 3408 1008 3445 antecedente,
1023 3409 1214 3448 proceditur
1237 3410 1269 3439 in
1294 3410 1340 3440 in-

261 3449 397 3491 finitum
423 3451 455 3480 in
480 3448 769 3492 causis,'sequitur,
787 3462 867 3494 ergo
891 3453 982 3483 nulla
1006 3462 1106 3484 causa
1130 3459 1187 3491 est,
1213 3460 1248 3484 ut
1271 3453 1340 3484 Ari-

271 3494 399 3525 stoteles
423 3501 454 3525 et
477 3505 502 3524 5.
518 3494 663 3525 Thomas
687 3495 864 3528 deducunt:
889 3497 965 3538 quia
988 3497 1146 3538 sequitur,
1172 3507 1252 3539 ergo
1276 3508 1339 3528 non

271 3544 318 3569 est
334 3539 463 3579 prima:
486 3548 566 3580 ergo
589 3548 648 3569 nec
666 3540 770 3571 media
777 3550 793 3578 ;
816 3541 892 3582 quia
910 3541 1014 3582 prima
1032 3549 1078 3573 est
1098 3552 1191 3573 causa
1207 3542 1339 3578 mediae,

27 3583 42 3603 ·‘
55 3583 245 3613 Rumpi-necea.
271 3588 307 3613 ut
331 3583 503 3623 probatum
526 3589 573 3614 est
587 3583 614 3613 *.

414 3645 524 3670 simmaa
543 3644 645 3669 Timor„
665 3645 696 3669 D.
709 3645 824 3670 Tuonaa
843 3646 875 3670 T.
888 3647 907 3672 Ι.

2418 222 2464 258 33

1451 295 1520 325 VII.
1538 294 1629 326 Circa
1644 295 1732 326 illam
1749 297 2003 347 propositionem
2018 298 2050 328 in
2066 305 2177 339 quarta
2192 299 2242 328 via
2260 307 2465 351 assumptam,

1397 338 1516 370 scilicet
1538 341 1680 370 maxime
1703 341 1768 370 tale
1792 342 1824 370 in
1847 341 1957 381 aliquo
1979 351 2110 382 genere,
2132 348 2179 373 est
2201 352 2300 374 causa
2325 345 2465 374 omnium

1397 383 1537 414 aliorum
1561 394 1646 424 quae
1666 390 1744 415 sunt
1758 385 1846 415 illius
1864 387 2005 435 generis,
2030 387 2185 427 quoniam
2203 387 2409 427 impugnatur
2428 389 2466 418 ab

1397 428 1540 458 Aureolo
1555 429 1582 464 *,
1607 435 1684 459 nota
1704 435 1766 459 tres
1786 429 1948 460 terminos.
1973 431 2092 470 Primo,
2112 432 2202 471 quod
2220 432 2307 462 aliud
2330 439 2376 462 est
2399 442 2466 462 esse
2494 438 2503 447 ·

1397 473 1539 503 maxime
1568 473 1634 503 tale
1655 473 1688 503 in
1716 473 1825 514 aliquo
1856 483 1982 513 genere,
2009 482 2038 505 et
2061 475 2147 505 aliud
2171 482 2217 506 est
2240 486 2306 506 esse
2330 476 2466 516 primam

1398 526 1454 547 seu
1478 517 1740 557 perfectissimam
1756 517 1895 558 speciem
1911 518 2044 549 alicuius
2067 519 2198 558 generis.
2220 521 2312 551 Unde
2331 530 2396 550 non
2417 531 2465 550 as-

1398 561 1535 592 sumitur
1557 561 1608 592 hic
1627 562 1717 602 quod
1732 561 1958 602 perfectissima
1975 563 2093 602 species
2109 564 2148 594 sit
2164 574 2258 594 causa
2273 571 2446 595 ceterarum
2459 575 2464 595 ;

1397 605 1453 635 5001
1475 606 1563 646 quod
1588 607 1730 637 maxime
1753 607 1828 643 tale,
1856 613 1914 637 etc.
1943 607 2106 645 Secundo,
2132 609 2220 648 quod
2243 618 2312 639 esse
2334 618 2465 639 causam

1397 650 1552 690 contingit
1566 650 1600 680 in
1617 651 1782 691 proposito
1802 650 1983 691 dupliciter:
2004 651 2121 682 scilicet
2136 652 2309 683 effectivam
2327 654 2465 693 proprie,

1397 694 1447 724 vel
1471 695 1692 735 exemplarem.
1718 695 1790 726 Hoc
1813 695 1846 725 in
1870 695 1942 725 loco
1967 695 2099 726 confuse
2115 697 2285 728 assumitur
2308 707 2374 728 esse
2394 708 2466 728 cau-

1397 748 1479 769 sam:
1504 739 1659 780 quoniam
1682 740 1722 769 ad
1746 739 1949 780 propositum
1974 749 2039 770 non
2063 740 2155 771 refert
2178 741 2264 781 quali
2288 742 2466 773 causalitate

1397 783 1534 814 maxime
1558 794 1622 819 ens,
1641 785 1764 814 bonum
1789 791 1819 814 et
1841 793 1953 814 verum
1977 784 2016 814 sit
2040 795 2133 815 081158
2158 795 2237 821 0550,
2265 786 2413 816 0011118115
2437 794 2467 817 01

1396 828 1533 858 veritatis
1566 835 1759 864 ceterorum;
1789 837 1856 858 esse
1884 828 1970 858 enim
2003 839 2131 859 causam
2163 830 2227 860 sive
2256 830 2467 870 exemplarem

1397 872 1546 903 omnium
1568 872 1697 908 horum,
1718 872 1783 903 sive
1799 872 1983 909 effectivam,
2001 873 2168 914 proprium
2183 881 2230 904 est
2248 874 2317 904 Dei.
2347 875 2465 912 Ter-tio,

1397 917 1486 957 quod
1505 922 1611 948 cetera
1627 917 1715 948 illius
1729 918 1864 958 generis
1876 925 2011 957 possunt
2030 917 2129 958 accipi
2146 918 2325 958 dupliciter:
2352 919 2468 950 scilicet

1397 961 1552 997 absolute,
1567 961 1648 992 idest
1663 962 1843 992 secundum¹
1865 969 1972 992 totum
1994 962 2027 992 id
2051 962 2141 1003 quod
2163 969 2252 999 sunt;
2278 969 2309 993 et
2331 970 2468 1003 possunt

1397 1006 1496 1046 accipi
1513 1006 1692 1037 secundum
1716 1006 1872 1037 rationem
1895 1006 1980 1037 illius
2003 1007 2135 1047 generis.
2161 1007 2196 1037 In
2216 1007 2383 1048 proposito
2401 1018 2467 1038 non

1397 1057 1568 1081 sumuntur
1591 1051 1752 1087 absolute,
1782 1051 1838 1081 sed
1861 1051 2038 1082 secundum
2061 1052 2151 1092 quod
2174 1051 2290 1082 habent
2313 1052 2396 1082 1111115
2420 1063 2467 1083 18-

1397 1094 1536 1125 tionem:
1562 1105 1628 1125 non
1652 1095 1738 1126 enim
1762 1095 1899 1126 maxime
1923 1094 2062 1126 calidum
2085 1096 2221 1127 dicimus
2245 1106 2373 1126 causam
2397 1097 2467 1127 reli-

1397 1149 1538 1179 quorum
1562 1139 1738 1170 calidorum
1761 1140 1939 1170 secundum
1962 1140 2171 1171 substantiam
2195 1147 2226 1171 et
2248 1147 2354 1171 totum
2378 1143 2467 1182 quod

1397 1189 1480 1219 sunt,
1499 1183 1554 1213 sed
1577 1184 1684 1214 solum
1707 1184 1900 1225 inquantum
1924 1184 2024 1215 calida
2048 1191 2131 1216 sunt.
2147 1185 2229 1215 -lta
2243 1186 2332 1226 011001
2356 1195 2466 1216 50115115

1397 1227 1626 1268 propositionis
1650 1236 1831 1268 assumptae
1855 1235 1913 1259 est:
1940 1229 2076 1259 Maxime
2096 1229 2214 1259 habens
2238 1230 2394 1260 rationem
2412 1231 2467 1260 ali-

1397 1282 1496 1312 quam
1521 1271 1702 1308 formalem,
1728 1280 1775 1303 est
1798 1282 1901 1308 causa,
1927 1273 1991 1303 sive
2016 1274 2201 1314 exemplaris
2225 1274 2290 1304 sive
2317 1273 2465 1311 effectiva,

1397 1316 1595 1357 reliquorum
1610 1317 1797 1348 habentium
1813 1317 1947 1347 eandem
1962 1317 2117 1348 rationem
2133 1317 2310 1354 formalem,
2331 1325 2367 1349 ut
2382 1318 2435 1349 sic.

1453 1361 1500 1391 Ex
1516 1361 1578 1391 hoc
1594 1368 1680 1401 patet
1702 1362 1792 1402 quod
1815 1361 1961 1392 instantia
1984 1362 2115 1392 Aureoli
2140 1363 2178 1392 de
2202 1362 2346 1392 albedine
2364 1372 2467 1403 respe-

1397 1411 1450 1436 ctu
1467 1405 1624 1442 colorum,
1642 1406 1720 1436 nihil
1735 1406 1827 1437 valet.
1852 1406 1940 1436 Tum
1959 1406 2035 1446 quia
2054 1407 2167 1437 albedo
2184 1415 2249 1436 non
2269 1413 2316 1438 est
2332 1407 2467 1438 maxime

1398 1450 1496 1480 color.
1522 1450 1611 1480 Tum
1634 1450 1718 1491 quia,
1744 1450 1769 1480 si
1794 1457 1874 1481 esset
1902 1451 2037 1480 maxime
2072 1451 2180 1486 color,
2211 1461 2277 1481 non
2308 1458 2468 1491 oporteret

1397 1502 1564 1535 propterea
1587 1495 1689 1535 ipsam
1721 1505 1847 1525 causare
1873 1502 1988 1525 ceteras
2020 1495 2138 1535 species
2167 1495 2282 1525 coloris
2307 1496 2466 1533 absolute,

1397 1539 1452 1569 sed
1476 1546 1634 1580 quantum
1658 1539 1697 1569 ad
1721 1539 1877 1570 rationem
1905 1539 2020 1570 coloris
2044 1546 2177 1570 tantum.
2207 1540 2295 1570 Turn
2324 1540 2398 1580 quia
2423 1541 2467 1570 di-

1398 1593 1466 1614 cere
1483 1583 1662 1614 albedinem
1687 1594 1754 1614 esse
1779 1594 1907 1614 causam
1931 1584 2143 1624 exemplarem
2168 1584 2364 1624 reliquorum
2381 1585 2467 1615 colo—

1398 1638 1470 1658 rum
1505 1635 1663 1669 quatenus
1692 1628 1815 1659 colores
1850 1635 1944 1663 sunt,
1981 1628 2107 1658 nullum
2142 1629 2366 1659 inconveniens
2400 1637 2465 1660 est:

1397 1682 1472 1703 cum
1489 1672 1674 1713 perfectiora
1697 1672 1759 1703 sint
1782 1672 1963 1703 naturaliter
1987 1673 2176 1712 exemplaria
2198 1673 2467 1713 imperfectiorum

1398 1724 1433 1748 ut
1449 1717 1511 1753 sic;
1536 1724 1567 1748 et
1590 1717 1712 1748 colores
1737 1727 1859 1753 omnes,
1880 1724 2001 1757 quanto
2026 1717 2125 1758 magis
2149 1718 2302 1748 accedunt
2325 1718 2364 1747 ad
2383 1718 2467 1748 albe-

1397 1762 1515 1797 dinem,
1534 1768 1621 1792 tanto
1642 1762 1714 1802 plus
1731 1762 1846 1792 habent
1863 1761 1952 1797 lucis,
1970 1769 2000 1792 et
2022 1769 2251 1802 consequenter
2267 1762 2466 1802 perfectionis

1397 1812 1518 1843 ratione
1543 1812 1669 1843 coloris.

1452 1857 1534 1887 VIII.
1549 1856 1641 1888 Circa
1656 1856 1801 1898 quintam
1817 1857 1910 1892 viam,
1928 1864 1974 1887 est
1990 1857 2137 1887 instantia
2153 1867 2283 1898 quoque
2296 1857 2425 1888 Aureoli
2439 1858 2464 1894 *‚

1396 1911 1495 1942 0118111
1518 1908 1624 1932 18111011
1644 1901 1731 1941 prius
1757 1901 1928 1932 excluserat
1952 1912 1975 1932 s.
1988 1901 2141 1937 Thomas,
2159 1902 2199 1931 III
2220 1902 2341 1932 Contra
2360 1902 2464 1939 Geni„

1397 1956 1465 1986 cap.
1482 1954 1567 1976 thv:
1589 1945 1706 1976 scilicet
1728 1946 1818 1986 quod
1841 1946 2031 1986 quidditates
2051 1956 2157 1976 rerum
2180 1946 2370 1977 naturalium
2393 1953 2467 1977 sunt

1396 1989 1586 2021 sufficientes
1610 2000 1721 2020 causae
1741 1989 1920 2025 effectuum,
1938 1990 1994 2030 qui
2012 1990 2192 2020 naturaliter
2208 1998 2359 2031 apparent
2382 1991 2464 2021 ordi-

1396 2041 1468 2065 nate
1485 2041 1543 2065 etc.
1561 2034 1594 2064 in
1611 2034 1769 2065 universo.
1794 2033 1874 2064 Vide
1894 2034 2021 2070 ibidem,
2039 2042 2070 2064 et
2085 2034 2117 2064 in
2134 2035 2197 2072 Qu.
2211 2035 2251 2065 de
2272 2035 2352 2071 Ver.,
2366 2045 2421 2076 qu.
2434 2046 2463 2071 v,

1397 2086 1452 2109 art.
1473 2089 1510 2114 2,
1536 2086 1566 2109 et
1588 2079 1728 2109 invenies
1759 2078 1916 2109 rationem
1946 2078 2184 2109 insufficientiae
2214 2089 2280 2110 esse
2311 2079 2465 2110 unitatem

1396 2123 1525 2158 ordinis,
1551 2123 1699 2154 utilitates
1724 2130 1868 2158 mutuas,
1894 2123 2107 2153 connexiones
2132 2124 2373 2159 contrariorum,
2390 2131 2463 2154 etc.:

1396 2174 1518 2208 praeter
1541 2177 1612 2198 eam
1636 2177 1717 2208 quae
1746 2167 1796 2197 hic
1820 2167 1950 2207 ponitur
1978 2167 2010 2197 in
2039 2168 2244 2207 responsione
2269 2169 2308 2198 ad
2334 2178 2366 2204 2,
2391 2168 2466 2209 quia

1397 2211 1514 2242 scilicet
1538 2218 1648 2242 natura
1665 2211 1727 2252 agit
1746 2219 1874 2252 propter
1894 2211 2000 2246 finem,
2018 2222 2054 2242 ex
2072 2212 2096 2241 11
2114 2212 2241 2253 Physic.
2259 2212 2291 2248 *;
2317 2223 2392 2253 ergo
2412 2220 2466 2243 aut

1396 2267 1414 2286 a
1437 2266 1470 2286 se
1495 2253 1695 2296 conceptum,
1721 2263 1775 2286 aut
1798 2256 1836 2286 ab
1860 2256 1922 2286 alio
1947 2256 2126 2286 intendente
2151 2256 2274 2292 directa,
2300 2264 2357 2288 etc.

1453 2301 1505 2331 IX.
1531 2300 1622 2331 Circa
1647 2300 1841 2331 solutionem
1872 2300 1965 2340 primi
1995 2301 2193 2340 argumenti,
2225 2301 2350 2332 adverte
2378 2302 2467 2342 quod

1396 2345 1562 2385 responsio
1579 2345 1697 2375 litterae
1717 2345 1859 2375 consistit
1875 2344 1907 2374 in
1925 2345 2091 2384 negatione
2109 2346 2362 2386 consequentiae.
2384 2346 2467 2383 Quia

1396 2396 1503 2420 tamen
1527 2399 1594 2420 non
1617 2389 1794 2429 assignatur
1817 2399 1910 2419 causa
1934 2389 1966 2419 in
1995 2390 2180 2425 communi,
2211 2390 2266 2420 sed
2289 2390 2467 2430 particulari

1396 2433 1526 2464 materia
1550 2434 1589 2464 de
1612 2444 1676 2475 qua
1700 2441 1746 2464 est
1770 2443 1874 2464 sermo
1888 2457 1895 2469 ‚
1928 2433 2020 2469 ideo,
2045 2434 2077 2463 in
2102 2434 2267 2464 communi
2291 2435 2465 2475 loquendo,

1396 2478 1475 2509 scito
1493 2479 1615 2519 primo,
1639 2478 1729 2519 quod
1746 2488 1848 2508 unum
1872 2478 2097 2518 oppositorum
2116 2478 2279 2508 excludere
2296 2479 2464 2519 reliquum,

1395 2529 1502 2563 potest
1525 2522 1691 2562 dupliciter
1714 2520 2003 2562 inteffigi}:·scilicet
2023 2522 2232 2562 formaliter,
2260 2530 2289 2553 et
2313 2523 2464 2563 effective.

1395 2567 1593 2598 Formaliter
1615 2567 1755 2608 quidem,
1782 2576 1884 2596 unum
1908 2566 2133 2606 oppositorum
2158 2577 2223 2597 non
2248 2568 2383 2598 excludit
2398 2568 2465 2598 reli-

1396 2621 1508 2652 quum,
1534 2611 1593 2641 nisi
1613 2621 1630 2641 a
1647 2621 1706 2641 suo
1731 2611 1900 2650 receptivo‚
1927 2618 1962 2641 ut
1985 2618 2079 2650 patet.
2105 2611 2145 2641 Et
2168 2611 2212 2642 sic
2235 2611 2267 2647 111
2287 2612 2464 2652 proposito,

1395 2656 1471 2696 quia
1490 2656 1614 2686 bonum
1638 2655 1782 2685 divinum
1806 2654 1967 2685 infinitum
1991 2662 2045 2690 est,
2071 2665 2167 2685 omne
2191 2656 2313 2686 malum
2331 2657 2466 2687 excludit

1396 2699 1570 2730 formaliter
1585 2710 1603 2729 a
1617 2700 1700 2730 Deo:
1726 2709 1792 2729 non
1817 2707 1923 2730 autem
1947 2709 1965 2729 a
1981 2706 2130 2736 creatura,
2145 2700 2220 2740 quia
2236 2710 2301 2730 non
2318 2701 2466 2741 recipitur

1397 2745 1429 2775 in
1444 2751 1593 2779 creatura,
1620 2744 1674 2774 sed
1698 2743 1730 2773 in
1754 2743 1825 2783 ipso
1849 2750 1975 2774 tanturn
1994 2744 2074 2774 Deo.
2099 2744 2256 2784 Effective
2271 2755 2346 2775 vero
2363 2755 2466 2775 unum

1396 2788 1622 2829 oppositorum
1645 2787 1782 2818 excludit
1803 2788 1973 2829 reliquum,
1997 2789 2175 2819 secundum
2198 2789 2287 2829 quod
2303 2789 2396 2820 efficit
2411 2790 2465 2819 811-

1396 2833 1474 2874 quid
1497 2832 1556 2863 sibi
1580 2832 1697 2862 simile:
1723 2832 1804 2863 sicut
1826 2832 1873 2862 vis
1897 2832 2007 2863 solaris
2032 2833 2169 2863 excludit
2192 2833 2289 2873 frigus
2314 2834 2351 2864 ab
2376 2844 2463 2870 aere,

1396 2877 1574 2907 secundum
1598 2877 1686 2917 quod
1710 2876 1862 2907 assimilat
1894 2876 1951 2907 sibi
1985 2886 2089 2907 aerem
2122 2877 2154 2907 in
2186 2887 2251 2908 esse
2282 2878 2393 2908 calido.
2425 2878 2466 2908 Et

1396 2921 1482 2952 iuxta
1505 2921 1586 2951 hanc
1615 2920 1854 2961 oppositionem
1884 2921 2026 2961 procedit
2054 2929 2294 2961 argumentum.
2327 2923 2415 2962 quod
2440 2922 2464 2952 si

1396 2975 1499 2996 unum
1530 2965 1757 3006 oppositorum
1787 2972 1833 2996 est
1860 2965 2041 3001 infinitum,
2074 2966 2233 3006 reliquum
2262 2976 2326 2996 non
2358 2967 2465 2996 solum

1397 3009 1571 3041 excluditur
1599 3009 1638 3039 ab
1670 3019 1708 3040 eo
1732 3009 1925 3045 formaliter,
1951 3010 2006 3040 sed
2037 3010 2132 3040 etiarn
2161 3010 2298 3040 effective
2326 3010 2359 3040 in
2383 3021 2464 3050 quo-

1397 3064 1535 3095 cumque
1559 3054 1726 3084 inventum
1749 3053 1857 3084 fuerit:
1890 3061 1920 3085 et
1943 3054 2004 3084 hoc
2028 3061 2157 3094 propter
2180 3054 2366 3085 infinitatem
2390 3065 2464 3085 suae

1397 3098 1569 3134 efficaciae,
1596 3098 1646 3128 cui
1671 3098 1749 3128 nihil
1772 3098 1912 3129 resistere
1936 3105 2059 3138 potest,
2085 3098 2144 3128 nisi
2168 3098 2253 3128 aliud
2277 3099 2465 3138 oppositum

1397 3143 1492 3174 etiarn
1516 3149 1597 3173 esset
1619 3141 1791 3173 infinitum.
1816 3161 1836 3165 —
1860 3143 1945 3173 Scito
1969 3143 2118 3180 secundo,
2143 3143 2231 3183 quod
2255 3142 2378 3178 Scotus,
2403 3140 2463 3173 inl

1396 3188 1496 3225 Sent.,
1522 3187 1592 3217 dist.
1610 3197 1641 3222 11,
1658 3196 1714 3227 qu.
1729 3197 1749 3222 1,
1774 3187 1814 3217 ad
1844 3198 1872 3222 1,
1898 3187 2079 3217 examinans
2102 3187 2183 3217 hanc
2207 3187 2463 3223 conditionalem,

1397 3232 1472 3263 dicit
1495 3231 1598 3271 ipsam
1620 3240 1737 3267 veram,
1757 3241 1824 3261 non
1848 3231 1954 3261 solum
1978 3231 2160 3267 formaliter,
2185 3231 2239 3261 sed
2263 3230 2410 3267 effective,
2432 3232 2463 3261 in

1397 3276 1553 3317 oppositis
1582 3275 1764 3306 naturaliter
1787 3275 1971 3315 agentibus:
2005 3273 2081 3305 non'
2102 3282 2207 3306 autem
2238 3275 2271 3305 in
2299 3276 2464 3315 agentibus

1397 3320 1584 3351 voluntarie.
1608 3319 1649 3350 Et
1664 3319 1758 3350 solvit
1774 3327 1998 3360 argumentum
2022 3320 2061 3349 ad
2085 3319 2295 3359 propositum,
2313 3320 2389 3360 quia
2408 3321 2463 3350 bo-

1397 3375 1477 3395 num
1493 3363 1654 3394 infinitum
1673 3363 1737 3404 agit
1752 3364 1939 3395 voluntarie.
1956 3382 1975 3386 -
1993 3364 2028 3393 In
2043 3363 2144 3394 littera
2158 3370 2266 3394 autem
2282 3364 2464 3404 simpliciter

1396 3415 1528 3449 negatur
1552 3408 1794 3449 consequentia:
1820 3415 1851 3438 et
1874 3408 2048 3448 assignatur
2070 3408 2164 3444 ratio,
2189 3408 2265 3448 quia
2288 3408 2404 3439 scilicet
2428 3419 2463 3439 ex

1396 3453 1518 3484 infinita
1534 3452 1674 3483 bonitate
1690 3452 1809 3493 agentis
1829 3453 1970 3493 sequitur
1987 3462 2053 3482 esse
2068 3452 2173 3492 aliqua
2187 3452 2280 3488 mala,
2297 3463 2333 3483 ex
2348 3453 2463 3493 quibus

1397 3499 1520 3528 bonum
1543 3497 1682 3527 resultet.

1452 3543 1492 3572 X.
1508 3541 1570 3572 Sed
1589 3540 1753 3582 quoniam,
1771 3547 1806 3571 ut
1825 3540 1945 3571 dictum
1958 3547 2004 3571 est
2012 3539 2038 3576 *‚
2054 3540 2113 3571 ista
2127 3541 2292 3581 responsio
2307 3541 2464 3572 immiscet

1397 3587 1533 3617 modum
1549 3585 1708 3621 causandi,
1725 3585 1842 3616 scilicet
1865 3595 1920 3625 per
1935 3584 2142 3621 voluntatem,
2165 3585 2364 3627 attribuendo
2381 3586 2463 3616 mala

2306 3647 2318 3671 5

2520 438 2562 459 Ubi
2579 444 2656 465 supra.

2494 1861 2504 1871 ³
2520 1859 2563 1881 Ubi
2579 1866 2658 1887 supra.

2495 2217 2501 2224 '
2518 2215 2575 2243 Cap.
2586 2221 2625 2236 vm

2492 3550 2499 3557 ·
2511 3548 2583 3569 Ν11111.
2595 3546 2705 3574 praeced.
