2768 4178
40 392 50 402 ⁶
67 391 123 419 Cap.
134 396 159 417 n,
175 395 198 413 n.
210 389 233 411 6.

41 437 49 445 ·
59 435 91 456 Ca
110 433 253 456 .v111.-Did.

42 462 82 483 lib.
116 461 138 487 1,
154 466 206 488 cap.
216 467 253 488 ix,

41 494 64 510 n.
75 494 95 515 2,
110 494 130 516 5.

43 652 53 661 '
68 650 126 679 Cap.
137 656 172 677 ιιι,
187 656 211 672 ιι.
222 656 238 672 1.

48 2096 57 2104 ·
63 2093 260 2121 Prop.xv.-S.Th.
306 2089 309 2094 '
337 2085 341 2092 ⁵

49 2121 100 2143 lect.
111 2127 149 2142 xv.

152 2364 168 2380 α

51 2470 63 2480 ·“
79 2469 136 2497 Cap.
151 2475 182 2496 ιν,
197 2475 221 2491 n.
259 2476 264 2494 ς

52 2502 93 2521 vn,
104 2502 127 2517 n.
139 2502 155 2517 ι.
164 2507 175 2512 -
186 2496 211 2517 S.
258 2511 264 2517 .

53 2523 106 2545 lect.
121 2528 153 2550 ix,
167 2528 209 2544 xu.

151 2623 166 2658 β

53 2682 63 2692 “
75 2681 111 2702 De
120 2681 214 2707 Trinit„
225 2680 266 2702 lib.

52 2707 92 2735 111,
106 2713 140 2736 23.

54 2898 65 2909 ⁸*
80 2898 158 2926 Super
168 2897 227 2920 Gen.
236 2898 270 2919 ad

56 2925 110 2964 lin?
119 2924 159 2946 lib.
166 2924 267 2972 V1,·cap.

55 2957 100 3000 tt:
109 2951 161 3005 231⁶,
173 2951 268 3006 {3¹5³

55 3004 137 3054 ’59ῗί
145 3010 268 3053 '1323'133''

153 3067 170 3093 γ

58 3112 69 3121 “’
84 3111 152 3133 Vei-s.
167 3116 194 3133 n.

156 3154 170 3179 δ

156 3266 166 3283 Ε

287 257 440 295 168--

281 336 504 378 positionibus.
529 335 637 367 Altera
652 342 711 367 est:
733 335 992 376 unumquodque
1008 342 1158 376 operatur
1174 335 1353 366 secundum

281 381 371 422 quod
387 388 433 412 est
448 387 530 417 actu,
548 380 589 410 111
606 379 733 421 Physic.
746 377 762 394 *
785 379 893 410 Altera
908 386 969 411 est:
995 379 1160 420 cognitum
1176 386 1223 410 est
1237 379 1351 420 princi-

280 426 373 467 pium
397 423 644 466 specificativum
664 423 864 464 cognitionis,
883 434 920 455 ex
933 424 991 456 XII
1007 424 1192 465 Metaphys.
1205 424 1223 443 *
1240 424 1288 455 Ex
1304 423 1353 455 his

281 470 424 511 sequitur
442 469 541 510 quod,
562 478 637 499 cum
659 478 855 510 cognoscens
875 469 986 499 debeat
1004 478 1070 499 esse
1090 467 1249 499 sufficiens
1267 468 1353 509 prin-

282 514 402 555 cipium
418 523 493 544 suae
512 512 660 553 propriae
683 512 888 553 operationis,
901 523 984 554 quae
999 519 1046 544 est
1061 522 1262 553 cognoscere,
1277 512 1354 554 quia

281 559 343 589 hoc
360 558 511 589 omnibus
534 557 679 598 perfectis
702 557 822 588 naturis
845 567 1018 588 commune
1038 563 1093 593 est,
1118 563 1246 597 oportet
1263 557 1353 598 quod

282 603 322 633 sit
336 602 583 643 specificativum
602 602 798 643 principium
812 601 911 632 illius:
928 602 1016 643 quod
1031 607 1078 632 est
1093 611 1160 632 esse
1177 601 1353 642 cognitum.

282 647 324 678 Et
346 647 371 677 si
399 647 448 677 his
477 646 630 687 adiungas
655 656 692 677 ex
715 646 742 677 II
769 646 873 683 Caeli,
898 653 973 677 text.
991 655 1111 677 comm.
1126 655 1189 676 xvn
1204 645 1239 682 *,
1264 646 1353 687 quod

282 691 541 732 unumquodque
573 697 619 722 est
650 697 781 731 propter
811 701 902 721 suam
933 689 1172 731 operationem,
1204 697 1354 731 sequetur

282 736 371 778 quod
395 743 507 767 natura
531 735 745 776 cognoscitiva
769 742 815 766 est
830 735 900 766 talis
917 734 1094 766 secundum
1110 744 1152 771 se,
1176 740 1211 765 ut
1227 734 1266 765 sit
1281 741 1353 765 actu

281 780 332 811 vel
355 780 498 821 potentia
521 779 630 821 ipsum
659 779 843 820 cognitum:
868 779 958 820 quod
988 786 1035 810 est
1065 788 1132 809 esse
1155 788 1222 809 non
1246 779 1354 809 solum

281 824 360 865 ipsa,
385 824 441 855 sed
463 824 538 861 alia,
564 831 600 856 ut
621 824 655 854 in
678 824 780 855 littera
802 823 925 854 dicitur.

340 869 393 900 VI.
418 869 460 900 Et
483 869 509 900 si
532 869 610 900 haec
633 868 866 909 comparaveris
894 868 935 899 ad
956 867 1079 909 reliqua
1105 866 1202 903 entia,
1231 866 1354 897 videbis

283 913 490 944 differentiam
513 913 595 944 inter
618 913 842 953 cognoscentia
865 918 895 943 et
914 922 982 943 non
1006 911 1230 952 cognoscentia
1252 911 1353 941 mani-

282 957 388 989 festari
412 968 449 988 ex
470 957 543 989 hoc.
568 957 703 998 Reliqua
721 967 862 998 namque
886 956 970 988 entia
985 963 1040 987 aut
1055 955 1212 997 recipiunt
1234 954 1354 986 formas

282 1009 413 1043 propter
427 1000 569 1043 ipsarum
585 1001 763 1032 formarum
778 1001 993 1042 operationes;
1018 1007 1073 1032 aut
1088 1007 1220 1041 propter
1242 1010 1355 1040 opera-

282 1046 404 1078 tionem
420 1046 511 1083 tertii,
529 1045 699 1086 compositi
715 1055 752 1076 ex
766 1045 934 1085 recipiente
954 1052 984 1076 et
998 1051 1136 1085 recepto.
1161 1044 1355 1085 Exemplum

282 1091 377 1131 primi
399 1091 434 1121 in
452 1100 536 1131 aqua
552 1090 662 1126 calida,
678 1096 710 1120 et
725 1089 943 1120 universaliter
956 1089 990 1119 in
1006 1089 1148 1120 subiecto
1166 1095 1197 1120 et
1213 1088 1355 1120 acciden-

283 1135 337 1166 tali
353 1135 472 1165 forma:
498 1134 660 1166 calefactio
685 1134 771 1165 enim
790 1144 856 1164 non
876 1140 923 1165 est
937 1133 1067 1174 propria
1082 1133 1226 1174 operatio
1242 1143 1354 1175 aquae,

283 1179 338 1210 sed
363 1179 485 1210 caloris.
510 1179 552 1210 Et
573 1178 660 1209 idem
676 1185 723 1209 est
737 1178 903 1215 iudicium,
928 1178 1036 1219 quoad
1060 1178 1132 1214 hoc,
1151 1178 1190 1208 de
1205 1188 1288 1219 aqua
1303 1178 1355 1209 fri-

282 1223 371 1264 gida:
396 1223 468 1254 licet
491 1223 577 1254 enim
591 1222 743 1263 frigiditas
759 1223 799 1253 sit
813 1222 965 1254 naturalis
980 1222 1123 1263 potentia
1137 1232 1248 1263 aquae,
1264 1222 1356 1262 frige-

283 1268 384 1299 facere
400 1274 506 1298 tamen
523 1267 637 1307 frigidi,
651 1277 718 1297 non
734 1277 845 1308 aquae,
865 1266 994 1307 propria
1009 1273 1056 1298 est
1071 1266 1226 1307 operatio.
1242 1267 1356 1297 Exem-

283 1313 376 1352 plum
390 1311 520 1342 secundi
536 1318 623 1352 patet
645 1311 678 1342 in
698 1311 809 1342 forrnis
826 1311 1099 1342 substantialibus:
1123 1311 1254 1342 materia
1270 1311 1356 1342 enirn

283 1366 350 1387 non
374 1356 484 1397 recipit
506 1355 644 1386 formam
668 1362 799 1397 propter
824 1356 1044 1397 operationem
1074 1355 1174 1396 ipsius
1197 1355 1356 1393 materiae,

285 1401 339 1431 sed
358 1400 528 1441 compositi
545 1410 582 1431 ex
597 1400 666 1441 ipsa
681 1406 712 1431 et
727 1400 842 1431 forma.
859 1399 1067 1441 Cognoscens
1079 1406 1188 1431 autem
1204 1399 1357 1440 recipiens

284 1445 459 1485 cognitum,
484 1455 551 1475 non
570 1445 681 1485 recipit
698 1444 807 1485 ipsum
825 1451 956 1485 propter
979 1445 1200 1485 operationem
1223 1444 1357 1475 alicuius

285 1489 455 1530 compositi
483 1489 664 1520 resultantis
693 1499 729 1520 ex
760 1489 820 1526 eis,
846 1499 950 1530 neque
973 1495 1105 1530 propter
1137 1488 1358 1530 operationem

284 1534 384 1575 ipsius
401 1533 533 1573 cogniti;
559 1534 614 1564 sed
633 1540 764 1574 propter
783 1532 1053 1574 specificationem
1076 1532 1224 1574 propriae
1247 1542 1359 1574 opera-

284 1578 380 1619 tionis
404 1578 504 1618 ipsius
528 1578 758 1619 cognoscentis.
783 1577 879 1609 Visus
895 1578 982 1608 enim
1005 1577 1115 1618 recipit
1137 1577 1358 1617 visibile-pro-

983 255 1252 303 QUAESTIO
1281 255 1387 303 xlv,
1417 254 1716 293 ARTICULUS
1746 255 1778 291 11

1405 341 1475 376 pter
1498 334 1638 376 speciem
1659 333 1809 370 visionis,
1834 343 1934 374 quam
1962 339 2086 365 constat
2115 342 2182 364 esse
2204 333 2292 365 visus
2315 333 2479 375 propriam

1407 379 1637 420 operationem.

1459 423 1525 456 Nec
1549 424 1654 454 obstat
1676 422 1767 464 quod
1788 422 1921 459 visibile,
1946 429 1982 453 ut
1999 428 2164 462 receptum
2182 422 2216 453 in
2231 422 2312 459 visu,
2338 422 2378 454 sit
2399 421 2479 453 acci-

1406 467 1494 504 dens,
1509 474 1540 499 et
1555 467 1642 498 visus
1659 467 1698 498 sit
1717 467 1911 498 subiectum:
1935 467 2092 508 quoniam
2106 466 2170 497 hoc
2185 473 2231 497 est
2249 476 2306 507 per
2323 465 2479 503 accidens,

1406 511 1487 543 idest
1510 522 1547 543 ex
1563 512 1747 543 necessitate
1769 511 1928 548 materiae,
1954 517 1985 542 et
2007 521 2074 542 non
2099 517 2145 542 est
2168 520 2224 551 per
2246 520 2280 541 se
2303 510 2408 551 primo
2431 510 2479 541 in-

1405 563 1541 588 tentum.
1565 557 1684 587 Forma
1707 556 1807 593 enim,
1837 556 1982 593 intentio,
2007 565 2063 586 seu
2088 554 2208 596 species
2235 554 2383 592 visibilis,
2412 551 2480 585 non

1406 601 1601 642 inquantum
1624 600 1779 637 accidens,
1804 601 1859 631 sed
1882 600 2076 642 inquantum
2098 599 2220 630 visibile
2235 598 2255 617 '²'
2274 599 2428 631 transiens
2446 599 2480 630 in

1406 645 1527 682 visum,
1557 644 1731 686 specificat:
1761 645 1818 676 sed
1843 645 1920 686 quia
1946 645 2009 676 hoc
2032 655 2100 675 non
2123 645 2241 685 patitur
2269 644 2340 675 talis
2368 650 2481 675 natura

1407 689 1561 720 sensibilis
1585 689 1645 720 nisi
1668 699 1725 730 per
1748 689 1959 721 intentionem
1983 699 2066 726 esse,
2090 689 2174 727 ideo,
2198 689 2297 730 gratia
2320 687 2479 724 materiae,

1408 734 1568 765 concurrit
1591 734 1746 765 accidens.
1774 734 1850 765 Non
1877 741 1984 765 tamen
2007 733 2140 765 destruit
2162 743 2219 775 per
2242 744 2274 764 se
2302 733 2479 768 intentum,

1408 778 1464 808 sed
1485 778 1519 808 in
1542 778 1642 819 gradu
1666 777 1773 809 minus
1796 777 1937 819 perfecto
1966 778 2141 810 constituit.
2176 778 2220 809 Ut
2248 777 2335 809 enim
2365 777 2439 808 alibi
2461 775 2481 794 ’θ

1408 822 1644 853 discutiendum
1667 828 1723 859 est,
1748 829 1780 853 et
1802 823 1841 854 ab
1863 824 2004 854 Averroe
2023 823 2081 854 XII
2097 823 2282 864 Metaphys.
2297 822 2315 842 *
2338 828 2370 853 et
2385 821 2426 852 111
2442 821 2483 852 de
2507 830 2519 841 ⁴

1407 867 1525 897 Anima
1538 866 1557 886 *
1579 866 1723 903 habetur,
1748 876 1944 907 cognoscens
1968 873 2000 898 et
2022 867 2188 908 cognitum
2212 877 2279 898 non
2298 867 2411 898 eadem
2432 866 2482 897 in-
2507 875 2519 886 ⁴

1408 910 1552 941 tensione
1574 910 1609 941 in
1632 910 1784 941 omnibus
1807 918 1883 942 sunt
1906 921 2025 948 unum,
2049 912 2105 942 sed
2128 911 2284 952 magis‘et
2305 911 2414 942 minus
2436 911 2482 942 di-

1408 954 1546 991 minute;
1570 955 1651 985 adeo
1676 954 1767 996 quod
1788 954 1822 985 in
1846 955 1917 986 solo
1941 955 2012 986 Deo
2036 962 2111 987 sunt
2134 956 2269 987 omnino
2293 955 2390 987 idern.

1465 998 1535 1030 vn.
1551 999 1594 1030 Et
1609 998 1653 1029 sic
1668 1005 1755 1039 patet
1770 1008 1882 1030 sensus
1898 998 2088 1031 differentiae
2104 1000 2281 1040 assignatae
2291 999 2318 1037 *,
2336 1006 2368 1031 et
2383 1010 2483 1042 quam

1409 1042 1564 1075 subtiliter
1587 1049 1735 1074 naturam
1764 1043 2025 1084 cognoscentium
2052 1043 2181 1075 tradidit
2202 1044 2254 1075 hic
2277 1044 2370 1076 divus
2393 1044 2483 1076 Tho-

1409 1098 1487 1119 mas.
1512 1087 1622 1125 Quam
1644 1087 1678 1118 in
1701 1087 1764 1118 hoc
1787 1086 1968 1124 consistere,
1993 1097 2060 1118 non
2084 1087 2192 1119 solum
2215 1098 2253 1119 ex
2266 1088 2437 1120 Aristotele
2453 1094 2484 1120 et

1392 1134 1566 1169 'Averroe‚
1591 1138 1628 1163 ut
1649 1138 1737 1172 patet
1759 1141 1798 1162 ex
1820 1131 1930 1168 dictis,
1956 1132 2014 1162 sed
2041 1131 2136 1163 etiam
2160 1142 2197 1163 ex
2219 1132 2352 1165 Alberto
2376 1140 2483 1165 osten-

1410 1177 1494 1208 ditur
1523 1176 1557 1207 in
1586 1182 1720 1207 tractatu
1749 1176 1789 1207 de
1818 1176 1988 1207 Intellecta
2017 1181 2048 1207 et
2076 1176 2282 1218 Intelligibili
2299 1176 2328 1208 ¹⁸.
2356 1177 2399 1208 Et
2421 1177 2484 1209 hoc

1410 1220 1649 1262 diligentissime
1673 1226 1800 1261 oportet
1823 1230 1882 1261 pro
1906 1219 2117 1252 fundamento
2140 1220 2270 1257 habere,
2295 1221 2422 1262 quoties
2446 1222 2486 1253 de

1409 1266 1571 1297 intellectu
1596 1272 1643 1296 est
1668 1273 1792 1296 sermo:
1818 1264 1974 1306 quoniam
2003 1275 2040 1295 ex
2063 1274 2102 1308 eo
2127 1265 2302 1296 multarum
2325 1265 2486 1306 quaestio-

1411 1320 1492 1341 num
1522 1309 1745 1344 conclusiones
1768 1309 1927 1350 pendent,
1956 1315 2034 1349 puta
2058 1309 2097 1339 de
2127 1319 2285 1340 concursu
2317 1309 2432 1340 obiecti
2455 1316 2487 1341 et

1410 1354 1588 1386 intellectus
1612 1354 1651 1384 ad
1674 1354 1933 1390 intellectionem,
1959 1360 1989 1385 et
2012 1353 2157 1384 similiter
2179 1353 2219 1384 de
2241 1363 2399 1385 concursu
2416 1363 2487 1395 spe-

1411 1399 1468 1430 ciei
1491 1398 1713 1439 intenigibilis,
1738 1404 1797 1429 etc.
1821 1398 1863 1429 Et
1884 1397 1960 1429 hinc
1983 1397 2148 1438 apparebit
2169 1408 2270 1440 quam
2299 1398 2394 1430 rudes
2417 1397 2486 1431 fue-

1412 1443 1490 1480 rint,
1515 1443 1572 1484 qui
1601 1443 1640 1474 de
1663 1452 1758 1473 sensu
1792 1449 1823 1474 et
1851 1442 2011 1479 sensibili,
2036 1442 2198 1474 intellectu
2227 1449 2261 1479 et
2280 1442 2487 1483 intelligibili,

1412 1488 1516 1528 deque
1532 1487 1706 1527 intelligere
1722 1493 1753 1518 et
1767 1486 1882 1518 sentire
1893 1493 2071 1523 tractantes,
2085 1494 2239 1528 tanquam
2254 1487 2293 1518 de
2309 1487 2377 1518 aliis
2393 1487 2488 1518 rebus

1411 1531 1565 1563 iudicant.
1589 1531 1631 1563 Et
1649 1531 1750 1562 disces
1774 1531 1894 1562 elevare
1918 1531 2094 1572 ingenium,
2118 1531 2282 1573 aliumque
2305 1541 2413 1563 rerum
2436 1541 2488 1562 or-

1414 1576 1523 1607 dinem
1547 1575 1679 1617 ingredi.

985 1721 1377 1779 ARTICULUS
1416 1699 1785 1764 SECUNDUS

1051 1811 1209 1843 UTRUM
1233 1810 1346 1842 DEUS
1376 1809 1644 1842 INTELLIGAT
1668 1810 1718 1842 SE

430 1892 439 1916 Ι
462 1878 543 1917 Cont:
560 1892 648 1920 Gent„
668 1898 726 1924 cap.
744 1898 825 1922 επις
846 1890 888 1916 De
912 1890 1006 1921 Ver-it„
1027 1898 1071 1923 qu.
1089 1897 1119 1921 n,
1137 1894 1185 1915 art.
1205 1897 1219 1914 2
1226 1897 1234 1921 ;
1255 1889 1400 1921 compend.
1416 1888 1514 1918 Dieol„
1533 1896 1590 1922 cap.
1604 1896 1668 1920 ως
1687 1888 1734 1913 xn
1753 1887 1883 1921 Metaph„
1899 1889 1958 1914 lect.
1977 1896 2018 1921 ιη
2039 1888 2082 1914 De
2097 1888 2200 1919 causis,
2220 1889 2280 1915 lect.
2293 1896 2348 1916 xm.

409 2021 417 2029 „
439 2004 458 2016 s
502 1991 524 2016 n
540 1991 732 2017 SECUNDUM
747 1991 801 2016 sm
816 1990 1059 2017 Paocamrua.
1080 1978 1241 2016 Videtur
1255 1978 1363 2027 quod

419 2023 475 2095 {⁴3ae
502 2034 608 2070 Deus
636 2045 716 2070 non
740 2033 920 2081 intelligat
949 2045 1002 2070 se.
1023 2032 1171 2070 Dicitur
1199 2031 1362 2069 enimin

325 2122 329 2134 ,
367 2102 426 2131 v:
445 2077 598 2123 libro
619 2087 665 2123 de
688 2086 821 2124 Causis
839 2086 871 2133 ²¹⁶,
892 2085 998 2135 quod
1019 2085 1141 2123 omnis
1159 2085 1279 2123 sciens
1297 2085 1364 2135 qui

345 2115 405 2167 ὦ
458 2132 490 2175 K
501 2140 570 2177 scit
580 2152 690 2177 suam
706 2140 916 2187 essentiam,
937 2145 991 2177 est
1008 2139 1155 2177 rediens
1173 2139 1226 2176 ad
1242 2151 1362 2176 essen-

290 2193 381 2234 tiam
399 2204 509 2230 suam
530 2193 711 2230 reditione
730 2193 927 2242 completa.
958 2193 1037 2231 Sed
1057 2194 1164 2229 Deus
1187 2204 1268 2229 non
1288 2191 1362 2230 exit

292 2253 396 2283 extra
420 2245 622 2283 essentiam
643 2259 766 2294 suam,
787 2258 859 2283 nec
874 2246 1002 2295 aliquo
1023 2245 1144 2282 modo
1164 2252 1361 2282 movetur:

292 2307 329 2336 et
343 2299 396 2336 sie
415 2311 494 2336 non
511 2299 694 2348 competit
713 2299 784 2336 sibi
803 2299 925 2337 redire
946 2299 995 2336 ad
1016 2298 1219 2336 essentiam
1239 2310 1360 2335 suam.

292 2353 395 2400 Ergo
424 2351 504 2401 ipse
533 2364 613 2389 non
643 2360 698 2390 est
725 2352 849 2390 sciens
878 2351 1083 2390 essentiam
1111 2363 1222 2389 suam
1242 2357 1271 2388 “.

347 2417 381 2443 2.
414 2405 647 2453 ΡκΑΕτΕκΕΑ,
677 2405 882 2455 intelligere
912 2413 967 2443 est
995 2404 1194 2454 quoddam
1221 2404 1300 2454 pati
1327 2412 1364 2442 et

292 2459 455 2507 moveri,
472 2467 513 2497 ut
528 2459 664 2497 dicitur
678 2459 717 2496 in
733 2460 782 2496 111
799 2460 845 2496 de
858 2459 1000 2496 Anima
1015 2459 1053 2496 *ε
1070 2457 1226 2496 scientia
1247 2457 1361 2495 etiam

293 2520 349 2550 est
381 2513 600 2550 assimilatio
630 2512 678 2550 ad
716 2525 799 2550 rem
828 2512 978 2549 scitam:
1008 2519 1044 2549 et
1071 2511 1210 2549 scitum
1248 2511 1362 2548 etiam

293 2573 348 2603 est
375 2566 558 2615 perfectio
589 2566 750 2603 scientis.
773 2565 850 2603 Sed
874 2565 966 2603 nihil
995 2572 1186 2613 movetur,
1205 2565 1269 2602 vel
1297 2576 1364 2614 pa-

292 2619 392 2667 titur,
407 2620 470 2657 vel
488 2619 683 2669 perficitur
701 2631 724 2656 a
744 2619 888 2669 seipso;
910 2630 1030 2668 neque
1047 2618 1249 2656 similitudo
1267 2616 1364 2655 sibit

293 2678 356 2719 est,
383 2680 425 2710 ut
454 2673 620 2710 Hilarius
649 2672 738 2710 dicit
756 2672 787 2709 ²⁸.
818 2673 921 2721 Ergo
942 2673 1048 2710 Deus
1067 2684 1147 2710 non
1167 2679 1222 2709 est
1241 2671 1364 2709 sciens

294 2726 474 2774 seipsum.

351 2780 385 2817 3.
415 2780 658 2826 PRAETEREA,
687 2778 892 2828 praecipue
926 2780 1012 2816 Deo
1051 2790 1185 2816 sumus
1223 2777 1364 2815 similes

296 2833 508 2870 secundum
543 2832 793 2870 intellectum:
823 2832 913 2882 quia
946 2831 1160 2869 secundum
1193 2838 1364 2869 mentem

296 2898 429 2923 sumus
458 2885 507 2923 ad
536 2885 742 2934 imaginem
770 2885 861 2934 Dei,
890 2893 933 2923 ut
962 2885 1050 2923 dicit
1077 2884 1313 2934 Augustinus
1330 2884 1363 2922 ¹¹².

297 2939 375 2977 Sed
393 2939 603 2977 intellectus
630 2946 759 2977 noster
787 2951 866 2976 non
894 2938 1062 2987 intelligit
1090 2951 1143 2986 se,
1172 2938 1244 2976 nisi
1271 2938 1367 2976 sicut

296 2992 464 3041 intelligit
491 2993 574 3040 alia,
603 2999 646 3030 ut
674 2992 807 3030 dicitur
834 2992 874 3030 in
903 2993 1026 3030 lllsde
1043 2993 1186 3030 Anima
1204 2991 1234 3030 ¹¹².
1262 2992 1366 3040 Ergo

298 3059 369 3084 nec
387 3047 493 3083 Deus
508 3051 522 3073 ⁷
537 3045 705 3094 intelligit
724 3058 776 3093 se,
806 3045 879 3082 nisi
898 3046 993 3083 forte
1012 3045 1256 3094 intelligendo
1281 3045 1365 3083 alia.

353 3100 427 3137 SED
462 3111 608 3137 CONTRA
646 3110 713 3136 Es‘r
740 3099 846 3150 quod
881 3099 1015 3136 dicitur
1041 3100 1054 3136 1
1085 3099 1136 3136 ad
1167 3100 1254 3136 Cor.
1282 3110 1305 3135 11
1328 3098 1366 3136 *ε

299 3165 396 3202 quae
421 3159 510 3190 sunt
534 3153 618 3199 Dei,
640 3164 750 3190 nemo
780 3153 884 3189 novit
910 3149 924 3174 ⁸
952 3152 1024 3189 nisi
1051 3153 1210 3202 Spiritus
1237 3151 1321 3189 Dei.

353 3208 578 3244 Raspoum-:o
598 3217 783 3243 DiCENDUM
815 3206 920 3255 quod
935 3206 1041 3243 Deus
1056 3218 1096 3243 se
1111 3218 1181 3256 per
1198 3205 1368 3254 seipsum

299 3259 466 3308 intelligit
493 3265 515 3296 ⁸.
544 3259 607 3296 Ad
645 3258 751 3296 cuius
789 3258 1043 3306 evidentiam,
1082 3258 1282 3296 sciendum
1314 3266 1370 3296 est

301 3313 424 3360 quod,
454 3312 540 3349 licet
572 3312 610 3350 in
639 3311 924 3362 operationibus
963 3324 1061 3360 quae
1098 3319 1295 3350 transeunt
1331 3311 1370 3349 in

302 3366 527 3403 exteriorem
557 3366 749 3414 effectum,
771 3365 965 3402 obiectum
990 3365 1233 3415 operationis,
1263 3365 1370 3415 quod

355 3481 382 3513 α)
404 3480 478 3513 Ergo
545 3487 629 3505 suam.
647 3494 666 3499 —
685 3480 760 3514 Ergo
781 3487 834 3505 non
855 3480 980 3512 intelligit
998 3487 1026 3505 se
1044 3480 1155 3506 codices.

354 3515 379 3548 β)
399 3515 456 3540 sibi.
475 3529 494 3534 —
512 3515 562 3540 sibi
580 3515 631 3548 ipsi
650 3516 696 3541 Pb.

354 3551 381 3584 γ)
402 3557 448 3575 nec
468 3550 548 3575 Deus.
566 3564 585 3570 —
604 3551 677 3576 Deus
697 3558 748 3576 non
767 3551 830 3576 Pab.

355 3586 379 3618 ὃ)
399 3592 513 3618 quae...
533 3586 614 3611 novit.
630 3600 650 3606 -
669 3594 744 3612 nemo
763 3586 813 3612 scit
832 3593 899 3618 quae
917 3590 979 3611 sunt
999 3586 1051 3611 Dei
1068 3586 1190 3612 ABCDE.

355 3622 377 3655 ι)
397 3621 530 3654 intelligit.
548 3635 567 3640 -
585 3622 646 3647 Om.
666 3622 695 3654 E,
714 3622 850 3656 cognoscit
869 3622 954 3647 ceteri.

1414 1977 1649 2027 significatur
1674 1984 1718 2014 ut
1736 1977 1934 2026 terminus,
1955 1977 2003 2015 sit
2030 1977 2174 2026 aliquid
2193 1984 2298 2016 extra
2327 1990 2490 2028 operan-

1414 2039 1514 2079 tem3
1543 2038 1675 2069 tamen
1704 2030 1742 2068 in
1771 2030 2059 2080 operationibus
2087 2043 2186 2081 quae
2215 2038 2303 2069 sunt
2330 2031 2370 2070 in
2398 2043 2491 2082 ope-

1415 2093 1534 2134 rante,
1552 2084 1745 2122 obiectum
1764 2084 1870 2133 quod
1889 2083 2122 2133 significatur
2135 2091 2178 2123 ut
2191 2084 2379 2124 terminus
2399 2097 2491 2136 ope-

1416 2138 1589 2187 rationis,
1616 2145 1673 2175 est
1691 2137 1731 2175 in
1749 2137 1834 2187 ipso
1855 2145 2057 2187 operante;
2086 2145 2122 2175 et
2141 2138 2356 2177 seeundum
2384 2138 2492 2189 quod

1416 2199 1473 2229 est
1500 2192 1540 2229 in
1568 2204 1629 2238 eo,
1659 2191 1714 2228 sic
1743 2198 1799 2228 est
1825 2191 1999 2240 operatio
2020 2191 2058 2228 in
2087 2199 2185 2229 actu.
2215 2192 2329 2230 Unde
2353 2191 2490 2231 dicitur

1416 2245 1455 2282 in
1482 2244 1578 2282 libro
1607 2244 1654 2281 de
1679 2243 1822 2281 Anima
1847 2243 1879 2290 ²⁸⁸,
1903 2243 2017 2293 ,quod
2045 2244 2224 2282 sensibile
2251 2245 2290 2282 in
2319 2253 2407 2283 actu
2435 2244 2492 2284 est
2518 2252 2528 2263 ·

1416 2310 1550 2336 sensus
1578 2297 1617 2334 in
1646 2304 1744 2344 actu,
1767 2303 1803 2334 et
1821 2296 2051 2346 intelligibile
2080 2297 2120 2334 in
2148 2305 2234 2335 actu
2264 2305 2320 2336 est
2346 2297 2491 2336 intelle·
2537 2319 2544 2326 ·

1417 2358 1498 2389 ctus
1518 2350 1557 2388 in
1576 2358 1675 2388 actu.
1691 2350 1751 2387 Ex
1769 2350 1846 2388 hoc
1865 2349 1968 2388 enim
1985 2349 2127 2399 aliquid
2142 2349 2181 2388 in
2198 2358 2284 2388 actu
2304 2351 2490 2390 sentimus

1415 2405 1478 2442 vel
1497 2403 1752 2452 intelligimus,
1781 2404 1888 2453 quod
1914 2403 2127 2441 intellectus
2154 2411 2285 2442 noster
2311 2405 2375 2443 vel
2403 2417 2489 2444 sen-

1417 2470 1482 2495 sus
1501 2457 1516 2484 ³
1543 2457 1770 2495 informatur
1805 2456 1844 2494 in
1881 2464 1967 2494 actu
2005 2469 2074 2506 per
2101 2457 2269 2506 speciem
2303 2457 2491 2496 sensibilis

1416 2512 1479 2549 vel
1499 2509 1752 2558 intelligibilis.
1783 2510 1832 2547 Et
1856 2510 2071 2548 secundum
2090 2511 2166 2547 hoc
2185 2517 2334 2548 tantum
2354 2523 2490 2550 sensus

1416 2565 1479 2603 vel
1506 2564 1717 2602 intellectus
1746 2563 1849 2600 aliud
1875 2570 1932 2600 est
1950 2575 1973 2600 a
1993 2563 2158 2601 sensibili
2177 2564 2240 2602 vel
2259 2563 2490 2615 intelligibili,

1415 2617 1507 2668 quia
1533 2624 1740 2666 utrumque
1770 2623 1827 2654 est
1851 2616 1890 2654 in
1922 2616 2104 2666 potentia.

1472 2671 1574 2708 Cum
1608 2670 1720 2719 igitur
1755 2670 1863 2707 Deus
1891 2669 1983 2707 nihil
2019 2669 2303 2720 potentialitatis
2329 2671 2490 2720 habeat,

1418 2724 1487 2763 sed
1519 2724 1566 2762 sit
1593 2731 1698 2761 aetus
1726 2735 1857 2772 purus,
1887 2730 2039 2772 oportet
2067 2724 2173 2773 quod
2205 2723 2245 2761 in
2278 2736 2325 2761 eo
2349 2723 2492 2762 intelle-

1419 2784 1558 2816 ctuset
1581 2777 1813 2815 intellectum
1832 2776 1905 2813 sint
1918 2782 1933 2800 '¹
1951 2776 2056 2814 idem
2076 2776 2255 2814 omnibus
2274 2777 2421 2815 modist
2440 2777 2492 2815 ita

1419 2830 1571 2878 scilicet,
1599 2837 1641 2867 ut
1668 2841 1794 2880 neque
1829 2837 1954 2867 careat
1982 2829 2108 2880 specie
2136 2829 2367 2879 intelligibili,
2397 2829 2493 2868 sicut

1419 2884 1630 2922 intellectus
1650 2889 1779 2921 noster
1797 2895 1886 2920 cum
1906 2883 2075 2932 intelligit
2092 2883 2132 2921 in
2149 2882 2336 2933 potentia;
2363 2895 2491 2933 neque

1420 2937 1568 2988 species
1595 2935 1836 2985 intelligibilis
1864 2936 1911 2974 sit
1939 2936 2043 2974 aliud
2070 2949 2093 2974 a
2120 2935 2331 2974 substantia
2349 2935 2492 2974 intelle-

1421 2999 1502 3029 ctus
1522 2989 1652 3038 divini,
1677 2989 1773 3027 sieut
1800 2989 1935 3027 accidit
1961 2989 2000 3027 in
2026 2989 2217 3027 intellectu
2236 2996 2381 3038 nostro,
2403 3001 2492 3028 cum

1423 3052 1479 3082 est
1506 3051 1593 3082 actu
1612 3043 1843 3092 intelligens3
1873 3043 1940 3080 sed
1968 3042 2051 3092 ipsa
2079 3041 2226 3092 species
2253 3042 2494 3092 intelligibilis

1422 3105 1479 3135 est
1510 3097 1592 3147 ipse
1628 3096 1837 3134 intellectus
1866 3095 2030 3134 divinus,
2063 3096 2113 3134 Et
2140 3094 2194 3133 sic
2226 3094 2395 3146 seipsum
2423 3109 2494 3147 per

1423 3151 1593 3200 seipsum
1622 3149 1799 3198 intelligit.

1476 3205 1535 3242 An
1564 3215 1702 3241 prunum
1730 3214 1829 3240 ERGO
1858 3213 2043 3240 DICENDUM
2076 3200 2183 3250 quod
2209 3202 2334 3240 redire
2360 3203 2413 3240 ad
2438 3214 2493 3240 es-

1421 3258 1580 3295 sentiam
1611 3268 1722 3294 suam
1757 3255 1848 3294 nihil
1882 3255 1984 3293 aliud
2013 3262 2069 3292 est
2100 3266 2218 3304 quarn
2251 3267 2335 3293 rem
2373 3255 2494 3293 subsi-

1424 3319 1522 3348 stere
1550 3310 1588 3348 in
1617 3310 1753 3359 seipsa.
1784 3310 1926 3347 Forma
1945 3307 2060 3355 enim,
2091 3307 2318 3356 inquantum
2346 3308 2494 3359 perficit

1423 3363 1624 3401 materiam
1662 3363 1791 3401 dando
1830 3361 1865 3400 ei
1915 3372 2018 3409 esse,
2048 3360 2341 3411 quodammodo
2379 3371 2494 3412 supra

1475 3478 1500 3511 ζ)
1521 3478 1669 3504 intellectus
1688 3480 1779 3503 noster
1797 3476 1838 3502 vel
1857 3482 1957 3501 sensus.
1975 3489 1994 3494 —
2011 3482 2103 3501 sensus
2122 3476 2163 3501 vel
2183 3475 2332 3502 intellectus
2351 3478 2442 3502 noster
2461 3475 2493 3507 G,
2509 3469 2514 3476 ’

1425 3514 1571 3539 intellectus
1591 3517 1681 3539 noster
1699 3512 1787 3538 ceteri.
1803 3525 1823 3532 -
1840 3511 1891 3536 Pro
1915 3510 2087 3544 informatur,
2108 3510 2250 3545 formatur
2269 3511 2311 3537 ed.
2329 3517 2362 3540 ας
2380 3511 2407 3536 in
2430 3514 2493 3537 actu

1424 3557 1478 3591 om.
1498 3549 1608 3574 codices.
1622 3562 1641 3568 -
1654 3549 1704 3573 Pro
1723 3546 1854 3573 sensibilis
1873 3546 1914 3571 vel
1932 3546 2119 3580 intelligibilis,
2140 3546 2332 3580 intelligibilem
2352 3546 2394 3572 vel
2411 3546 2494 3572 sensi-

1426 3585 1506 3652 Μεζι)
1522 3585 1589 3645 {lnt-
1606 3632 1625 3639 -
1642 3619 1678 3645 sit
1696 3617 1817 3644 ABCDE.
1835 3631 1854 3638 -
1872 3617 1923 3643 Pro
1943 3620 1980 3649 ut,
1999 3617 2071 3650 quod
2089 3617 2119 3643 B.

2506 602 2517 613 ⁸
2532 604 2557 624 et
2568 602 2622 625 add.
2636 602 2662 625 P.

2508 781 2519 793 ⁸
2534 781 2582 809 Qu.
2592 787 2629 809 ιν,
2637 784 2680 804 art.
2687 785 2709 810 3.

2534 829 2628 852 comm.
2642 835 2674 851 u.

2534 874 2628 897 Comm.
2637 879 2689 897 vm.

2509 1007 2520 1019 ⁸⁸
2534 1007 2571 1030 ef.
2585 1012 2651 1030 num.
2660 1012 2688 1030 n.

2510 1168 2521 1179 ⁸
2530 1167 2584 1190 Lib.
2592 1166 2612 1196 1,
2619 1168 2728 1196 mem,

2511 1200 2563 1222 eap.
2573 1199 2590 1216 ι.
2716 1198 2721 1199 ’
2732 1198 2737 1203 ’
