2768 4178
45 1145 53 1153 ·
66 1143 178 1171 Qu.xxn,
188 1146 230 1164 art.
240 1149 256 1164 1.

45 1503 54 1512 “’
68 1503 119 1523 Art.
131 1507 159 1523 12.

43 2435 55 2444 ⁸
69 2433 136 2455 Vers.
151 2439 188 2461 29.

44 2486 210 2513 Ordinaria,
228 2492 256 2507 ex

46 2513 180 2535 Comment.
202 2519 256 2540 sup·

47 2539 119 2576 posit.

84 2566 197 2594 Vers.15.

143 2603 159 2619 α

145 2793 159 2827 β

44 2913 137 2934 Vide
158 2912 194 2934 De
215 2913 257 2934 Di-

45 2946 106 2961 vers.
118 2940 214 2970 Quaefft.
225 2939 258 2960 ad

44 2966 162 2994 simplic„
178 2966 217 2987 lib
232 2966 255 2992 1,

63 3000 84 3014 u.
109 2999 138 3016 u:
154 2982 256 3014 Εοηινᾶ

69 3025 112 3040 uas
127 3019 201 3050 Epm.
214 3019 255 3040 Pe-

45 3046 152 3073 lagium,
167 3046 208 3068 lib.
223 3046 258 3071 11.

45 3062 257 3126 ῗνιὲἐιιίἒεὶἒαηέἷῗ

44 3131 97 3153 cap
108 3131 256 3152 111,v1,xvn.

45 3178 55 3187 ·
70 3178 138 3200 Vers-
149 3184 181 3206 ¹4·

288 291 363 339 276

962 290 1229 336 QUAESTIO
1260 291 1404 338 XXIII,
1433 291 1730 328 ARTICULUS
1759 291 1794 329 V

963 388 1296 422 Commentaria
1319 388 1570 422 Cardinalis
1593 390 1795 423 Caietam

316 488 335 507 N
358 477 470 514 titulo,
502 477 662 507 electionis
684 477 879 508 vocabulum
910 476 1039 518 proprie
1069 476 1225 513 sumitur,
1257 483 1355 517 prout

289 490 408 552 Isonat
430 528 537 552 actum
559 521 752 558 voluntatis,
778 532 859 563 quo,
886 522 1017 562 optione
1041 520 1224 561 proposita,
1250 531 1354 551 unum

285 566 407 597 mavult
430 566 538 596 altero.

344 611 380 640 11.
400 610 434 640 In
451 619 583 649 corpore
603 620 667 640 una
691 616 737 640 est
760 610 934 645 conclusio,
952 609 1137 648 responsiva
1153 608 1353 639 affirmative:

285 654 407 686 Omnes
423 653 643 694 praedestinati
659 661 733 685 sunt
749 653 838 684 electi
855 660 885 684 et
899 653 1003 683 dilecti
1021 663 1038 682 a
1054 653 1134 683 Deo.
1152 671 1172 675 —
1188 653 1353 684 Probatur.

285 698 454 729 Prudentia
471 705 517 728 est
531 698 610 729 ratio
630 698 663 728 in
679 698 840 729 intellectu
857 697 1000 733 existens,
1014 697 1212 737 praeceptiva
1229 697 1354 727 ordina-

284 742 381 773 tionis
400 742 583 783 aliquorum
606 743 638 772 in
662 741 775 773 finem:
801 752 875 782 ergo
893 741 1092 782 providentia
1108 748 1154 772 est
1169 741 1249 772 ratio
1265 751 1354 781 prae-

286 786 417 827 ceptiva,
431 793 504 817 etc.:
524 797 598 826 ergo
614 786 856 827 praedestinatio
873 792 919 816 est
931 785 1010 816 ratio
1024 785 1222 825 praeceptiva
1235 785 1353 816 ordinis

285 831 469 872 aliquorum
493 830 526 860 in
542 831 640 861 vitam
664 838 839 861 aeternam:
865 840 940 870 ergo
964 829 1207 870 praedestinatio
1231 829 1354 870 aliquo-

286 885 359 906 rum
382 875 612 916 praesupponit
635 875 723 916 quod
747 875 834 905 Deus
857 874 987 904 illorum
1005 874 1079 904 velit
1103 874 1253 904 salutem:
1279 883 1353 913 ergo

284 919 527 961 praedestinatio
552 918 780 960 praesupponit
804 918 1001 954 electionem,
1025 924 1055 948 et
1078 917 1189 948 electio
1214 917 1354 948 dilectio-

285 973 376 994 nem:
402 974 476 1004 ergo
501 974 613 994 omnes
633 963 854 1004 praedestinati
878 969 953 994 sunt
968 962 1057 993 electi
1075 968 1105 992 et
1122 962 1225 992 dilecti
1237 972 1255 992 a
1271 962 1352 993 Deo.

343 1008 448 1038 Prima
471 1007 697 1048 consequentia
727 1007 897 1047 probatur:
930 1007 1005 1047 quia
1035 1006 1117 1037 sicut
1140 1013 1186 1037 est
1217 1006 1254 1036 de
1278 1015 1339 1048 pru

285 1052 399 1088 dentia,
416 1052 459 1082 ita
476 1052 514 1082 de
530 1051 737 1091 providentia.
763 1051 804 1081 Et
827 1051 961 1087 adverte,
986 1050 1076 1091 quod
1095 1051 1127 1091 ly
1145 1052 1228 1094 sicut
1247 1051 1354 1091 potius

285 1096 478 1136 expressive,
510 1106 608 1136 quam
632 1094 884 1126 similitudinarie
907 1101 1047 1126 tenetur:
1072 1095 1226 1135 quoniam
1248 1095 1354 1136 provi-

285 1140 399 1176 dentia,
417 1147 452 1170 ut
468 1139 614 1179 superius
625 1139 643 1157 ⁴*
658 1140 779 1170 dictum
799 1138 868 1175 fuit,
884 1138 1064 1179 principalis
1081 1139 1266 1179 prudentiae
1282 1150 1354 1180 pars

285 1192 343 1221 est;
367 1184 434 1215 imo
458 1191 505 1215 est
527 1184 594 1224 ipse
618 1184 807 1224 praecipuus
831 1189 919 1214 actus
942 1183 1128 1224 prudentiae
1152 1183 1308 1224 politicae.
1334 1202 1354 1206 —

285 1229 430 1260 Secunda
445 1238 520 1259 vero
543 1228 576 1258 in
600 1227 700 1258 littera
725 1227 868 1268 explicite
892 1237 959 1258 non
982 1227 1131 1264 habetur;
1157 1228 1210 1258 sed
1231 1228 1273 1259 ob
1294 1228 1353 1259 cla-

284 1273 401 1303 riorem
421 1279 606 1303 contextum
625 1271 770 1312 apposita
794 1278 849 1302 est.
874 1272 915 1303 Et
934 1279 1019 1312 patet
1039 1282 1076 1303 ex
1092 1282 1141 1309 eo,
1159 1273 1249 1313 quod
1266 1283 1354 1313 prae-

285 1317 451 1347 destinatio
476 1323 522 1347 est
544 1327 616 1357 pars
640 1316 868 1356 providentiae.
885 1334 905 1338 —
921 1316 1029 1347 Tertia
1053 1323 1160 1347 autem
1184 1317 1352 1357 probatur:

285 1362 360 1402 quia
383 1372 449 1392 non
473 1361 663 1401 praecipitur
694 1360 813 1401 aliquid
842 1361 1056 1391 ordinandum
1087 1361 1120 1391 in
1140 1360 1265 1398 finem,
1294 1362 1354 1392 nisi

284 1406 509 1446 praeexistente
537 1406 701 1436 voluntate
723 1404 805 1435 finis.
835 1405 875 1435 Et
898 1405 960 1435 hoc
988 1405 1126 1446 intellige
1150 1406 1189 1436 de
1212 1415 1284 1436 vere
1306 1406 1354 1436 in-

284 1450 391 1480 teriori
414 1457 594 1490 praecepto.
620 1450 718 1487 Quod
738 1449 809 1479 dico
827 1456 956 1489 propter
980 1449 1114 1480 exterius
1138 1456 1353 1491 praeceptum,

285 1495 373 1535 quod
397 1494 524 1534 signum
548 1493 672 1524 divinae
695 1493 868 1524 voluntatis
891 1493 923 1524 in
948 1503 1003 1534 qu.
1020 1505 1071 1524 xrx
1086 1491 1102 1509 *
1126 1494 1270 1535 positum
1293 1501 1353 1525 est:

283 1538 340 1568 illo
365 1538 450 1568 enirn
473 1538 572 1568 modo
597 1544 801 1578 praeceptum
830 1538 1003 1574 sumendo,
1033 1538 1134 1569 multa
1156 1539 1243 1569 Deus
1267 1549 1354 1579 prae-

285 1582 360 1623 cipit
376 1592 457 1623 quae
477 1593 543 1612 non
558 1582 643 1618 vult,
668 1589 704 1613 ut
721 1589 806 1622 patet
821 1582 854 1612 in
870 1582 1100 1622 peccatoribus.
1119 1600 1139 1605 -
1156 1583 1277 1620 Quarta
1300 1593 1355 1613 au-

284 1634 349 1657 tem
374 1627 541 1667 probatur:
567 1626 642 1668 quia
665 1627 705 1657 ad
729 1626 789 1657 tale
812 1627 892 1657 velle
917 1627 1062 1657 divinum
1085 1627 1220 1668 pertinet
1244 1627 1354 1658 electio

285 1678 315 1702 et
339 1671 476 1702 dilectio.

343 1716 383 1746 Et
399 1715 553 1756 quoniam
573 1715 605 1745 in
625 1715 683 1746 hac
707 1722 818 1756 quarta
841 1715 1069 1756 consequentia
1086 1715 1144 1746 tria
1166 1715 1354 1752 inferuntur,

284 1759 402 1791 scilicet
424 1759 545 1796 electio,
571 1766 601 1791 et
624 1759 767 1795 dilectio,
792 1765 823 1790 et
846 1760 927 1790 ordo
951 1759 1031 1790 inter
1055 1759 1242 1790 electionem
1262 1767 1292 1791 et
1309 1760 1355 1790 di-

284 1804 454 1834 lectionem
471 1803 623 1840 divinam;
644 1804 717 1834 ideo
735 1803 858 1844 singula
877 1803 909 1834 in
926 1804 1028 1835 littera
1044 1804 1294 1835 manifestantur.
1315 1805 1356 1835 Et

283 1848 403 1889 primo,
428 1849 517 1889 quod
540 1859 577 1879 ex
599 1848 653 1879 tali
676 1848 757 1879 velle
780 1855 930 1890 sequatur
955 1848 1100 1879 dilectio:
1125 1848 1200 1890 quia
1224 1848 1267 1879 eis
1286 1848 1355 1879 vult

1409 477 1470 507 hoc
1494 478 1635 514 bonum;
1662 478 1789 518 diligere
1813 479 1899 509 enim
1917 485 1963 509 est
1978 478 2058 509 velle
2074 478 2118 509 illi
2134 479 2268 510 bonum.
2284 496 2304 501 —
2319 479 2478 517 Secundo,

1409 522 1499 562 quod
1523 522 1652 553 electio:
1678 523 1752 563 quia
1775 523 1837 554 hoc
1865 524 1990 554 bonum
2012 523 2082 554 vult
2104 523 2166 553 illis
2189 533 2263 563 prae
2287 523 2371 560 aliis,
2396 535 2479 565 quos

1409 566 1566 606 reprobat.
1581 584 1601 589 -
1616 567 1736 603 Tertio,
1760 568 1849 608 quod
1866 567 1978 598 electio
2002 567 2206 598 dilectionem
2228 568 2477 608 praesupponit:

1409 616 1440 640 et
1458 610 1520 640 hoc
1539 621 1576 641 ex
1596 610 1768 642 differentia
1786 612 1867 642 inter
1886 612 2032 642 ordinem
2051 611 2168 642 horum
2187 618 2319 642 actuum
2334 611 2367 642 in
2387 611 2479 643 nobis

1409 661 1439 684 et
1455 654 1488 684 in
1503 654 1590 691 Deo;
1611 655 1766 696 quoniam
1781 656 1814 686 in
1830 656 1899 687 Deo
1915 656 2041 687 dilectio
2058 655 2247 686 electionem
2261 655 2429 696 praecedit,
2445 656 2479 687 in

1409 698 1501 728 nobis
1524 709 1599 729 vero
1617 709 1634 729 e
1652 706 1771 731 contra.
1796 700 1837 731 Et
1860 700 1940 731 ratio
1964 707 2019 737 est,
2044 700 2120 742 quia
2133 700 2281 731 voluntas
2301 710 2359 730 sua
2373 707 2480 731 causat

1408 742 1585 773 bonitatem
1608 753 1732 779 rerum;
1757 751 1865 775 nostra
1884 750 1992 775 autem
2009 755 2026 775 a
2041 744 2182 776 bonitate
2197 754 2304 775 rerum
2321 750 2477 775 movetur.

1467 786 1518 816 111.
1545 786 1637 818 Circa
1660 787 1867 819 differentiam
1890 799 1975 819 nunc
1998 789 2208 829 assignatam,
2241 789 2366 819 adverte
2389 788 2479 830 quod

1408 830 1566 870 praedicta
1589 830 1762 862 differentia
1780 839 1827 863 est
1844 832 2046 874 intelligenda
2070 838 2214 874 respectu
2235 834 2332 864 unius
2351 838 2382 863 et
2396 833 2478 864 eius-

1408 874 1478 904 dem
1503 874 1615 905 obiecti
1618 882 1632 912 ;
1655 882 1685 906 et
1700 886 1818 912 rursus,
1835 876 1875 907 de
1890 878 2002 916 prima
2026 878 2152 908 ratione
2171 878 2342 909 electionis.
2366 877 2477 913 Aliter,

1409 928 1475 948 non
1503 925 1634 968 apparet
1656 929 1729 949 vera
1759 919 1931 951 differentia
1953 920 2030 958 ista,
2064 921 2280 952 universaliter
2309 921 2476 953 intellecta.

1409 961 1495 992 Cum
1511 962 1597 992 enim
1614 973 1705 994 amor
1724 963 1763 994 sit
1782 964 1904 1003 primus
1920 971 2007 996 actus
2023 965 2205 1002 voluntatis,
2222 975 2288 996 non
2304 975 2478 1006 possumus

1409 1003 1530 1046 eligere,
1552 1006 1612 1036 nisi
1635 1017 1865 1047 praeamemus.
1890 1007 1951 1038 Sed
1976 1015 2082 1039 tamen
2099 1019 2136 1040 ex
2150 1019 2258 1040 amore
2273 1010 2478 1041 circumstan-

1409 1050 1525 1081 tiarum
1544 1050 1690 1101 eligimus
1714 1051 1810 1087 hunc,
1831 1058 1867 1082 ut
1888 1051 1997 1092 ipsum
2021 1062 2181 1090 amemus;
2205 1060 2242 1084 ut
2259 1060 2347 1093 patet
2364 1052 2397 1084 in
2416 1053 2478 1085 ele-

1409 1094 1514 1125 ctione
1538 1095 1654 1126 uxoris.
1680 1095 1720 1126 Et
1743 1095 1805 1132 sic,
1829 1102 1973 1136 respectu
1996 1095 2109 1133 huius,
2134 1103 2165 1128 et
2187 1106 2254 1128 non
2277 1097 2476 1138 simpliciter,

1408 1138 1442 1169 in
1458 1139 1550 1169 nobis
1570 1139 1680 1170 electio
1705 1139 1908 1171 dilectionem
1924 1140 2091 1180 praecedit.
2116 1140 2282 1172 Manifeste
2297 1151 2430 1182 quoque
2444 1141 2478 1172 in

1409 1183 1577 1214 dilectione
1601 1191 1708 1215 nostra
1731 1183 1871 1215 benefica
1894 1191 1980 1224 patet
2003 1185 2102 1226 quod,
2126 1184 2272 1226 quamvis
2295 1184 2478 1216 benefacere

1408 1228 1574 1268 praecedat
1607 1227 1795 1260 electionem
1822 1228 1966 1259 eiusdem
1990 1228 2040 1260 cui
2064 1228 2237 1265 benefacit,
2262 1229 2342 1260 dum
2365 1239 2478 1260 omnes

1409 1282 1513 1313 aequo
1537 1281 1646 1303 amore
1669 1282 1952 1314 prosequeremur;
1981 1271 2047 1304 fieri
2071 1279 2178 1304 tamen
2206 1283 2272 1304 non
2296 1279 2417 1314 potest,
2443 1279 2479 1305 ut

1409 1316 1537 1347 effectus
1553 1317 1585 1347 in
1602 1324 1708 1347 amato
1725 1327 1761 1347 ex
1778 1317 1848 1347 solo
1873 1324 1982 1348 nostro
2002 1327 2111 1347 amore
2135 1316 2335 1357 proveniens,
2360 1317 2400 1347 ad
2417 1316 2478 1348 ele-

1410 1361 1548 1392 ctionem
1561 1361 1704 1391 eiusdem
1716 1372 1775 1391 nos
1788 1362 1896 1398 ducat;
1914 1362 2078 1402 quoniam,
2090 1368 2191 1392 stante
2203 1361 2334 1402 paritate
2349 1361 2477 1398 amoris,

1409 1406 1499 1447 sequi
1516 1415 1582 1436 non
1599 1412 1705 1446 potest
1721 1406 1843 1436 electio.
1857 1406 2030 1446 Disparitas
2047 1413 2154 1437 autem
2170 1406 2196 1436 si
2211 1405 2266 1437 fiat
2279 1405 2314 1436 in
2328 1405 2477 1442 amando,

1409 1450 1447 1480 ab
1467 1450 1582 1480 obiecti
1601 1450 1841 1481 circumstantiis
1865 1450 1965 1490 magis
1985 1450 2096 1481 amatis
2116 1460 2285 1480 movemur
2303 1450 2343 1480 ad
2362 1449 2478 1490 eligen-

1410 1495 1490 1525 dum
1508 1494 1594 1526 hunc
1613 1504 1687 1535 prae
1711 1494 1789 1530 aliis,
1807 1501 1843 1525 ut
1865 1501 1997 1525 ametur.
2018 1494 2060 1525 Et
2076 1494 2119 1525 sic
2139 1494 2265 1525 dilectio
2285 1500 2392 1525 nostra
2411 1503 2479 1525 non

1409 1546 1515 1579 potest
1531 1549 1598 1569 esse
1609 1538 1712 1580 prima
1725 1538 1885 1569 electionis
1901 1538 1981 1569 ratio
1996 1545 2140 1579 respectu
2157 1538 2314 1575 eiusdem;
2331 1537 2478 1579 quamvis

1409 1583 1511 1623 possit
1534 1593 1601 1613 esse
1624 1582 1822 1619 secundaria;
1847 1589 1884 1614 ut
1906 1593 1980 1614 cum
2004 1593 2041 1613 ex
2065 1592 2173 1613 amore
2196 1582 2330 1613 alicuius
2354 1581 2479 1622 eligitur

1409 1627 1539 1663 illemet,
1564 1634 1600 1658 ut
1622 1634 1747 1658 ametur
1775 1627 1815 1657 ad
1842 1627 1973 1668 aliquod
1997 1627 2083 1657 aliud
2107 1627 2251 1663 bonum,
2276 1633 2313 1657 ut
2335 1625 2479 1668 quotidie

1409 1670 1454 1702 fit.
1481 1671 1515 1702 In
1534 1672 1604 1702 Deo
1624 1678 1731 1702 autem
1751 1677 1878 1712 oportet
1901 1671 2105 1702 dilectionem
2123 1671 2219 1702 huius
2238 1670 2425 1711 praecedere
2442 1677 2480 1702 ut

1409 1715 1547 1756 primam
1571 1723 1602 1747 et
1623 1722 1725 1746 totam
1749 1725 1887 1752 causam,
1905 1725 1942 1746 ex
1957 1722 2045 1756 parte
2068 1715 2174 1752 amati,
2192 1714 2354 1746 'electionis
2377 1713 2476 1746 illius:

1409 1760 1483 1801 quia
1506 1760 1617 1791 electio
1635 1759 1849 1800 disparitatem
1872 1759 1968 1791 unius
1984 1760 2023 1790 ab
2047 1759 2144 1791 altero
2169 1759 2323 1800 supponit
2330 1767 2338 1796 ;
2362 1765 2394 1790 et
2410 1764 2479 1790 tota

1410 1804 1598 1845 disparitatis
1621 1804 1701 1835 ratio
1718 1804 1751 1835 in
1767 1811 1908 1835 creatura
1931 1811 1976 1835 est
1996 1804 2120 1834 bonum
2142 1803 2189 1834 illi
2208 1814 2227 1834 a
2244 1804 2315 1834 Deo
2329 1802 2477 1835 volitum.

1410 1849 1452 1879 Et
1470 1848 1514 1879 sic
1534 1848 1659 1880 dilectio
1684 1848 1845 1880 electionis
1865 1855 1912 1879 est
1933 1847 2013 1879 ratio
2034 1848 2120 1888 apud
2137 1847 2254 1879 Deum.

1081 1993 1400 2036 ARTICULUS
1431 1992 1687 2046 QUINTUS

629 2078 785 2109 UTRUM
808 2077 1125 2109 PRAESCIENTIA
1147 2077 1413 2109 MERiToRuM
1437 2078 1504 2109 Sir
1529 2077 1672 2109 CAUSA
1695 2076 2169 2109 PRAEDESTiNATloms.

390 2154 400 2178 1
419 2153 501 2183 Sent„
518 2154 575 2178 dist.
590 2161 640 2184 xm,
653 2158 698 2178 art.
714 2152 741 2184 3;
761 2153 791 2178 111
814 2153 891 2178 Cont.
910 2153 996 2182 Gent„
1014 2161 1070 2186 cap.
1083 2159 1174 2183 cumn
1196 2153 1238 2178 De
1259 2153 1350 2183 Ver-it„
1369 2161 1414 2186 qu.
1427 2161 1461 2183 vt,
1476 2158 1523 2178 art.
1538 2160 1568 2183 2;
1588 2153 1614 2178 in
1634 2153 1718 2183 Ioan„
1735 2160 1790 2186 cap.
1803 2161 1844 2184 xv,
1858 2153 1916 2178 lect.
1930 2160 1974 2184 1n;
1993 2153 2031 2178 ad
2048 2152 2135 2184 Rom„
2152 2161 2207 2186 cap.
2221 2160 2239 2184 x,
2258 2153 2316 2178 lect.
2328 2159 2372 2184 m;

908 2196 964 2221 cap.
979 2196 1032 2220 vm,
1048 2189 1106 2214 lect.
1119 2196 1160 2220 νι;
1180 2196 1237 2221 cap.
1252 2196 1284 2218 ix,
1303 2189 1361 2214 lect.
1374 2195 1416 2219 111;
1435 2189 1473 2214 ad
1492 2188 1598 2220 Ephes„
1613 2196 1668 2221 cap.
1681 2196 1698 2219 1,
1719 2189 1777 2214 lect.
1789 2195 1807 2219 1,
1822 2196 1856 2213 xv.

354 2287 380 2302 1
419 2297 446 2306 ,s
500 2279 522 2303 D
543 2279 704 2310 QUlNTUM
733 2279 786 2303 Sic
807 2279 1046 2305 PRocssmrua.
1067 2268 1228 2305 Videtur
1247 2267 1353 2316 quod

428 2314 470 2369 '3²²
474 2333 476 2336 ·
442 2320 746 2379 qpraescientia
761 2320 986 2358 meritorum
1003 2320 1049 2357 sit
1064 2333 1179 2358 causa
1193 2320 1353 2370 praede-

325 2411 328 2421 Δ
351 2414 353 2418 y
459 2372 720 2423 {stinationis
751 2373 851 2410 Dicit
876 2373 978 2410 enim
997 2374 1219 2423 Apostolus,
1238 2375 1352 2411 Rom.

345 2442 356 2454 κ
377 2420 414 2453 Τ
421 2436 434 2454 ν·
458 2418 560 2464 Χνιιι
579 2426 615 2463 *ε
650 2438 743 2476 quos
760 2427 975 2475 praescivit,
995 2428 1064 2464 hos
1092 2433 1128 2464 et
1147 2427 1354 2476 praedesti-

285 2479 398 2516 navit.
421 2479 470 2515 Et
485 2456 621 2517 Glossa
635 2479 875 2527 Ambrosii&
893 2492 964 2529 sup
990 2493 1007 2517 r
1022 2480 1114 2518 illud
1127 2482 1240 2518 Rom.
1253 2479 1352 2528 ix’fl‘,

285 2532 491 2570 miserebor
523 2533 586 2570 cui
616 2533 823 2570 miserebor
851 2540 920 2570 etc.
931 2562 940 2580 ,
997 2533 1060 2571 icit
1078 2540 1112 2570 “z
1143 2534 1354 2571 misericor-

285 2586 387 2623 diam
417 2585 472 2622 illi
490 2586 600 2632 dabo,
621 2598 732 2635 quem
745 2586 921 2635 praescio
951 2592 1026 2624 toto
1051 2587 1164 2624 corde
1183 2599 1355 2624 reversu-

285 2651 370 2676 rum
400 2638 452 2675 ad
477 2652 547 2677 me.
578 2641 681 2688 Ergo
705 2639 857 2677 videtur
877 2639 983 2689 quod
1001 2640 1252 2689 praescientia
1273 2653 1354 2678 me-

285 2692 444 2729 ritorum
474 2692 520 2730 sit
548 2705 662 2730 causa
690 2692 1057 2742 praedestinationis.

341 2757 374 2782 2.
415 2746 657 2793 PRAETEREA,
695 2745 989 2795 praedestinatio
1033 2746 1160 2784 divina
1197 2746 1354 2784 includit

285 2798 456 2836 divinam
470 2797 488 2828 β
502 2800 750 2846 voluntatem,
769 2812 867 2848 quae
886 2799 1151 2838 irrationabilis
1171 2812 1253 2838 esse
1274 2812 1354 2837 non

284 2858 428 2901 potest:
459 2865 547 2890 cum
581 2852 874 2901 praedestinatio
905 2853 951 2890 sit
971 2854 1210 2903 propositum
1245 2853 1353 2891 mise-

285 2905 402 2952 rendi,
423 2913 464 2943 ut
490 2905 723 2954 Augustinus
753 2906 841 2943 dicit
868 2905 899 2944 ²¹⁶.
922 2907 1000 2944 Sed
1029 2907 1131 2944 nulla
1160 2907 1230 2944 alia
1258 2906 1352 2944 ratio

284 2966 410 3008 potest
436 2971 517 2997 esse
541 2958 898 3008 praedestinationis
923 2960 995 2998 nisi
1009 2959 1259 3009 praescientia
1273 2973 1353 2997 tne-

285 3011 455 3050 ritorum.
486 3013 588 3060 Ergo
617 3012 865 3061 praescientia
899 3014 1125 3052 meritorum
1155 3021 1211 3051 est
1239 3025 1354 3051 causa

284 3065 346 3102 vel
376 3065 469 3103 ratio
498 3065 864 3115 praedestinationis.

341 3119 373 3156 3.
405 3120 648 3166 PRAETEREA,
679 3131 753 3157 non
792 3125 846 3156 est
872 3119 1047 3168 iniquitas
1075 3120 1179 3169 apud
1205 3121 1352 3166 Deum,

284 3179 325 3209 ut
345 3172 480 3209 dicitur
497 3174 610 3210 Rom.
633 3185 668 3210 lx
686 3172 717 3209 ³¹⁸.
740 3172 918 3221 Iniquum
939 3181 1067 3210 autem
1089 3185 1172 3210 esse
1190 3173 1352 3220 videtur,

284 3233 326 3262 ut
353 3225 576 3274 aequalibus
609 3225 823 3274 inaequalia
862 3226 1008 3264 dentur.
1040 3227 1189 3264 Omnes
1224 3233 1353 3263 autern

285 3278 461 3316 homines
487 3286 575 3316 sunt
598 3279 776 3329 aequales
806 3287 842 3316 et
874 3279 1088 3317 secundum
1108 3287 1297 3327 naturam,
1318 3286 1354 3316 et

1408 2267 1447 2304 in
1468 2267 1520 2304 eis
1540 2267 1788 2316 inaequalitas
1817 2267 2031 2305 secundum
2057 2268 2193 2306 merita
2210 2268 2272 2305 vel
2293 2267 2479 2307 demerita

1408 2319 1652 2370 propriorum
1681 2327 1848 2358 actuum.
1878 2321 1971 2358 Non
1998 2320 2110 2369 igitur
2137 2321 2351 2370 inaequalia
2369 2333 2478 2371 prae-

1408 2382 1517 2422 parat
1543 2374 1651 2411 Deus
1679 2373 1913 2421 hominibus,
1933 2374 2256 2424 praedestinando
2283 2382 2320 2412 et
2347 2386 2477 2424 repro-

1408 2427 1550 2474 bando,
1571 2426 1642 2464 nisi
1661 2434 1818 2476 propter
1837 2426 2096 2473 differentium
2115 2427 2342 2465 meritorum
2367 2439 2478 2477 prae-

1409 2479 1606 2518 scientiam
1626 2485 1652 2517 ⁷.

1463 2534 1537 2571 Si-:n
1567 2544 1711 2571 CONTRA
1739 2545 1805 2570 EST
1833 2533 1938 2583 quod
1967 2533 2055 2571 dicit
2081 2534 2301 2583 Apostolus,
2330 2533 2383 2572 ad
2406 2534 2476 2572 Tit.

1409 2599 1443 2624 111
1458 2585 1496 2624 *t
1527 2599 1601 2623 non
1622 2599 1672 2623 ex
1691 2587 1864 2635 operibus
1893 2587 2064 2634 iustitiae,
2086 2599 2184 2636 quae
2197 2588 2369 2637 fecimus
2389 2599 2477 2635 nos,
2505 2599 2518 2611 ⁸

1406 2641 1473 2677 sed
1497 2640 1703 2678 secundum
1731 2652 1841 2677 suam
1869 2640 2170 2678 misericordiam
2188 2640 2313 2678 salvos
2332 2653 2401 2678 nos
2411 2641 2478 2690 se-

1408 2694 1467 2731 cit.
1498 2693 1603 2730 Sicut
1631 2700 1759 2731 autem
1789 2694 1918 2731 salvos
1937 2706 2008 2732 nos
2034 2693 2121 2732 fecit
2139 2691 2164 2741 ⁸,
2195 2693 2245 2731 ita
2265 2701 2302 2731 et
2319 2694 2479 2744 praede-

1408 2746 1560 2784 stinavit
1587 2759 1658 2784 nos
1686 2747 1814 2783 salvos
1841 2746 1936 2784 fieri.
1975 2747 2068 2785 Non
2102 2759 2192 2796 ergo
2229 2747 2479 2796 praescientia

1408 2800 1632 2838 meritorum
1662 2807 1717 2837 est
1746 2812 1860 2837 causa
1882 2801 1945 2838 vel
1965 2800 2059 2838 ratio
2079 2807 2091 2823 ⁸
2109 2799 2476 2850 praedestinationis.

1463 2854 1689 2891 Responnno
1718 2865 1902 2891 DlCENDUM
1931 2854 2050 2904 quod,
2071 2866 2160 2891 cum
2184 2853 2476 2902 praedestinatio

1409 2907 1578 2944 includat
1612 2907 1850 2944 voluntatem
1881 2907 1915 2953 ζ,
1945 2915 1987 2944 ut
2023 2919 2139 2957 supra
2171 2906 2192 2928 ⁸
2219 2906 2363 2944 dictum
2399 2913 2475 2956 est,

1409 2960 1462 2997 sic
1499 2959 1726 3009 inquirenda
1755 2968 1810 2997 est
1848 2960 1942 2997 ratio
1977 2959 2353 3010 praedestinationis,
2383 2959 2479 2998 sicut

1409 3013 1608 3062 inquiritur
1645 3013 1738 3051 ratio
1778 3013 1929 3051 divinae
1966 3012 2184 3052 voluntatis
2228 3013 2384 3051 Dictum
2423 3021 2479 3052 est

1409 3074 1538 3104 autem
1567 3079 1683 3116 supra
1710 3065 1730 3088 ’¹‘
1763 3067 1868 3116 quod
1896 3079 1976 3104 non
2005 3074 2061 3104 est
2094 3065 2286 3115 assignare
2320 3078 2477 3104 causam
2503 3077 2516 3089 ·

1409 3119 1560 3157 divinae
1597 3119 1804 3157 voluntatis
1840 3132 1885 3156 ex
1920 3128 2027 3170 parte
2064 3127 2169 3158 actus
2197 3119 2374 3166 volendi;
2409 3120 2477 3158 sed

1408 3180 1534 3223 potest
1570 3172 1751 3221 assignari
1790 3172 1883 3210 ratio
1923 3186 1968 3211 ex
2003 3180 2111 3223 parte
2147 3173 2380 3221 volitorum,
2422 3173 2477 3211 in-

1409 3234 1594 3276 quantum
1613 3226 1752 3263 scilicet
1772 3227 1879 3264 Deus
1898 3227 1980 3264 vult
2007 3238 2091 3264 esse
2110 3232 2124 3249 '¹
2153 3226 2295 3275 aliquid
2321 3233 2478 3276 propter

1410 3279 1522 3317 aliud.
1553 3280 1691 3317 Nullus
1721 3292 1810 3328 ergo
1839 3279 1906 3317 fuit
1932 3279 1984 3317 ita
2010 3279 2165 3317 insanae
2194 3279 2350 3327 mentis,
2379 3278 2447 3328 qui
2463 3276 2478 3302 ⁰

286 3332 499 3369 secundum
527 3339 731 3382 peccatum
759 3332 962 3381 originale:
993 3333 1198 3370 attenditur
1225 3340 1354 3370 autem
1380 3327 1384 3380 Ι
1410 3332 1551 3370 diceret
1578 3332 1712 3371 merita
1742 3345 1824 3370 esse
1854 3345 2010 3370 causam
2039 3332 2191 3370 divinae
2219 3332 2476 3382 praedestina-

340 3446 367 3477 α)
389 3446 424 3470 Et
445 3446 540 3471 Glossa
595 3446 668 3472 dicit.
686 3460 706 3465 -
725 3447 760 3471 Et
775 3447 853 3471 Rom.
867 3454 892 3471 rx
911 3447 1004 3479 (super
1019 3447 1086 3472 illud
1104 3447 1201 3472 addunt
1214 3446 1291 3481 BFG)
1306 3447 1354 3471 mi-

286 3481 392 3505 serebor
405 3481 449 3506 cui
464 3481 606 3507 miserebor
618 3485 675 3511 etc„
687 3482 752 3507 dicit
767 3482 862 3507 Glossa
872 3482 1008 3508 Ambrosii
1023 3482 1137 3513 codices;
1156 3490 1203 3515 pro
1217 3485 1267 3508 etc.
1282 3481 1354 3512 dicit,

287 3519 312 3541 et
334 3516 428 3549 Cryso.
448 3517 513 3541 dicit
532 3517 572 3542 ed.
591 3524 616 3547 a,
635 3517 702 3542 dicit
719 3520 768 3542 etc.
788 3518 829 3543 ed.
844 3518 867 3542 b.

341 3549 366 3583 β)
387 3551 515 3576 divinam.
533 3566 551 3570 -
570 3552 631 3577 Om.
645 3553 697 3577 BD.

340 3587 367 3619 γ)
392 3587 443 3611 nisi
459 3590 570 3619 propter
589 3587 766 3621 differentium
781 3588 937 3613 meritorum
949 3589 1167 3621 praescientiam.
1185 3602 1204 3608 -
1222 3588 1276 3614 nisi
1288 3595 1354 3620 pro-

283 3625 348 3654 pter
366 3621 544 3655 differentiam
564 3623 719 3648 meritorum
733 3623 786 3652 FG,
807 3624 858 3648 nisi
871 3628 987 3656 propter
1002 3623 1210 3656 praescientiam
1230 3623 1260 3649 di
1294 3630 1354 3648 ren-

288 3657 354 3682 tium
374 3657 530 3682 meritorum
551 3658 635 3682 ceteri.

1462 3445 1487 3479 δ)
1498 3447 1577 3480 secit.
1595 3459 1613 3466 ·-
1625 3447 1698 3481 sacit
1715 3445 1850 3471 AEFGab.
1868 3458 1887 3464 -
1904 3449 1931 3470 et
1948 3453 2001 3470 om.
2021 3446 2133 3471 codices.

1463 3482 1485 3513 ε)
1505 3489 1586 3507 causa
1605 3483 1646 3507 ve!
1664 3482 1744 3507 ratio.
1764 3496 1783 3500 —
1801 3481 1872 3506 ratio
1891 3481 1932 3506 ve!
1948 3488 2030 3506 causa
2049 3482 2195 3507 ABCDFG.

1461 3516 1487 3549 ζ)
1507 3517 1679 3542 voluntatem.
1697 3530 1717 3536 -
1734 3517 1854 3542 divinam
1874 3515 1944 3541 addit
1962 3517 1992 3542 B.
2009 3530 2029 3536 -
2048 3517 2098 3541 Pro
2117 3517 2272 3550 inquiritur,
2291 3517 2432 3550 quaeritur
2445 3517 2474 3547 B,

1409 3552 1557 3585 requiritur
1575 3552 1607 3583 G,
1627 3552 1784 3584 inquantum
1804 3552 1846 3576 ed.
1858 3559 1884 3576 α.

1461 3587 1488 3619 η)
1508 3594 1572 3612 esse.
1589 3601 1608 3606 -
1626 3587 1688 3612 Om.
1702 3587 1755 3616 ΑΒ,
1775 3592 1834 3619 post
1852 3587 1955 3619 aliquid
1972 3592 2073 3620 ponunt
2091 3587 2191 3613 CEFG.

1461 3620 1486 3654 0)
1505 3622 1558 3654 qui.
1577 3636 1594 3641 -
1613 3622 1685 3654 quod
1702 3622 1788 3647 BD.-
1801 3622 1850 3646 Pro
1866 3623 2103 3654 praedestinantis,
2116 3622 2371 3656 praedestinationis
2383 3623 2419 3653 1³3
2438 3629 2475 3648 ex

1404 3660 1486 3690 parte
1504 3661 1580 3683 actus
1594 3657 1825 3689 praedestinantis
1843 3666 1896 3683 om.
1911 3658 1944 3684 G.
