2768 4178
24 1135 237 1208 ἓΑησίφιξιιωοὲ.

24 1195 236 1220 ‘monument

23 1228 125 1246 mv.

962 259 1228 306 QUAESTIO
1257 260 1343 307 XV,
1373 260 1669 298 ARTICULUS
1699 262 1748 298 111

2372 263 2446 299 205

934 371 1264 405 Commentaria
1287 373 1534 406 Oardjnalis
1556 374 1755 407 Caietani

328 480 435 501 rrums
459 470 570 502 clarus.
590 488 610 494 -
629 470 664 501 In
688 479 821 510 corpore
839 469 920 500 duo:
944 469 1060 510 primo,
1083 469 1260 510 distinguit;
1285 479 1331 500 se-

270 481 445 552 Tcundo,
470 515 639 556 respondet
662 513 815 555 quaesito.

324 559 361 590 11.
386 559 503 597 Quoad
520 560 677 600 primum,
701 557 771 588 idea
794 557 900 587 divina
930 556 1095 597 dupliciter
1117 557 1270 588 sumitur:
1296 565 1331 588 ut

268 603 443 644 exemplar,
468 610 499 634 et
521 609 557 633 ut
579 602 667 633 ratio.
692 619 713 624 —
733 600 950 632 Manifestatur
973 601 1130 632 distinctio
1154 601 1330 642 dupliciter.

267 647 385 683 Primo,
410 657 447 677 ex
470 646 641 677 differentia
656 645 795 676 duorum
814 644 994 676 officiorum
1010 645 1234 677 attributorum
1253 646 1331 676 ideis

268 701 286 721 a
301 691 443 728 Platone,
460 700 607 731 generare
623 696 655 721 et
670 689 886 740 cognitionem
909 688 1018 720 facere.
1037 689 1195 726 Secundo,
1213 699 1250 720 ex
1273 690 1331 720 dif-

267 734 397 767 ferentia
419 733 602 775 speculativi
626 740 656 765 et
678 733 814 774 practici.

321 779 374 810 111.
392 778 509 817 Quoad
523 778 710 816 secundum,
725 777 895 819 respondet
908 777 1051 819 quaesito
1072 778 1194 808 duabus
1210 787 1329 829 propo-

267 822 433 854 sitionibus
456 821 658 859 affirmativis,
674 822 761 853 iuxta
783 822 927 852 membra
949 822 1159 853 distinctionis
1182 823 1330 873 praemis-

266 877 328 898 sae.
344 867 451 898 Prima
462 873 522 898 est:
543 866 625 903 Idea,
641 866 819 897 secundum
834 866 923 907 quod
938 866 1105 907 exemplar,
1121 873 1168 897 est
1183 866 1331 897 omnium

266 921 348 952 quae
365 921 383 941 a
396 911 466 942 Deo
482 910 658 942 secundum
675 910 904 952 quodcumque
919 917 1046 951 tempus
1058 909 1330 942 fiunt.-Secunda

266 961 328 986 est:
353 955 435 992 Idea,
461 961 496 986 ut
517 954 607 991 ratio,
635 961 682 986 est
704 955 852 986 omnium
870 954 1058 986 factibilium
1082 962 1112 985 et
1135 955 1329 995 cognoscibi-

264 998 346 1030 lium
370 999 548 1030 secundum
577 999 720 1040 proprias
743 999 897 1035 rationes,
924 1005 990 1030 tam
1019 999 1209 1040 speculative
1232 1009 1330 1040 quam

264 1043 408 1084 practice.

319 1087 388 1118 Hae
412 1087 646 1128 propositiones
662 1097 728 1118 non
745 1087 834 1118 aliter
855 1087 888 1117 in
909 1087 1011 1118 littera
1033 1087 1223 1128 probantur:
1247 1097 1327 1128 quo-

264 1131 350 1162 niam
373 1141 410 1162 ex
433 1141 487 1173 qu.
507 1131 589 1162 xxv*
612 1138 643 1162 et
658 1131 871 1172 praedictis*
893 1138 1011 1172 patent.
1031 1131 1113 1162 Illud
1136 1138 1242 1162 tamen
1261 1141 1327 1161 non

263 1182 446 1227 praetereas,
467 1175 556 1217 quod
578 1175 648 1206 idea
671 1182 707 1206 ut
733 1175 827 1211 ratio,
853 1175 990 1206 sumitur
1011 1185 1070 1215 pro
1094 1175 1215 1206 ratione
1239 1175 1326 1205 obie-

263 1220 355 1257 ctiva,
379 1227 416 1251 ut
437 1219 470 1250 in
493 1220 598 1260 primo
624 1220 756 1250 articulo
779 1219 848 1260 ipsa
870 1219 972 1251 littera
995 1218 1182 1260 exposuit&
1207 1219 1329 1250 Dicitur

1383 469 1570 511 igitur'idea
1592 472 1676 502 ratio
1699 471 1850 503 obiectiva
1871 474 1927 503 rei.
1952 474 2025 504 Hoc
2048 474 2143 506 etiam
2166 474 2265 504 modo
2291 474 2361 505 idea
2375 475 2445 505 Pla-

1384 514 1490 545 tonica
1512 514 1591 545 ratio
1615 515 1827 556 cognoscendi
1849 523 1939 547 esset.

1438 558 1491 590 IV.
1512 557 1546 588 In
1562 559 1768 600 responsione
1787 560 1827 590 ad
1845 560 1983 596 tertium,
1999 561 2122 591 adverte
2146 561 2234 602 quod
2254 561 2304 592 hic
2320 572 2344 592 s.
2356 561 2445 593 Tho-

1385 613 1453 633 mas
1475 609 1618 635 retractat
1641 603 1723 634 dicta
1745 604 1778 634 in
1801 604 1864 641 Qu.
1891 604 1931 635 de
1960 605 2047 642 Ver„
2071 615 2124 645 qu.
2149 615 2198 642 111,
2223 612 2278 636 art.
2306 607 2333 642 5,
2359 612 2389 636 et
2411 606 2444 636 in

1385 647 1397 676 I
1421 647 1520 684 Sent.,
1539 647 1608 678 dist.
1623 657 1724 684 xxxvr,
1745 647 1876 678 articulo
1901 648 2014 679 ultimo
2026 646 2052 685 ⁸²,
2074 649 2112 679 de
2128 648 2197 679 idea
2212 649 2358 680 materiae
2381 650 2446 690 pri-

1385 701 1465 722 mae.
1480 692 1546 722 Nec
1569 698 1696 732 oportet
1717 690 1834 732 fingere
1856 692 1990 732 glossas:
2015 692 2168 733 quoniam
2190 693 2314 724 medius
2336 693 2444 725 termi-

1385 745 1444 766 nus
1468 735 1519 766 hic
1541 742 1733 776 assumptus,
1750 735 1867 767 scilicet
1889 736 1964 776 quia
1986 737 2160 767 secundum
2182 746 2217 767 se
2240 747 2302 767 non
2326 743 2373 768 est
2395 747 2446 768 co-

1382 780 1575 821 gnoscibilis,
1593 789 1736 820 expresse
1758 779 1832 810 alibi
1855 779 1937 811 dicta
1960 780 2055 816 elidit,
2072 787 2108 811 ut
2130 786 2215 820 patet
2237 781 2381 812 intuenti.

1437 823 1500 854 Sed
1522 823 1657 854 dubium
1679 823 1731 854 hic
1753 830 1856 861 restat,
1879 824 1969 855 cuius
1993 824 2162 864 compositi
2185 824 2269 861 idea,
2298 825 2445 856 materiae

1382 867 1503 909 primae
1526 867 1566 899 sit
1588 867 1668 899 idea.
1683 867 1716 899 Si
1739 873 1846 899 tamen
1868 867 1970 899 littera
1992 867 2210 908 perspicaciter
2231 868 2382 905 videatur,
2402 868 2446 899 fa-

1384 911 1442 942 cile
1457 911 1575 952 patebit
1593 911 1682 953 quod
1697 911 1767 942 idea
1782 919 1818 943 ut
1833 911 1922 948 ratio,
1939 912 2133 952 respondens
2152 912 2300 943 materiae
2315 912 2445 952 primae,

1384 963 1430 987 est
1451 956 1522 986 idea
1545 955 1700 996 corporis,
1726 956 1815 996 quod
1838 962 1884 987 est
1910 966 2010 996 genus
2032 956 2066 986 in
2088 956 2341 996 praedicamento
2365 956 2446 987 Sub-

1384 1000 1531 1030 stantiae:
1555 1000 1710 1041 quoniam
1733 1000 1909 1031 secundum
1931 1000 2015 1030 illius
2038 999 2176 1030 formam
2199 999 2395 1037 definiretur,
2420 1001 2445 1031 si

1384 1043 1574 1075 definiretur.
1591 1044 1663 1075 Idea
1686 1043 1772 1074 enim
1794 1051 1830 1075 ut
1852 1044 1941 1080 ratio,
1959 1051 2006 1075 est
2028 1044 2133 1075 omnis
2148 1043 2368 1084 cognoscibilis
2391 1054 2447 1085 per

1384 1088 1546 1128 propriam
1568 1088 1734 1124 rationem,
1751 1095 1787 1119 ut
1809 1088 1842 1119 in
1864 1088 1995 1119 littera*
2018 1088 2139 1119 dicitur.
2165 1088 2237 1119 Idea
2256 1095 2363 1120 autem
2379 1088 2445 1119 eius

1383 1139 1419 1162 ut
1441 1132 1608 1172 exemplar,
1625 1142 1691 1163 non
1710 1138 1757 1163 est
1779 1132 1840 1163 alio
1857 1132 1955 1163 modo
1977 1132 2156 1173 quaerenda
2170 1142 2268 1173 quam
2290 1132 2378 1163 ideae
2393 1142 2446 1173 ge-

1383 1185 1505 1211 nerum,
1523 1176 1561 1206 de
1572 1176 1688 1217 quibus
1707 1176 1739 1206 in
1755 1176 1854 1207 littera
1871 1176 2011 1208 dicitur*
2029 1177 2118 1218 quod
2134 1187 2201 1208 non
2218 1177 2335 1208 habent
2349 1176 2444 1207 aliam

1382 1219 1487 1249 ideam
1510 1230 1528 1249 a
1551 1220 1662 1260 specie,
1683 1227 1739 1251 etc.

2472 653 2533 675 'Ad
2547 659 2569 675 2.

2472 1095 2484 1107 ⁸
2497 1095 2523 1117 In
2537 1101 2644 1124 corpore.

2474 1184 2483 1193 ⁸
2496 1182 2534 1204 Ad
2543 1189 2569 1210 4.
