2768 4178
80 567 91 576 ·
106 566 141 588 Cf.
158 571 221 588 num.
238 571 276 587 111.

316 254 368 290 88

1018 257 1287 305 QUAESTIO
1316 258 1421 304 VIII,
1451 258 1751 295 ARTICULUS
1781 258 1832 295 IV

1011 371 1344 407 Commentario.
1367 371 1618 406 Cardine-lis
1641 371 1842 407 Caietam

386 482 503 508 nurus,
529 481 565 502 ex
588 470 666 512 quid
690 471 828 503 nominis
851 470 885 501 in
909 480 1053 512 corpore,
1079 471 1191 501 clarus.

326 484 381 546 T
409 516 443 547 In
464 525 598 556 corpore
618 515 701 546 duo:
723 514 829 555 primo
852 514 1034 556 distinguit;
1056 515 1198 545 secundo
1223 514 1395 555 respondet

324 562 480 602 quaesito,
505 560 562 590 ibi:
583 560 637 591 Sic
660 569 740 601 ergo
751 557 778 590 *.
797 577 818 584 ·-
837 559 956 597 Quoad
979 560 1138 600 primum,
1164 559 1324 590 dIstinctio
1348 567 1395 590 est

322 606 392 639 ista.
408 606 496 639 Deus
511 611 557 637 est
573 604 606 636 in
625 604 735 645 aliquo
751 604 934 645 dupliciter:
959 604 1075 636 scilicet
1094 603 1249 644 effective,
1267 610 1298 638 et
1312 603 1394 636 obie—

323 651 413 683 ctive.
437 649 606 686 Differunt,
622 649 732 693 quoad
754 649 968 689 propositum,
992 649 1026 680 hi
1041 648 1148 684 modi,
1173 648 1249 690 quia
1271 647 1394 692 primus

324 701 370 726 est
384 693 546 737 generalis,
564 703 603 724 eo
619 693 710 736 quod
726 693 865 724 effective
880 693 968 725 Deus
984 700 1031 724 est
1046 693 1079 723 in
1096 692 1262 724 omnibus:
1283 702 1394 724 secun-

324 739 384 771 dus
411 738 576 780 specialis,
606 748 645 769 eo
672 738 762 779 quod
786 737 940 769 obiective
969 744 1016 768 est
1044 743 1169 768 tantum
1195 736 1228 766 in
1255 743 1396 768 creatura

323 782 478 814 rationali.
503 782 544 814 Et
558 788 692 814 vocatur
707 782 758 813 hic
774 782 892 812 modus
908 792 975 812 esse
987 791 1052 822 per
1064 781 1228 823 gratiam:
1251 790 1290 811 eo
1305 781 1395 821 quod

325 838 361 858 ex
375 827 473 868 gratia
486 827 582 859 habet
595 833 736 859 creatura
757 826 918 858 rationalis
940 826 1029 867 quod
1046 832 1216 866 cognoscat
1235 835 1271 856 ac
1287 825 1396 865 diligat

323 873 430 906 Deum
454 879 525 906 actu
549 872 600 903 vel
624 871 922 907 habim-Rursus,
949 870 1067 902 modus
1091 869 1246 911 generalis
1270 869 1395 902 essendi

323 917 356 947 in
380 917 548 953 omnibus,
575 916 778 959 distinguitur
800 915 834 947 in
857 925 924 947 esse
948 925 1005 956 per
1027 916 1218 952 essentiam,
1238 923 1394 954 praesen-

324 962 401 993 tiam
426 968 457 992 et
474 962 675 1004 potentiam;
700 968 735 991 ut
758 967 844 1001 patet
863 960 897 990 in
913 969 985 1000 rege
1009 966 1153 1000 respectu
1177 958 1239 989 loci
1262 957 1394 1000 proprii,

324 1013 354 1036 et
377 1005 439 1039 loci
463 1005 496 1035 in
519 1011 690 1046 prospectu
717 1014 787 1040 suc,
805 1010 835 1034 et
859 1004 946 1044 regni
972 1004 1036 1040 sui;
1061 1010 1092 1034 et
1110 1003 1184 1034 inde
1204 1002 1397 1046 applicando

323 1050 363 1080 ad
386 1050 502 1080 Deum.

380 1094 416 1125 ΙΙ.
441 1094 578 1129 Adverte
594 1093 645 1123 hic
658 1094 768 1133 primo
792 1093 891 1134 quod,
907 1092 1054 1133 quamvis
1069 1092 1173 1123 littera
1186 1092 1220 1122 in
1236 1091 1395 1132 principio

323 1138 464 1179 corporis
488 1144 587 1178 ponat
610 1137 848 1170 distinctionem
876 1136 966 1168 modi
995 1136 1119 1169 essendi
1142 1136 1203 1168 Dei
1225 1136 1258 1168 in
1281 1137 1393 1172 rebus,

274 1213 282 1218 .
322 1183 438 1216 scilicet
462 1182 601 1216 effective
617 1181 667 1214 vel
689 1181 855 1218 obiective,
879 1181 1092 1223 postmodum
1114 1188 1223 1213 tamen
1239 1191 1306 1214 non
1321 1181 1395 1213 sub-

81 1954 90 1963 ·
106 1953 142 1975 cf.
158 1959 222 1975 num.
233 1959 249 1974 1.

82 2171 90 2180 ¹
106 2170 144 2192 ef.
155 2169 212 2192 ibid.

79 2264 89 2275 '⁶
98 2263 230 2290 CLI-sent„
239 2263 294 2285 dist.

82 2296 171 2318 xxxvn,
187 2296 238 2318 cap.
248 2296 272 2312 ιι.

81 2996 223 3018 ⁸1Poster.
243 3000 269 3016 ca
290 3010 295 3016 .
342 2998 345 3002 '
373 2995 385 3006 ’-

82 3012 270 3072 sset-³³
290 3037 296 3042 ·

83 3221 94 3232 ¹·
101 3219 148 3248 Qu.
157 3225 191 3247 ιιι,
198 3223 239 3242 ιιι.
247 3226 265 3248 5,
274 3220 297 3242 8.

86 3434 96 3442 '
111 3431 178 3453 Vers.
193 3437 222 3453 21.

322 1227 433 1258 dividit
448 1227 586 1257 modum
610 1225 733 1257 essendi
757 1226 790 1257 in
814 1236 881 1257 esse
900 1235 957 1267 per
976 1226 1156 1263 essentiam,
1172 1223 1394 1269 praesentiam,

322 1279 352 1304 et
375 1271 562 1313 potentiam,
587 1271 743 1312 quoniam
766 1270 844 1302 falsa
867 1277 948 1304 esset
971 1268 1160 1301 subdivisio:
1185 1271 1241 1301 sed
1261 1270 1396 1301 intendit

322 1315 575 1356 subdistinguere
598 1316 735 1346 modum
759 1315 939 1356 generalem
963 1325 1030 1356 quo
1054 1315 1142 1346 Deus
1166 1322 1212 1347 est
1238 1314 1271 1345 in
1291 1315 1395 1346 omni-

321 1363 391 1393 bus.
406 1361 447 1392 Et
462 1360 575 1401 accipit
589 1359 827 1391 distinctionem
845 1370 883 1391 ex
901 1360 994 1391 rebus
1017 1359 1177 1396 humanis,
1193 1359 1395 1401 applicatque

321 1407 361 1437 ad
384 1406 491 1436 Deum
514 1411 658 1445 respectu
683 1404 832 1435 omnium
856 1411 1044 1440 creatorum.

377 1451 514 1484 Adverte
536 1449 687 1487 seeundo,
712 1449 802 1491 quod
825 1449 859 1481 in
882 1448 984 1482 littera
1007 1459 1075 1481 non
1099 1449 1208 1481 solum
1230 1449 1393 1490 applican-

320 1502 372 1526 tur
391 1494 537 1527 declarati
558 1493 647 1524 modi
676 1493 716 1524 ad
743 1494 867 1526 Deum:
895 1493 951 1524 sed
973 1493 1128 1534 probatur
1149 1493 1394 1536 quodammodo

320 1545 438 1571 rectam
461 1548 528 1570 esse
556 1537 849 1579 interpretationem
873 1548 1004 1575 eorum,
1034 1548 1072 1571 ex
1095 1548 1134 1569 eo
1158 1538 1248 1579 quod
1278 1538 1394 1579 singuli

321 1591 430 1615 contra
453 1583 597 1624 singulos
621 1582 843 1614 excellentium
865 1582 1037 1613 hominum
1069 1592 1188 1613 errores
1218 1589 1393 1623 ponuntur.

320 1628 442 1660 Contra
463 1627 667 1659 Manichaeos
690 1637 841 1668 namque,
865 1637 933 1658 esse
947 1637 1004 1668 per
1017 1627 1205 1668 potentiam,
1228 1627 1309 1658 idest
1327 1637 1395 1659 esse

319 1674 353 1704 in
384 1672 534 1704 omnibus
569 1672 753 1705 immediate
786 1672 1027 1705 immediatione
1057 1672 1201 1704 virtutis:
1231 1672 1275 1703 ita
1304 1673 1394 1714 quod

321 1717 430 1751 omnia
445 1724 544 1760 agunt
558 1717 715 1759 quidquid
735 1724 844 1758 agunt,
859 1716 975 1750 virtute
989 1716 1058 1749 Dei.
1080 1716 1202 1749 Contra
1218 1718 1393 1749 Averroem

319 1773 406 1799 vero,
424 1772 491 1793 esse
518 1771 574 1805 per
596 1761 807 1802 praesentiam
829 1761 1060 1803 penetrativam
1077 1761 1226 1793 omnium
1241 1768 1271 1792 et
1288 1761 1394 1803 singu-

319 1808 428 1838 lorum
447 1817 507 1838 suo
528 1806 656 1837 intuitu.
683 1805 804 1837 Contra
827 1806 1025 1839 Avicennam
1049 1813 1166 1842 autem,
1184 1815 1252 1837 esse
1275 1816 1332 1847 per
1347 1816 1395 1837 es·

321 1851 471 1888 sentiam,
496 1851 578 1882 idest
600 1850 783 1882 immediate
809 1850 1049 1882 immediatione
1068 1850 1243 1892 suppositi:
1269 1851 1345 1892 quia
1360 1850 1393 1881 in

320 1896 465 1937 quolibet
488 1902 534 1927 est
558 1895 680 1936 aliquid
703 1902 844 1927 creatum
868 1906 887 1926 a
910 1896 980 1926 Deo
1003 1895 1197 1926 immediate.

376 1941 427 1974 111.
453 1940 572 1979 Quoad
590 1940 768 1973 secundum
783 1940 810 1977 ¹¹¹,
827 1940 999 1980 respondet
1022 1939 1168 1981 quaesito
1192 1939 1393 1973 affirmative:

319 1986 406 2016 Deus
431 1992 477 2016 est
502 1985 534 2015 in
561 1984 711 2015 omnibus
742 1994 798 2026 per
827 1984 1051 2025 praesentiam,
1079 1984 1249 2015 essentiam
1279 1990 1310 2018 et
1335 1994 1395 2024 po—

319 2030 460 2062 tentiam.

375 2075 427 2106 IV.
454 2074 545 2105 Circa
569 2073 711 2115 singulos
735 2074 866 2110 modos,
892 2073 1015 2114 singula
1039 2080 1211 2106 occurrunt
1239 2073 1336 2104 dubia
1359 2083 1396 2104 ex

318 2119 472 2155 Aureolo,
496 2125 532 2149 ut
548 2117 641 2150 refert
657 2118 844 2159 Capreolus,
869 2118 901 2148 in
921 2118 1040 2154 Primo,
1058 2118 1129 2149 dist.
1145 2128 1257 2149 xxxvn.
1270 2134 1288 2141 -
1304 2117 1397 2149 Circa

318 2164 412 2195 illum
435 2163 567 2205 quidem
590 2163 727 2194 modum
750 2163 920 2203 specialem
935 2162 962 2198 *,
979 2162 1115 2194 dubium
1131 2169 1188 2194 est.
1213 2163 1302 2194 Tum
1321 2161 1396 2203 quia

319 2209 407 2241 Deus
431 2215 478 2238 est
500 2207 655 2239 obiective
671 2207 703 2239 in
719 2217 785 2238 non
802 2207 932 2242 sanctis;
959 2213 989 2238 et
1004 2206 1035 2238 in
1051 2206 1246 2247 quibusdam
1269 2206 1395 2242 sanctis,

319 2260 398 2294 puta
420 2252 602 2288 infantibus,
620 2262 687 2283 non
706 2251 873 2284 obiective:
896 2258 966 2284 tum
981 2251 1057 2292 quia
1072 2250 1271 2292 Augustinus
1290 2250 1366 2283 dicit
1380 2250 1398 2269 '⁸‘

319 2297 427 2328 Deum
451 2307 517 2328 esse
540 2296 573 2326 in
598 2295 722 2332 sanctis,
747 2296 823 2337 quia
847 2296 1013 2326 intensius.

378 2341 427 2372 Ad
450 2341 512 2372 hoc
535 2340 670 2372 breviter
693 2340 822 2377 dicitur,
847 2341 936 2381 quod
961 2339 1018 2371 iste
1042 2340 1175 2376 modus,
1201 2339 1319 2371 scilicet
1342 2348 1398 2380 per

319 2386 461 2427 gratiam,
477 2395 543 2416 non
569 2385 772 2426 distinguitur
796 2391 906 2416 contra
929 2385 1067 2416 modurn
1091 2384 1215 2415 essendi
1235 2383 1294 2415 Dei
1311 2383 1398 2414 obie-

320 2431 416 2462 ctive:
442 2431 497 2461 sed
516 2437 563 2462 est
586 2440 657 2471 pars
682 2430 762 2466 eius,
789 2440 806 2460 a
830 2429 926 2461 sacris
949 2428 1137 2460 doctoribus
1164 2438 1229 2470 per
1249 2429 1395 2470 gratiam

1447 470 1642 501 nominatus.
1667 471 1708 501 Et
1722 471 1874 512 importat
1897 471 2004 502 Deum
2028 481 2094 502 esse
2110 471 2265 502 obiective
2280 478 2315 503 ut
2329 468 2529 504 intellectumv

1447 514 1560 546 notitia
1582 515 1724 555 pariente
1748 515 1948 546 charitatem:
1977 516 2067 557 quod
2097 523 2183 556 patet
2207 516 2284 546 solis
2307 516 2422 548 sanctis
2446 527 2523 548 con-

1447 559 1566 595 venire;
1587 566 1619 590 et
1632 559 1728 591 etiam
1751 559 1936 597 infantibus,
1961 561 2037 602 quia
2060 560 2206 591 habitum
2229 560 2302 591 fidei
2320 567 2351 592 et
2366 561 2526 593 charitatis

1449 613 1486 636 ex
1509 604 1668 645 baptismo
1697 604 1883 638 sortiuntur.
1907 623 1927 629 -
1950 605 2151 646 Augustinus
2181 612 2289 638 autem
2318 612 2348 638 et
2376 605 2527 646 Magister

1448 648 1586 679 modum
1608 648 1704 686 hunc,
1721 659 1788 681 non
1811 648 1996 687 formaliter,
2011 656 2047 682 ut
2070 661 2095 682 s.
2111 650 2266 687 Thomas,
2290 650 2344 681 sed
2361 650 2527 682 causaliter

1449 692 1690 733 descripserunt.
1716 693 1763 723 Ex
1780 693 1842 724 hoc
1856 693 1943 724 enim
1966 694 2056 735 quod
2078 695 2166 725 Deus
2191 694 2362 726 deiformes
2386 693 2460 727 facit
2478 705 2525 726 ra-

1448 736 1582 767 tionales
1607 744 1779 774 creaturas,
1812 738 1902 779 quod
1925 745 1972 769 est
1994 739 2149 770 intensius
2174 745 2204 769 et
2227 739 2352 779 plenius
2381 739 2524 779 operari,

1449 781 1613 821 consurgit
1625 781 1732 812 Deum
1748 783 1899 822 cognosci
1916 790 1948 814 et
1962 793 2071 814 carum
2085 783 2192 815 haberi
2209 784 2247 814 ab
2263 783 2316 814 eis.

1505 825 1543 856 V.
1569 825 1691 856 Contra
1714 827 1851 858 modum
1874 837 1931 867 per
1953 828 2164 868 praesentiam
2187 828 2304 869 arguit:
2322 828 2399 869 quia
2415 827 2525 868 cogni-

1449 875 1519 901 tum
1543 875 1591 903 est
1615 869 1648 903 in
1671 877 1900 910 cognoscente,
1924 878 1956 904 et
1978 882 2046 904 non
2069 882 2087 903 e
2106 882 2271 905 converso.
2295 875 2343 904 Ac
2365 882 2422 913 per
2444 872 2524 908 hoc,

1449 913 1628 946 secundum
1644 914 1864 956 cognitionem
1877 926 1945 947 non
1959 916 2052 958 debet
2066 916 2127 948 dici
2142 917 2231 949 Deus
2245 927 2311 949 esse
2326 917 2360 948 in
2373 918 2478 948 rebus.

1505 958 1557 989 Ad
1580 958 1642 989 hoc
1666 958 1801 990 breviter
1823 959 1948 997 dicitur,
1972 961 2063 1002 quod
2077 961 2111 992 in
2131 961 2313 1002 cognitione
2337 968 2412 993 sunt
2436 961 2521 993 duo:

1450 1001 1564 1033 modus
1587 1003 1818 1043 cognoscendi,
1843 1009 1874 1034 et
1898 1005 1945 1035 vis
1967 1006 2169 1047 cognitionis.
2195 1005 2227 1037 Si
2252 1006 2431 1038 attendatur
2454 1016 2524 1036 mo-

1450 1046 1523 1083 dus,
1549 1046 1673 1087 optime
1696 1046 1840 1087 procedit
1863 1048 2010 1080 obiecu'o.
2036 1049 2069 1080 Si
2091 1046 2168 1080 vero
2184 1050 2232 1081 vis
2248 1050 2454 1091 cognitionis,
2480 1050 2525 1081 sic

1449 1098 1496 1122 est
1515 1101 1531 1121 e
1545 1100 1718 1122 converso:
1743 1091 1901 1132 quoniam
1923 1092 1972 1123 vis
1995 1093 2187 1133 cognitionis
2211 1095 2355 1126 consistit
2372 1095 2405 1126 in
2429 1104 2526 1136 pene-

1448 1135 1583 1169 tratione
1617 1135 1783 1172 omnium,
1815 1146 1918 1180 usque
1948 1138 1989 1168 ad
2019 1137 2133 1170 intima
2165 1148 2331 1180 quaeque;
2361 1140 2448 1172 unde
2482 1139 2526 1170 ad

1448 1180 1551 1213 Hebr.
1576 1191 1607 1211 xv
1630 1180 1647 1199 *
1671 1180 1784 1224 dicitur
1813 1181 1852 1212 de
1878 1181 1945 1213 Dei
1974 1191 2137 1219 sermone,
2172 1193 2271 1223 quem
2303 1190 2427 1216 constat
2458 1194 2525 1216 esse

1448 1225 1627 1258 intellectus
1655 1224 1784 1266 signum
1798 1249 1805 1262 ‚
1835 1226 1926 1268 quod
1946 1227 2109 1270 pertingit
2133 1236 2233 1269 usque
2263 1228 2307 1260 ad
2335 1227 2524 1261 divisionem

1449 1270 1579 1300 animae
1602 1275 1633 1300 et
1655 1270 1808 1312 spiritus,
1840 1280 2032 1312 compagum
2065 1279 2190 1314 quoque
2221 1281 2262 1303 ac
2284 1272 2524 1313 medullarum,

1449 1315 1734 1356 cognitionumque
1763 1319 1795 1345 et
1824 1315 2036 1346 intentionum
2065 1316 2181 1347 cordis.
2213 1316 2255 1348 Et
2278 1317 2318 1347 ad
2340 1316 2403 1347 hoc
2426 1323 2526 1348 atten-

1450 1359 1546 1395 dens,
1571 1358 1664 1390 divus
1687 1359 1833 1390 Thomas
1857 1359 1934 1391 dixit
1957 1360 2064 1391 Deum
2089 1370 2155 1391 esse
2179 1370 2236 1401 per
2258 1361 2470 1402 praesentiam
2491 1361 2528 1393 in

1449 1403 1610 1436 omnibus.
1619 1421 1637 1428 -
1649 1403 1805 1441 Quamvis
1819 1403 1916 1437 etiam
1928 1411 1959 1437 et
1974 1404 2035 1436 dici
2050 1405 2151 1446 possit
2165 1406 2255 1446 quod
2271 1406 2359 1438 aliud
2374 1413 2422 1440 est
2435 1406 2527 1448 loqui

1449 1448 1488 1479 de
1512 1447 1626 1481 notitia
1649 1448 1811 1482 absolute:
1842 1454 1873 1483 et
1895 1449 1983 1481 aliud
2006 1449 2045 1481 de
2069 1449 2182 1482 notitia
2205 1450 2368 1487 intuitiva,
2398 1451 2438 1482 de
2461 1461 2527 1492 qua

1448 1491 1500 1524 hic
1514 1499 1561 1524 est
1575 1502 1691 1525 sermo.
1716 1492 1804 1524 Haec
1827 1493 1913 1525 enim
1928 1493 1967 1525 ad
1984 1503 2042 1530 ιεε,
2063 1504 2100 1525 ex
2115 1494 2244 1535 propria
2262 1495 2384 1527 ratione
2400 1505 2464 1537 qua
2477 1495 2526 1528 in-

1448 1536 1560 1569 tuitiva
1583 1544 1644 1574 est,
1669 1537 1786 1574 tendit;
1807 1544 1837 1568 et
1859 1545 2026 1580 propterea
2049 1539 2185 1570 modum
2209 1539 2333 1572 essendi
2356 1549 2413 1580 per
2435 1549 2526 1581 prae-

1448 1581 1583 1613 sentiam
1605 1581 1728 1623 optime
1753 1582 1932 1619 constitum
1961 1583 2108 1624 quamvis
2132 1593 2168 1614 ex
2191 1584 2315 1616 ratione
2338 1583 2469 1616 notitiae
2491 1584 2526 1615 in

1448 1626 1626 1663 communi,
1643 1636 1840 1667 cognoscens
1853 1636 1920 1658 non
1933 1628 2043 1659 tendat
2058 1628 2091 1658 in
2106 1628 2282 1669 cognitum.

1503 1671 1557 1704 VI.
1583 1670 1704 1704 Contra
1723 1671 1862 1704 modum
1880 1681 1936 1712 per
1958 1672 2128 1705 essentiam
2146 1672 2256 1706 instat:
2281 1673 2357 1715 quia
2375 1673 2527 1709 coincidit

1448 1725 1525 1749 curn
1547 1715 1648 1748 modo
1672 1725 1728 1756 per
1756 1716 1944 1758 potentiam.

1503 1760 1555 1791 Ad
1568 1759 1631 1792 hoc
1647 1759 1769 1791 dictum
1792 1760 1857 1791 iam
1880 1767 1927 1792 est
1941 1760 1974 1790 *z
1995 1760 2071 1802 quia
2085 1771 2141 1804 per
2157 1762 2335 1802 potentiam
2349 1761 2443 1804 ponit
2465 1761 2525 1795 im-

1448 1804 1677 1837 mediationem
1701 1804 1841 1841 virtutis;
1866 1815 1923 1846 per
1947 1805 2116 1837 essentiam
2141 1816 2228 1843 vero,
2252 1806 2526 1839 immediationem

1447 1849 1616 1891 suppositi.
1642 1849 1698 1881 Illa
1717 1856 1764 1880 est
1786 1855 1929 1890 respectu
1949 1850 2108 1887 omnium,
2125 1850 2234 1891 quoad
2252 1851 2377 1882 omnia:
2402 1851 2461 1884 ista
2480 1858 2528 1883 eat

2553 1189 2561 1199 ⁶
2577 1189 2645 1212 Vers.
2655 1195 2687 1215 υ.

2552 1768 2561 1779 ·
2578 1767 2650 1791 Nun.
2661 1773 2688 1790 ιι.

1448 1900 1592 1934 respectu
1616 1893 1783 1929 omnium,
1807 1893 1863 1924 sed
1886 1903 1953 1924 non
1980 1894 2091 1935 quoad
2117 1895 2244 1932 omnia,
2268 1896 2324 1927 sed
2346 1897 2456 1939 quoad
2471 1896 2526 1928 ali-
2554 1936 2564 1946 ·

1448 1938 1526 1980 quid
1550 1938 1724 1979 cuiusque,
1750 1944 1786 1970 ut
1807 1943 1895 1979 patet
1917 1948 1955 1970 ex
1979 1938 2071 1972 dictis
2085 1938 2112 1971 ¹⁸.

1504 1982 1573 2014 VII.
1599 1982 1721 2014 Contra
1739 1983 1878 2014 modum
1901 1983 2062 2024 potentiae
2084 1983 2193 2016 instat:
2218 1984 2296 2027 quia
2317 1995 2372 2017 rex
2395 1995 2463 2017 non
2480 1993 2528 2018 est

1449 2037 1521 2059 vere
1544 2027 1577 2058 in
1597 2036 1695 2069 regno
1720 2027 1898 2058 secundum
1921 2027 2108 2068 potentiam,
2135 2029 2191 2059 sed
2214 2029 2393 2061 secundum
2416 2039 2527 2073 appre-

1450 2071 1638 2104 hensionem
1663 2078 1879 2103 executorum.

1506 2116 1557 2147 Ad
1580 2115 1643 2147 hoc
1666 2115 1802 2146 breviter
1824 2116 1953 2155 dieitur,
1978 2117 2068 2158 quod
2091 2126 2144 2148 rex
2167 2123 2215 2149 est
2237 2117 2270 2148 in
2294 2127 2392 2161 regno
2415 2127 2528 2151 secun-

1451 2161 1531 2192 dum
1563 2160 1740 2201 potentiam
1774 2161 1876 2191 modo
1909 2161 2110 2193 convenienti
2143 2172 2219 2193 suae
2248 2163 2429 2203 potentiae:
2458 2163 2530 2196 ulia

1450 2212 1559 2237 autem
1582 2205 1702 2237 modus
1725 2211 1772 2236 est
1794 2204 1900 2236 media
1923 2205 2191 2246 apprehensione,
2216 2213 2274 2239 etc.
2306 2207 2394 2239 Deus
2417 2214 2528 2241 autem

1451 2256 1498 2283 est
1520 2249 1555 2280 in
1577 2249 1730 2281 omnibus
1753 2249 1932 2281 secundum
1955 2250 2133 2291 potentiam
2162 2251 2460 2292 proportionaliter,
2482 2252 2528 2284 id-

1452 2301 1498 2325 est
1521 2294 1622 2325 modo
1646 2292 1722 2324 suae
1745 2293 1906 2334 potentiae
1933 2303 2094 2335 congruo:
2113 2293 2196 2326 talis
2225 2302 2332 2327 autem
2357 2302 2404 2327 est
2430 2296 2528 2338 parti-

1451 2338 1568 2380 cipatio
1591 2338 1715 2371 virtutis
1738 2337 1863 2369 divinae
1888 2339 2066 2370 secundum
2089 2349 2157 2370 rem
2186 2339 2218 2370 in
2243 2340 2402 2372 omnibus.
2434 2340 2528 2373 Unde

1451 2382 1530 2414 nihil
1547 2383 1660 2420 obstat,
1677 2382 1736 2413 nisi
1751 2382 2007 2424 proportionales
2030 2393 2198 2424 processus
2213 2394 2232 2415 a
2247 2384 2390 2416 doctrina
2406 2385 2528 2417 alienos

1452 2427 1524 2469 quis
1539 2434 1646 2468 putet:
1667 2428 1757 2469 quod
1773 2434 1820 2458 est
1835 2436 2006 2459 erroneum
2021 2428 2054 2459 in
2070 2435 2135 2460 arte
2151 2428 2279 2460 sciendi.

1107 2573 1428 2619 ARTICULUS
1458 2573 1733 2626 QUARTUS

970 2668 1128 2699 UTRUM
1152 2667 1252 2699 ESSE
1277 2666 1441 2705 UBIQUE
1466 2666 1534 2698 SIT
1557 2665 1780 2699 PROPRIUM
1804 2666 1876 2699 Dm

561 2759 628 2784 Infra
647 2766 693 2792 qu.
712 2765 755 2787 ιιι.
774 2763 822 2783 art.
843 2765 870 2789 ²;
889 2764 950 2789 exn,
970 2763 1018 2783 an.
1041 2764 1066 2787 ις
1087 2757 1096 2781 Ι
1116 2757 1200 2787 ἅνω,
1221 2756 1282 2782 diat.
1299 2762 1392 2786 mvn.
1412 2764 1457 2790 qu.
1475 2763 1503 2786 ιι,
1522 2761 1571 2782 art.
1592 2763 1620 2787 η
1639 2762 1686 2789 qu.
1705 2763 1743 2787 ιιι,
1763 2760 1810 2782 art.
1832 2763 1860 2787 ις
1880 2756 1915 2780 Ν
1936 2755 2014 2781 Cant.
2035 2752 2128 2785 Genu,
2143 2763 2200 2789 cap.
2219 2761 2287 2786 mu

1037 2793 1135 2823 Quom.
1153 2792 1197 2824 XI,
1216 2797 1263 2818 art.
1286 2800 1308 2824 ι;
1328 2792 1370 2819 De
1390 2792 1454 2817 Div.
1473 2792 1562 2822 Nom„
1582 2799 1639 2825 cap.
1657 2799 1695 2822 m,
1714 2792 1774 2818 lect.
1791 2799 1809 2816 1.

411 2905 417 2919 ι
444 2912 489 2934 s
510 2909 513 2914 ψ
538 2897 561 2922 D
582 2895 755 2927 QUARTUM
774 2895 827 2920 sm
848 2894 1088 2920 PROCEDlTUR.
1109 2881 1271 2920 Videtur
1290 2881 1396 2931 quod

469 2933 486 2988 ζ’
538 2951 621 2975 esse
640 2937 784 2986 ubique
805 2949 884 2973 non
910 2936 955 2973 sit
975 2936 1175 2985 proprium
1195 2935 1281 2972 Dei.
1303 2934 1395 2973 Uni-

388 3035 390 3038 ,
512 2991 686 3031 versale
701 2990 818 3038 enim,
834 2989 1048 3027 secundum
1064 2989 1346 3038 Philosophum
1362 2988 1393 3035 ³¹²,

382 3041 471 3083 (ἵν’
495 3038 594 3083 &est
630 3044 774 3094 ubique
805 3051 840 3080 et
869 3055 1042 3093 semper:
1082 3042 1242 3081 materia
1280 3041 1395 3079 etiam

322 3099 459 3149 prima,
490 3110 578 3136 cum
608 3098 654 3136 sit
681 3098 719 3135 in
750 3096 931 3134 omnibus
961 3096 1198 3145 corporibus,
1233 3102 1290 3135 est
1312 3094 1396 3133 ubi-

324 3165 410 3203 que.
449 3153 642 3190 Neutrum
680 3159 810 3189 autem
848 3151 989 3187 horum
1024 3157 1079 3187 est
1114 3151 1243 3193 Deus,
1281 3156 1323 3187 ut
1350 3160 1395 3187 ex

322 3206 542 3257 praemissis
561 3212 665 3256 patet
682 3205 714 3242 *.
744 3205 848 3253 Ergo
869 3216 951 3241 esse
971 3203 1115 3252 ubique
1134 3202 1291 3241 nonest
1307 3213 1395 3252 pro-

323 3260 450 3310 prium
480 3260 564 3297 Dei.

380 3325 414 3350 2.
445 3314 679 3360 PRAETEREA,
710 3323 894 3350 numerus
924 3317 979 3347 est
1007 3310 1046 3348 in
1066 3308 1287 3348 numeratis.
1318 3308 1396 3346 Sed

324 3374 448 3403 toturn
480 3367 703 3404 universum
725 3373 781 3403 est
800 3363 1046 3402 constitutum
1065 3363 1103 3400 in
1123 3373 1286 3402 numero
1301 3366 1335 3410 ⁶⁸,
1356 3368 1398 3398 ut

324 3427 427 3468 patet
456 3420 543 3468 Sap.
565 3432 599 3456 xt
618 3419 650 3457 ³¹⁴.
680 3420 782 3468 Ergo
807 3417 943 3466 aliquis
963 3428 1147 3454 numerus
1167 3423 1236 3465 est,
1256 3413 1322 3464 qui
1341 3421 1398 3452 est

325 3473 364 3510 in
391 3480 471 3509 toto
500 3473 703 3510 universo:
735 3480 771 3510 et
799 3472 849 3509 ita
877 3471 1032 3520 ubique.

379 3604 407 3637 α)
427 3611 546 3629 numero.
565 3617 582 3622 -
600 3604 690 3636 aliquo
710 3611 820 3629 numero
840 3603 950 3628 codices.

380 3639 405 3673 β)
425 3640 519 3672 ipsum.
538 3653 556 3658 -
574 3646 633 3664 eum
653 3639 764 3664 codices.

1505 2882 1539 2919 3.
1570 2881 1806 2928 Pam-eam,
1837 2887 1962 2918 totum
1988 2880 2212 2918 universum
2242 2887 2298 2917 est
2326 2879 2525 2930 quoddam

1448 2941 1572 2972 totum
1602 2946 1743 2984 corpus
1770 2934 1996 2983 perfectum,
2027 2942 2069 2971 ut
2097 2932 2233 2972 dicitur
2256 2933 2294 2970 in
2319 2934 2333 2970 I
2359 2933 2467 2971 Caeli
2492 2939 2530 2970 et

1447 2988 1591 3027 Mundi
1608 2987 1638 3024 *.
1671 2987 1749 3025 Sed
1769 2994 1893 3024 totum
1914 2987 2139 3025 universum
2158 2994 2215 3025 est
2232 2986 2402 3035 ubique:
2430 2986 2523 3036 quia
2553 2991 2639 3042 gfff·

1449 3049 1552 3078 extra
1594 3041 1720 3090 ipsum
1760 3041 1885 3078 nullus
1919 3041 2026 3078 locus
2066 3046 2133 3079 est.
2164 3039 2257 3078 Non
2291 3051 2382 3089 ergo
2421 3040 2534 3079 solus

1449 3095 1556 3132 Deus
1586 3101 1642 3131 est
1669 3093 1824 3143 ubique.

1502 3159 1540 3195 4.
1571 3148 1812 3194 ΡιὶΑΕτΕιιεΑ,
1843 3147 1874 3184 si
1902 3146 2059 3196 aliquod
2096 3157 2238 3196 corpus
2273 3153 2372 3184 esset
2400 3146 2525 3186 infini-

1449 3208 1544 3248 tum,
1566 3201 1690 3238 nullus
1719 3201 1827 3237 locus
1857 3207 1956 3237 esset
1975 3206 2080 3239 extra
2098 3199 2226 3248 ipsum
2241 3197 2270 3237 Ρ.
2301 3200 2406 3248 Ergo
2427 3206 2526 3238 esset

1449 3253 1604 3303 ubique.
1644 3253 1694 3291 Et
1727 3253 1802 3302 sic,
1838 3265 1922 3291 esse
1958 3252 2103 3301 ubique
2140 3264 2219 3290 non
2248 3252 2402 3291 videtur
2434 3264 2524 3303 pro-

1449 3307 1576 3357 prium
1605 3306 1690 3344 Dei.

1508 3362 1540 3398 5.
1562 3361 1797 3408 Palmam,
1819 3359 1959 3407 anima,
1980 3366 2022 3396 ut
2041 3358 2130 3396 dicit
2144 3358 2391 3408 Augustinus,
2411 3358 2451 3398 in
2469 3358 2521 3396 VI

1449 3413 1495 3451 de
1527 3414 1564 3451 T
1559 3413 1631 3451 rin.
1653 3414 1691 3460 ⁴²,
1722 3419 1778 3451 est
1801 3418 1877 3450 tota
1905 3411 1944 3450 in
1972 3416 2048 3450 toto
2076 3423 2237 3460 corpore
2255 3417 2288 3458 ⁷,
2317 3417 2354 3450 ee
2379 3417 2456 3450 tota
2483 3412 2522 3450 in
2551 3419 2559 3428 ·

1399 3482 1402 3486 ’
1450 3466 1615 3515 qualibet
1639 3466 1718 3503 eius
1741 3471 1863 3514 parte.
1895 3464 1935 3501 Si
1967 3477 2056 3513 ergo
2078 3477 2158 3503 non
2184 3473 2284 3503 esset
2310 3465 2349 3503 in
2372 3464 2522 3502 mundo

1503 3597 1530 3631 γ)
1549 3604 1670 3629 corpore.
1688 3611 1707 3616 -
1726 3597 1788 3622 Om.
1802 3596 1915 3622 ACDEF
1917 3596 1940 3622 G
1959 3602 1984 3622 et
1998 3597 2057 3622 edd.
2076 3597 2126 3622 ab.
2143 3611 2163 3617 —
2181 3597 2238 3623 eius
2255 3603 2310 3622 om.
2325 3595 2357 3626 G.
2371 3599 2431 3630 post
2440 3598 2524 3628 parte

1450 3638 1550 3667 ponunt
1569 3632 1655 3658 ceteri.

2650 2997 2709 3042 1¹³3:
2715 2997 2747 3041 ιζ’
2756 3002 2768 3009 “
