2768 4178
95 851 107 862 ⁸
118 851 154 873 Cf.
165 857 205 879 qu.
214 857 259 878 xiv,
271 851 310 873 In-

95 878 156 900 trud.

91 1440 103 1451 ⁸
117 1439 169 1461 Lib.
180 1439 209 1467 11,
221 1445 242 1461 c.
254 1445 305 1461 vm.
352 1436 355 1442 “
371 1435 387 1482 λ’

192 1494 207 1510 α

90 1709 100 1718 ·
117 1707 173 1735 Cap.
188 1713 267 1728 xxxvi.

97 1868 105 1876 ·
118 1866 166 1893 Qu.
175 1871 222 1892 xvi,
232 1868 276 1887 art.
287 1871 303 1887 1.

190 1914 204 1948 β

190 2029 206 2054 Υ

89 2134 101 2144 ⁸
116 2133 173 2161 Cap.
188 2139 268 2154 xxxiv.

91 3299 102 3309 ⁶
117 3298 145 3320 D·
160 3304 212 3326 594-

341 294 416 329 218

1047 270 1314 339 QUAESTIO
1344 293 1465 341 xvn,
1496 293 1793 332 ARTICULUs
1824 296 1838 331 1

872 509 1283 587 QUAESTIO
1320 511 2001 569 DECIMASEPTIMA

1202 630 1286 670 DE
1319 630 1663 673 FALSITATE

1115 736 1149 761 ΙΝ

338 850 527 933 Dumna
556 840 747 889 quaeritur
775 840 822 877 de
851 839 1007 877 falsitate
1023 839 1054 876 ²⁸.

446 894 494 930 Et
523 893 621 930 circa
648 894 724 930 hoc
751 901 986 943 quaeruntur
1015 899 1191 942 quatuor.

388 946 540 984 Primo:
569 954 697 983 utrum
727 947 866 983 falsitas
896 946 942 983 sit
969 946 1007 983 in
1037 946 1165 983 rebus.

1188 736 1362 767 QUATUOR
1398 738 1601 764 ARTICULOS
1638 739 1756 764 DIVISA

1513 840 1715 877 Secundo:
1745 848 1874 878 utrum
1903 841 1949 878 sit
1977 842 2015 879 in
2044 854 2171 879 sensu.

1513 892 1664 930 Tertio:
1694 901 1821 930 utrum
1850 894 1896 931 sit
1923 894 1961 931 in
1990 895 2193 932 intellectu.

1513 945 1683 992 Quarto:
1714 946 1760 983 de
1790 947 2031 996 oppositione
2060 948 2142 985 veri
2170 955 2206 985 et
2233 948 2326 986 falsi.

1155 1063 1473 1105 ARTICULUS
1505 1062 1711 1106 PRIMUS

1079 1157 1236 1188 UTRUM
1259 1150 1465 1188 FALsxTAs
1489 1157 1557 1188 SIT
1581 1158 1624 1188 1N
1648 1158 1785 1190 REBUS

700 1236 709 1261 1
729 1236 812 1265 Sent„
833 1236 891 1261 dist.
910 1244 959 1266 xlx,
980 1244 1025 1269 qu.
1039 1244 1063 1268 ν,
1084 1241 1130 1261 art.
1149 1244 1171 1267 13
1192 1236 1234 1261 De
1258 1236 1346 1266 Verit.‚
1367 1244 1411 1269 qu.
1430 1244 1448 1267 1,
1468 1241 1514 1262 art.
1532 1244 1562 1261 10
1569 1244 1576 1267 3
1595 1237 1619 1261 V
1637 1236 1801 1270 Metaphys„
1822 1238 1879 1262 lect.
1899 1245 1963 1268 xx11;
1983 1238 2025 1268 VI,
2045 1238 2104 1267 leet.
2123 1245 2157 1263 1v.

453 1349 523 1396 aa(
544 1338 567 1362 D
596 1337 732 1362 PRlMUM
761 1337 813 1362 su:
843 1337 1083 1362 PROCEDITUR.
1109 1325 1270 1363 Videtur
1297 1325 1402 1374 quod

460 1370 525 1431 {53
545 1378 683 1415 falsitas
703 1391 781 1415 non
801 1379 847 1415 sit
874 1378 912 1415 in
932 1379 1056 1415 rebus.
1078 1378 1178 1415 Dicit
1197 1378 1307 1421 enim,
1324 1379 1402 1416 Au-

397 1450 467 1484 stvg
483 1419 726 1480 ',gustinus,
752 1431 792 1468 in
820 1432 915 1468 libro
945 1431 1096 1480 soliloq.
1126 1431 1164 1468 *z
1194 1432 1236 1483 Si
1267 1443 1400 1469 verum

351 1491 354 1493 ’
392 1462 452 1515 ᾗ·
504 1479 599 1524 &est
619 1485 658 1522 id
670 1485 772 1534 quod
789 1491 852 1531 est,
861 1485 1011 1534 falsum
1032 1497 1107 1521 non
1127 1497 1206 1522 esse
1220 1491 1236 1506 ⁰²
1254 1485 1399 1534 uspiam

332 1539 585 1584 concludetur,
607 1538 738 1587 quovis
766 1544 1014 1588 repugnante.

387 1604 421 1629 2.
443 1593 675 1639 PRAETEREA,
692 1591 829 1628 falsum
851 1591 985 1628 dicitur
1003 1604 1025 1628 a
1044 1591 1221 1628 fallendo.
1244 1590 1322 1628 Sed
1342 1603 1401 1628 res

330 1657 409 1682 non
438 1645 578 1692 fallunt,
598 1652 640 1681 ut
669 1644 756 1682 dicit
774 1645 1008 1693 Augustinus
1040 1644 1079 1681 in
1107 1645 1203 1681 libro
1223 1645 1269 1681 de
1303 1645 1401 1682 Vera

331 1698 456 1748 Relig.
482 1697 517 1746 ²³,
552 1698 641 1746 quia
675 1710 749 1735 non
785 1698 982 1735 ostendunt
1013 1698 1119 1744 aliud
1148 1709 1263 1746 quam
1290 1710 1400 1734 suam

330 1751 503 1800 speciem.
525 1752 627 1799 Ergo
657 1751 794 1788 falsum
823 1751 862 1788 in
891 1752 1005 1788 rebus
1030 1763 1108 1788 non
1137 1750 1338 1788 invenitur.

387 1806 420 1842 3.
442 1805 676 1851 PRAETEREA,
697 1817 834 1841 verum
856 1804 991 1841 dicitur
1010 1804 1048 1841 in
1074 1804 1187 1841 rebus
1206 1817 1276 1853 per
1296 1816 1401 1841 com-

330 1857 570 1906 parationem
603 1858 651 1895 ad
684 1858 915 1895 intellectum
949 1857 1144 1905 divinum,
1173 1865 1215 1902 ut
1248 1870 1362 1906 supra
1381 1856 1401 1878 '¹‘

332 1910 475 1948 dictum
505 1919 561 1948 est
578 1909 606 1948 Ρ.
639 1911 716 1948 Sed
745 1911 934 1959 quaelibet
963 1923 1043 1957 res,
1073 1910 1303 1959 inquantum
1333 1917 1399 1957 est,

330 1964 497 2001 imitatur
524 1965 664 2001 Deum.
686 1965 789 2012 Ergo
809 1964 1000 2012 quaelibet
1026 1975 1085 2000 res
1108 1976 1202 2000 vera
1229 1971 1294 2011 est,
1315 1963 1400 2000 abs-

331 2029 405 2066 que
434 2017 590 2054 falsitate
619 2022 644 2054 ⁷.
666 2018 716 2054 Et
743 2017 796 2054 sic
823 2018 926 2054 nulla
955 2029 1015 2054 res
1045 2024 1100 2053 est
1128 2017 1231 2054 falsa.

385 2071 460 2108 SED
489 2082 635 2108 CONTRA
654 2082 720 2107 EST
739 2071 845 2119 quod
865 2070 953 2108 dicit
976 2069 1223 2118 Augustinus,
1243 2069 1282 2107 in
1302 2069 1398 2107 libro

331 2124 376 2161 de
401 2124 499 2161 Vera
527 2123 652 2173 Relig.
672 2123 704 2172 *,
728 2123 833 2173 quod
868 2136 979 2161 omne
1013 2135 1149 2172 corpus
1181 2121 1236 2160 est
1265 2134 1398 2160 verum

331 2189 467 2225 corpus
495 2183 531 2214 et
542 2177 654 2226 salsa
683 2177 824 2222 unitas,·
852 2177 940 2226 quia
960 2176 1128 2214 imitatur
1146 2176 1342 2223 unitatem,
1365 2183 1401 2212 et

331 2243 411 2267 non
440 2238 496 2267 est
522 2230 659 2267 unitas.
695 2230 772 2267 Sed
801 2230 991 2278 quaelibet
1024 2242 1084 2266 res
1111 2229 1278 2266 imitatur
1306 2229 1401 2266 divi-

332 2295 423 2320 nam
452 2283 675 2330 bonitatem,
709 2290 746 2319 et
774 2283 821 2319 ab
848 2295 892 2320 ea
921 2282 1059 2320 deficit.
1095 2283 1197 2330 Ergo
1218 2282 1256 2319 in
1277 2282 1400 2319 omni-

332 2337 403 2373 bus
432 2337 546 2374 rebus
576 2343 631 2373 est
658 2336 809 2373 falsitas.

386 2391 612 2427 RESPONDEO
641 2401 825 2426 DICENDUM
854 2388 972 2437 quod,
995 2401 1083 2425 cum
1103 2401 1240 2425 verum
1271 2395 1307 2425 et
1335 2389 1399 2425 fal-

333 2455 419 2480 sum
440 2450 699 2492 opponantur;
721 2442 896 2492 opposita
912 2449 1040 2479 autem
1059 2449 1147 2478 sunt
1167 2442 1265 2479 circa
1280 2441 1398 2488 idem3

333 2508 488 2534 necesse
519 2504 574 2533 est
606 2503 647 2533 ut
674 2495 725 2533 ibi
753 2495 856 2545 prius
881 2492 895 2516 ὃ
923 2502 1125 2544 quaeratur
1153 2495 1303 2543 falsitas,
1333 2495 1399 2532 ubi

330 2550 456 2598 primo
483 2549 623 2587 veritas
651 2548 854 2596 invenitur,
875 2549 950 2598 boc
979 2556 1035 2585 est
1062 2548 1100 2585 in
1129 2548 1330 2586 intellectu.
1357 2551 1399 2586 In

332 2604 446 2640 rebus
475 2610 603 2640 autem
623 2614 748 2652 neque
777 2601 917 2639 veritas
937 2613 1063 2650 neque
1083 2601 1221 2638 falsitas
1242 2610 1309 2649 est,
1330 2602 1399 2639 nisi

331 2669 401 2706 per
428 2656 604 2693 ordinem
628 2656 675 2693 ad
704 2655 946 2693 intellectum.
968 2655 1017 2692 Et
1044 2654 1133 2704 quia
1152 2655 1398 2705 unumquod-

333 2722 407 2759 que
437 2709 649 2746 secundum
678 2708 717 2746 id
746 2709 850 2758 quod
880 2708 1060 2745 convenit
1089 2708 1122 2745 ei
1150 2720 1218 2757 per
1237 2721 1290 2757 se,
1311 2709 1400 2746 sim-

332 2763 477 2812 pliciter
518 2762 760 2808 nominatur;
803 2762 1014 2799 secundum
1052 2768 1181 2798 autem
1219 2761 1258 2799 id
1295 2762 1400 2811 quod

333 2816 512 2853 convenit
532 2815 565 2852 ei
583 2828 653 2864 per
683 2814 870 2861 accidens,
892 2827 970 2852 non
999 2814 1218 2864 nominatur
1243 2814 1313 2852 nisi
1341 2828 1398 2852 se-

333 2870 502 2907 cundum
531 2869 640 2918 quid;
671 2881 730 2905 res
759 2868 916 2917 quidem
955 2868 1173 2917 simpliciter
1207 2868 1299 2905 falsa
1328 2869 1401 2906 dici

332 2930 462 2972 posset
489 2935 558 2971 per
587 2921 915 2970 comparationem
943 2921 991 2958 ad
1020 2921 1251 2958 intellectum
1276 2934 1298 2958 a
1322 2934 1399 2971 quo

334 2975 535 3026 dependet,
553 2975 613 3012 cui
634 2982 877 3024 comparatur
895 2987 965 3023 per
983 2986 1039 3021 se;
1062 2974 1099 3011 in
1119 2974 1251 3012 ordine
1271 2983 1399 3012 autem

333 3030 382 3067 ad
397 3030 511 3066 alium
530 3028 772 3074 intellectum,
789 3027 849 3064 cui
865 3035 1109 3077 comparatur
1127 3040 1196 3076 per
1211 3028 1398 3076 accidens,

333 3095 412 3119 non
438 3090 569 3132 posset
597 3081 669 3119 dici
697 3081 790 3118 falsa
818 3081 888 3117 nisi
917 3081 1127 3118 secundum
1157 3081 1260 3130 quid.

387 3135 616 3185 Dependent
635 3142 762 3172 autem
784 3134 831 3171 ab
852 3134 1041 3171 intellectu
1062 3134 1192 3171 divino
1214 3147 1272 3171 res
1292 3141 1399 3171 natu-

334 3188 574 3236 rales„sicut
601 3188 649 3225 ab
678 3188 867 3224 intellectu
892 3188 1064 3224 humano
1095 3200 1154 3224 res
1175 3187 1399 3224 artificiales.

334 3242 519 3279 Dicuntur
546 3241 657 3290 igitur
681 3253 739 3278 res
763 3240 973 3277 artificiales
994 3241 1108 3277 falsae
1128 3240 1346 3289 simpliciter
1365 3247 1401 3277 et

335 3295 546 3332 secundum
566 3307 606 3332 se
621 3294 652 3342 ³⁸,
673 3294 899 3342 inquantum
921 3293 1102 3331 deficiunt
1116 3307 1138 3330 a
1154 3294 1278 3330 forma
1293 3293 1398 3330 artis:

334 3350 436 3386 unde
471 3348 605 3386 dicitur
637 3347 771 3396 aliquis
804 3347 933 3384 artifex
962 3359 1059 3396 opus
1092 3347 1229 3384 falsum
1257 3347 1398 3393 facere,

372 1360 383 1380 s

376 1379 395 1388 ..

367 1383 405 1425 ι.

389 3478 416 3510 α)
436 3485 498 3503 esse.
516 3492 535 3497 —
552 3481 591 3503 est
609 3478 705 3508 ABCF,
724 3485 777 3502 om.
797 3477 837 3502 ed.
856 3485 883 3502 a.

389 3512 413 3545 β)
429 3514 528 3538 dictum
541 3517 616 3538 est.—
629 3513 785 3546 inquantum
802 3513 943 3538 imitantur
958 3513 1044 3545 ipsum
1059 3513 1156 3538 addunt
1170 3513 1309 3539 codices.—
1319 3511 1399 3537 Sed...

336 3549 459 3573 imitatur
478 3557 531 3573 om.
550 3549 581 3573 D.

387 3584 414 3626 1)
427 3584 560 3617 salsitate.
579 3597 597 3602 -
614 3584 687 3608 omni
697 3584 824 3617 salsitate
842 3583 962 3608 ABCDE.

1458 1325 1613 1374 quando
1635 1325 1764 1363 deficit
1792 1326 1840 1363 ab
1870 1326 2093 1375 operatione
2123 1326 2220 1363 artis.
2253 1326 2316 1363 Sic
2344 1335 2472 1365 autem
2491 1327 2530 1365 in

1458 1379 1571 1415 rebus
1593 1378 1900 1427 dependentibus
1915 1385 1925 1399 ¹
1945 1391 1967 1416 a
1986 1380 2084 1427 Deo,
2106 1379 2246 1416 falsitas
2271 1379 2432 1417 inveniri
2451 1393 2530 1419 non
2658 1399 2672 1416 ε

1457 1439 1583 1480 potest
1608 1444 1679 1480 per
1708 1432 2038 1481 comparationem
2077 1432 2126 1470 ad
2163 1433 2396 1471 intellectum
2433 1434 2529 1472 divi-

1457 1497 1573 1533 num,
1604 1497 1692 1522 cum
1722 1485 1908 1534 quidquid
1936 1485 1974 1522 in
2004 1486 2116 1523 rebus
2144 1486 2290 1533 accidit,
2313 1499 2358 1524 ex
2377 1486 2529 1524 ordina-

1456 1538 1557 1575 tione
1579 1538 1697 1575 divini
1725 1538 1935 1575 intellectus
1960 1540 2164 1587 procedat:
2194 1539 2265 1576 nisi
2285 1540 2381 1577 forte
2400 1540 2440 1578 in
2458 1553 2529 1578 vo-

1456 1591 1625 1628 luntariis
1654 1591 1852 1640 agentibus
1880 1599 2045 1640 tantum,
2079 1592 2118 1629 in
2146 1605 2313 1642 quorum
2341 1601 2528 1642 potestate

1458 1653 1514 1682 est
1532 1645 1745 1682 subducere
1766 1657 1806 1682 se
1826 1646 1875 1682 ab
1900 1645 2139 1683 ordinatione
2160 1645 2278 1683 divini
2297 1646 2525 1693 intellectus3

1456 1698 1495 1735 in
1524 1710 1602 1746 quo
1631 1698 1777 1735 malum
1807 1698 1941 1747 culpae
1971 1698 2149 1746 consistit,
2177 1699 2391 1737 seeundum
2420 1700 2527 1749 quod

1456 1751 1539 1800 ipsa
1574 1758 1733 1800 peccata
1756 1751 1949 1800 falsitates
1984 1759 2020 1788 et
2051 1753 2248 1790 mendacia
2284 1753 2460 1791 dicuntur
2487 1753 2527 1791 in

1458 1804 1680 1854 Scripturis,
1716 1804 1930 1841 secundum
1964 1804 2056 1842 illud
2085 1805 2227 1842 Psalmi
2247 1817 2283 1843 1v
2301 1805 2336 1843 *z
2372 1812 2413 1843 ut
2437 1806 2530 1856 quid
2553 1821 2681 1849 *vm.3.

1456 1857 1609 1907 diligitis
1627 1857 1830 1894 vanitatem
1850 1863 1887 1894 et
1903 1858 2081 1906 quaeritis
2100 1859 2339 1895 mendacium
2350 1858 2372 1896 P
2390 1859 2497 1897 Sicut
2510 1859 2525 1887 ἴ
2652 1866 2667 1896 t

1456 1922 1525 1960 per
1553 1909 1773 1960 oppositum
1794 1910 1966 1959 operatio
1986 1910 2157 1948 virtuosa
2175 1911 2313 1948 veritas
2340 1911 2440 1950 vitae
2457 1925 2525 1950 no-

1456 1963 1632 2011 minatur,
1662 1963 1889 2012 inquantum
1918 1964 2093 2001 subditur
2120 1963 2244 2001 ordini
2273 1964 2391 2002 divini
2419 1964 2526 2003 intel-

1456 2017 1592 2063 lectus;
1623 2017 1718 2054 sicut
1737 2016 1872 2054 dicitur
1892 2018 1995 2058 Ioan.
2013 2030 2048 2055 111
2063 2016 2099 2054 *ε
2126 2017 2193 2066 qui
2195 2018 2302 2066 facit
2317 2018 2524 2066 veritatem,

1455 2071 1558 2108 venit
1582 2071 1634 2108 ad
1660 2070 1792 2108 lucem.

1511 2123 1589 2161 Sed
1616 2135 1686 2172 per
1712 2123 1888 2160 ordinem
1917 2123 1967 2160 ad
1994 2123 2224 2161 intellectum
2253 2131 2447 2173 nostrum,
2477 2125 2526 2163 ad

1455 2189 1574 2226 quem
1604 2184 1876 2225 comparantur
1904 2189 1963 2213 res
2001 2178 2189 2214 naturales
2220 2189 2291 2226 per
2327 2177 2524 2227 accidens,

1454 2237 1616 2279 possunt
1635 2230 1707 2267 dici
1728 2230 1856 2276 falsae,
1878 2242 1958 2266 non
1977 2229 2207 2278 simpliciter,
2224 2230 2293 2268 sed
2312 2231 2526 2269 secundum

1455 2283 1559 2331 quid.
1599 2283 1648 2319 Et
1675 2283 1751 2319 hoc
1780 2282 1988 2331 dupliciter.
2023 2283 2111 2320 Uno
2141 2284 2280 2331 modo,
2311 2284 2526 2322 secundum

1456 2336 1641 2373 rationem
1670 2335 1888 2383 significati:
1922 2342 1963 2372 ut
1991 2335 2136 2373 dicatur
2155 2335 2246 2373 illud
2275 2348 2358 2373 esse
2387 2337 2525 2375 falsum

1455 2389 1494 2426 in
1514 2389 1639 2436 rebus,
1661 2388 1768 2437 quod
1787 2387 2018 2436 significatur
2035 2389 2098 2426 vel
2117 2397 2421 2438 repraesentatur
2440 2402 2524 2428 ora-

1455 2442 1558 2480 tione
1586 2442 1648 2479 vel
1676 2442 1865 2479 intellectu
1900 2441 2006 2478 falso.
2038 2442 2260 2479 Secundum
2295 2455 2412 2491 quem
2440 2455 2524 2481 mo·

1456 2496 1550 2533 dum
1583 2494 1775 2544 quaelibet
1808 2507 1867 2532 res
1895 2502 2021 2544 potest
2054 2494 2127 2532 dici
2156 2507 2237 2532 esse
2266 2495 2373 2543 falsa,
2404 2508 2523 2546 quan-

1455 2557 1538 2586 tum
1568 2548 1617 2585 ad
1646 2548 1684 2585 id
1713 2548 1819 2597 quod
1848 2548 1882 2584 ei
1911 2560 1990 2585 non
2023 2548 2140 2585 inesti
2170 2548 2266 2585 sicut
2294 2548 2325 2586 si
2354 2548 2524 2587 dicamus

1456 2602 1683 2639 diametrum
1705 2614 1786 2638 esse
1808 2601 1944 2638 falsum
1965 2601 2312 2638 commensurabile
2326 2607 2352 2649 ”,
2375 2610 2416 2640 ut
2435 2602 2525 2640 dicit
2648 2612 2664 2637 η

1455 2655 1712 2704 Philosophus
1741 2654 1780 2691 in
1802 2655 1838 2692 V
1855 2655 2073 2703 Metaphys.
2089 2654 2125 2701 ²¹⁸,
2156 2662 2192 2691 et
2219 2654 2314 2692 sicut
2338 2655 2426 2693 dicit
2444 2657 2523 2693 Au·
2550 2667 2764 2700 ·S.Th.1qct.uu.

1456 2708 1639 2757 gustinus,
1669 2708 1706 2744 in
1735 2708 1830 2744 libro
1865 2707 2017 2756 Soliloq.
2038 2707 2075 2754 ²¹⁸,
2106 2708 2212 2756 quod
2240 2709 2444 2758 tragoedus
2471 2714 2526 2746 est
2551 2694 2763 2770 {afflizkfiiii’nfi'

1443 2762 1574 2811 falsus
1610 2762 1767 2798 Hector.
1807 2761 1912 2798 Sicut
1945 2774 1966 2797 e
2000 2761 2189 2798 contrario
2227 2768 2354 2810 potest
2384 2774 2522 2799 unum·
2595 2754 2627 2770 ¹'
2661 2754 2764 2776 '⁰⁸9⁴'

1455 2814 1638 2864 quodque
1675 2813 1747 2851 dici
1774 2826 1930 2861 verum,
1966 2814 2177 2852 secundum
2209 2814 2249 2851 id
2282 2814 2388 2863 quod
2417 2827 2522 2852 com-

1455 2868 1547 2917 petit
1575 2867 1620 2905 ei.
1638 2889 1661 2895 -
1677 2867 1764 2904 Alio
1783 2867 1914 2913 modo,
1935 2879 2004 2916 per
2024 2867 2187 2904 modurn
2212 2879 2361 2905 causae.
2391 2868 2440 2904 Et
2468 2867 2521 2905 sic

1456 2921 1591 2959 dicitur
1619 2933 1678 2957 res
1708 2933 1789 2957 esse
1805 2918 1818 2940 θ
1837 2921 1940 2968 falsa,
1961 2933 2061 2970 quae
2085 2927 2173 2957 nata
2193 2927 2249 2957 est
2267 2920 2392 2957 facere
2413 2920 2460 2957 de
2479 2932 2520 2958 se
2648 2927 2661 2953 θ

1455 2974 1677 3024 opinionem
1697 2974 1842 3010 falsam.
1865 2974 1914 3010 Et
1942 2973 2030 3023 quia
2050 2973 2221 3011 innatum
2248 2980 2303 3010 est
2322 2972 2433 3010 nobis
2452 2985 2521 3023 per

1455 3040 1499 3065 ea
1528 3039 1625 3076 quae
1655 3026 1816 3064 exterius
1845 3034 2030 3075 apparent
2053 3026 2100 3064 de
2130 3026 2242 3063 rebus
2271 3026 2451 3074 iudicare,
2473 3038 2520 3064 eo

1455 3081 1560 3130 quod
1589 3087 1718 3118 nostra
1746 3080 1909 3127 cognitio
1939 3093 1961 3117 a
1990 3091 2104 3117 sensu
2132 3087 2259 3116 ortum
2288 3079 2424 3127 habet,
2455 3079 2520 3128 qui

1453 3134 1579 3182 primo
1601 3141 1636 3170 et
1654 3145 1724 3182 per
1743 3145 1782 3170 se
1804 3141 1858 3170 est
1879 3133 2107 3170 exteriorum
2132 3131 2403 3179 accidentium
2431 3132 2520 3170 ideo

1456 3199 1500 3223 ea
1528 3199 1626 3235 quae
1656 3186 1693 3223 in
1734 3186 1980 3223 exterioribus
2018 3185 2274 3223 accidentibus
2303 3186 2446 3223 habent
2472 3185 2519 3223 si-

1453 3239 1707 3276 militudinem
1744 3239 1902 3276 aliarum
1932 3251 2080 3285 rerum,
2108 3238 2283 3275 dicuntur
2312 3250 2394 3275 esse
2429 3239 2521 3276 falsa

1454 3293 1666 3330 secundum
1695 3292 1776 3329 illas
1805 3305 1885 3339 res;
1915 3292 2011 3329 sicut
2038 3291 2086 3328 fel
2116 3299 2171 3328 est
2199 3292 2336 3328 falsum
2365 3292 2453 3339 mel,
2484 3298 2520 3328 et

1453 3354 1632 3383 stannum
1662 3353 1717 3382 est
1736 3346 1872 3382 falsum
1901 3351 2111 3392 argentum.
2133 3345 2182 3382 Et
2205 3344 2418 3382 secundum
2445 3345 2520 3382 hoc

2553 2029 2563 2039 ·
2577 2027 2646 2051 Vm.
2659 2034 2690 2051 τι.

1508 3477 1530 3508 ε)
1550 3476 1765 3508 dependentibus.
1784 3489 1802 3494 -
1816 3474 1958 3507 productis
1977 3475 2076 3499 ACDE.

1507 3511 1534 3543 ζ)
1554 3512 1639 3536 Sicut.
1656 3525 1674 3530 —
1692 3514 1719 3536 et
1737 3511 1834 3535 addunt
1852 3510 2017 3535 ABDEFGa.

1508 3546 1535 3578 η)
1547 3547 1652 3579 falsum
1679 3545 1924 3571 commensuratae.
1941 3559 1960 3564 -
1977 3546 2080 3579 falsum
2112 3545 2375 3570 incommensurabile
2396 3544 2520 3577 ACEpD.

1455 3581 1592 3614 (expuncto
1598 3581 1714 3614 salsum)
1728 3583 1816 3606 costae
1829 3581 2063 3606 commensurabile
2078 3581 2140 3614 quia
2154 3584 2194 3606 est
2208 3579 2480 3606 incommensurabilis
2490 3579 2520 3610 B,

389 3620 413 3651 o)
434 3619 469 3644 ibi
482 3619 569 3651 prius.
583 3619 652 3644 -ibi
666 3619 757 3651 primo
771 3619 891 3649 ACDEF,
907 3619 933 3643 in
954 3619 1010 3651 ipso
1029 3619 1058 3644 B.
1071 3633 1089 3637 -
1102 3619 1164 3644 Post
1182 3619 1231 3644 hoc
1243 3618 1288 3643 BD
1303 3618 1401 3643 addunt
1448 3616 1550 3650 salsum
1570 3616 1805 3641 commensurabile
1823 3618 1912 3641 costae
1931 3617 1993 3648 quia
2012 3620 2052 3641 est
2071 3615 2343 3642 incommensurabilis
2361 3615 2406 3640 sD.

334 3657 432 3679 autem.

1509 3650 1532 3684 θ)
1552 3659 1616 3677 esse.
1634 3664 1652 3671 »-
1671 3651 1732 3676 Om.
1752 3651 1862 3676 codiceS.
