2768 4178
972 241 1240 289 QUAESTIO
1268 241 1358 288 xn,

318 323 370 354 Ad
384 328 547 364 quartam,
567 329 700 363 negatur
715 331 846 363 quoque
865 320 1002 361 sequela.
1027 319 1201 357 Quoniam,
1218 326 1255 350 ut
1269 319 1334 349 iam

262 374 363 409 patet,
389 367 427 397 de
451 367 576 398 obiecto
601 377 668 397 non
696 366 1022 407 quomodocumque,
1048 364 1103 394 sed
1126 363 1335 404 quidditative

263 411 470 453 cognoscibili
498 411 705 448 naturaliter,
731 416 778 441 est
800 417 922 440 sermo:
948 408 1090 438 concedo
1114 413 1221 438 autem
1244 407 1334 447 quod

262 455 440 487 intellectus
464 465 502 486 ex
528 462 640 486 namra
665 464 724 486 sua
750 463 818 484 non
847 458 953 493 potest
974 451 1182 492 quidditative
1214 460 1333 490 cogno-

263 510 349 532 scere
377 499 469 530 altius
497 499 576 540 quid
605 508 704 539 quam
726 497 766 528 sit
794 503 906 527 natura
929 495 1053 526 animae
1081 502 1216 526 nostrae.
1248 494 1334 525 Cum

264 554 331 586 quo
354 551 462 575 tamen
485 549 555 579 snit,
575 542 665 583 quod
687 547 794 582 potest
816 550 872 581 per
894 539 1028 580 gratiam
1050 538 1165 569 elevari
1187 539 1227 568 ad
1243 538 1335 578 quid-

264 588 393 619 ditative
415 586 676 628 cognoscendum
699 584 795 616 etiam
809 585 926 615 Deum.
949 584 1025 614 Non
1044 582 1132 613 enim
1153 581 1336 613 inconvenit

264 632 443 674 potentiam
474 630 588 662 elevari
611 630 652 660 ad
679 629 940 669 cognoscendum
967 627 1088 668 aliquid
1111 626 1335 667 quidditative‚

265 677 355 718 quod
378 681 424 707 est
447 681 532 706 extra
554 673 716 704 obiectum
739 671 946 714 quidditative
962 670 1176 711 cognoscibile
1191 680 1210 700 a
1226 680 1259 700 se
1282 680 1335 700 na-

265 720 414 752 turaliter.
438 718 499 750 Sed
515 717 653 748 obiectio
668 716 811 757 procedit
827 726 863 747 ac
886 716 912 746 si
936 715 1099 746 obiectum
1116 715 1179 745 hoc
1198 714 1335 754 assigna-

1387 242 1684 279 ARTICULUS
1712 243 1747 278 V

1389 326 1478 355 tum,
1503 326 1583 350 esset
1607 320 1768 351 obiectum
1790 322 2005 362 adaequatum
2030 325 2202 361 extensive,
2227 331 2263 355 ut
2285 335 2382 356 sonus
2406 335 2452 356 re—

1389 370 1499 403 spectu
1515 364 1659 395 auditus:
1679 371 1711 395 et
1724 364 1798 395 ideo
1814 373 1931 405 peccat.
1958 367 2024 396 lam
2043 367 2128 398 enim
2143 367 2263 398 dictum
2279 369 2351 399 est*
2365 369 2454 410 quod

1389 407 1440 438 hic
1464 414 1511 438 est
1534 418 1638 438 sermo
1662 408 1701 438 de
1724 408 1849 440 obiecto
1873 410 2051 450 adaequato
2081 412 2235 443 intensive
2263 422 2305 443 ex
2336 419 2454 444 natura

1384 453 1549 491 potentiae
1567 452 1742 483 secundum
1752 451 1911 493 proprias
1923 455 2023 485 vires:
2042 461 2072 486 et
2086 465 2152 486 non
2169 456 2208 486 de
2224 456 2347 487 obiecto
2364 457 2454 488 adae-

1390 501 1489 535 quato
1513 496 1680 532 extensive,
1705 503 1790 527 extra
1813 498 1902 537 quod
1925 498 2032 528 nullus
2054 499 2179 530 habitus
2195 500 2350 531 adducere
2373 510 2455 543 quo-

1389 539 1568 570 modolibet
1590 547 1695 580 potest
1717 541 1904 581 potentiam.

1445 583 1683 623 Propositiones
1704 592 1811 616 autem
1834 595 1871 615 ex
1886 585 2003 626 quibus
2021 586 2121 617 littera
2145 588 2295 627 procedit,
2318 588 2375 619 etsi
2389 599 2455 619 non

1390 634 1464 657 sunt
1487 627 1697 667 syllogisticae
1720 629 1903 665 formaliter,
1923 637 1997 660 sunt
2017 637 2122 661 tamen
2146 631 2332 668 virtualiter;
2357 639 2393 663 ut
2407 643 2456 664 su-

2380 245 2449 281 123

1390 670 1496 711 perius
1511 671 1528 690 *
1547 682 1598 702 eas
1615 672 1832 704 ordinavimus
1848 673 1938 703 valde
1958 673 2056 710 facile,
2075 675 2193 715 absque
2217 682 2302 706 tanta
2320 677 2457 707 mixtura
2484 683 2493 692 '

1390 722 1543 754 quantam
1568 715 1641 747 fecit
1664 716 1788 748 Scotus.

1059 859 1377 901 ARTICULUS
1407 859 1662 911 QUINTUS

661 953 819 985 UTRUM
844 947 1147 984 INTELLECTUS
1171 951 1372 983 CREATUS
1395 952 1454 983 AD
1478 953 1709 984 VIDENDUM
1732 953 1804 984 DEI
1829 954 2070 985 ESSENTIAM

971 996 1139 1034 ALIQUO
1158 996 1338 1028 CREATO
1362 996 1528 1027 LUMINE
1553 997 1761 1028 INDIGEAT

437 1078 468 1103 111
488 1078 571 1107 Sent..
591 1076 650 1102 dist.
668 1084 719 1108 x1v,
738 1082 786 1102 art.
804 1084 825 1107 1,
845 1077 892 1109 qu·
914 1075 944 1106 33
964 1075 1007 1106 1v,
1026 1075 1086 1100 dist.
1104 1082 1171 1106 mx,
1191 1082 1235 1108 qu.
1254 1082 1283 1106 n,
1302 1079 1349 1100 art.
1369 1073 1400 1105 6;
1420 1075 1451 1099 111
1473 1076 1549 1101 Cont.
1568 1077 1654 1106 Gent„
1674 1084 1730 1109 cap.
1749 1084 1802 1108 Lm,
1823 1084 1877 1107 uv3
1897 1077 1930 1102 de
1948 1076 2038 1107 Verit„
2058 1086 2103 1110 qu.
2122 1085 2175 1110 vm,
2194 1084 2241 1104 art.
2263 1078 2290 1111 3;

669 1120 713 1145 qu.
732 1119 802 1141 xvm,
821 1117 868 1136 art.
887 1120 908 1141 1,
927 1111 960 1136 ad
978 1119 1005 1142 13
1024 1118 1069 1144 qu.
1081 1118 1121 1142 xx,
1141 1115 1188 1137 art.
1209 1118 1237 1141 25
1259 1110 1356 1140 Quodl.
1371 1110 1425 1140 Vll,
1444 1118 1488 1143 qu.
1508 1119 1529 1140 1,
1548 1117 1595 1136 art.
1612 1119 1639 1142 1;
1662 1112 1806 1144 Compend.
1825 1112 1922 1142 neni„
1942 1120 1997 1145 cap.
2017 1120 2058 1138 cv.

302 1210 362 1251 »352
384 1213 457 1257 μς(
480 1206 503 1231 Ι)
533 1205 695 1237 Qum‘ruM
715 1204 769 1229 Sic
788 1202 1029 1228 PROCEDITUR.
1054 1189 1214 1228 Videtur
1233 1189 1338 1238 quod

379 1283 385 1289 ,
399 1237 452 1293 ’ἷιιὶ
481 1247 691 1284 intellectus
719 1252 867 1282 creatus
895 1243 945 1280 ad
967 1242 1182 1280 videndum
1211 1254 1340 1279 essen-

320 1290 327 1303 *
352 1298 361 1300 “
376 1293 390 1301 ”
464 1298 574 1337 tiam
602 1298 676 1336 Dei
708 1297 837 1345 aliquo
866 1296 1010 1333 lumine
1030 1303 1157 1332 creato
1186 1308 1266 1332 non
1285 1295 1340 1332 in-

454 1353 619 1402 digeat.
641 1350 736 1388 Illud
766 1350 869 1387 enim
898 1349 1005 1398 quod
1034 1356 1090 1386 est
1117 1360 1187 1397 per
1214 1361 1255 1385 se
1283 1349 1339 1385 lu·

269 1406 398 1445 ciclum
426 1406 466 1444 in
494 1406 608 1443 rebus
636 1403 889 1449 sensibilibus,
911 1402 984 1439 alio
1014 1401 1159 1438 lumine
1188 1413 1266 1438 non
1285 1401 1340 1438 in-

269 1458 371 1508 diget
397 1466 440 1496 ut
457 1458 652 1496 videatur:
674 1469 764 1505 ergo
784 1468 855 1494 nec
875 1455 914 1492 in
932 1454 1236 1504 intelligibilibus.
1263 1454 1341 1492 Sed

269 1513 376 1550 Deu‘s
405 1519 461 1550 est
487 1512 551 1549 lux
579 1509 829 1558 intelligibilis.
851 1509 954 1557 Ergo
983 1521 1062 1546 non
1090 1508 1244 1546 videtur
1271 1520 1341 1557 per

269 1565 426 1616 aliquod
453 1565 586 1602 lumen
615 1571 797 1600 creatum.

324 1630 360 1657 2.
387 1619 623 1664 Pium-em,
650 1628 739 1653 cum
760 1617 867 1653 Deus
890 1614 1044 1651 videtur
1065 1627 1135 1664 per
1154 1614 1339 1662 medium,

268 1684 349 1712 non
376 1671 530 1710 videtur
547 1682 617 1720 per
645 1681 756 1707 suam
777 1668 992 1706 essentiam.
1015 1668 1093 1705 Sed
1123 1679 1210 1705 cum
1233 1667 1341 1704 vide-

268 1732 330 1765 tur
357 1737 428 1774 per
454 1723 612 1774 aliquod
639 1724 772 1760 lumen
801 1729 984 1769 creatum,
1004 1721 1156 1758 videtur
1174 1733 1243 1770 per
1262 1732 1342 1757 me-

270 1778 390 1817 dium.
410 1778 514 1826 Ergo
542 1789 622 1814 non
649 1775 801 1814 videtur
818 1787 889 1824 per
916 1786 1027 1811 suam
1057 1774 1273 1811 essentiam.

325 1833 360 1869 3.
391 1832 625 1877 Pam-mm,
642 1829 734 1866 illud
748 1828 854 1877 quod
875 1835 930 1864 est
949 1834 1132 1874 creatum,
1148 1827 1239 1864 nihil
1253 1838 1340 1875 pro-

269 1884 374 1923 hibet
401 1884 513 1921 alicui
542 1890 736 1919 creaturae
766 1893 848 1918 esse
877 1881 1058 1917 naturale.
1085 1879 1125 1917 Si
1154 1891 1243 1927 ergo
1271 1891 1342 1928 per

270 1937 428 1986 aliquod
455 1937 588 1974 lumen
609 1942 778 1972 creatum
807 1933 880 1971 Dei
902 1933 1065 1970 essentia
1091 1933 1251 1980 videtur,
1271 1945 1340 1981 po-

269 1990 356 2029 terit
389 1989 482 2028 illud
519 1990 651 2026 lumen
679 2000 762 2025 esse
790 1987 960 2024 naturale
995 1985 1105 2023 alicui
1135 1993 1338 2022 creaturae.

270 2044 322 2082 Et
347 2043 400 2081 ita
426 2043 488 2080 illa
516 2049 689 2079 creatura
716 2051 796 2078 non
823 2038 1006 2087 indigebit
1033 2039 1160 2088 aliquo
1189 2038 1262 2075 alio
1286 2039 1340 2075 lu-

271 2097 376 2135 mine
404 2097 454 2134 ad
471 2095 686 2133 videndum
705 2095 848 2130 Deum:
878 2092 984 2142 quod
1009 2099 1065 2129 est
1091 2091 1339 2140 impossibile.

271 2150 365 2187 Non
393 2155 449 2186 est
478 2160 567 2197 ergo
596 2146 854 2184 necessarium
884 2145 990 2193 quod
1016 2145 1142 2181 omnis
1171 2152 1342 2181 creatura

271 2202 321 2241 ad
338 2201 554 2240 videndum
585 2200 658 2237 Dei
682 2199 886 2237 essentiam
906 2199 1035 2235 lumen
1056 2197 1341 2246 superadditum

271 2255 448 2305 requirat.

325 2309 401 2346 SED
430 2319 577 2345 CONTRA
605 2314 662 2344 est
688 2305 794 2354 quod
823 2304 958 2342 dicitur
986 2304 1023 2341 in
1052 2304 1207 2340 Psalmo
1235 2303 1272 2340 *ε
1303 2304 1340 2341 in

272 2362 416 2400 lumine
443 2366 505 2398 tuo
524 2360 733 2398 videbimus
759 2359 898 2395 lumen.

326 2416 552 2452 Responmzo
573 2424 758 2450 mcENDUM
782 2411 889 2460 quod
909 2423 1026 2448 omne
1047 2410 1153 2459 quod
1173 2411 1343 2447 elevatur

273 2467 323 2506 ad
348 2467 490 2516 aliquid
508 2473 525 2488 ⁰²
551 2466 658 2516 quod
686 2465 832 2502 excedit
860 2476 971 2501 suam
995 2471 1192 2510 naturam,
1227 2475 1341 2512 opor-

271 2529 325 2559 tet
352 2520 459 2570 quod
493 2519 716 2568 disponatur
752 2518 879 2567 aliqua
917 2516 1164 2567 dispositione
1197 2515 1214 2544 β
1242 2529 1340 2566 quae

273 2574 320 2612 sit
347 2586 462 2623 supra
499 2585 609 2610 suam
645 2579 837 2609 naturam:
877 2570 997 2619 sicut,
1036 2570 1067 2607 si
1101 2582 1167 2606 aer
1203 2570 1342 2607 debeat

272 2627 446 2676 accipere
474 2626 641 2663 formam
669 2625 776 2673 ignis,
806 2631 957 2674 oportet
983 2622 1090 2672 quod
1119 2623 1342 2672 disponatur

273 2679 401 2728 aliqua
421 2678 668 2728 dispositione
688 2677 738 2715 ad
756 2678 872 2714 talem
891 2677 1068 2714 formam.
1090 2676 1191 2713 Cum
1214 2683 1340 2713 autern

273 2732 408 2782 aliquis
435 2732 644 2770 intellectus
664 2738 812 2768 creatus
838 2730 943 2768 videt
971 2730 1099 2766 Deum
1117 2742 1187 2779 per
1216 2742 1341 2766 essen—

272 2785 376 2835 tiam,
396 2785 479 2835 ipsa
508 2785 671 2822 essentia
698 2783 772 2821 Dei
798 2784 842 2821 fit
869 2784 994 2821 forma
1021 2782 1257 2831 intelligibilis
1286 2782 1339 2819 in-

272 2839 455 2878 tellectus.
493 2837 605 2876 Unde
644 2844 796 2886 oportet
835 2837 940 2886 quod
978 2834 1105 2884 aliqua
1143 2836 1340 2885 dispositio

273 2891 571 2942 supernaturalis
600 2890 633 2927 ei
662 2890 949 2939 superaddatur,
970 2890 1019 2927 ad
1046 2889 1121 2925 hoc
1140 2889 1246 2939 quod
1266 2889 1340 2926 ele-

272 2953 385 2983 vetur
409 2945 448 2983 in
466 2952 612 2982 tantam
640 2943 910 2981 sublimitatem
926 2949 940 2970 ⁷
954 2942 985 2980 ³¹².
1008 2942 1108 2978 Cum
1137 2943 1247 2991 igitur
1265 2942 1340 2979 vir-

152 3003 159 3015 '
217 3003 223 3009 “
272 3006 334 3036 tus
352 2998 530 3036 naturalis
549 2997 760 3034 intellectus
781 2996 894 3033 creati
914 3008 993 3033 non
1017 2995 1179 3032 sufficiat
1198 2995 1247 3033 ad
1267 2995 1339 3032 Dei

328 3112 356 3145 α)
374 3112 446 3144 quod
463 3113 583 3138 elevatur
601 3112 639 3137 ad
654 3112 766 3144 aliquid.
781 3126 800 3130 -
811 3112 884 3144 quod
901 3112 1020 3138 elevatur
1033 3112 1071 3136 ad
1082 3112 1206 3137 altiorem
1217 3112 1341 3144 sormam

274 3148 315 3173 vel
332 3148 370 3172 ad
387 3147 491 3179 aliquid
509 3147 542 3173 G.

328 3181 354 3215 β)
373 3182 554 3214 dispositione.
571 3195 591 3204 -ο
608 3183 645 3208 ad
663 3183 742 3208 talem
755 3183 878 3215 sormam
898 3183 967 3208 addit
986 3183 1018 3208 G.
1036 3197 1055 3202 -
1072 3189 1141 3215 quae
1163 3182 1232 3207 sit...
1251 3182 1341 3214 aliqua

275 3218 447 3251 dispositione
464 3225 519 3243 om.
536 3217 613 3243 ACE.

327 3254 354 3287 γ)
367 3253 433 3278 Cum
445 3256 560 3278 autem...
569 3253 768 3279 sublimitatem.
777 3267 796 3272 -
808 3253 957 3284 Om.ACE;
971 3254 1009 3278 ad
1018 3254 1098 3278 talem
1102 3253 1224 3286 formam
1232 3252 1302 3277 addit
1311 3253 1341 3276 B.

1393 1191 1597 1227 essentiam
1625 1191 1847 1238 videndam,
1868 1200 1908 1229 ut
1937 1201 2132 1230 ostensum
2161 1202 2216 1231 est
2242 1195 2278 1242 ³⁸,
2309 1203 2459 1245 oportet
2488 1210 2496 1218 ·

1392 1243 1497 1291 quod
1527 1255 1571 1280 ex
1610 1244 1739 1281 divina
1776 1245 1893 1292 gratia
1931 1255 2237 1295 superaccrescat
2271 1248 2304 1284 ei
2341 1249 2458 1286 virtus

1392 1296 1633 1344 intelligendi.
1655 1298 1704 1333 Et
1722 1298 1797 1334 hoc
1826 1307 2074 1346 augmentum
2093 1300 2240 1337 virtutis
2268 1301 2458 1339 intellecti-

1392 1361 1466 1386 vae
1490 1349 1813 1387 ’illuminationem
1843 1351 2051 1389 intellectus
2078 1365 2282 1400 vocamus;
2304 1354 2400 1392 sicut
2424 1362 2460 1391 et

1393 1402 1519 1452 ipsum
1539 1402 1766 1451 intelligibile
1779 1413 1940 1441 vocatur
1954 1403 2180 1443 lumen⁸vel
2200 1407 2273 1444 lux.
2296 1408 2344 1444 Et
2361 1407 2459 1445 istud

1394 1463 1451 1492 est
1464 1456 1594 1493 lumen
1615 1456 1661 1493 de
1682 1469 1759 1504 quo
1781 1457 1914 1494 dicitur
1932 1459 2049 1506 Apoc.
2066 1459 2166 1506 xxst‘,
2184 1460 2291 1508 quod
2309 1461 2460 1498 claritas
2487 1476 2495 1483 ·

1394 1509 1469 1546 Dei
1486 1509 1710 1547 illuminabit
1723 1521 1821 1556 eam,
1837 1511 1976 1548 scilicet
1995 1512 2215 1549 societatem
2236 1514 2433 1550 beatorum
2447 1520 2457 1534 ‘

1394 1563 1522 1599 Deum
1551 1563 1775 1600 videntium.
1806 1564 1855 1600 Et
1882 1565 2095 1601 secundum
2120 1566 2194 1602 hoc
2223 1567 2353 1603 lumen
2378 1567 2459 1603 effi-

1394 1610 1544 1652 ciuntur
1572 1615 1789 1663 deiformes,
1819 1616 1916 1654 idest
1943 1618 2028 1654 Deo
2058 1618 2216 1665 similes;
2246 1621 2459 1657 secundum

1394 1668 1486 1706 illud
1506 1670 1520 1705 I
1543 1670 1646 1706 Ioan.
1670 1681 1704 1706 111
1723 1669 1764 1706 *z
1790 1682 1876 1707 cum
1905 1671 2136 1719 apparuerit,
2163 1672 2300 1709 similes
2328 1673 2364 1709 ei
2390 1673 2460 1710 eri·
2488 1685 2498 1695 ·
2535 1691 2570 1705 ers

1394 1734 1490 1768 mus,
1512 1728 1548 1758 et
1572 1722 1779 1759 videbimus
1807 1735 1892 1760 eum
1920 1725 2029 1760 sicuti
2055 1730 2109 1761 est
2125 1724 2150 1760 ζ.

1449 1777 1507 1812 ΑΙ)
1528 1787 1664 1812 ptumum
1684 1787 1782 1813 ERGO
1802 1788 1984 1814 DICENDUM
2004 1777 2109 1826 quod
2142 1778 2273 1815 lumen
2291 1786 2458 1815 creatum

1395 1836 1451 1865 est
1470 1828 1728 1866 necessarium
1748 1829 1796 1866 ad
1821 1829 2033 1867 videndum
2053 1830 2125 1867 Dei
2145 1831 2360 1879 essentiam,
2381 1843 2459 1868 non

1394 1881 1500 1930 quod
1536 1893 1606 1930 per
1642 1882 1718 1918 hoc
1750 1883 1880 1919 lumen
1919 1883 1989 1920 Dei
2029 1884 2190 1921 essentia
2227 1884 2459 1932 intelligibilis

1393 1934 1471 1981 fiat,
1502 1946 1600 1983 quae
1629 1935 1841 1972 secundum
1869 1948 1908 1972 se
1946 1935 2182 1984 intelligibilis
2211 1944 2283 1974 est:
2313 1938 2381 1974 sed
2410 1937 2458 1974 ad

1393 1988 1468 2024 hoc
1497 1987 1603 2035 quod
1622 1987 1830 2025 intellectus
1849 1989 1916 2025 fiat
1934 1997 2070 2038 potens
2090 1990 2138 2027 ad
2161 1989 2457 2038 intelligendum,

1394 2052 1463 2089 per
1494 2041 1657 2078 modum
1687 2053 1763 2089 quo
1798 2041 1966 2090 potentia
1993 2043 2036 2079 fit
2069 2043 2259 2091 potentior
2291 2044 2340 2080 ad
2369 2055 2459 2092 ope-

1395 2093 1558 2130 randum
1586 2106 1655 2142 per
1672 2094 1864 2131 habitum:
1890 2095 1984 2131 sicut
2003 2103 2018 2126 η
2040 2096 2153 2132 etiam
2174 2103 2210 2132 et
2228 2097 2358 2132 lumen
2378 2108 2459 2133 cor-

1394 2147 1525 2195 porale
1554 2147 1811 2184 necessarium
1842 2155 1897 2184 est
1916 2147 1953 2184 in
1981 2148 2067 2185 visu
2087 2148 2272 2196 exteriori,
2302 2149 2460 2198 inquan-

1394 2206 1476 2235 tum
1505 2199 1591 2236 facit
1619 2200 1791 2237 medium
1818 2208 2060 2249 transparens
2089 2201 2126 2238 in
2155 2209 2252 2249 actu,
2272 2209 2314 2238 ut
2341 2202 2459 2251 possit

1395 2252 1545 2289 moveri
1573 2265 1596 2289 a
1624 2253 1752 2289 colore
1771 2252 1802 2290 ²¹⁶.

1449 2307 1507 2342 ΑΙ)
1536 2317 1726 2343 SECUNDUM
1754 2318 1938 2343 D1cENnuM
1966 2306 2071 2355 quod
2096 2307 2228 2344 lumen
2255 2307 2355 2344 istud
2382 2320 2461 2344 non

1396 2358 1597 2407 requiritur
1625 2358 1673 2396 ad
1701 2359 1913 2396 videndum
1942 2359 2013 2396 Dei
2043 2360 2244 2396 essentiam
2277 2361 2385 2409 quasi
2415 2361 2460 2397 si-

1396 2411 1570 2448 militudo
1604 2411 1642 2449 in
1672 2424 1749 2460 qua
1778 2413 1882 2449 Deus
1919 2412 2111 2450 videatur:
2141 2413 2208 2450 sed
2236 2414 2344 2462 quasi
2375 2426 2460 2462 per-

1396 2464 1507 2501 fectio
1536 2464 1728 2514 quaedam
1758 2465 1983 2512 intellectus,
2014 2466 2230 2503 confortans
2257 2466 2382 2515 ipsum
2412 2467 2460 2503 ad

1396 2517 1609 2555 videndum
1637 2519 1777 2555 Deum.
1798 2519 1848 2554 Et
1875 2518 1962 2554 ideo
1990 2526 2115 2567 potest
2140 2518 2212 2555 dici
2246 2519 2352 2567 quod
2380 2532 2459 2556 non

1397 2578 1452 2607 est
1471 2570 1642 2607 medium
1658 2569 1671 2590 ⁰
1696 2571 1733 2607 in
1760 2583 1833 2619 quo
1853 2572 1957 2607 Deus
1977 2571 2169 2608 videatur:
2196 2572 2264 2609 sed
2296 2573 2364 2609 sub
2385 2584 2458 2620 quo

1395 2623 1557 2660 videtur.
1580 2624 1628 2660 Et
1655 2625 1730 2660 hoc
1758 2636 1836 2660 non
1864 2623 1958 2660 tollit
1980 2624 2242 2662 immediatam
2268 2625 2457 2662 visionem

1396 2677 1480 2713 Dei.

1447 2731 1506 2766 ΑΙ)
1535 2741 1693 2766 TERTIUM
1721 2741 1904 2766 D1CEND1JM
1940 2730 2045 2778 quod
2074 2730 2269 2779 dispositio
2308 2731 2357 2768 ad
2385 2732 2458 2768 for-

1394 2795 1500 2819 mam
1528 2782 1623 2831 ignis
1655 2794 1734 2819 non
1753 2789 1878 2831 potest
1906 2795 1988 2819 esse
2019 2783 2198 2820 naturalis
2216 2783 2286 2820 nisi
2305 2785 2458 2821 habenti

1394 2836 1558 2872 formam
1578 2835 1683 2883 ignis.
1701 2835 1811 2872 Unde
1831 2836 1961 2873 lumen
1979 2835 2121 2883 gloriae
2136 2849 2214 2873 non
2232 2844 2357 2885 potest
2377 2849 2458 2874 esse

1394 2889 1564 2926 naturale
1585 2895 1789 2934 creaturae,
1810 2888 1880 2925 nisi
1909 2897 2080 2926 creatura
2104 2897 2202 2926 esset
2229 2897 2384 2926 naturae
2406 2890 2458 2927 di-

1393 2942 1524 2979 vinae:
1545 2941 1649 2989 quod
1678 2947 1734 2977 est
1752 2940 1998 2990 impossibile.
2020 2943 2094 2978 Per
2112 2943 2186 2978 hoc
2207 2942 2308 2979 enim
2327 2944 2457 2980 lumen

1394 2996 1436 3031 fit
1456 3002 1624 3031 creatura
1654 2993 1845 3031 rationalis
1874 2994 2079 3041 deiformis,
2099 3003 2140 3032 ut
2160 2995 2302 3032 dictum
2323 3004 2378 3032 est
2396 2995 2428 3032 ²¹⁶.

1449 3109 1473 3142 δ)
1492 3111 1589 3135 lumen.
1606 3122 1627 3127 —-
1643 3109 1733 3134 lucens
1751 3109 1853 3133 codices
1872 3114 1898 3134 et
1917 3109 1956 3134 ed.
1976 3117 2001 3133 a.

1449 3146 1471 3177 ε’)
1491 3145 1637 3170 beatorum.
1655 3157 1674 3163 -
1692 3144 1821 3169 bonorum
1839 3145 1908 3169 BFa.
1980 3174 1984 3179 Δ

1449 3180 1473 3213 ζ)
1493 3184 1519 3205 et
1537 3179 1683 3205 videbimus
1702 3186 1761 3204 eum
1780 3179 1859 3205 sicuti
1877 3183 1924 3205 est.
1942 3191 1962 3198 -·
1979 3180 2041 3204 Om.
2056 3179 2156 3204 codices
2176 3185 2201 3204 et
2218 3187 2244 3204 a.

1448 3216 1475 3248 η)
1494 3215 1570 3240 sicut.
1588 3229 1607 3233 -
1624 3215 1662 3240 sic
1681 3215 1782 3240 codices
1802 3219 1828 3240 et
1845 3215 1896 3240 ab.
1914 3228 1932 3234 —-
1951 3215 2001 3239 Pro
2021 3215 2047 3240 in
2067 3215 2132 3244 visu,
2148 3215 2217 3239 visui
2234 3215 2264 3239 B.

1448 3250 1472 3283 θ)
1492 3251 1618 3276 medium.
1637 3264 1656 3269 -
1669 3257 1721 3282 per
1741 3250 1856 3276 medium
1874 3250 1974 3275 ACDE.
1992 3263 2010 3270 ·-
2028 3251 2078 3274 Pro
2096 3250 2143 3274 sub
2161 3257 2220 3282 quo,
2234 3251 2285 3274 lux
2303 3257 2354 3282 quo
2373 3250 2404 3274 E.

952 3341 1285 3374 Commentama
1308 3340 1559 3373 Cardinalis
1582 3338 1782 3372 Caietani

306 3432 326 3452 N
350 3421 454 3457 titulo,
479 3420 657 3452 intellectus
678 3426 807 3452 creatus
829 3429 900 3453 actu
924 3422 975 3452 vel
997 3421 1149 3462 potentia.
1174 3421 1341 3461 Indigeat‚

279 3434 374 3496 Inon
401 3471 530 3505 propter
557 3464 672 3495 melius
685 3488 693 3501 ,
724 3465 779 3496 sed
806 3465 988 3506 simpliciter
1017 3466 1056 3497 ad
1085 3465 1343 3506 consequendam

275 3510 432 3541 visionem
455 3508 525 3539 Dei.

333 3555 368 3585 In
393 3563 526 3594 corpore
558 3551 652 3583 unica
675 3553 858 3590 conclusio,
882 3554 1066 3594 responsiva
1093 3553 1237 3594 quaesito
1262 3552 1341 3583 affir-

277 3598 409 3630 mative:
435 3597 614 3628 Intellectus
631 3602 752 3627 creatus
776 3603 845 3637 eget
866 3597 989 3629 lumine
1011 3605 1115 3629 creato
1133 3598 1172 3628 ad
1186 3597 1342 3628 visionem

1398 3419 1544 3449 divinam.
1557 3436 1577 3441 -—
1589 3418 1754 3449 Probatur.
1777 3418 1955 3448 Intellectus
1971 3424 2091 3447 creatus
2106 3416 2215 3447 videns
2234 3417 2349 3454 Deum,
2364 3417 2458 3448 habet

1397 3463 1565 3494 essentiam
1584 3462 1722 3492 divinam
1741 3472 1800 3502 pro
1819 3462 1922 3492 forma
1940 3461 2142 3500 intelligibili:
2168 3470 2242 3502 ergo
2261 3467 2331 3501 eget
2349 3461 2456 3501 dispo-

1397 3507 1510 3538 sitione
1527 3506 1756 3547 supernaturali
1775 3506 1914 3537 elevante
1931 3506 1970 3535 ad
1986 3511 2106 3535 tantam
2124 3505 2364 3536 sublimitatem:
2383 3515 2456 3545 ergo

1396 3557 1567 3592 augmento
1583 3550 1720 3590 gratuito
1736 3550 1858 3581 virtutis
1873 3549 2094 3580 intellectivae:
2115 3559 2189 3589 ergo
2205 3549 2326 3580 lumine
2342 3556 2455 3579 creato.

1449 3595 1645 3626 Antecedens
1669 3601 1754 3635 patet
1777 3604 1813 3624 ex
1836 3594 1966 3624 articulo
1985 3603 2002 3623 2
2019 3593 2044 3623 *.
2060 3611 2080 3615 -
2096 3592 2332 3634 Consequentia
2355 3593 2456 3633 prima

2483 373 2490 382 ”
2505 371 2576 394 Num.
2586 379 2609 393 v.

2508 682 2579 704 Num.
2590 689 2607 704 ι,

2510 1210 2562 1231 Art.
2578 1209 2685 1236 praeced.

2489 2260 2498 2269 ·
2513 2259 2541 2280 D.
2555 2259 2601 2287 361.

2485 3002 2496 3012 ⁸
2510 3002 2535 3023 ln
2551 3008 2657 3030 corpore.

2486 3599 2544 3620 ‘Ad
2559 3604 2579 3626 3.
