2768 4178
59 1470 69 1480 *
83 1469 152 1491 Vers.
165 1474 194 1496 ¹5·

138 1793 187 1813 .111,
199 1793 221 1808 n.
230 1793 250 1809 2.
261 1798 272 1803 -

63 1814 88 1836 S.
98 1814 118 1836 T
137 1830 142 1836 .
158 1815 210 1835 lect.
225 1820 255 1836 iv.

61 1894 72 1906 ¹*
88 1894 135 1921 Qu.
150 1900 173 1919 11,
189 1897 231 1915 art.
245 1900 273 1922 3;

62 1927 102 1949 qu.
111 1927 142 1948 vi,
153 1924 195 1942 art.
205 1926 226 1947 2,
236 1927 259 1948 4.

70 3309 82 3321 ¹*
97 3309 144 3337 Qu.
161 3315 186 3335 11,
202 3312 243 3330 nrt.
254 3315 278 3337 33

68 3342 108 3364 qu.
123 3341 152 3363 vt,
168 3339 209 3357 art.
225 3342 248 3362 4.

299 233 371 270 502

295 317 504 351 augmentum
520 309 631 344 meriti,
649 315 706 339 etc.
722 326 743 331 -—
760 308 791 338 Si
808 314 915 338 autem
930 307 1135 346 intelligitur
1128 317 1160 336 111
1177 306 1362 337 voluntariis

295 362 436 390 tantum,
462 353 578 384 oblitus
602 353 726 383 videtur
749 354 871 382 Auctor
894 351 1104 382 limitationis:
1130 351 1219 391 quod
1243 350 1362 380 litterae

296 410 362 429 non
387 404 549 433 consonat,
567 407 605 427 eo
630 397 718 437 quod
742 395 906 426 manifeste
926 396 1097 426 secundam
1122 394 1363 425 conclusionem

297 442 512 474 universaliter
535 447 652 477 tractat,
675 447 705 471 et
722 441 812 470 locus
836 440 893 471 iste
913 441 951 470 de
967 439 1053 469 malo
1078 439 1288 469 universalem
1303 445 1362 468 tra-

296 494 415 518 ctatum
438 486 539 526 exigit.

350 531 400 561 Ad
424 531 500 560 haec
523 529 656 560 breviter
680 528 802 564 dicitur,
820 529 909 568 quod
933 527 1096 558 conclusio
1117 526 1302 566 intelligitur
1325 526 1363 556 de

297 575 386 606 omni
401 575 486 604 malo
510 573 651 609 actionis,
676 573 730 603 sed
739 572 945 612 formaliter,
962 572 1154 612 inquantum
1171 571 1252 601 actio
1269 577 1325 601 est.
1342 588 1364 595 -

297 620 338 650 Et
361 629 435 649 cum
451 618 573 654 dicitur,
591 627 670 658 ergo
686 616 878 648 claudicatio
894 616 1037 647 Socratis
1061 625 1123 646 non
1149 615 1315 646 reducitur
1331 615 1362 644 in

296 665 414 700 Deum,
432 662 650 702 distinguatur,
668 661 757 702 quod
773 661 970 696 claudicatio,
995 660 1187 700 inquantum
1204 666 1296 689 sonat
1312 659 1364 688 de-

297 707 415 738 fectum
431 706 563 737 actionis
581 713 616 736 ut
639 706 692 742 sic,
710 715 775 735 non
792 705 951 735 reducitur
965 704 998 734 in
1013 704 1119 734 Deum
1135 710 1171 734 ut
1190 703 1364 733 effectivam

298 761 434 787 causam,
456 751 510 781 sed
532 750 565 781 in
582 750 741 780 defectum
765 759 877 780 causae
897 749 1062 779 secundae.
1086 748 1128 778 Et
1143 757 1261 782 rursus,
1280 747 1365 777 clau-

968 229 1235 276 QUAESTIO
1264 229 1408 275 XLIX,
1437 227 1734 265 ARTICULUS
1765 228 1814 263 ΙΙΙ

1418 306 1543 342 dicatio,
1568 306 1759 346 inquantum
1783 312 1829 336 est
1852 305 2073 341 involuntaria,
2091 304 2251 335 reducitur
2273 304 2306 334 in
2329 304 2435 335 Deum
2451 311 2487 335 ut

1418 358 1582 381 auctorem
1605 359 1742 391 pozenae
1767 350 1959 391 inquantum
1982 359 2058 379 vero
2078 355 2124 379 est
2147 359 2165 379 a
2189 348 2313 379 caritate
2333 339 2485 385 ordinata,

1418 395 1578 426 reducitur
1600 394 1632 424 in
1656 395 1763 425 Deum
1786 401 1821 425 ut
1845 401 2008 424 auctorem
2028 393 2140 423 meriti.
2161 393 2202 424 Et
2225 392 2268 423 sic
2292 393 2331 423 de
2355 392 2432 423 aliis.

1475 439 1527 470 IV.
1549 439 1583 468 ln
1607 439 1814 479 responsione
1839 439 1878 468 ad
1901 438 2039 474 tertium,
2064 438 2189 468 adverte
2209 437 2298 477 quod
2321 443 2397 467 tunc
2420 443 2487 467 tan-

1418 489 1489 513 tum
1512 483 1652 513 absentia
1674 493 1785 514 causae
1801 482 1920 522 agentis
1943 482 2058 512 dicitur
2073 491 2167 512 causa
2190 481 2340 517 defectus,
2357 481 2488 521 quando

1419 527 1591 557 debebatur
1614 527 1797 568 praesentia.
1827 527 1868 557 Et
1891 533 2075 567 propterea,
2100 525 2175 566 quia
2204 535 2388 566 nunquam,
2414 534 2489 555 cum

1419 571 1512 601 rebus
1536 571 1677 608 debetur,
1694 573 1782 602 Deus
1797 571 1952 602 subtrahit
1965 570 2132 606 influxum,
2148 569 2222 600 ideo
2246 579 2312 600 non
2335 569 2488 609 sequitur,

1419 614 1547 655 proprie
1569 616 1745 657 loquendo,
1766 616 1854 656 quod
1878 616 1965 646 Deus
1989 615 2028 645 sit
2051 624 2145 645 causa
2161 613 2345 644 defectuum
2368 621 2405 643 ex
2427 613 2490 643 hoc

1420 659 1490 689 solo
1507 660 1596 700 quod
1620 671 1685 691 non
1702 660 1791 691 facit:
1816 659 1962 701 quamvis
1987 659 2181 700 quandoque
2198 657 2358 698 Scriptura
2381 657 2490 697 ipsum

1419 703 1473 733 tali
1497 704 1596 733 modo
1627 714 1756 735 causam
1783 704 1936 745 appellet,
1965 710 2001 734 ut
2029 709 2114 744 patet
2143 702 2223 733 circa
2253 701 2490 732 indurationem

1419 747 1601 778 Pharaonis.

1107 900 1426 942 ARTICULUS
1454 900 1684 942 TERTIUS

646 995 802 1030 UTRUM
826 994 892 1026 SIT
917 994 1043 1025 UNUM
1067 993 1255 1024 SUMMUM
1278 984 1451 1030 MALUM,
1477 993 1692 1031 QUOD-sn
1716 993 1860 1024 CAUSA
1883 992 2016 1023 οΜΝ15
2039 992 2145 1023 MALI

440 1076 461 1100 II
481 1076 563 1105 Sem„
584 1075 642 1100 dist.
661 1082 678 1104 1,
698 1082 743 1106 qu.
756 1081 773 1105 1,
793 1079 841 1098 art.
864 1081 884 1103 1,
905 1074 937 1098 ad
960 1081 987 1104 1;
1007 1073 1066 1097 dist.
1084 1080 1167 1103 xum,
1187 1078 1233 1097 art.
1257 1080 1277 1102 1,
1297 1073 1329 1097 ad
1348 1080 1380 1104 4;
1400 1073 1420 1097 11
1443 1073 1519 1098 Cont.
1542 1073 1628 1101 Gent„
1649 1080 1705 1105 cap.
1719 1079 1776 1102 xL1;
1796 1072 1836 1103 111,
1856 1080 1912 1105 cap.
1924 1078 1971 1102 xv;
1992 1072 2035 1096 De
2053 1072 2120 1101 Pot„
2140 1079 2186 1104 qu.
2199 1078 2237 1103 m,
2253 1076 2300 1096 art.
2314 1070 2344 1102 ὃς

638 1110 781 1142 compend.
804 1109 901 1137 Theoi„
920 1117 975 1141 cap.
995 1116 1078 1139 cxvn3
1098 1108 1198 1141 opusc.
1217 1109 1273 1140 XV,
1293 1108 1327 1133 de
1344 1108 1462 1142 Angelis,
1483 1116 1539 1141 cap.
1558 1115 1612 1139 xv13
1633 1108 1675 1133 De
1695 1108 1758 1133 Div.
1777 1108 1866 1138 Nom„
1886 1115 1942 1140 cap.
1962 1115 1996 1138 xv,
2015 1108 2074 1132 lect.
2092 1114 2152 1132 xxn.

351 1227 376 1250 „⁸
509 1211 531 1236 D
560 1211 720 1236 TERTmM
748 1210 801 1235 515
821 1209 1059 1235 PROCEDITUR.
1079 1196 1239 1234 Videtur
1258 1197 1364 1245 quod

336 1246 374 1273 '²⁸‘
424 1244 484 1302 (ἦ,
510 1253 556 1289 sit
591 1264 713 1289 unum
751 1263 948 1288 summum
986 1251 1149 1297 malum,
1180 1251 1287 1298 quod
1320 1250 1366 1287 sit

332 1304 625 1351 γγ<531153
654 1305 779 1342 omnis
808 1304 908 1341 mali.
941 1303 1231 1340 Contrariorum
1262 1303 1364 1340 enirn

397 1351 717 1408 '‘Keffectuum
739 1357 948 1394 contrariae
982 1364 1068 1394 sunt
1102 1369 1252 1394 causae.
1289 1356 1366 1394 Sed

298 1413 336 1450 in
354 1368 479 1449 rebus
507 1412 699 1449 invenitur
728 1410 992 1457 contrarietas,
1024 1411 1238 1447 secundum
1275 1410 1368 1447 illud

297 1466 412 1503 Eccli.
429 1478 538 1502 xxxin
552 1465 588 1502 *z
614 1466 755 1502 Contra
775 1465 918 1501 malum
938 1465 1078 1501 bonum
1098 1469 1161 1510 est,
1183 1469 1219 1500 et
1235 1469 1367 1500 contra

297 1520 414 1557 vitam
434 1531 558 1564 mors‚·
585 1519 638 1555 sic
657 1524 693 1554 et
710 1523 841 1554 contra
860 1517 986 1554 virum
1016 1517 1152 1553 iustum
1174 1522 1366 1565 peccator.

299 1574 402 1621 Ergo
437 1580 524 1609 sunt
562 1571 748 1608 contraria
781 1570 993 1619 principia,
1031 1582 1153 1607 unum
1189 1570 1302 1618 boni,
1333 1576 1369 1606 et

300 1626 402 1663 aliud
431 1625 531 1662 mali.

355 1691 389 1716 2.
419 1680 659 1724 PRAETEREA,
689 1677 720 1714 si
747 1689 869 1714 unum
899 1676 1177 1713 contrariorum
1206 1683 1261 1713 est
1284 1681 1301 1697 ‘²‘
1330 1676 1368 1713 in

301 1745 429 1769 rerum
460 1739 614 1778 natura,
645 1737 682 1767 et
709 1730 923 1779 reliquum,
953 1737 996 1766 ut
1032 1729 1168 1766 dicitur
1194 1729 1234 1766 in
1263 1730 1294 1765 II
1324 1730 1370 1766 de

305 1786 418 1823 Caelo
447 1791 482 1821 et
504 1784 654 1821 Mundo
673 1783 704 1820 ⁹¹⁸.
736 1784 812 1821 Sed
842 1795 1040 1820 summum
1070 1783 1216 1819 bonum
1247 1789 1302 1819 est
1330 1781 1369 1819 in

300 1851 429 1877 rerum
464 1845 617 1884 natura,
653 1837 759 1886 quod
793 1844 849 1873 est
879 1849 991 1873 531153
1031 1835 1156 1872 omnis
1186 1835 1298 1882 boni,
1328 1843 1370 1872 ut

300 1905 415 1942 supra
429 1891 448 1913 ²¹⁸
468 1899 663 1928 ostensum
688 1898 754 1927 est.
785 1891 887 1938 Ergo
909 1897 964 1926 est
978 1888 995 1917 β
1015 1896 1051 1925 51
1070 1901 1268 1925 summurn
1288 1901 1369 1926 ma—

300 1947 380 1983 lum
410 1945 444 1982 ei
474 1943 705 1994 oppositum,
736 1955 850 1980 causa
879 1942 1005 1979 omnis
1033 1942 1134 1979 mali.

357 2001 390 2036 3.
412 2000 645 2043 PRAETEREA,
667 1997 763 2033 sicut
790 1996 829 2033 in
858 1997 972 2033 rebus
1000 1995 1192 2032 invenitur
1219 1995 1367 2031 bonum

302 2060 338 2090 et
356 2052 502 2098 melius,
524 2050 573 2087 ita
594 2051 738 2087 malum
768 2057 804 2086 et
822 2050 944 2099 peius.
967 2049 1043 2086 Sed
1064 2049 1211 2085 bonum
1233 2055 1269 2085 et
1288 2060 1368 2084 me-

301 2106 371 2143 lius
401 2105 575 2142 dicuntur
602 2115 671 2152 per
702 2111 917 2152 respectum
947 2103 995 2140 ad
1033 2101 1235 2151 optimum.
1266 2102 1369 2150 Ergo

301 2160 446 2196 malurn
476 2165 512 2194 et
538 2157 648 2206 peius
677 2156 853 2194 dicuntur
880 2168 950 2205 per
979 2162 1194 2204 respectum
1227 2155 1276 2192 ad
1305 2155 1371 2192 ali-

303 2212 409 2260 quod
437 2222 633 2247 summum
663 2210 819 2246 malum.

355 2276 392 2312 4.
414 2265 647 2309 PRAETEREA‚
669 2274 783 2299 omne
813 2262 918 2311 quod
938 2269 994 2298 est
1020 2274 1090 2310 per
1117 2260 1370 2320 participatio—

303 2330 403 2364 nem,
425 2316 617 2354 reducitur
645 2317 693 2353 ad
722 2315 812 2352 illud
841 2316 944 2364 quod
975 2322 1030 2351 est
1056 2326 1126 2363 per
1155 2314 1368 2351 essentiam.

305 2372 380 2408 Sed
410 2383 468 2407 res
507 2382 604 2419 quae
643 2375 729 2405 sunt
757 2369 880 2405 malae
916 2367 1019 2417 apud
1057 2380 1148 2413 nos,
1176 2380 1254 2404 non
1284 2375 1371 2404 sunt

303 2425 426 2461 malae
460 2435 529 2472 per
567 2421 795 2480 essentiam,
826 2421 893 2458 sed
920 2433 990 2470 per
1027 2420 1368 2469 participationem.

303 2478 404 2525 Ergo
435 2484 490 2513 est
517 2475 688 2512 invenire
718 2474 892 2523 aliquod
902 2486 1101 2511 summum
1127 2474 1272 2510 malum
1300 2486 1371 2522 per

304 2530 504 2567 essentiam
525 2534 551 2573 Ὺ,
582 2528 687 2577 quod
716 2535 771 2564 est
799 2540 913 2564 causa
942 2527 1068 2564 omnis
1097 2527 1198 2563 mali.

361 2585 392 2621 5.
414 2584 647 2628 PRAETEREA,
669 2594 785 2618 omne
806 2581 912 2629 quod
942 2588 997 2617 est
1015 2592 1084 2629 per
1103 2579 1292 2626 accidens,
1314 2592 1371 2616 re-

304 2637 452 2674 ducitur
473 2635 521 2672 ad
541 2636 631 2672 illud
661 2635 765 2683 quod
786 2642 842 2670 est
869 2646 938 2682 per
957 2646 1009 2670 se.
1042 2634 1119 2671 Sed
1147 2633 1295 2670 bonum
1317 2640 1372 2670 est

304 2703 418 2727 causa
436 2689 524 2726 mali
544 2701 612 2737 per
630 2688 818 2725 accidens.
849 2688 951 2735 Ergo
973 2694 1124 2735 oportet
1142 2698 1286 2735 ponere
1307 2686 1371 2723 ali—

304 2743 410 2791 quod
430 2754 626 2779 summum
646 2742 803 2788 malum,
825 2740 931 2788 quod
960 2740 1006 2776 sit
1035 2752 1150 2776 causa
1179 2740 1370 2777 malorum

302 2809 371 2846 per
391 2809 443 2833 se.
460 2816 484 2823 -
500 2796 637 2844 Neque
662 2802 787 2843 potest
807 2794 879 2830 dici
900 2793 1006 2842 quod
1031 2794 1177 2830 malurn
1198 2805 1276 2830 non
1305 2793 1371 2830 ha-

302 2851 391 2887 beat
423 2860 577 2886 causam
606 2860 674 2897 per
711 2860 772 2894 se,
802 2847 870 2884 sed
898 2859 967 2896 per
995 2847 1172 2883 accidens
1200 2853 1370 2884 tantum:

304 2903 393 2951 quia
413 2909 634 2951 sequeretur
661 2900 767 2950 quod
790 2901 935 2937 malum
956 2912 1036 2937 non
1056 2908 1154 2937 esset
1172 2907 1214 2936 ut
1231 2899 1270 2936 in
1289 2900 1372 2948 plu-

304 2957 418 3002 ribus,
449 2955 517 2992 sed
544 2962 586 2991 ut
613 2955 652 2991 in
679 2954 935 3003 paucioribus.

357 3010 394 3046 6.
416 3010 649 3054 ΡΒΑΕΤΕΒΕΑ,
667 3008 811 3044 malum
833 3006 990 3043 effectus
1011 3005 1203 3043 reducitur
1223 3006 1271 3044 ad
1291 3018 1371 3043 1113-

304 3063 383 3099 111111
414 3073 572 3098 causae:
602 3060 692 3109 quia
721 3060 878 3097 effectus
914 3059 1095 3096 deficiens
1124 3066 1180 3096 est
1207 3071 1229 3095 a
1258 3071 1373 3097 causa

306 3115 517 3161 deficiente,
535 3114 630 3151 sicut
645 3113 794 3163 supra*
813 3113 955 3150 dictum
976 3121 1042 3150 est.
1074 3112 1151 3150 Sed
1170 3109 1276 3149 hoc⁸
1294 3124 1372 3150 non

306 3176 362 3206 est
388 3169 597 3227 procedere
624 3167 662 3204 in
689 3166 892 3204 infinitum.
919 3167 1020 3213 Ergo
1050 3173 1200 3215 oportet
1220 3177 1373 3224 *ponere

306 3234 427 3259 unum
442 3221 609 3270 primurn
630 3221 785 3263 malum,
804 3219 907 3269 quod
924 3219 969 3255 sit
989 3231 1103 3256 531153
1123 3218 1249 3255 omnis
1269 3218 1372 3256 mali.

361 3276 435 3311 SED
469 3285 614 3311 CONTRA
651 3285 717 3310 EST
752 3272 857 3322 quod
900 3284 1094 3308 summum
1133 3272 1281 3308 bonum
1320 3278 1375 3308 est

1418 1210 1498 1234 non
1526 1205 1652 1247 potest
1672 1210 1753 1235 esse
1775 1196 1930 1246 aliquod
1950 1196 2180 1245 principium
2202 1196 2236 1233 ei
2256 1195 2492 1246 oppositum,

1420 1251 1526 1300 quod
1554 1252 1601 1288 sit
1630 1264 1743 1288 causa
1772 1251 1976 1287 malorum.

1475 1306 1701 1342 Respowmzo
1730 1316 1916 1341 DlCENDUM
1945 1302 2051 1351 quod
2081 1315 2125 1340 ex
2159 1303 2362 1362 praedictis
2390 1310 2494 1352 patet

1421 1370 1500 1395 non
1539 1371 1622 1395 esse
1649 1371 1771 1395 unum
1809 1357 1978 1406 primum
2016 1356 2246 1406 principium
2282 1357 2491 1404 malorum,

1422 1412 1518 1449 sicut
1547 1419 1602 1448 est
1634 1424 1757 1448 unum
1789 1411 1993 1459 primum‘
2020 1410 2249 1458 principium
2287 1410 2492 1448 bonorum.

1421 1465 1553 1502 Primo
1569 1465 1739 1514 quidem,
1756 1464 1844 1513 quia
1864 1463 2033 1512 primum
2049 1463 2279 1512 principium
2299 1464 2494 1501 bonorum

1424 1526 1479 1555 est
1505 1531 1574 1568 per
1604 1518 1807 1555 essentiam
1837 1518 2006 1565 bonum,
2036 1525 2077 1554 ut
2105 1529 2220 1566 supra
2247 1516 2267 1539 ’¹‘
2296 1524 2494 1554 ostensum

1424 1579 1490 1609 est.
1521 1571 1624 1608 Nihil
1652 1579 1781 1608 autem
1801 1578 1926 1620 potest
1952 1583 2033 1607 esse
2052 1582 2121 1619 per
2149 1582 2260 1607 suam
2290 1570 2495 1607 essentiam

1424 1625 1591 1662 malum:
1622 1632 1818 1662 ostensum
1853 1631 1908 1661 est
1943 1623 2045 1661 enim
2064 1623 2085 1645 ’¹‘
2113 1623 2220 1672 quod
2248 1635 2367 1661 omne
2405 1636 2494 1672 ens,

1423 1678 1649 1728 inquantum
1681 1686 1736 1715 est
1765 1690 1844 1724 ens,
1866 1678 2013 1714 bonum
2043 1685 2119 1722 est;
2150 1685 2186 1713 et
2214 1677 2320 1725 quod
2349 1677 2496 1714 malum

1424 1744 1503 1768 non
1531 1738 1588 1768 est
1615 1731 1686 1768 nisi
1714 1731 1752 1768 in
1781 1731 1886 1768 bono
1914 1738 1956 1767 ut
1982 1730 2021 1767 in
2050 1730 2233 1766 subiecto.

1479 1784 1672 1831 Secundo,
1689 1783 1778 1833 quia
1797 1783 1965 1833 primum
1981 1783 2174 1820 bonorum
2194 1782 2424 1832 principium
2440 1789 2497 1820 est

1424 1850 1622 1875 summum
1652 1845 1688 1874 et
1715 1837 1926 1886 perfectum
1956 1837 2125 1884 bonum,
2156 1835 2260 1886 quod
2287 1835 2498 1885 praehabet

1421 1891 1462 1928 in
1482 1904 1523 1928 se
1543 1903 1702 1928 omnem
1732 1890 1955 1937 bonitatem,
1982 1897 2023 1927 ut
2042 1902 2157 1938 supra
2170 1889 2191 1911 ’¹‘
2210 1896 2407 1928 ostensum
2428 1896 2495 1927 est.
2524 1890 2534 1900 '

1425 1945 1633 1982 Summum
1662 1951 1791 1981 autem
1815 1944 1962 1981 malum
1983 1955 2065 1980 esse
2085 1956 2164 1980 non
2182 1950 2310 1992 potest
2327 1942 2364 1979 *ε
2393 1942 2495 1991 quia,
2525 1944 2535 1955 '
2573 1959 2580 1966 ·

1425 1998 1520 2035 sicut
1540 2006 1737 2035 ostensum
1758 2005 1814 2034 est
1831 1997 1862 2044 ²⁸,
1885 1997 1953 2034 etsi
1971 1997 2117 2034 malum
2138 2009 2290 2046 semper
2310 1995 2499 2034 diminuat
2524 2001 2536 2014 “

1425 2052 1586 2098 bonum,
1603 2063 1802 2100 nunquam
1821 2058 1951 2088 tamen
1970 2050 2061 2088 illud
2082 2057 2208 2099 potest
2225 2049 2387 2087 totaliter
2407 2061 2497 2088 con·
2541 2044 2548 2051 ⁰

1426 2117 1599 2151 sumere3
1631 2113 1667 2142 et
1695 2104 1775 2151 sic,
1808 2116 1961 2153 semper
1994 2110 2216 2140 remanente
2252 2103 2378 2151 bono,
2418 2115 2497 2140 non

1424 2166 1550 2207 potest
1584 2170 1667 2195 esse
1705 2156 1847 2206 aliquid
1885 2157 2027 2206 integre
2066 2164 2103 2194 et
2134 2157 2300 2206 perfecte
2338 2156 2495 2194 malum.

1425 2213 1586 2261 Propter
1613 2211 1719 2260 quod
1752 2210 2009 2259 Philosophus
2039 2210 2147 2257 dicit,
2177 2209 2215 2247 in
2244 2210 2296 2247 IV
2322 2210 2443 2247 Ethic.
2463 2208 2496 2257 *,
2524 2210 2536 2222 ⁴

1425 2266 1530 2313 quod
1558 2265 1592 2301 si
1618 2264 1762 2301 malum
1801 2264 1990 2313 integrum
2018 2264 2084 2309 sit,
2117 2263 2280 2312 seipsum
2314 2263 2497 2301 destruet:

1426 2318 1513 2367 quia
1543 2318 1732 2355 destructo
1763 2316 1869 2353 omni
1890 2317 1994 2353 bono
2016 2316 2136 2365 (quod
2156 2315 2359 2366 requiritur
2373 2315 2423 2354 ad
2441 2316 2498 2354 in-

1424 2370 1636 2420 tegritatem
1657 2369 1772 2416 mali),
1798 2369 2028 2406 subtrahitur
2048 2369 2162 2407 etiam
2190 2369 2317 2419 ipsum
2337 2370 2496 2416 malum,

1426 2425 1531 2461 cuius
1561 2423 1774 2461 subiectum
1805 2430 1858 2460 est
1886 2423 2046 2460 bonum.

1473 2477 1625 2538 ’Tetti-0,
1647 2476 1736 2526 quia
1764 2476 1859 2512 ratio
1888 2476 1979 2512 mali
2007 2483 2191 2524 repugnat
2220 2475 2355 2513 rationi
2382 2475 2498 2530 primi

1424 2530 1610 2580 principii.
1641 2530 1745 2566 Tum
1759 2528 1865 2604 *quia
1893 2541 2010 2566 omne
2031 2528 2045 2555 t
2073 2530 2218 2566 malum
2249 2537 2424 2566 causatur
2452 2541 2498 2567 ex

1426 2585 1543 2631 bono,
1565 2591 1606 2620 ut
1625 2581 1779 2632 supra*
1803 2590 2000 2619 ostensum
2022 2590 2088 2620 est.
2119 2583 2224 2619 Tum
2245 2582 2334 2632 quia
2353 2583 2498 2620 malum
2525 2590 2535 2600 ·

1426 2650 1504 2675 11011
1531 2644 1658 2686 potest
1695 2648 1777 2673 esse
1814 2648 1928 2673 causa
1956 2635 2027 2673 nisi
2055 2648 2124 2685 per
2152 2636 2350 2673 accidens:
2381 2644 2418 2674 et
2444 2636 2498 2674 sic

1426 2703 1505 2728 non
1538 2698 1662 2739 potest
1697 2701 1778 2726 esse
1813 2688 1938 2737 prima
1967 2701 2082 2726 causa
2103 2697 2139 2736 η,
2170 2689 2259 2738 quia
2288 2701 2402 2726 causa
2429 2701 2499 2739 per

1427 2744 1604 2782 accidens
1633 2750 1689 2780 est
1708 2743 1895 2792 posterior
1915 2755 1960 2780 ea
1980 2755 2079 2792 quae
2100 2750 2155 2779 est
2174 2755 2243 2791 per
2261 2755 2314 2790 se,
2335 2751 2378 2780 ut
2395 2750 2498 2792 patet

1426 2798 1464 2835 in
1495 2799 1526 2834 II
1556 2796 1704 2845 Pizysic.
1726 2795 1747 2817 *

1481 2850 1558 2898 Qui
1574 2858 1702 2887 autem
1711 2856 1922 2898 posuerunt
1936 2849 2014 2886 duo
2028 2848 2154 2898 prima
2167 2848 2363 2898 principia,
2375 2861 2498 2887 unum

1427 2905 1576 2941 bonum
1610 2910 1646 2940 et
1674 2903 1835 2939 alterum
1871 2903 2035 2950 malum,
2066 2914 2111 2939 ex
2140 2902 2276 2940 eadem
2306 2902 2432 2940 radice
2460 2902 2499 2940 in

1427 2958 1530 2994 hunc
1559 2968 1728 2993 errorem
1758 2955 1982 3002 inciderunt,
2010 2968 2055 2992 ex
2084 2967 2160 3004 qua
2190 2962 2226 2992 et
2254 2955 2349 2992 aliae
2379 2963 2500 2993 extra-

1428 3023 1523 3048 neae
1557 3009 1766 3059 positiones
1810 3008 2056 3058 antiquorum
2094 3016 2222 3046 ortum
2260 3009 2497 3047 habuerunt:

1428 3064 1518 3112 quia
1546 3063 1685 3100 scilicet
1703 3074 1782 3100 non
1812 3062 2150 3100 consideraverunt
2170 3074 2326 3099 causam
2345 3062 2498 3100 univer-

1428 3118 1547 3155 salem
1566 3117 1680 3154 totius
1710 3115 1816 3162 entis,
1837 3115 1906 3153 sed
1924 3115 2168 3164 particulares
2196 3123 2344 3152 tantum
2365 3128 2500 3154 causas

1427 3169 1951 3230 particularium-effectuum.
1972 3170 2134 3218 Propter
2152 3169 2227 3205 hoc
2248 3169 2363 3216 enim,
2385 3169 2415 3206 si
2435 3168 2500 3206 ali-

1429 3223 1520 3273 quid
1549 3223 1778 3260 invenerunt
1797 3234 1880 3259 esse
1910 3221 2093 3259 nocivum
2114 3221 2224 3258 alicui
2254 3221 2307 3258 rei
2335 3234 2405 3271 per
2422 3222 2500 3260 vir-

1428 3284 1548 3314 tutem
1578 3289 1668 3313 suae
1689 3283 1859 3323 naturae,
1880 3275 2178 3312 aestimaverunt
2198 3282 2373 3312 naturam
2402 3274 2500 3313 illius

308 3340 421 3365 causa
450 3327 575 3364 omnis
596 3326 702 3374 entis,
722 3334 763 3363 ut
792 3338 906 3375 supra
925 3325 945 3347 '¹‘
965 3333 1161 3362 ostensum
1183 3332 1249 3362 est·
1272 3325 1373 3373 Ergo
1400 3321 1406 3374 ἱ
1431 3330 1483 3367 151
1513 3342 1595 3366 esse
1625 3330 1786 3366 malam:
1815 3336 1907 3378 puta
1927 3328 1958 3366 si
1977 3328 2062 3378 quis
2091 3328 2191 3366 dicat
2210 3335 2383 3366 naturam
2405 3327 2501 3376 ignis

362 3448 390 3479 α)
409 3450 456 3472 est.
474 3461 492 3465 —
505 3447 593 3481 suerit
611 3447 721 3471 codices.

362 3481 387 3515 β)
407 3486 454 3507 est.
471 3495 490 3501 -
509 3482 638 3507 Omittunt
656 3482 727 3511 FGa,
747 3487 806 3506 ante
823 3488 890 3514 ergo
904 3486 1005 3513 ponunt
1019 3481 1070 3511 (ΞΕ,
1085 3486 1145 3513 post
1157 3487 1239 3506 causa
1253 3481 1325 3514 ponit
1339 3481 1374 3511 D;

309 3517 385 3543 editio
410 3525 427 3542 a
451 3518 543 3542 omittit
565 3517 603 3546 ei,
627 3522 651 3542 et
676 3522 733 3541 ante
756 3524 837 3542 causa
863 3517 931 3541 addit
955 3516 1026 3548 quod
1050 3519 1103 3546 est;
1126 3517 1146 3541 B
1166 3517 1200 3542 ita
1224 3516 1299 3548 legit:
1326 3516 1375 3541 Est

309 3560 373 3586 ergo
391 3560 521 3578 summum
542 3553 654 3582 malum,
674 3552 746 3585 quod
764 3555 803 3577 est
821 3551 847 3577 ei
864 3552 1022 3584 oppositum,
1042 3552 1114 3584 quod
1131 3558 1214 3577 causa
1232 3555 1271 3577 est
1290 3551 1376 3576 omnis

309 3588 381 3614 mali.

1482 3445 1509 3477 γ)
1526 3451 1576 3476 per
1595 3444 1744 3469 essentiam.
1762 3456 1781 3463 —·
1800 3443 1861 3468 Om.
1881 3443 1944 3468 Pab.

1483 3478 1507 3512 δ)
1528 3479 1583 3504 Sed
1600 3479 1658 3504 hoc.
1676 3493 1695 3498 -
1714 3478 1769 3504 Sed
1788 3478 1814 3503 in
1833 3478 1882 3503 hoc
1901 3479 1931 3503 B.

1484 3515 1507 3548 ε)
1522 3515 1651 3546 primum.
1669 3528 1687 3533 —
1706 3514 1769 3539 Om.
1788 3514 1897 3538 codices.

1483 3549 1508 3582 ζ)
1529 3556 1614 3574 omne.
1632 3563 1651 3568 -
1671 3549 1732 3574 Om.
1751 3549 1779 3574 P.

1483 3586 1511 3618 η)
1530 3592 1658 3620 causaa—
1677 3585 1729 3609 nisi
1741 3591 1794 3617 per
1811 3584 1934 3609 accidens
1953 3583 2022 3609 addit
2041 3585 2071 3611 Β.

2760 1002 2768 1138 tauma-‚⁴⁶0

2522 1519 2533 1530 ’
2542 1518 2626 1547 Qffiss»
2634 1521 2677 1541 m·
2682 1524 2703 1548 31
2710 1525 2736 1546 4·

2523 1625 2741 1682 ξὲἓνῖῑιῗέήὲί
