2768 4178
49 2694 60 2705 ·
88 2692 212 2715 &aaran
240 2691 265 2713 in

47 2719 72 2742 Ε
119 2719 175 2741 σιω
194 2718 267 2740 Paula*

51 2745 68 2768 Β
87 2761 94 2768 .
107 2745 155 2773 11.
170 2751 242 2773 nuper
254 2744 265 2766 1

53 2771 125 2800 eon,
144 2777 196 2801 etp.
215 2777 264 2798 ιιι,

14 3074 30 3079 ,,
50 3058 65 3071 ⁸
78 3058 136 3087 Cap.
150 3063 225 3080 xxvn.

953 252 1221 299 QUAESTIO
1250 253 1392 300 XLIII,
1422 253 1718 291 ARTICULUS
1749 255 1797 291 111

340 331 574 364 conclusiones
598 338 705 363 autem
728 337 821 369 sunt,
850 331 940 372 quod
963 331 1094 362 nomina
1122 331 1204 362 tertii
1233 331 1351 361 ordinis

283 377 431 408 dicuntur
458 376 674 417 temporaliter
696 382 840 411 tantum;
872 375 1002 406 secundi
1030 385 1105 406 vero
1119 399 1126 412 ,
1158 375 1352 406 aeternaliter

282 427 423 458 tantum;
447 421 542 461 primi
558 427 675 457 autem,
692 426 829 460 utroque
844 419 955 450 modo·
973 419 1014 450 Et
1027 420 1076 450 sio
1087 426 1173 460 patet
1186 419 1350 459 responsio

284 465 357 496 satis
381 465 471 495 clara.

342 509 395 540 111.
420 509 455 539 In
479 508 686 549 responsione
701 508 742 538 ad
757 507 899 544 tertium,
925 507 1050 538 adverte
1073 507 1238 547 diligenter
1263 507 1351 547 quod

284 553 365 584 duae
388 552 611 593 responsiones
638 553 681 583 ibi
710 553 800 583 datae
823 561 890 582 non
913 550 1060 582 differunt
1089 551 1122 581 in
1152 561 1287 582 numero
1311 551 1351 580 si-

283 597 514 638 gnificatorum,
531 597 687 638 quoniam
700 596 878 627 secundum
892 602 1059 636 utramque
1075 595 1184 626 missio
1202 595 1353 636 importat

283 641 522 682 processionem
544 651 562 671 a
584 640 751 681 principio,
777 646 807 670 et
830 639 1002 670 terminum
1026 650 1082 670 seu
1106 639 1253 670 effectum
1273 646 1351 670 tem-

283 685 446 726 poralem:
481 685 536 716 sed
558 685 591 715 in
614 684 765 725 qualitate
796 694 852 714 seu
883 683 986 723 specie
1017 684 1237 724 processionis.
1268 684 1352 713 Nam

283 730 386 770 prima
409 729 573 770 responsio
596 728 731 759 intendit
753 728 842 769 quod
865 727 974 759 missio
998 728 1149 769 importat
1176 727 1352 769 processio-

284 783 359 804 nem
386 773 421 804 in
444 773 609 804 communi
632 772 665 803 in
689 772 862 803 terminum
885 773 1111 813 temporalem:
1137 773 1275 803 secunda
1298 782 1352 802 au-

283 824 349 848 tem
371 817 507 848 intendit
533 817 622 858 quod
645 817 755 847 missio
778 817 911 847 includit
934 817 1170 857 processionem
1194 823 1353 847 aeternam

284 868 315 893 et
338 861 484 892 effectum
507 861 726 902 temporalem.

2392 265 2471 302 447

1463 332 1504 362 Et
1522 332 1602 363 hanc
1620 332 1861 373 responsionem
1876 333 2047 363 secundam
2063 332 2197 372 praefert
2214 335 2336 364 Auctor
2350 333 2472 374 primae
2518 366 2524 371 ,

1405 386 1442 406 ex
1464 376 1542 412 hoc,
1567 376 1642 417 quia
1665 376 1818 407 habitudo
1842 377 1965 407 divinae
1989 377 2145 407 Personae
2175 377 2215 407 ad
2239 387 2334 408 suurn
2357 377 2471 417 princi-

1406 419 1497 459 pium
1516 427 1562 451 est
1580 431 1644 451 una
1663 427 1797 457 tantum,
1820 421 1874 451 illa
1897 421 2012 452 scilicet
2036 431 2100 462 qua
2118 421 2311 452 aeternaliter
2330 421 2472 461 procedit

1406 464 1443 494 ab
1468 473 1526 495 eo:
1557 465 1733 495 secundum
1761 471 1868 495 autem
1891 465 2028 505 primam
2051 465 2308 505 responsionem,
2332 466 2471 496 Persona

1406 508 1510 545 missa,
1531 515 1608 548 puta
1631 508 1740 545 Filius,
1758 515 1880 549 praeter
1902 509 2112 549 generationis
2131 516 2320 549 respectum,
2340 509 2471 539 refertur

1406 553 1445 582 ad
1468 553 1593 583 Patrem
1617 559 1652 583 ut
1675 553 1852 584 mittentem
1871 553 1978 593 ipsum
2001 553 2034 583 in
2058 553 2229 583 terminum
2251 553 2469 593 temporalem,

1405 603 1482 636 puta
1505 603 1702 637 assumptam
1725 607 1859 628 carnem.
1881 597 1923 628 Et
1945 597 1985 627 ad
2008 597 2069 627 hoc
2093 596 2356 634 confirmandum,
2374 607 2471 637 expo-

1406 640 1491 670 nitur
1513 640 1672 672 distinctio
1695 651 1777 682 quae
1802 640 1838 672 fit
1856 641 1894 671 de
1913 641 2040 681 gemina
2062 641 2280 681 processione,
2304 641 2472 681 temporali

1406 684 1522 715 scilicet
1545 691 1575 715 et
1598 692 1740 721 aeterna;
1769 685 1858 726 quod
1885 685 1928 715 ibi
1951 695 2018 715 non
2045 685 2222 725 geminatur
2248 692 2408 726 respectus
2431 685 2472 715 ad

1406 728 1607 768 principium,
1633 729 1688 759 sed
1707 730 1746 760 ad
1765 729 1954 765 terminum,
1979 729 2134 770 quoniam
2157 730 2234 760 alter
2252 736 2299 760 est
2317 736 2470 765 aeternus,

1407 773 1484 803 alter
1502 773 1694 813 temporalis.

1465 817 1507 847 Et
1528 817 1609 847 hanc
1633 818 1804 848 secundam
1823 817 2064 858 responsionem
2084 824 2218 848 sectatur
2241 820 2361 848 Auctor
2385 827 2472 848 com—

1407 867 1554 891 mumter.

1093 1024 1410 1066 ARTICULUS
1439 1024 1668 1066 TERTIUS

406 1123 563 1155 UTRUM
586 1122 725 1154 MISSIO
750 1122 981 1153 INVISIBILIS
1005 1121 1694 1196 ΒΙνίΝΑὲἔξΊῌῧῧΝΡᾼξρῗὲᾯνὲἕῇυΜ
1718 1121 1954 1153 SECUNDUM
1978 1121 2135 1155 DONUM
2159 1121 2350 1152 GRATIAE

1142 1249 1151 1273 Ι
1171 1249 1254 1278 Sent„
1275 1249 1334 1273 dist.
1353 1256 1403 1279 x1V,
1423 1256 1467 1281 qu.
1487 1256 1514 1278 n,
1533 1254 1580 1274 art.
1601 1256 1624 1273 2.

289 1354 292 1357 '
318 1364 381 1405 {aa}
406 1371 474 1409 «ἴ
499 1362 522 1386 n
540 1360 701 1386 ’rem-mm
725 1359 778 1385 slc
798 1358 1038 1384 PRocanrrun.
1066 1345 1226 1383 Videtur
1254 1346 1357 1394 quod

312 1391 468 1459 522⁴
500 1401 630 1439 missio
660 1399 856 1438 invisibilis
884 1399 1037 1437 divinae
1061 1399 1254 1436 Personae
1278 1410 1357 1435 non

303 1458 317 1506 ᾗ
435 1439 546 1494 'rsit
581 1455 707 1492 solum
742 1455 954 1491 secundum
995 1453 1143 1490 donum
1168 1458 1185 1473 α
1218 1451 1356 1500 gratiae

307 1506 325 1515 ”
344 1502 439 1544 ’.Ψ””””
455 1499 485 1541 *a
500 1515 648 1556 gratum
670 1507 852 1551 facientis.
882 1506 1064 1543 Divinam
1094 1505 1197 1542 enirn
1222 1506 1357 1542 Perso-

285 1557 378 1599 nam
402 1560 510 1609 mitti,
531 1569 588 1598 est
606 1561 731 1610 ipsam
752 1559 898 1597 donari.
929 1559 968 1596 Si
988 1558 1098 1607 igitur
1117 1558 1247 1596 divina
1266 1559 1356 1595 Per-

286 1626 383 1651 sona
410 1613 568 1651 mittitur
595 1615 722 1651 solum
751 1613 964 1650 secundum
994 1613 1096 1650 dona
1116 1612 1256 1660 gratiae
1276 1624 1357 1660 gra-

285 1673 369 1704 tum
396 1666 578 1715 facientis,
599 1679 678 1704 non
700 1666 904 1704 donabitur
922 1666 1004 1715 ipsa
1022 1666 1194 1702 Persona
1215 1665 1355 1713 divina,

287 1719 355 1758 sed
374 1720 508 1758 solum*
530 1721 632 1758 dona
652 1720 733 1757 eius
751 1718 778 1758 β.
812 1720 930 1767 Quod
950 1726 1006 1756 est
1025 1731 1131 1756 error
1150 1719 1356 1756 dicentium

287 1773 470 1824 Spiritum
500 1775 683 1812 Sanctum
710 1786 791 1811 non
819 1773 912 1820 dari,
941 1773 1009 1810 sed
1039 1772 1118 1809 eius
1144 1772 1258 1810 dona.

342 1838 378 1864 2.
406 1827 641 1874 PRAETEREA,
671 1827 767 1864 haec
795 1826 1028 1876 praepositio
1056 1826 1261 1863 secundum
1291 1825 1358 1863 de-

287 1885 394 1918 notat
419 1880 684 1918 habitudinem
713 1879 870 1917 alicuius
899 1891 1046 1917 causae.
1082 1878 1159 1916 Sed
1187 1879 1358 1916 Persona

288 1933 418 1973 divina
446 1941 502 1971 est
529 1945 644 1971 causa
672 1933 777 1983 quod
814 1933 1001 1970 habeatur
1037 1932 1184 1970 donum
1217 1932 1356 1980 gratiae

287 1995 436 2037 gratum
465 1986 651 2035 facientis,
682 1994 717 2024 et
744 1998 823 2023 non
852 1999 873 2023 e
902 1998 1113 2033 converso;
1142 1986 1357 2023 secundum

288 2040 378 2079 illud
411 2042 524 2078 Rom.
544 2053 569 2077 v
587 2040 623 2078 *:
658 2040 807 2078 Caritas
843 2039 919 2077 Dei
949 2039 1088 2089 diffusa
1120 2044 1175 2076 est
1205 2039 1242 2076 in
1277 2051 1359 2076 cor-

287 2095 396 2132 dibus
423 2094 558 2131 nostris
579 2105 653 2143 per
679 2093 859 2142 Spiritum
880 2094 1072 2139 Sanctum,
1093 2092 1159 2141 qui
1180 2093 1288 2129 datus
1307 2098 1362 2129 est

288 2148 405 2186 nobis.
437 2148 539 2196 Ergo
567 2146 883 2184 inconvenienter
911 2145 1045 2183 dicitur
1066 2145 1170 2195 quod
1190 2146 1360 2182 Persona

289 2200 419 2240 divina
447 2201 662 2238 secundum
701 2200 803 2237 dona
839 2198 980 2248 gratiae
1012 2206 1162 2247 gratum
1191 2198 1360 2236 facientis

288 2254 467 2293 mittatur.

345 2309 380 2345 3.
408 2308 644 2353 PRAETEREA,
673 2305 907 2354 Augustinus
937 2305 1036 2352 dicit,
1067 2306 1118 2342 IV
1139 2306 1185 2342 de
1208 2306 1244 2341 T
1239 2305 1310 2342 rin.
1327 2304 1359 2352 ²⁸,

288 2361 395 2412 quod
423 2360 539 2397 Filius
553 2390 562 2408 ,
591 2372 678 2397 cum
706 2371 757 2396 ex
784 2365 952 2407 tempore
986 2364 1109 2395 mente
1129 2359 1358 2406 percipitur,

288 2413 391 2465 mitti·
410 2414 557 2451 dicitur.
594 2412 672 2450 Sed
701 2412 818 2449 Filius
853 2412 1094 2462 cognoscitur
1128 2424 1207 2448 non
1234 2412 1359 2448 solum

288 2479 358 2517 per
385 2466 544 2515 gratiam
568 2474 716 2514 gratum
736 2465 950 2511 facientem,
972 2465 1039 2502 sed
1061 2464 1172 2501 etiam
1192 2477 1261 2513 per
1279 2476 1360 2512 gra-

288 2521 382 2559 tiam
410 2519 522 2568 gratis
551 2521 692 2564 datam,
722 2518 818 2555 sicut
850 2530 919 2566 per
946 2517 1065 2555 fidem
1095 2525 1132 2554 et
1150 2530 1218 2566 per
1242 2517 1361 2554 scien-

290 2574 392 2611 tiam.
422 2573 516 2610 Non
544 2584 634 2620 ergo
663 2573 834 2608 Persona
862 2571 991 2608 divina
1011 2570 1166 2608 mittitur
1184 2576 1198 2596 ⁷
1227 2582 1360 2607 secun-

291 2627 387 2665 dum
415 2626 538 2663 solam
566 2624 722 2673 gratiam
751 2632 899 2672 gratum
927 2624 1140 2661 facientem.

345 2692 382 2728 4.
412 2680 656 2725 PRAETEREA,
688 2678 870 2714 Rabanus
904 2677 994 2714 dicit
1020 2676 1040 2698 '¹‘
1068 2676 1174 2725 quod
1204 2676 1361 2725 Spiritus

295 2735 456 2772 Sanctus
484 2731 595 2769 datus
624 2738 680 2767 est
707 2729 900 2779 Apostolis
933 2730 982 2767 ad
1011 2729 1273 2779 operationem
1293 2729 1362 2766 mi-

293 2786 523 2825 raculorum.
555 2785 642 2821 Hoc
677 2791 805 2821 autem
838 2796 917 2820 non
953 2791 1007 2820 est
1041 2783 1188 2820 donum
1222 2782 1361 2831 gratiae

294 2848 443 2890 gratum
470 2837 661 2884 facientis,
692 2837 760 2874 sed
788 2836 928 2884 gratiae
961 2836 1072 2884 gratis
1102 2836 1223 2873 datae.
1244 2836 1360 2883 vErgo

294 2895 465 2931 Persona
493 2891 622 2929 divina
650 2902 729 2927 non
758 2891 884 2926 solum
914 2889 1024 2927 datur
1048 2889 1262 2926 secundum
1282 2901 1363 2936 gra-

294 2947 386 2985 tiam
415 2952 564 2994 gratum
592 2944 806 2981 facientem.
1157 2942 1160 2945 “

350 3001 424 3037 SED
454 3010 600 3036 CONTRA
628 3009 693 3034 EST
726 2995 831 3045 quod
856 2995 1088 3044 Augustinus
1109 2994 1207 3041 dicit,
1229 2995 1300 3031 XV
1319 2995 1364 3031 de

299 3054 336 3091 T
332 3053 404 3090 rin.
423 3051 455 3098 ²¹²,
485 3050 591 3100 quod
619 3050 777 3099 Spiritus
797 3050 955 3086 Sanctus
977 3048 1150 3097 procedit
1174 3055 1364 3096 tempora-

296 3106 378 3143 liter
405 3105 457 3142 ad
481 3104 790 3152 sanctificandam
820 3107 1046 3139 creaturam.
1078 3100 1210 3138 Missio
1235 3109 1363 3137 autem

298 3167 352 3196 est
379 3157 598 3206 temporalis
621 3156 826 3205 processio,
859 3155 959 3192 Cum
987 3154 1098 3202 igitur
1116 3154 1363 3191 sanctificatio

298 3219 491 3249 creaturae
520 3223 600 3247 non
625 3210 670 3246 sit
689 3209 758 3246 nisi
777 3221 845 3258 per
864 3208 1021 3256 gratiam
1050 3215 1198 3256 gratum
1226 3207 1364 3244 facien-

296 3273 387 3311 tem,
418 3263 587 3312 sequitur
615 3263 720 3312 quod
749 3261 879 3299 missio
901 3261 1051 3298 divinae
1072 3261 1263 3297 Personae
1284 3272 1363 3297 non

297 3318 343 3355 sit
370 3317 442 3354 nisi
468 3329 537 3365 per
563 3316 721 3364 gratiam
749 3323 898 3363 gratum
927 3313 1140 3351 facientem.

351 3431 378 3463 α)
399 3431 508 3455 donum.
524 3443 544 3449 —-
561 3429 634 3454 dona
651 3429 798 3454 ABCDEG.

353 3465 377 3499 β)
397 3466 444 3491 sed
462 3466 546 3490 solum
567 3465 638 3490 dona
657 3465 722 3490 eius.
739 3478 758 3483 -
775 3464 823 3489 sed
838 3464 908 3489 dona
922 3464 979 3489 eius
993 3463 1105 3488 codices.
1123 3476 1142 3481 -
1161 3462 1212 3486 Pro
1227 3469 1279 3487 non
1295 3462 1365 3492 dari,

298 3509 350 3527 non
370 3501 469 3526 donari
487 3500 559 3525 FGa.
1251 3524 1255 3528 .

351 3537 378 3570 γ)
397 3537 458 3561 Non
478 3543 544 3569 ergo
563 3536 682 3560 Persona
701 3534 793 3560 divina
807 3534 933 3559 mittitur.
951 3549 968 3554 —
988 3535 1063 3567 Ergo
1076 3534 1194 3559 Persona
1208 3533 1300 3558 divina
1314 3540 1365 3557 non

298 3573 384 3598 solum
398 3573 481 3597 datur
493 3572 534 3596 ed.
547 3578 579 3601 a‚·
597 3571 682 3595 solum
701 3575 762 3603 post
775 3577 841 3603 ergo
855 3570 952 3595 addunt
965 3570 1034 3599 FGb,
1049 3575 1109 3602 post
1122 3568 1239 3594 mittitur
1254 3569 1338 3593 ceteri.
1349 3583 1368 3588 -

298 3609 383 3633 solam
401 3615 455 3632 om.
474 3607 576 3632 codices
595 3611 621 3631 et
638 3606 690 3630 ab.

1466 1346 1690 1382 RESPONDEO
1724 1357 1908 1383 D1CENDUM
1951 1346 2056 1394 quod
2094 1345 2244 1383 divinae
2281 1347 2472 1383 Personae

1412 1398 1592 1435 convenit
1611 1397 1718 1445 mitti,
1735 1399 1947 1436 secundum
1968 1399 2072 1448 quod
2092 1411 2195 1436 novo
2217 1400 2334 1436 modo
2356 1399 2475 1436 existit

1411 1451 1450 1488 in
1479 1450 1623 1499 aliquo;
1653 1451 1734 1488 dari
1767 1459 1911 1499 autem,
1941 1452 2154 1489 secundum
2183 1452 2287 1501 quod
2315 1453 2476 1489 habetur

1411 1505 1459 1540 ab
1488 1504 1628 1553 aliquo.
1658 1505 1846 1541 Neutrum
1867 1513 1995 1542 autem
2014 1506 2153 1542 horum
2179 1513 2234 1542 est
2253 1505 2323 1542 nisi
2342 1518 2474 1542 secun-

1411 1557 1504 1594 dum
1529 1558 1686 1605 gratiam
1715 1565 1863 1606 gratum
1892 1558 2104 1595 facientem.
2134 1559 2202 1595 Est
2222 1558 2323 1595 enirn
2342 1571 2442 1595 unus
2461 1555 2475 1579 δ

1412 1610 1627 1648 communis
1647 1611 1787 1648 modus
1806 1624 1883 1659 quo
1904 1612 2008 1648 Deus
2028 1619 2084 1648 est
2102 1611 2140 1648 in
2161 1611 2339 1648 omnibus
2363 1612 2475 1648 rebus

1409 1676 1479 1712 per
1514 1664 1738 1711 essentiam,
1775 1664 1985 1713 potentiam
2015 1672 2050 1701 et
2078 1664 2351 1713 praesentiam,
2382 1665 2476 1701 sicut

1412 1729 1526 1754 causa
1540 1717 1579 1754 in
1594 1717 1790 1754 effectibus
1800 1717 2110 1766 participantibus
2124 1718 2332 1754 bonitatem
2347 1717 2474 1766 ipsius.

1413 1771 1537 1819 Super
1556 1771 1670 1808 istum
1690 1771 1854 1808 modum
1874 1766 2002 1808 autem
2022 1783 2283 1818 communem,
2305 1778 2359 1807 est
2377 1783 2476 1807 unus

1412 1823 1585 1872 specialis
1599 1830 1627 1871 ⁵,
1648 1824 1712 1873 qui
1733 1824 1913 1861 convenit
1928 1832 2120 1861 creaturae
2141 1823 2323 1872 rationali,
2344 1823 2382 1860 in
2402 1837 2477 1873 qua

1412 1878 1518 1914 Deus
1547 1877 1681 1914 dicitur
1709 1889 1791 1914 esse
1817 1877 1911 1914 sicut
1936 1877 2127 1925 cognitum
2156 1877 2195 1914 in
2224 1885 2476 1925 cognoscente

1413 1938 1448 1967 et
1477 1938 1649 1967 amatum
1677 1930 1716 1967 in
1743 1938 1907 1968 amante.
1938 1931 1987 1967 Et
2015 1930 2114 1980 quia,
2145 1930 2412 1978 cognoscendo
2442 1938 2478 1967 et

1413 1983 1602 2031 amando,
1638 1991 1807 2021 creatura
1844 1983 2034 2020 rationalis
2067 1996 2136 2020 sua
2170 1983 2390 2032 operatione
2425 1991 2478 2020 at-

1412 2037 1519 2085 tingit
1537 2037 1586 2074 ad
1605 2036 1729 2086 ipsum
1749 2038 1891 2084 Deum,
1908 2037 2119 2074 secundum
2139 2037 2253 2074 istum
2273 2036 2478 2086 specialem

1413 2090 1576 2128 modum
1604 2091 1710 2127 Deus
1742 2102 1821 2127 non
1849 2091 1974 2127 solum
1996 2090 2129 2127 dicitur
2148 2102 2231 2126 esse
2250 2089 2288 2126 in
2309 2096 2479 2126 creatura

1413 2143 1596 2191 rationali,
1618 2143 1686 2180 sed
1706 2143 1820 2180 etiam
1844 2143 2013 2180 habitare
2032 2143 2070 2180 in
2090 2155 2136 2180 ea
2154 2143 2250 2180 sicut
2277 2142 2314 2179 in
2335 2143 2478 2191 templo

1414 2210 1497 2233 suo.
1538 2197 1600 2234 Sic
1628 2196 1736 2245 igitur
1764 2196 1887 2233 nullus
1920 2196 2014 2233 alius
2049 2196 2205 2233 effectus
2237 2203 2363 2244 potest
2397 2208 2480 2232 esse

1414 2250 1507 2287 ratio
1529 2250 1632 2298 quod
1657 2249 1785 2287 divina
1803 2250 1974 2286 Persona
2002 2249 2048 2286 sit
2075 2261 2180 2286 novo
2209 2248 2328 2285 modo
2357 2248 2396 2285 in
2424 2261 2481 2285 ra-

1414 2303 1544 2340 tionali
1565 2311 1746 2349 creatura,
1777 2302 1846 2340 nisi
1874 2303 1990 2350 gratia
2018 2310 2165 2350 gratum
2185 2301 2337 2338 faciens.
2367 2302 2480 2339 Unde

1415 2356 1627 2393 secundum
1652 2357 1775 2393 solam
1799 2356 1957 2404 gratiam
1977 2363 2125 2403 gratum
2155 2355 2366 2401 facientem,
2396 2355 2480 2391 mit-

1413 2410 1502 2446 titur
1531 2417 1566 2446 et
1593 2409 1766 2458 procedit
1796 2409 2054 2457 temporaliter
2081 2409 2251 2445 Persona
2285 2407 2424 2445 divina.
2455 2429 2478 2435 -

1416 2462 1594 2499 Similiter
1620 2462 1710 2499 illud
1739 2462 1863 2498 solum
1891 2462 2032 2498 habere
2061 2461 2234 2507 dicimur,
2264 2473 2340 2509 quo
2363 2461 2480 2497 libere

1413 2527 1620 2564 possumus
1648 2514 1701 2551 uti
1729 2515 1790 2551 vel
1819 2514 1902 2551 frui.
1933 2515 2085 2551 Habere
2105 2521 2233 2550 autem
2253 2521 2480 2562 potestatem

1414 2568 1562 2605 fruendi
1583 2567 1713 2605 divina
1739 2569 1918 2614 Persona,
1941 2574 1996 2604 est
2015 2567 2140 2603 solum
2160 2567 2371 2604 secundum
2399 2579 2480 2615 gra-

1414 2621 1504 2657 tiam
1523 2628 1671 2668 gratum
1692 2620 1904 2658 facientem.
1925 2641 1949 2647 -
1971 2620 2048 2657 Sed
2066 2627 2196 2656 tamen
2216 2620 2254 2656 in
2272 2616 2358 2668 ipso*
2375 2620 2479 2657 dono

1415 2674 1553 2722 gratiae
1574 2681 1721 2721 gratum
1746 2673 1925 2720 facientis,
1948 2673 2107 2722 Spiritus
2128 2673 2288 2710 Sanctus
2307 2673 2478 2720 habetur,

1417 2734 1452 2763 et
1470 2727 1653 2764 inhabitat
1672 2726 1882 2764 hominem.
1903 2726 2015 2764 Unde
2035 2726 2196 2774 ipsemet
2211 2725 2370 2775 Spiritus
2387 2727 2480 2763 San-

1417 2788 1498 2817 ctus
1527 2780 1635 2817 datur
1655 2779 1669 2805 t
1697 2787 1733 2816 et
1760 2779 1927 2816 mittitur.

1470 2835 1528 2870 AD
1563 2845 1700 2870 PRIMUM
1737 2843 1835 2869 ERGO
1872 2844 2056 2870 mcENDUM
2089 2831 2195 2880 quod
2231 2843 2299 2880 per
2333 2832 2482 2869 donum*

1417 2886 1555 2934 gratiae
1583 2893 1732 2934 gratum
1761 2885 1929 2922 facientis
1956 2884 2147 2934 perficitur
2169 2892 2338 2921 creatura
2370 2884 2481 2921 ratio-

1417 2939 1521 2987 nalis,
1551 2939 1599 2975 ad
1627 2939 1702 2975 hoc
1730 2939 1835 2987 quod
1863 2938 1979 2975 libere
2009 2950 2088 2974 non
2116 2938 2240 2974 solum
2268 2937 2351 2986 ipso
2377 2938 2480 2975 dono

1418 3000 1542 3029 creato
1561 2999 1698 3038 utatur,
1720 2991 1787 3028 sed
1806 2998 1848 3028 ut
1863 2991 1882 3014 η’
1894 2991 1976 3040 ipsa
1996 2990 2124 3028 divina
2143 2991 2311 3027 Persona
2325 2991 2479 3028 fruatur.

1418 3047 1466 3082 Et
1493 3045 1580 3082 ideo
1609 3045 1739 3081 missio
1767 3044 1962 3082 invisibilis
1985 3041 1998 3064 ⁰
2024 3044 2067 3081 fit
2094 3044 2306 3081 secundum
2335 3044 2481 3080 donum

1418 3098 1556 3147 gratiae
1584 3105 1732 3145 gratum
1759 3097 1944 3144 facientis,
1974 3106 2010 3134 et
2037 3104 2165 3134 tamen
2197 3097 2279 3146 ipsa
2312 3098 2483 3142 Persona

1419 3151 1547 3189 divina
1575 3151 1694 3188 datur.

1471 3206 1529 3241 An
1558 3215 1747 3241 SECUNDUM
1774 3215 1958 3240 DlCENDuM
1987 3204 2091 3251 quod
2119 3202 2235 3251 gratia
2260 3210 2406 3250 gratum
2429 3203 2482 3239 fa-

1419 3258 1521 3294 ciens
1537 3257 1704 3306 disponit
1718 3256 1887 3293 animam
1907 3256 1956 3293 ad
1975 3257 2192 3294 habendam
2207 3255 2376 3293 divinam
2392 3257 2482 3293 Per-

1419 3323 1571 3348 sonam:
1602 3318 1638 3347 et
1657 3309 1887 3358 significatur
1904 3310 1991 3357 hoc,
2013 3321 2101 3346 cum
2122 3308 2256 3346 dicitur
2275 3309 2381 3357 quod
2401 3309 2484 3357 Spi-

1472 3425 1496 3457 3)
1517 3433 1593 3449 unus.
1612 3438 1631 3444 --
1649 3425 1710 3449 Om.
1730 3425 1774 3449 Pb.

1473 3462 1494 3493 ε)
1513 3460 1643 3492 specialis.
1661 3474 1680 3479 —
1697 3460 1820 3492 specialis
1838 3460 1933 3485 modus
1945 3460 1976 3489 Α,
1991 3458 2085 3484 modus
2097 3458 2219 3491 specialis·
2230 3458 2260 3483 B.
2277 3471 2297 3478 ·-
2314 3458 2365 3483 Pro
2379 3461 2485 3483 creatu-

1420 3503 1473 3525 rae,
1493 3496 1575 3520 alicui
1593 3499 1708 3520 naturae
1726 3496 1755 3526 B,
1775 3498 1890 3520 naturae
1909 3495 1938 3520 P.

1471 3531 1497 3563 ζ)
1516 3532 1606 3556 datur.
1623 3544 1643 3549 —
1661 3534 1687 3555 et
1706 3530 1788 3555 datur
1805 3529 1929 3555 ACDEG.

1472 3567 1499 3598 η)
1520 3570 1556 3591 ut.
1575 3580 1593 3585 —
1611 3566 1691 3591 etiam
1711 3566 1762 3597 BC,
1781 3569 1807 3590 et
1826 3566 1854 3595 E,
1873 3566 1953 3590 etiam
1973 3568 2002 3590 ut
2021 3565 2052 3590 G.

1473 3600 1496 3635 0)
1518 3601 1665 3627 invisibilis.
1682 3616 1703 3620 -
1720 3601 1831 3626 visibilis
1849 3601 1960 3626 codices.
