2768 4178
324 258 375 294 74

379 326 446 356 XII.
472 326 512 356 Et
536 325 690 366 quoniam
721 325 836 355 eodem
860 325 960 355 modo
985 331 1093 365 posset
1116 325 1206 366 quis,
1232 326 1395 366 sequendo

324 371 465 406 Scotum,
491 380 620 410 arguere
638 370 675 399 de
700 379 776 406 esse,
795 369 875 400 sicut
900 369 1002 409 arguit
1018 370 1057 400 de
1081 369 1200 406 forma;
1226 370 1298 400 ideo
1322 370 1394 400 dico

81 421 296 449 ·Cf.num.praec.
322 415 462 446 secundo
478 412 503 450 *‚
529 414 618 455 quod
634 414 814 455 infinitum,
839 414 920 444 sicut
944 421 975 444 et
998 415 1223 451 immateriale,
1241 421 1287 444 est
1307 424 1395 454 prae-

323 459 463 490 dicatum
487 458 686 498 negativum,
711 457 990 497 fundamentaliter
1012 465 1119 489 tamen
1143 458 1329 498 positivum.
1355 459 1396 489 Et

322 504 403 534 sicut
418 503 594 543 positivum
613 503 759 534 clausum
773 503 806 533 in
820 503 853 544 ly
868 503 1092 540 immateriale,
1107 502 1229 543 optime
1242 503 1396 543 probatur

322 559 359 579 ex
375 547 509 578 naturali
526 547 693 588 negatione
717 547 875 583 materiae,
896 554 962 578 tam
981 554 1052 578 actu
1068 557 1167 588 quam
1186 547 1218 577 in
1234 547 1394 587 potentia;

321 593 364 623 ita
387 592 561 632 positivum
585 592 730 622 clausum
754 592 786 622 in
810 590 1039 632 significatione
1062 591 1176 622 infiniti
1199 591 1393 632 simpliciter,

322 636 443 677 optime
467 636 701 667 demonstratur
729 636 898 667 convenire
921 637 1008 672 Deo,
1034 646 1071 666 ex
1095 635 1264 676 negatione
1287 636 1393 667 termi-

322 691 439 711 norum
462 681 688 717 essentialium,
709 687 745 712 ut
767 680 801 711 in
824 680 926 712 littera
949 680 993 711 fit.
1020 680 1113 711 Unde
1138 681 1280 711 concedo
1304 681 1394 722 quod

321 735 389 756 esse
411 725 500 765 prius
524 732 635 756 natura
666 732 712 756 est
741 725 775 755 in
803 725 908 766 seipso
941 731 1045 755 tantae
1069 724 1286 765 perfectionis,
1317 731 1394 765 puta

320 769 427 801 finitae
445 770 495 800 vel
518 769 668 806 infinitae,
689 779 788 811 quam
807 769 846 801 sit
860 769 1040 809 receptibile
1064 776 1119 799 aut
1138 769 1345 809 irreceptibile
1361 769 1394 799 in

277 828 292 839 r
319 814 382 845 hoc
405 814 456 845 vel
478 813 550 845 ino:
577 824 652 845 cum
674 814 737 845 hoc
760 821 868 845 tamen
885 813 958 844 dico
978 814 1067 855 quod
1087 813 1164 844 haec
1188 813 1254 844 duo
1277 820 1394 844 mutuo

320 869 353 889 se
372 865 625 900 consequuntur;
651 859 694 889 ita
716 859 806 900 quod
827 858 851 889 si
872 868 939 889 esse
956 865 1003 889 est
1019 858 1153 888 omnino
1173 857 1392 898 irrecepfibile,

321 910 367 934 est
389 902 551 934 infinitum
575 903 767 944 simpliciter,
786 910 816 934 et
833 913 850 934 e
869 912 1040 938 converso;
1067 909 1097 933 et
1121 902 1273 938 similiter,
1299 902 1324 932 si
1348 908 1394 932 est

1034 246 1303 292 QUAESTIO
1333 246 1423 293 VII,
1454 246 1752 284 ARTICULUS
1784 247 1814 283 II

1452 325 1589 362 finitum,
1615 333 1661 356 est
1684 327 1874 367 receptibile,
1900 334 1930 357 et
1947 338 1962 357 e
1980 337 2142 358 converso.
2169 328 2209 358 Et
2233 335 2400 369 propterea
2423 336 2529 369 potest

1452 370 1540 410 argui
1565 381 1583 400 a
1606 371 1820 402 destructione
1845 372 2056 402 antecedentis
2081 373 2120 402 ad
2146 373 2394 403 destructionem
2418 384 2527 405 conse-

1452 415 1587 455 quentis,
1613 416 1732 456 absque
1752 416 1956 456 sophismate,
1978 423 2014 447 ut
2029 417 2062 446 in
2080 416 2337 448 convertibilibus
2361 418 2525 458 contingit.

1451 477 1471 481 -
1487 459 1528 489 Et
1551 460 1596 491 sic
1618 467 1705 500 patet
1727 461 1894 500 responsio
1919 461 1958 491 ad
1982 461 2126 492 Scotum.

1461 514 1466 520 ·
1506 503 1590 535 XIII.
1607 505 1659 534 Ad
1674 504 1707 535 id
1725 515 1801 535 vero
1825 506 1915 546 quod
1940 505 2051 536 novitii
2067 505 2222 536 obiiciunt
2237 505 2263 541 *‚
2288 515 2325 535 ex
2349 506 2439 537 dictis
2462 506 2527 536 iam

1450 554 1557 588 patere
1580 555 1696 588 potest.
1727 549 1794 579 Iam
1818 549 1905 580 enim
1933 556 2099 581 ostensum
2122 557 2168 581 est
2182 550 2213 569 *χ
2224 550 2313 591 quod
2337 550 2527 581 omnimoda

1451 592 1576 632 negatio
1600 593 1790 634 receptionis
1813 593 1915 634 ipsius
1931 604 2008 631 esse,
2029 594 2181 625 fundatur
2200 604 2296 634 super
2311 593 2434 625 infinita
2457 605 2528 635 per-

1451 636 1587 667 fectione
1611 637 1806 678 simpliciter.

1506 681 1548 711 Et
1570 682 1696 713 adverte
1727 692 1827 723 quam
1859 683 2001 714 formalis
2031 691 2061 714 et
2089 693 2125 714 ex
2154 683 2290 724 propriis
2321 683 2464 714 doctrina
2488 683 2528 714 sit

1450 735 1475 755 s.
1493 725 1651 757 Thomae.
1683 727 1731 757 De
1755 727 1907 758 essentiae
1931 738 2071 769 namque
2100 727 2254 759 infinitate
2280 738 2395 768 agens,
2420 737 2526 758 essen-

1450 769 1538 800 tiales
1554 770 1708 802 terminos
1724 778 1851 802 tantum
1874 772 2032 809 lustravit;
2057 783 2115 803 nec
2135 773 2293 813 digressus
2317 779 2364 803 est
2386 773 2427 803 ad
2450 782 2525 803 con-

1450 813 1650 852 comitantia,
1679 825 1777 855 penes
1802 826 1887 860 quae
1915 817 2088 847 attenditur
2116 816 2254 848 infinitas
2287 817 2448 858 potentiae
2471 823 2527 847 aut

1449 858 1626 908 intellectus
1657 867 1712 890 aut
1742 860 1934 897 voluntatis,
1965 868 2001 892 ut
2031 861 2083 891 alii
2113 862 2220 892 minus
2251 861 2446 902 perspicaces
2477 861 2523 891 fa-

1450 909 1546 933 ciunt.

1096 1066 1416 1108 ARTICULUS
1447 1066 1750 1109 SECUNDUS

558 1171 714 1201 UTRUM
738 1170 918 1207 ALIQUID
943 1169 1076 1200 ALIUD
1103 1170 1229 1207 QUAM
1249 1170 1361 1200 DEUS
1385 1169 1534 1201 POSSIT
1559 1170 1660 1202 ESSE
1685 1171 1914 1202 INFINITUM
1938 1171 2021 1202 PER
2044 1171 2288 1203 ESSENTIAM

400 1258 473 1288 Infra,
493 1265 538 1290 qu.
556 1265 580 1288 ι,
599 1262 646 1282 art.
663 1265 685 1288 2,
706 1258 738 1282 ad
756 1265 787 1288 4;
808 1257 847 1288 111,
867 1265 911 1289 (ιιι.
925 1265 949 1286 x,
969 1262 1016 1282 art.
1030 1256 1054 1287 3,
1073 1257 1105 1282 ad
1126 1264 1150 1288 2,
1171 1257 1199 1288 3;
1219 1257 1228 1281 1
1248 1257 1331 1286 Sent„
1351 1257 1411 1282 dist.
1425 1265 1496 1286 mu,
1515 1265 1562 1290 qu.
1576 1265 1594 1288 1,
1614 1262 1660 1282 art.
1677 1265 1705 1287 2;
1726 1258 1768 1284 De
1788 1258 1876 1288 Verit.,
1897 1266 1941 1291 qu.
1961 1266 2026 1290 xxu,
2046 1263 2093 1283 art.
2111 1258 2139 1290 3;
2161 1259 2259 1289 Quodl.
2278 1259 2326 1291 IX,
2346 1264 2393 1286 art.
2416 1267 2444 1291 ¹3
2476 1270 2482 1272 ·

946 1293 982 1321 X,
1003 1300 1048 1325 qu.
1062 1300 1095 1323 11,
1116 1297 1161 1317 art.
1180 1300 1201 1323 1,
1221 1293 1253 1317 ad
1274 1300 1303 1323 2;
1324 1292 1377 1323 XII,
1397 1301 1442 1325 qu.
1457 1300 1483 1322 11,
1503 1293 1535 1318 ad
1556 1300 1585 1323 2;
1605 1293 1639 1318 xl
1659 1293 1787 1326 Metaph„
1807 1294 1864 1319 lect.
1883 1302 1907 1319 x.

350 1393 413 1437 λδ(
435 1397 493 1431 *13
532 1395 553 1419 D
569 1394 760 1420 SECUNDUM
776 1394 829 1419 sm
845 1393 1087 1419 PROCEDlTUR.
1103 1381 1263 1419 Videtur
1285 1381 1392 1430 quod

344 1422 511 1494 ἧψε-ξ
532 1436 674 1485 aliquid
712 1435 813 1473 aliud
851 1447 968 1483 quam
1005 1436 1112 1472 Deus
1149 1435 1270 1484 possit
1308 1447 1390 1472 esse

337 1471 502 1545 ’ᾼάιᾶ
517 1484 725 1526 infinitum
741 1501 810 1538 per
825 1488 1043 1526 essentiam.
1065 1489 1193 1526 Virtus
1214 1488 1317 1525 enim
1338 1488 1391 1525 rei

376 1515 475 1575 52⁹3)
490 1532 845 1592 Xproportionatur
866 1542 1051 1580 essentiae
1072 1541 1164 1579 eius.
1188 1542 1228 1579 Si
1248 1541 1358 1590 igitur
1372 1547 1389 1562 ·‘

319 1597 481 1635 essentia
510 1597 582 1634 Dei
612 1604 667 1633 est
686 1596 845 1644 infinita,
867 1603 1018 1646 oportet
1045 1595 1153 1645 quod
1173 1595 1253 1633 eius
1272 1595 1392 1632 virtus

318 1651 364 1688 sit
392 1650 550 1688 infinita.
580 1651 684 1698 Ergo
704 1657 830 1699 potest
851 1649 1066 1698 producere
1097 1649 1277 1686 effectum
1307 1649 1392 1686 infi-

318 1704 460 1752 nitum,
491 1716 580 1741 cum
610 1703 799 1752 quantitas
826 1702 974 1740 virtutis
1011 1715 1080 1752 per
1118 1703 1298 1740 effectum
1329 1715 1392 1739 co-

317 1765 533 1806 gnoscatur.

374 1823 408 1848 2.
440 1812 673 1857 ΡΒΑΕΤΕΕΕΑ,
704 1809 892 1859 quidquid
919 1810 1035 1847 habet
1058 1809 1240 1847 virtutem
1269 1809 1391 1847 infini-

317 1872 417 1912 tam,
447 1865 563 1902 habet
601 1863 804 1901 essentiam
836 1863 1036 1901 infinitam.
1075 1863 1154 1900 Sed
1182 1863 1392 1900 intellectus

319 1926 466 1955 creatus
508 1918 624 1954 habet
660 1916 841 1954 virtutem
884 1917 1094 1954 infinitam:
1138 1915 1392 1966 apprehendit

318 1971 420 2008 enim
455 1971 690 2017 universale,
725 1970 832 2019 quod
865 1983 906 2007 se
944 1978 1070 2019 potest
1104 1971 1307 2007 extendere
1341 1969 1392 2007 ad

317 2025 461 2062 infinita
481 2024 694 2072 singularia.
726 2025 828 2072 Ergo
859 2024 985 2061 omnis
1006 2023 1216 2061 substantia
1249 2023 1392 2060 intelle-

319 2078 448 2116 ctualis
478 2085 603 2115 creata
634 2085 689 2114 est
717 2077 876 2115 infinita.

372 2133 406 2169 3.
437 2132 671 2179 Pamzraam,
702 2130 861 2168 materia
889 2131 1014 2180 prima
1042 2130 1145 2168 aliud
1175 2138 1230 2168 est
1247 2134 1271 2167 a
1291 2131 1391 2177 Deo,

75 2198 85 2206 ·
102 2197 287 2224 Qunam-8·
317 2193 357 2222 ut
385 2197 499 2235 supra
518 2184 538 2206 ‘¹‘
567 2193 763 2222 ostensum
794 2192 862 2221 est.
893 2184 970 2221 Sed
1000 2183 1160 2221 materia
1183 2183 1308 2234 prima
1337 2190 1392 2220 est

318 2238 475 2276 infinita.
506 2239 608 2286 Ergo
638 2237 780 2287 aliquid
808 2237 911 2274 aliud
939 2245 1090 2286 praeter
1117 2238 1247 2274 Deum
1267 2243 1393 2286 potest

319 2304 401 2329 esse
431 2292 633 2328 infinitum.

373 2346 447 2382 SED
477 2356 623 2383 CONTRA
642 2356 708 2381 EST
728 2344 833 2394 quod
853 2343 1044 2381 infinitum
1065 2356 1143 2381 non
1163 2350 1289 2393 potest
1308 2355 1392 2380 esse

177 2406 191 2439 β
319 2411 364 2436 ex
393 2398 578 2448 principio
613 2397 740 2448 aliquo
761 2395 795 2443 β,
826 2405 866 2434 ut
895 2396 1031 2434 dicitur
1059 2397 1097 2435 in
1128 2398 1177 2434 111
1206 2397 1355 2446 Physic.
1372 2396 1393 2418 *

75 2440 159 2490 ‘sc-1³³8?
171 2447 235 2489 ii‘ctnl
244 2446 290 2490 312·
320 2453 448 2490 Omne
468 2459 597 2489 autem
618 2451 724 2500 quod
743 2459 800 2488 est
818 2459 969 2500 praeter
988 2451 1128 2498 Deum,
1156 2458 1212 2488 est
1232 2462 1278 2487 ex
1303 2451 1390 2488 Deo

319 2506 412 2543 sicut
451 2517 496 2542 ex
531 2505 658 2555 primo
696 2504 895 2554 principio.
936 2505 1039 2553 Ergo
1069 2503 1160 2542 nihil
1194 2504 1300 2554 quod
1338 2511 1393 2540 est

177 2575 192 2600 γ
318 2567 468 2608 praeter
496 2553 623 2596 Deum
643 2564 669 2604 ⁷,
699 2565 824 2607 potest
853 2570 937 2595 esse
966 2557 1170 2595 infinitum.

373 2614 599 2650 REsponnsso
615 2623 800 2649 D1CENDUM
816 2611 923 2660 quod
941 2610 1084 2661 aliquid
1098 2618 1250 2660 praeter
1263 2611 1391 2648 Deum

319 2673 443 2715 potest
473 2678 555 2702 esse
579 2665 770 2703 infinitum
795 2664 1009 2702 seeundum
1038 2664 1132 2714 quid
1150 2664 1188 2712 *‚
1218 2664 1286 2702 sed
1314 2676 1393 2702 non

319 2718 549 2768 simpliciter.
582 2718 621 2756 Si
647 2718 750 2756 enim
770 2719 974 2768 loquamur
1003 2719 1051 2756 de
1079 2717 1229 2756 infinito
1258 2729 1394 2755 secun—

321 2773 413 2810 dum
448 2772 554 2821 quod
593 2771 775 2821 competit
812 2771 1015 2820 materiae,
1056 2772 1303 2810 manifestum
1336 2780 1394 2809 est

78 2677 85 2685 ·
102 2675 131 2697 D.
146 2675 196 2704 736.

320 2825 427 2875 quod
455 2838 572 2863 omne
601 2825 764 2862 existens
793 2825 832 2862 in
861 2833 958 2872 actu,
979 2826 1096 2863 habet
1119 2825 1289 2875 aliquam
1318 2825 1393 2862 for-

176 2884 190 2909 δ
320 2891 446 2916 marn:
479 2886 514 2916 et
541 2879 595 2916 sic
614 2878 772 2916 materia
792 2878 872 2916 eius
893 2887 949 2916 est
967 2878 1170 2917 terminata
1189 2876 1203 2901 ⁸
1230 2891 1300 2929 per
1318 2878 1393 2916 for—

324 2945 443 2970 mam.
474 2933 552 2971 Sed
580 2931 670 2981 quia
695 2931 865 2981 materia,
887 2932 1100 2970 secundum
1120 2932 1228 2982 quod
1247 2939 1303 2970 est
1322 2933 1393 2971 sub

319 2999 397 3023 una
425 2986 548 3023 forma
585 2985 840 3033 substantiali,
876 2994 1049 3023 remanet
1075 2986 1114 3023 in
1146 2985 1317 3036 potentia
1344 2986 1394 3024 ad

321 3040 459 3077 multas
474 3040 618 3077 formas
638 3039 906 3086 accidentales3
934 3040 1039 3088 quod
1060 3047 1116 3077 est
1134 3039 1285 3078 finitum
1305 3039 1394 3077 sirn-

181 3104 191 3120 2
320 3092 484 3142 pliciter,
512 3100 638 3142 potest
666 3104 749 3130 esse
774 3100 784 3116 Ε
815 3092 1005 3130 infinitum
1035 3093 1250 3131 secundum
1278 3093 1391 3143 quid:

319 3153 452 3196 utpote
485 3145 630 3195 lignum
659 3154 716 3183 est
743 3146 895 3184 finitum
933 3147 1147 3184 secundum
1180 3158 1290 3184 suam
1319 3146 1393 3184 for-

322 3212 445 3247 mam,
475 3199 543 3237 sed
570 3207 702 3238 tamen
731 3207 786 3237 est
813 3199 1005 3237 infinitum
1034 3200 1248 3239 secundum
1277 3199 1390 3249 quid,

322 3252 548 3302 inquantum
577 3260 633 3291 est
660 3253 700 3291 in
726 3252 896 3302 potentia
925 3253 974 3290 ad
1002 3254 1143 3302 figuras
1166 3252 1345 3292 infinitas

375 3383 403 3416 α)
423 3383 515 3415 igitur.
533 3397 551 3404 -·
569 3384 638 3409 enim
658 3383 722 3409 Pab.

375 3417 400 3450 β)
420 3419 518 3451 aliquo.
536 3433 555 3438 —
573 3420 626 3444 alio
646 3419 748 3444 codices
768 3425 793 3444 et
811 3419 852 3444 ed.
866 3427 892 3444 α.

322 3489 345 3514 ἀ.
374 3454 402 3487 γ)
423 3454 518 3514 Πειὲηπ.
536 3469 553 3473 -
572 3462 630 3479 eum
650 3455 785 3480 ABCDEF
805 3460 831 3480 et
850 3456 908 3480 edd.
927 3455 979 3480 ab.
1000 3469 1017 3474 -
1036 3456 1086 3480 Pro
1100 3460 1192 3488 potest
1210 3463 1274 3486 esse,
1293 3459 1334 3482 est
1348 3463 1391 3481 co-

339 3497 392 3514 ices
411 3495 436 3514 et
455 3498 470 3514 e
489 3507 496 3515 .
508 3497 534 3514 a.

375 3523 399 3556 ὃ)
420 3525 572 3550 terminata.
591 3539 608 3544 —
627 3526 806 3552 determinata
826 3526 890 3551 Pub.

375 3559 398 3591 ε)
417 3567 480 3585 esse.
498 3574 517 3580 -
535 3560 588 3586 dici
609 3561 720 3586 codices.

375 3594 401 3627 ζ)
421 3595 581 3621 huiusmodi.
599 3609 617 3616 -
637 3597 697 3621 Om.
717 3597 818 3622 codices
838 3603 863 3623 et
882 3597 922 3623 ed.
937 3605 963 3622 α.

375 3631 402 3662 η)
421 3631 467 3656 sic.
485 3645 504 3651 -
522 3632 582 3657 licet
600 3632 638 3657 sic
657 3633 713 3656 B.-
732 3633 802 3665 idem
821 3638 878 3658 ante
898 3640 1001 3659 necesse
1019 3633 1088 3658 addit
1109 3634 1176 3659 ideo.

1502 1381 1543 1418 Si
1562 1389 1692 1419 autem
1712 1384 1917 1432 loquamur
1937 1383 1984 1420 de
2004 1383 2153 1420 infinito
2174 1383 2390 1422 secundum
2419 1384 2526 1433 quod

1447 1435 1627 1472 convenit
1658 1436 1828 1483 formae,
1867 1437 1921 1474 sic
1949 1436 2195 1474 manifestum
2235 1445 2292 1474 est
2323 1437 2431 1486 quod
2463 1437 2526 1476 illa

1447 1501 1613 1538 quorum
1642 1489 1791 1526 formae
1811 1498 1899 1528 sunt
1926 1490 1965 1527 in
1994 1490 2166 1539 materia,
2187 1497 2276 1528 sunt
2303 1490 2524 1540 simpliciter

1445 1541 1564 1590 finita,
1582 1550 1618 1580 et
1638 1543 1742 1580 nullo
1758 1543 1879 1591 modo
1899 1543 2058 1581 infinita.
2080 1544 2121 1582 Si
2136 1551 2266 1582 autem
2286 1543 2361 1582 sint
2375 1543 2524 1593 aliquae

1446 1595 1594 1633 formae
1624 1603 1772 1634 creatae
1802 1609 1882 1634 non
1901 1605 2078 1647 receptae
2107 1597 2146 1635 in
2174 1597 2348 1646 materia,
2368 1598 2437 1636 sed
2454 1609 2526 1647 per

1446 1661 1487 1686 se
1506 1649 1766 1698 subsistentes,
1788 1658 1830 1688 ut
1847 1650 2008 1700 quidam
2032 1650 2080 1688 de
2109 1650 2252 1699 angelis
2273 1650 2478 1700 opinantur
2490 1650 2525 1700 *‚

1448 1711 1558 1740 erunt
1585 1703 1743 1752 quidem
1771 1703 1942 1742 infinitae
1962 1705 2176 1742 secundum
2197 1704 2291 1754 quid
2305 1703 2336 1752 ⁸²,
2363 1704 2526 1754 inquan-

1446 1764 1528 1794 tum
1558 1756 1780 1794 huiusmodi
1801 1757 1814 1783 ς
1843 1758 1990 1795 formae
2020 1770 2099 1796 non
2124 1758 2375 1796 terminantur
2398 1769 2525 1807 neque

1447 1810 1724 1847 contrahuntur
1759 1822 1829 1860 per
1866 1810 2034 1861 aliquam
2072 1811 2291 1859 materiam:
2331 1811 2400 1850 sed
2433 1810 2525 1861 quia

1447 1863 1573 1900 forma
1601 1871 1727 1901 creata
1756 1864 1809 1902 sic
1828 1870 1842 1887 ‘'
1870 1864 2080 1902 subsistens
2107 1865 2224 1903 habet
2254 1877 2350 1914 esse,
2381 1871 2417 1902 et
2443 1876 2525 1904 non

1448 1924 1504 1954 est
1532 1929 1647 1954 suum
1667 1929 1763 1965 esse,
1785 1930 1941 1956 necesse
1967 1926 2023 1955 est
2042 1919 2150 1967 quod
2176 1918 2306 1968 ipsum
2327 1917 2407 1956 eius
2441 1930 2525 1957 esse

1447 1970 1493 2007 sit
1513 1977 1710 2019 receptum
1731 1978 1768 2008 et
1787 1978 2027 2009 contractum
2047 1972 2097 2010 ad
2116 1971 2410 2010 determinatam
2424 1969 2438 1992 ⁰
2457 1983 2526 2011 nn-

1446 2030 1584 2061 turam.
1606 2023 1815 2062 Unde‘non
1832 2032 1960 2074 potest
1975 2037 2058 2062 esse
2078 2024 2272 2063 infinitum
2291 2024 2521 2075 simpliciter.

1500 2079 1559 2114 Ao
1590 2089 1727 2115 PR1MUM
1756 2089 1855 2115 ERGO
1885 2090 2070 2116 mcENDUM
2091 2078 2198 2128 quod
2217 2079 2292 2116 hoc
2317 2085 2373 2116 est
2393 2085 2526 2119 contra

1447 2130 1636 2168 rationem
1666 2130 1764 2178 facti,
1795 2131 1902 2180 quod
1931 2131 2094 2170 essentia
2123 2132 2177 2170 rei
2207 2132 2252 2170 sit
2284 2131 2411 2182 ipsum
2441 2143 2525 2177 esse

1448 2183 1529 2221 eius
1549 2191 1569 2231 ¹,
1599 2183 1689 2232 quia
1719 2196 1802 2221 esse
1826 2184 2035 2222 subsistens
2055 2197 2135 2223 non
2155 2193 2212 2223 est
2230 2198 2314 2223 esse
2335 2192 2522 2223 creatum:

1446 2237 1550 2274 unde
1571 2244 1703 2274 contra
1724 2237 1910 2275 rationem
1931 2237 2016 2275 facti
2037 2246 2104 2286 est,
2121 2238 2227 2288 quod
2243 2239 2290 2276 sit
2304 2237 2525 2288 simpliciter

1447 2290 1651 2327 infinitum.
1674 2290 1780 2328 Sicut
1800 2303 1890 2339 ergo
1910 2292 2029 2339 Deus,
2050 2291 2136 2329 licet
2154 2292 2295 2329 habeat
2309 2291 2522 2341 potentiam

1447 2343 1648 2391 infinitam,
1670 2356 1748 2382 non
1767 2351 1898 2382 tamen
1917 2352 2044 2394 potest
2062 2345 2186 2383 facere
2207 2345 2351 2394 aliquid
2370 2357 2451 2383 non
2469 2344 2523 2384 fa-

1448 2404 1552 2435 ctum
1568 2403 1580 2417 ¹
1601 2397 1691 2444 (hoc
1712 2397 1815 2435 enim
1836 2406 1934 2435 esset
1953 2398 2246 2436 contradictoria
2266 2411 2350 2436 esse
2371 2397 2523 2446 simu1);

1447 2450 1497 2488 ita
1516 2463 1595 2488 non
1614 2459 1741 2500 potest
1761 2451 1884 2489 facere
1908 2451 2051 2501 aliquid
2074 2452 2266 2490 infinitum
2291 2451 2523 2502 simpliciter.

1466 2533 1472 2537 .
1501 2506 1560 2541 An
1589 2516 1780 2542 SECUNDUM
1809 2517 1994 2543 DICENDUM
2027 2506 2135 2555 quod
2162 2506 2237 2543 hoc
2260 2506 2387 2555 ipsum
2415 2505 2522 2554 quod

1446 2557 1566 2595 virtus
1586 2557 1795 2595 intellectus
1821 2559 1988 2596 extendit
2015 2572 2056 2596 se
2085 2559 2381 2609 quodammodo
2401 2559 2450 2598 ad
2468 2558 2524 2597 in·

1447 2611 1553 2648 finita
1569 2609 1592 2656 λ,
1613 2611 1787 2661 procedit
1817 2624 1861 2649 ex
1880 2613 1954 2650 hoc
1970 2612 2076 2662 quod
2091 2612 2302 2650 intellectus
2322 2620 2379 2650 est
2397 2613 2523 2651 forma

1449 2677 1528 2702 non
1556 2664 1595 2702 in
1623 2665 1800 2712 materia;
1831 2666 1899 2703 sed
1927 2667 1989 2703 vel
2019 2666 2183 2704 totaliter
2210 2674 2397 2716 separata,
2427 2665 2525 2705 sicut

1448 2725 1536 2756 sunt
1555 2718 1787 2756 substantiae
1808 2720 2052 2767 angelorum;
2081 2721 2143 2758 vel
2172 2720 2223 2758 ad
2241 2719 2370 2758 minus
2389 2727 2524 2769 poten-

1447 2772 1499 2809 tia
1517 2771 1746 2810 intellectiva
1765 2779 1794 2818 fl,
1830 2785 1929 2822 quae
1958 2786 2037 2810 non
2066 2781 2123 2811 est
2150 2781 2256 2811 actus
2285 2773 2443 2812 alicuius
2461 2785 2524 2811 or-

1448 2825 1547 2874 gani,
1577 2825 1616 2863 in
1645 2825 1774 2863 anima
1803 2826 2030 2864 intellectiva
2060 2827 2211 2878 corpori
2241 2826 2454 2864 coniuncta.

1502 2881 1562 2917 An
1590 2890 1751 2916 ram-mm
1780 2891 1965 2917 mcENDUM
1985 2880 2092 2929 quod
2115 2879 2274 2918 materia
2298 2879 2424 2929 prima
2442 2890 2523 2918 non

1451 2932 1572 2970 existit
1599 2932 1639 2977 in
1667 2945 1796 2970 rerum
1817 2941 1950 2971 natura
1968 2946 2039 2983 per
2057 2932 2238 2984 seipsam,
2259 2945 2350 2971 cum
2377 2945 2458 2971 non
2476 2931 2523 2971 sit

1450 2998 1517 3024 ens
1536 2986 1575 3023 in
1595 2994 1708 3034 actu,
1723 2985 1792 3023 sed
1812 2987 1981 3036 potentia
2000 2994 2167 3025 tantum:
2196 2985 2299 3024 unde
2319 2985 2441 3035 magis
2467 2994 2524 3024 est

1449 3039 1592 3088 aliquid
1622 3047 1878 3088 concreatum,
1900 3053 2018 3089 quam
2048 3047 2229 3078 creatum.
2259 3039 2523 3078 Nihilominus

1448 3100 1580 3130 tamen
1614 3092 1773 3130 materia
1810 3093 1954 3142 prima,
1991 3093 2103 3132 etiam
2141 3093 2355 3131 secundum
2386 3099 2522 3144 poten·

1448 3146 1553 3194 tiam,
1574 3158 1654 3184 non
1674 3153 1730 3183 est
1753 3146 1899 3184 infinita
1919 3146 2138 3197 simpliciter
2155 3146 2187 3194 *,
2218 3146 2287 3184 sed
2306 3146 2522 3187 secundum

1449 3199 1559 3249 quid:
1589 3199 1679 3249 quia
1708 3199 1800 3238 eius.
1817 3201 1987 3250 potentia
2015 3212 2093 3238 non
2117 3212 2158 3238 se
2178 3199 2345 3238 extendit
2372 3199 2445 3248 nisi
2473 3199 2523 3238 ad

1442 3253 1592 3290 ‘formas
1622 3254 1822 3291 naturales.

1502 3383 1526 3417 0)
1546 3385 1762 3411 determinatam.
1774 3401 1792 3405 -
1812 3385 1984 3411 terminatam
2004 3384 2116 3410 PCEFG
2135 3391 2160 3410 et
2180 3386 2238 3411 edd.
2257 3385 2308 3411 ab.
2326 3399 2345 3405 -
2363 3385 2454 3412 Statim
2472 3393 2522 3419 pro

1450 3424 1585 3450 naturam,
1605 3421 1746 3446 materiam
1765 3421 1818 3446 ΒΕ.

1503 3456 1522 3487 ι)
1541 3456 1627 3488 ipsum
1647 3463 1702 3482 esse
1721 3457 1786 3482 eius.
1805 3470 1823 3475 —
1841 3456 1898 3481 eius
1916 3462 1972 3480 esse
1990 3456 2019 3480 B.

1503 3491 1529 3523 κ)
1548 3491 1651 3524 aliquid
1670 3499 1723 3517 non
1736 3493 1852 3526 factum.
1869 3504 1888 3510 —
1905 3491 2009 3523 aliquid
2027 3492 2098 3524 quod
2117 3492 2200 3525 (quod
2218 3492 2322 3525 aliquid
2340 3490 2393 3523 ⁸3)
2412 3498 2465 3517 non
2484 3491 2521 3517 sit

1460 3530 1549 3552 actum
1570 3527 1599 3552 Β.

1443 3526 1463 3559 s
1502 3560 1530 3594 λ)
1550 3561 1664 3595 infinita.
1683 3575 1702 3582 -
1720 3561 1854 3595 infinitum
1874 3562 1977 3588 codice·
1997 3568 2022 3588 et
2041 3563 2081 3588 ed.
2095 3570 2121 3588 a.

1502 3598 1530 3631 μ.)
1547 3597 1670 3629 potentia
1689 3597 1858 3623 intellectiva.
1876 3611 1895 3618 ·-·
1913 3598 2057 3624 secundum
2074 3599 2224 3631 potentiam
2248 3597 2435 3624 intellectivam
2455 3597 2488 3623 G.
2501 3612 2522 3618 —

1446 3639 1549 3666 quae...
1566 3632 1727 3658 intellectiva
1746 3640 1799 3658 om.
1813 3633 1849 3664 E;
1869 3640 1937 3666 quae
1955 3641 2009 3660 om.
2029 3634 2106 3660 ceteri
2125 3639 2152 3660 et
2170 3634 2228 3660 edd.
2247 3633 2298 3659 ab.

2553 513 2564 523 ⁴¹
2580 512 2616 534 ef.
2631 518 2696 535 num.
2708 519 2742 535 xx.

2555 554 2563 562 ·
2579 552 2650 575 Num.
2661 559 2684 575 x.

2553 1655 2562 1664 ·
2572 1653 2610 1676 Cf.
2618 1653 2688 1682 infra,
2697 1660 2736 1683 qu.
2744 1661 2767 1682 ι,

2548 3154 2670 3184 ·n.s54.
