2768 4178
81 743 90 752 ·
106 742 134 763 D.
148 747 198 769 729·

82 1063 92 1074 ⁸¹
107 1062 136 1084 D.
151 1063 213 1083 1020.

80 2360 88 2368 ·
103 2359 177 2388 liquet
192 2365 213 2381 Ρ.

83 2935 92 2944 ·
108 2934 144 2956 Cf.
159 2940 222 2956 num.
236 2941 269 2956 xi.

84 2960 107 2971 '¹'
122 2960 159 2984 ef.
173 2967 235 2982 num.
250 2967 289 2982 ιιι,

80 3556 89 3564 ·
99 3555 131 3576 1v
140 3555 207 3577 Cont.
215 3554 290 3582 Ceut„

80 3587 131 3608 cap.
144 3588 197 3603 exv.

318 282 393 319 328

371 366 429 401 AD
458 375 648 401 SECUNDUM
675 375 860 400 DICENDUM
889 364 1008 413 quod,
1033 363 1245 400 secundum
1269 376 1382 412 quos-

319 418 429 465 dam,
458 417 662 454 substantia
691 416 729 453 in
759 416 978 453 definitione
1006 428 1193 465 personae
1230 416 1383 465 ponitur

318 483 388 520 pro
409 469 616 507 substantia
639 469 773 519 prima,
795 482 892 518 quae
914 477 969 506 est
987 469 1214 518 hypostasis.
1245 470 1381 518 Neque

318 531 446 560 tamen
474 522 666 572 superflue
695 523 845 559 additur
872 522 1074 559 individua.
1106 521 1208 568 Quia
1226 522 1382 559 nomine

318 577 527 625 hypostasis
544 576 607 613 vel
629 576 856 613 substantiae
877 576 1039 623 primae,
1062 575 1269 612 excluditur
1288 575 1382 612 ratio

318 629 540 667 universalis
578 636 615 665 et
650 629 766 678 partis
801 631 904 676 (non
941 628 1043 665 enim
1077 628 1239 665 dicimus
1277 628 1383 676 quod

319 683 438 719 homo
460 681 674 719 communis
702 682 747 719 sit
774 682 1000 730 hypostasis,
1023 693 1148 729 neque
1169 681 1283 718 etiam
1303 694 1383 718 ma-

319 748 403 782 nus,
425 747 514 772 cum
543 735 589 772 sit
615 747 703 783 pars
722 735 777 781 *):
808 735 875 771 sed
903 747 972 783 per
998 735 1074 771 hoc
1102 734 1206 783 quod
1235 734 1385 771 additur

320 789 572 835 individuum,
609 788 817 825 excluditur
849 800 870 824 a
902 799 1067 836 persona
1104 786 1197 823 ratio
1238 799 1383 824 assum-

320 841 479 891 ptibilis3
508 842 678 878 humana
707 841 808 878 enim
829 848 963 877 natura
990 840 1028 877 in
1059 839 1209 876 Christo
1224 839 1309 877 'non
1329 847 1384 876 est

318 907 495 944 persona,
526 894 614 943 quia
644 902 698 931 est
726 901 920 943 assumpta
948 906 970 930 a
999 892 1168 941 digniori,
1199 893 1338 929 scilicet
1362 905 1384 929 a

319 949 448 985 Verbo
469 948 551 984 Dei.
573 968 597 975 -
619 947 695 984 Sed
715 947 851 984 melius
871 946 1075 984 dicendum
1101 953 1156 982 est
1175 946 1282 994 quod
1299 946 1383 983 sub-

318 1001 454 1038 stantia
482 1000 663 1049 accipitur
692 1000 956 1047 communiter,
977 1007 1092 1048 prout
1120 999 1299 1036 dividitur
1317 1011 1385 1047 per

319 1054 482 1103 primam
512 1061 548 1090 et
576 1053 786 1090 secundam
805 1052 844 1089 ²¹⁶:
876 1061 912 1090 et
929 1065 998 1102 per
1016 1054 1091 1089 hoc
1111 1050 1386 1101 quodadditur

321 1107 511 1143 individua
533 1113 569 1153 μ,
601 1105 757 1143 trahitur
785 1105 833 1143 ad
862 1106 1039 1144 standum
1067 1118 1138 1154 pro
1176 1104 1384 1142 substantia

320 1171 455 1208 prima.

373 1214 432 1249 AD
460 1224 620 1250 TERTIUM
648 1224 832 1249 mCENDUM
860 1213 977 1260 quod,
1004 1211 1093 1260 quia
1121 1210 1385 1248 substantiales

321 1265 553 1302 differentiae
582 1277 660 1302 non
688 1273 775 1302 sunt
802 1265 913 1302 nobis
941 1272 1067 1312 notae,
1096 1265 1158 1301 vel
1183 1264 1297 1301 etiam
1317 1277 1385 1301 no-

321 1318 485 1355 minatae
514 1330 593 1355 non
622 1326 708 1355 sunt
731 1324 763 1365 ⁸,
791 1325 940 1367 oportet
977 1317 1167 1355 interdum
1195 1317 1249 1354 uti
1278 1317 1384 1354 diffe-

321 1371 448 1408 rentiis
476 1371 770 1409 accidentalibuS
799 1372 884 1408 loco
914 1371 1228 1418 substantialium,
1245 1378 1340 1419 puta,
1355 1371 1386 1407 si

321 1425 405 1474 quis
443 1424 602 1462 diceret:
633 1425 730 1474 ignis
763 1430 816 1461 est
842 1436 977 1472 corpus
1013 1424 1192 1473 simplex,
1222 1424 1385 1461 calidum

321 1483 357 1514 et
381 1478 540 1515 siccum:
570 1477 777 1515 accidentia
806 1477 909 1514 enim
937 1477 1092 1526 propria
1116 1484 1202 1514 sunt
1228 1476 1385 1514 effectus

321 1531 532 1568 formarum
561 1530 873 1577 substantialium,
905 1537 940 1567 et
966 1530 1208 1567 manifestant
1232 1542 1306 1567 eaS.
1337 1531 1387 1567 Et

321 1584 490 1621 similiter
518 1584 675 1621 nomina
709 1584 962 1620 intentionum
996 1591 1157 1642 possunt
1189 1583 1310 1637 accipi
1337 1585 1385 1621 ad

322 1637 584 1674 definiendum
605 1650 676 1683 res,
697 1638 908 1674 secundum
931 1637 1035 1685 quod
1060 1636 1295 1686 accipiuntur
1313 1649 1383 1696 pro

321 1690 508 1739 aliquibus
523 1690 740 1727 nominibus
761 1687 915 1727 rerum*
934 1702 1032 1739 quae
1052 1702 1131 1726 non
1151 1698 1237 1727 sunt
1250 1690 1384 1738 posita.

321 1744 370 1780 Et
394 1743 448 1780 sic
475 1744 550 1780 hoc
578 1755 721 1780 nomen
751 1743 982 1780 individuum
1011 1743 1165 1792 ponitur
1184 1743 1222 1779 in
1252 1742 1387 1780 defini-

319 1797 422 1833 tione
451 1809 654 1846 personae,
685 1797 734 1834 ad
764 1796 1041 1845 designandum
1076 1796 1239 1833 modum
1267 1795 1387 1833 subsi-

320 1850 442 1887 stendi
471 1850 535 1900 qui
565 1850 746 1899 competit
773 1849 990 1887 substantiis
1017 1849 1318 1898 particularibus.

372 1982 399 2017 μ.)
420 1982 568 2007 indiuidua.
585 1995 605 2001 -—
622 1982 722 2007 scilicet
740 1981 908 2006 individuum
927 1981 1053 2010 ABCDE,
1072 1989 1126 2007 om.
1147 1982 1179 2006 G.

370 2019 409 2050 ν)·
413 2025 464 2042 non
484 2020 555 2042 sunt.
573 2032 593 2036 -
611 2017 672 2042 Om.
686 2018 716 2042 B.
735 2031 752 2036 ·-
771 2017 843 2041 Idem
862 2021 920 2041 ante
940 2019 1045 2048 oportet
1063 2016 1132 2041 addit
1152 2016 1220 2041 ideo.

370 2051 394 2085 ξ)
409 2053 557 2078 nominibus
570 2060 697 2078 rerum.—
678 2052 858 2077 —nominibus
871 2053 912 2077 vel
926 2052 1003 2077 rebus
1017 2052 1046 2083 B,
1058 2051 1207 2077 nominibus
1221 2054 1248 2077 et
1262 2051 1339 2077 rebus
1354 2051 1382 2083 F,

317 2089 465 2114 nominibus
484 2096 573 2114 rerum
593 2089 633 2113 vel
651 2088 732 2114 etiam
752 2088 829 2113 rebus
848 2088 896 2121 pD.

1001 284 1268 331 QUAESTIO
1298 285 1442 331 XXIX,
1472 284 1767 322 ARTICULUS
1798 287 1811 322 1

1491 366 1549 400 AD
1579 376 1753 406 QUARTUM
1781 376 1966 402 DICENDUM
1994 365 2111 413 quod,
2142 366 2354 404 secundum
2380 368 2505 405 Philo-

1437 418 1616 476 sophum,
1638 417 1675 453 in
1694 418 1728 454 V
1748 418 1964 466 Metaphys
1981 418 2012 465 ³⁸,
2033 430 2177 455 nomen
2197 425 2356 456 naturae
2377 421 2543 470 primo

1437 469 1660 518 impositum
1680 477 1736 507 est
1754 472 1803 508 ad
1829 471 2117 530 significandam
2146 472 2430 532 generationem
2449 474 2505 511 vi-

1437 523 1630 570 ventium,
1668 535 1766 572 quae
1795 523 1930 561 dicitur
1962 524 2148 561 nativitas.
2184 525 2232 561 Et
2261 525 2349 573 quia
2377 526 2505 563 huius-

1439 576 1545 613 modi
1574 577 1766 624 generatio
1795 585 1851 614 est
1875 590 1896 614 a
1917 577 2102 626 principio
2132 577 2348 625 intrinseco,
2379 586 2504 616 exten-

1438 641 1523 665 sum
1544 637 1598 666 est
1617 630 1693 666 hoc
1711 642 1854 667 nomen
1882 631 1930 668 ad
1959 630 2251 679 significandum
2275 631 2504 680 principium

1437 682 1684 719 intrinsecum
1714 683 1989 732 cuiuscumque
2017 691 2156 720 motus.
2188 685 2237 720 Et
2255 684 2308 720 sic
2328 684 2505 722 definitur

1438 742 1572 772 natura
1599 740 1611 756 ⁰
1639 735 1678 772 in
1707 737 1738 772 II
1767 737 1915 784 Physic.
1947 737 1996 773 Et
2024 737 2113 785 quia
2148 737 2370 774 huiusmodi
2403 738 2504 786 prin-

1439 787 1580 836 cipium
1620 795 1675 825 est
1711 789 1871 825 formale
1903 790 1965 826 vel
1993 789 2209 837 materiale,
2249 790 2506 828 communiter

1438 847 1517 877 tam
1537 840 1696 877 materia
1716 853 1832 889 quam
1861 842 1985 879 forma
2014 842 2148 880 dicitur
2174 850 2319 880 natura.
2350 844 2399 880 Et
2418 843 2505 893 quia

1438 905 1507 942 per
1521 893 1687 930 formam
1707 894 1920 943 completur
1939 895 2101 932 essentia
2119 895 2419 945 uniuscuiusque
2439 896 2503 943 rei,

1440 946 1694 983 communiter
1713 946 1875 984 essentia
1892 947 2190 997 uniuscuiusque
2210 949 2263 986 rei
2279 955 2308 995 π,
2325 962 2441 998 quam
2459 949 2505 986 si-

1439 998 1592 1047 gnificat
1612 999 1693 1036 eius
1713 999 1895 1046 definitio,
1915 1008 2076 1038 vocatur
2094 1009 2238 1038 natura.
2270 1003 2319 1039 Et
2337 1002 2389 1039 sic
2409 1002 2505 1039 acci-

1438 1052 1540 1101 pitur
1557 1052 1618 1089 hic
1638 1058 1775 1089 natura
1789 1057 1815 1089 Ρ.
1846 1052 1958 1090 Unde
1978 1053 2133 1091 Boetius
2152 1053 2191 1091 in
2215 1054 2354 1092 eodem
2374 1055 2470 1092 libro
2485 1055 2505 1077 '⁵‘

1440 1105 1528 1143 dicit
1565 1105 1671 1154 quod
1703 1111 1840 1142 natura
1877 1111 1932 1142 est
1967 1107 2258 1155 unumquodque
2295 1107 2506 1156 informans

1438 1158 1610 1207 specifica
1630 1158 1858 1208 differentia:
1885 1158 2064 1207 specifica
2084 1159 2188 1196 enirn
2221 1159 2431 1198 differentia
2451 1169 2506 1198 est

1440 1224 1537 1260 quae
1567 1212 1734 1260 complet
1755 1211 2030 1260 definitionem,
2057 1220 2093 1249 et
2112 1212 2274 1250 sumitur
2301 1225 2324 1250 a
2351 1214 2506 1263 propria

1440 1265 1563 1301 forma
1593 1264 1656 1301 rei.
1697 1265 1746 1301 Et
1782 1264 1870 1302 ideo
1907 1264 2197 1303 convenientius
2233 1265 2301 1303 fuit
2329 1266 2434 1314 quod
2467 1266 2506 1304 in

1440 1317 1660 1355 definitione
1687 1330 1887 1366 personae,
1918 1330 2016 1367 quae
2046 1326 2101 1356 est
2129 1319 2316 1367 singulare
2349 1319 2507 1357 alicuius

1440 1370 1586 1419 generis
1624 1371 1887 1419 determinati,
1925 1379 2094 1408 uteretur
2130 1371 2287 1409 nomine
2325 1378 2505 1419 naturae,

1439 1436 1557 1473 quam
1585 1424 1776 1470 essentiae,
1806 1437 1903 1473 quae
1925 1424 2086 1462 sumitur
2114 1425 2162 1462 ab
2191 1437 2286 1471 esse,
2316 1426 2420 1474 quod
2450 1433 2506 1463 est

1441 1489 1813 1514 communisfflmum.

1493 1532 1552 1566 An
1590 1542 1752 1572 Quintum
1790 1542 1973 1568 mensuum
2015 1531 2120 1579 quod
2159 1531 2287 1568 anima
2325 1539 2381 1568 est
2416 1543 2506 1580 pars

1440 1584 1632 1620 humanae
1664 1583 1823 1632 speciei:
1853 1591 1889 1620 et
1916 1584 2017 1631 ideo,
2038 1584 2123 1621 licet
2142 1584 2188 1621 sit
2211 1592 2396 1634 separata,
2417 1584 2506 1634 quia

1440 1644 1570 1673 tamen
1612 1636 1745 1673 retinet
1777 1644 1952 1674 naturam
1989 1637 2225 1684 unibilitatis,
2265 1650 2343 1674 non
2380 1645 2506 1686 potest

1442 1689 1514 1727 dici
1534 1689 1741 1726 substantia
1770 1689 1966 1727 individua
1995 1702 2094 1738 quae
2124 1698 2179 1727 est
2207 1690 2422 1739 hypostasis
2441 1691 2504 1728 vel

1441 1742 1650 1780 substantia
1667 1742 1808 1791 prima;
1833 1742 1928 1779 sicut
1947 1755 2017 1780 nec
2038 1755 2188 1791 manus,
2209 1756 2280 1780 nec
2298 1755 2506 1804 quaecum-

1441 1808 1515 1844 que
1535 1796 1607 1833 alia
1632 1795 1796 1844 partium
1824 1795 2002 1833 hominis.
2032 1797 2082 1832 Et
2100 1795 2154 1832 sic
2173 1809 2252 1833 non
2273 1796 2452 1846 competit
2470 1796 2505 1834 ei

1441 1860 1565 1897 neque
1585 1848 1756 1886 definitio
1774 1861 1974 1898 personae,
1996 1861 2121 1897 neque
2141 1861 2296 1886 nomen.

1490 1981 1515 2013 ο)
1536 1983 1645 2005 natura.
1662 1994 1682 1999 -
1700 1980 1762 2005 Om.
1782 1981 1884 2004 codices
1903 1985 1929 2004 et
1946 1980 1997 2005 ab.

1490 2016 1519 2048 π)
1538 2015 1715 2041 communiter
1733 2016 1847 2040 essentia
1867 2015 2070 2048 uniuscuiusque
2089 2015 2136 2040 rei.
2154 2029 2174 2034 -
2191 2015 2253 2041 Om.
2272 2015 2329 2046 BD;
2349 2020 2410 2048 post
2422 2022 2502 2049 quam

1436 2051 1496 2076 BsD
1517 2051 1613 2076 addunt
1630 2051 1815 2076 communiter.

1491 2086 1515 2119 ρ)
1536 2090 1644 2111 natura.
1664 2100 1678 2105 -
1698 2086 1797 2112 scilicet
1810 2086 1905 2120 forma
1924 2086 2057 2118 completa
2077 2086 2146 2111 addit
2165 2086 2197 2111 D.

997 2175 1330 2209 Commentaria
1353 2174 1602 2208 Cardinalis
1625 2174 1825 2207 Caietani

347 2277 368 2296 N
391 2266 495 2302 titulo,
516 2265 640 2296 adverte
655 2265 754 2305 quod,
772 2275 846 2295 curn
862 2274 1072 2305 unaquaeque
1092 2274 1140 2294 ars
1156 2263 1298 2295 terminis
1314 2271 1383 2295 uta-

321 2278 399 2342 Itur
423 2316 519 2351 prout
541 2309 574 2340 in
597 2309 649 2340 illa
672 2316 736 2339 arte
767 2316 1000 2340 consueverunt
1030 2308 1147 2349 accipi.
1171 2308 1261 2349 quod
1284 2317 1321 2338 ex
1344 2318 1382 2338 eo

315 2355 388 2386 licet
401 2321 443 2372 *p
421 2354 525 2395 ,quia
547 2353 731 2394 significatio
755 2353 924 2384 nominum
942 2359 987 2384 est
1009 2353 1050 2383 ad
1065 2352 1227 2393 placitum,
1250 2358 1280 2382 et
1296 2359 1383 2383 tanto

316 2399 416 2439 magis
439 2398 600 2429 translatio
625 2408 661 2428 ex
685 2407 748 2428 una
779 2396 1005 2438 significatione
1028 2396 1061 2427 in
1085 2397 1197 2427 aliam:
1222 2406 1312 2433 cum,
1337 2396 1383 2426 in-

317 2453 423 2485 quam,
449 2443 492 2473 sic
516 2442 563 2478 sit,
581 2441 764 2473 rationabile
788 2448 834 2472 est
850 2449 884 2472 ut
907 2441 1053 2482 princeps
1070 2440 1217 2471 omnium
1241 2440 1384 2471 scientia-

316 2498 397 2524 rum,
416 2497 501 2517 sacra
524 2485 711 2526 Theologia,
740 2485 875 2526 propriis
899 2495 1029 2526 quoque
1053 2485 1187 2526 gaudeat
1209 2485 1382 2516 vocabulis.

316 2533 357 2563 Et
379 2537 545 2572 propterea
572 2540 639 2561 non
671 2530 831 2571 quaeritur
854 2529 905 2560 hic
929 2530 967 2560 de
990 2539 1152 2570 personae
1179 2529 1310 2559 nomine
1333 2536 1383 2560 ut-

318 2586 465 2616 cumque,
482 2575 536 2606 sed
553 2581 588 2606 ut
604 2581 650 2605 est
665 2574 697 2604 in
714 2585 775 2605 usu
792 2574 1034 2614 theologorum:
1052 2580 1174 2604 constat
1195 2573 1281 2604 enim
1297 2573 1384 2604 aliter

317 2630 486 2661 personam
509 2619 607 2660 accipi
631 2619 717 2660 apud
740 2618 935 2655 canonistas,
957 2625 987 2649 et
1011 2618 1098 2649 aliter
1120 2618 1205 2658 apud
1229 2618 1318 2648 alios.
1343 2618 1384 2649 Et

317 2672 482 2705 propterea
505 2663 693 2694 Laurentius
717 2662 811 2694 Valla⁴
832 2662 987 2694 inerudite
1010 2661 1159 2693 Boetium
1187 2662 1289 2702 arguit
1316 2672 1383 2692 ma-

316 2710 364 2740 lae
388 2707 579 2739 definitionis
609 2716 776 2748 personae:
803 2713 848 2738 est
871 2706 957 2737 enim
980 2717 1016 2737 ea
1044 2706 1182 2747 optima,
1207 2713 1243 2737 ut
1265 2706 1298 2737 in
1321 2706 1384 2738 hoc

317 2753 436 2794 patebit
459 2752 600 2788 articulo,
626 2751 651 2782 si
676 2752 713 2782 de
737 2761 872 2792 persona
905 2751 966 2782 hoc
990 2751 1090 2781 modo
1119 2750 1322 2791 intelligatur,
1347 2757 1384 2782 ut

319 2798 412 2828 etiarn
436 2796 503 2837 ipse
526 2796 715 2826 intendebat.

372 2841 408 2872 11.
427 2841 463 2871 ln
487 2850 618 2880 corpore
634 2839 691 2871 tria
714 2839 801 2870 facit:
820 2839 935 2879 primo,
953 2839 1130 2870 ostenditur
1145 2838 1279 2879 dignitas
1302 2839 1382 2870 indi-

318 2885 405 2916 vidui
429 2884 633 2920 substantiam
659 2884 809 2920 secundo,
827 2883 961 2924 dignitas
977 2883 1132 2914 individui
1147 2883 1308 2914 rationalis
1325 2894 1380 2914 na-

317 2937 404 2962 turae
423 2929 457 2965 *;
482 2928 583 2965 tertio,
608 2928 815 2968 respondetur
837 2927 980 2969 quaesito
995 2927 1042 2959 ⁸.

374 2973 491 3012 Quoad
509 2973 664 3013 primum,
690 2971 823 3003 intendit
845 2972 934 3012 quod
965 2971 1166 3002 individuum
1191 2971 1381 3003 substantiae

318 3018 465 3050 convenit
487 3017 617 3058 quidem
641 3026 715 3047 cum
734 3015 904 3047 individuis
928 3016 1075 3046 omniurn
1094 3025 1246 3056 generum
1261 3015 1293 3046 in
1309 3015 1380 3052 hoc,

318 3063 406 3104 quod
425 3061 682 3102 unumquodque
699 3067 744 3091 est
760 3061 944 3100 particulare
968 3070 1023 3091 seu
1039 3060 1256 3091 individuum:
1282 3060 1383 3091 differt

317 3114 422 3138 tamen
445 3106 483 3136 ab
508 3105 575 3136 aliis
603 3105 711 3146 quoad
743 3105 825 3141 duo,
851 3105 967 3136 scilicet
990 3105 1098 3145 quoad
1121 3114 1249 3135 causam
1271 3103 1383 3135 indivi—

317 3150 485 3186 duationis,
505 3156 535 3181 et
551 3149 659 3191 quoad
682 3148 821 3179 nominis
840 3149 1071 3189 specialitatem.
1092 3149 1271 3180 Substantia
1295 3148 1380 3179 enirn

316 3194 529 3226 individuatur
552 3203 607 3234 per
630 3193 784 3234 seipsam,
810 3193 952 3224 accidens
976 3200 1083 3223 autem
1106 3203 1162 3233 per
1185 3193 1378 3229 subiectum,

317 3239 405 3280 quod
429 3245 475 3269 est
498 3237 685 3269 substantia:
710 3237 798 3278 quod
832 3237 1049 3268 manifestatur
1080 3237 1112 3267 in
1141 3237 1202 3267 hac
1224 3236 1377 3268 albedine.

317 3283 358 3314 Et
379 3289 544 3323 propterea
567 3281 769 3312 individuum
792 3281 982 3312 substantiae
1007 3281 1139 3322 speciale
1163 3281 1310 3311 sortitum
1334 3287 1380 3311 est

317 3337 445 3363 nomen,
463 3334 492 3357 et
514 3333 646 3357 vocatur
667 3326 859 3366 hypostasis,
880 3335 934 3355 seu
953 3326 1062 3365 prima
1081 3325 1276 3356 substantia:
1291 3324 1379 3366 quod

318 3381 383 3401 non
406 3370 563 3401 invenitur
584 3370 617 3400 in
639 3369 805 3410 generibus
825 3369 1046 3400 accidentium.

373 3415 424 3445 ΙΙΙ.
446 3414 535 3445 Circa
551 3414 627 3444 haec
643 3413 725 3444 dicta
748 3413 913 3454 multiplex
936 3413 1071 3444 occurrit
1095 3413 1238 3444 dubium.
1257 3413 1377 3450 Primo,

318 3469 354 3489 ex
370 3465 456 3498 parte
471 3458 674 3489 substantiae:
693 3458 860 3498 quomodo
877 3457 916 3488 sit
927 3467 1048 3494 verum,
1065 3457 1097 3487 in
1111 3457 1252 3487 doctrina
1264 3456 1378 3487 s.Tho-

317 3512 397 3538 mae,
418 3503 505 3543 quod
530 3501 702 3532 substantia
725 3501 939 3532 individuatur
955 3511 1012 3542 per
1035 3501 1185 3542 seipsam;
1203 3510 1277 3532 cum
1292 3501 1378 3541 apud

317 3546 424 3587 ipsum
436 3546 452 3565 *
469 3546 626 3577 distinctio
650 3545 820 3576 numeralis
835 3545 938 3586 primo
965 3545 1131 3576 conveniat
1154 3543 1329 3586 quantitati,
1346 3550 1377 3574 et

317 3600 372 3631 per
395 3590 481 3620 illam
505 3589 682 3620 substantiis
707 3589 919 3621 materialibus
935 3600 969 3620 ac
994 3589 1111 3620 ceteris.
1136 3589 1176 3620 Et
1199 3589 1252 3624 sic,
1277 3588 1315 3619 de
1331 3598 1377 3619 ra-

317 3634 403 3665 tione
426 3633 579 3664 individui
603 3633 792 3664 substantiae
820 3644 893 3664 cum
917 3633 955 3664 sit
979 3633 1136 3664 distinctio
1160 3633 1198 3663 ab
1223 3632 1305 3668 aliis,
1331 3642 1377 3662 se-

1436 2262 1544 2304 quitur
1578 2263 1667 2303 quod
1702 2263 1876 2294 substantia
1906 2263 2129 2300 individuetur,
2159 2264 2267 2304 quoad
2299 2263 2506 2295 intrinsecum

1436 2306 1662 2343 distinctivum,
1687 2317 1743 2347 per
1765 2307 1990 2348 quantitatem;
2016 2315 2046 2339 et
2070 2318 2135 2338 non
2159 2318 2216 2348 per
2238 2307 2384 2349 seipsam,
2409 2314 2446 2339 ut
2468 2307 2502 2339 in

1436 2351 1537 2382 littera
1561 2350 1683 2382 dicitur.

1491 2395 1543 2426 IV.
1560 2395 1717 2432 Secundo,
1736 2395 1870 2426 dubium
1883 2402 1929 2426 est
1945 2405 1982 2426 ex
1998 2403 2084 2436 parte
2101 2395 2322 2427 accidentium.
2340 2395 2505 2434 Quoniam

1437 2439 1594 2480 quantitas
1618 2449 1674 2480 per
1697 2439 1833 2480 seipsam
1856 2439 2080 2476 individuatur,
2097 2446 2133 2470 ut
2154 2447 2240 2480 patet
2259 2450 2295 2470 ex
2319 2439 2503 2471 definitione

1437 2483 1465 2514 V
1481 2483 1663 2524 Metaphys.
1681 2482 1714 2513 *t
1744 2483 1907 2521 Quantum
1928 2489 1975 2514 est
1990 2484 2074 2524 quod
2089 2483 2242 2514 dividitur
2257 2485 2289 2514 in
2306 2494 2344 2514 ea
2358 2494 2442 2525 quae
2457 2485 2504 2515 in-

1435 2533 1523 2565 sunt,
1546 2537 1682 2568 quorum
1706 2528 1872 2568 singulum
1897 2533 2007 2558 natum
2032 2533 2078 2558 est
2101 2538 2169 2559 esse
2184 2528 2251 2559 hoc.
2276 2528 2317 2559 Et
2332 2528 2365 2558 in
2382 2528 2502 2560 mathe-

1437 2572 1558 2603 maticis
1572 2571 1833 2603 abstractionibus
1848 2571 2013 2603 manifeste
2022 2579 2108 2612 patet
2120 2572 2185 2603 dari
2197 2572 2280 2603 hanc
2291 2572 2419 2609 lineam,
2431 2578 2488 2604 etc.
2480 2595 2500 2610 .,

1421 2620 1425 2625 '
1436 2616 1526 2647 nullo
1549 2616 1722 2657 imaginato
1747 2616 1899 2648 subiecto.

1491 2660 1636 2691 Dubium
1659 2666 1789 2701 quoque
1820 2660 2014 2691 nonnullum
2038 2660 2119 2701 parit
2149 2660 2283 2691 littera
2274 2671 2308 2691 in
2332 2670 2390 2697 eo,
2414 2661 2504 2702 quod

1436 2704 1582 2746 exprimit
1606 2704 1783 2736 subiectum
1806 2704 2006 2735 individuans
2030 2704 2173 2735 accidens
2189 2714 2256 2735 esse
2276 2704 2500 2742 substantiam

1436 2759 1510 2780 cum
1534 2748 1697 2779 manifeste
1721 2756 1826 2789 pateat
1849 2749 1929 2780 hanc
1959 2748 2208 2780 conditionalem
2232 2758 2298 2779 esse
2321 2757 2444 2780 veram:
2474 2749 2504 2780 si

1435 2793 1546 2824 albedo
1570 2798 1650 2824 esset
1673 2794 1705 2823 in
1729 2794 1789 2824 hac
1811 2794 1990 2834 quantitate
2011 2794 2080 2824 sine
2102 2793 2293 2831 substantia,
2310 2798 2391 2824 esset
2411 2792 2501 2824 haec.

1435 2837 1476 2868 Et
1499 2843 1728 2878 consequenter
1750 2837 1803 2867 illa
1827 2837 1999 2877 categorica
2022 2844 2069 2868 est
2093 2836 2178 2868 falsa.

1488 2882 1526 2913 V.
1552 2882 1669 2919 Tertio,
1687 2881 1821 2912 dubium
1840 2889 1895 2918 est,
1913 2892 1950 2912 ex
1969 2887 2056 2922 parte
2079 2878 2209 2922 quoque
2226 2880 2403 2917 accidentis,
2421 2890 2501 2922 quo-

1435 2926 1535 2957 modo
1552 2925 1735 2966 intelligitur
1750 2925 1826 2966 quia
1849 2926 2071 2957 individuatur
2088 2935 2151 2966 per
2173 2925 2365 2956 subiectum:
2384 2935 2424 2955 an
2442 2924 2500 2956 sci-

1434 2970 1506 3001 licet
1528 2969 1702 3006 intrinsece,
1729 2979 1769 2999 an
1794 2970 1972 3000 extrinsece.
1997 2969 2089 3006 ldest,
2113 2979 2163 3006 an,
2189 2979 2263 2999 cum
2286 2968 2399 3000 dicitur
2421 2969 2500 3000 haec

1434 3014 1556 3051 albedo,
1576 3013 1608 3044 in
1631 3013 1664 3055 ly
1686 3014 1766 3044 haec
1789 3013 1951 3045 claudatur
1974 3013 2138 3044 intrinsece
2163 3012 2359 3044 subiectum:
2383 3022 2423 3043 an
2446 3022 2497 3044 ex-

1434 3058 1575 3094 trinsece,
1602 3068 1640 3088 eo
1664 3057 1764 3088 modo
1788 3068 1854 3098 quo
1878 3067 1977 3089 nasus
2000 3057 2082 3089 cadit
2103 3057 2136 3087 in
2164 3056 2391 3097 significatione
2414 3058 2501 3088 simi-

1434 3103 1509 3133 tatis
1527 3102 1577 3133 vel
1598 3103 1682 3133 simi.
1702 3101 1735 3132 Si
1759 3102 1843 3132 enim
1869 3102 2024 3133 clauditur
2047 3101 2215 3132 extrinsece
2235 3108 2370 3138 tantum,
2395 3101 2500 3142 sequi—

1434 3153 1485 3177 tur
1508 3145 1597 3187 quod
1620 3146 1762 3176 accidens
1786 3146 2000 3177 individuatur
2022 3155 2079 3186 per
2101 3145 2243 3186 seipsum
2265 3145 2440 3177 intrinsece.
2465 3145 2499 3177 Si

1434 3198 1541 3222 autem
1565 3190 1719 3221 clauditur
1738 3190 1913 3227 intrinsece,
1938 3189 2080 3231 sequitur
2098 3190 2187 3230 quod
2202 3190 2282 3221 haec
2296 3189 2408 3221 albedo
2432 3199 2498 3220 non

1433 3241 1479 3265 est
1503 3244 1557 3264 ens
1578 3244 1635 3264 nec
1659 3244 1760 3264 unum
1784 3244 1839 3275 per
1854 3244 1896 3270 se,
1915 3241 1945 3265 et
1969 3240 2197 3274 consequenter
2215 3233 2247 3264 in
2267 3233 2356 3264 nullo
2375 3242 2497 3273 genere.

1433 3281 1479 3309 Ac
1502 3288 1558 3319 per
1580 3278 1659 3314 hoc,
1684 3278 1766 3308 male
1798 3278 1910 3309 dicitur
1931 3278 1964 3308 in
1987 3277 2087 3308 littera
2111 3278 2199 3318 quod
2223 3278 2255 3308 in
2279 3277 2423 3319 quolibet
2445 3287 2497 3321 ge-

1433 3333 1505 3353 nere
1530 3322 1688 3353 invenitur
1711 3322 1885 3353 universale
1909 3329 1941 3352 et
1962 3321 2157 3362 particulare.

1487 3367 1540 3397 VI.
1558 3367 1607 3396 Ad
1631 3366 1771 3406 primum
1787 3366 1804 3385 *
1828 3366 1953 3402 horum,
1971 3372 2128 3406 quantum
2144 3372 2262 3407 spectat
2286 3365 2325 3396 ad
2348 3365 2430 3396 hanc
2448 3364 2497 3396 lit-

1432 3418 1540 3446 teram,
1557 3410 1645 3441 facile
1670 3410 1730 3441 dici
1753 3417 1867 3451 potest,
1887 3410 1974 3451 quod
1998 3409 2049 3440 hic
2073 3420 2138 3440 non
2162 3417 2208 3441 est
2231 3419 2335 3440 sermo
2359 3409 2398 3440 de
2422 3409 2497 3440 sub·

1432 3454 1544 3485 stantia
1566 3455 1635 3491 tali,
1658 3461 1735 3494 puta
1758 3453 1920 3490 materiali,
1945 3454 1999 3484 sed
2023 3454 2061 3484 de
2086 3453 2259 3485 substantia
2281 3453 2440 3484 absolute:
2462 3463 2498 3483 ac

1432 3508 1487 3538 per
1511 3499 1581 3534 hoc,
1602 3499 1640 3528 de
1658 3498 1809 3529 universis
1833 3497 2023 3529 substantiae
2047 3498 2227 3534 individuis,
2251 3507 2317 3527 non
2341 3503 2497 3538 quatenus

1431 3542 1592 3573 individua
1615 3550 1689 3573 sunt
1712 3542 1780 3572 talis
1805 3542 1854 3572 vel
1878 3541 1946 3572 talis
1971 3542 2172 3578 substantiae,
2196 3541 2251 3572 sed
2274 3547 2430 3582 quatenus
2453 3540 2498 3570 in-

1433 3586 1559 3616 dividua
1583 3593 1657 3617 sunt
1679 3586 1879 3616 substantiae.
1899 3586 1986 3616 Tum
2010 3586 2085 3626 quia
2109 3586 2152 3616 sic
2175 3593 2300 3616 tantum
2323 3591 2369 3615 est
2392 3593 2497 3614 sermo

1432 3630 1581 3660 formalis.
1601 3631 1689 3660 Tum
1713 3629 1787 3670 quia
1811 3630 1853 3660 sic
1877 3630 2003 3670 proprie
2026 3631 2246 3670 interpretatur
2268 3628 2387 3659 intenta
2410 3627 2496 3658 diffe-

2526 3375 2534 3385 ·
2550 3374 2586 3397 Cf.
2602 3380 2664 3397 num.
2681 3380 2715 3397 m.

2532 426 2582 448 ·S.
2592 425 2638 448 Th.
2653 427 2704 448 lect.
2719 433 2743 449 v.

2558 452 2613 474 Did.
2637 453 2676 475 tib,
2697 453 2743 481 1v,

2533 485 2585 504 cap.
2601 485 2631 506 tv,
2646 485 2670 501 n.
2684 485 2699 501 1.

2533 1086 2541 1095 ’
2556 1085 2592 1107 De
2605 1085 2682 1107 Duab.
2692 1083 2744 1107 Na-

2532 1113 2587 1139 tur„
2603 1117 2652 1137 cap.
2669 1117 2686 1133 1.

2601 2496 2683 2513 ..-xnt
2672 2490 2743 2512 -Did.

2531 2516 2571 2538 lib.
2592 2505 2621 2544 V,
2632 2522 2685 2545 cap.
2693 2523 2745 2543 xm.
2766 2531 2768 2534 ι
