2768 4178
73 390 81 398 ·
90 388 178 409 Versus
186 387 223 408 fin.
231 392 281 414 cap.

169 435 181 460 θ

55 2413 64 2421 ·
70 2411 267 2435 S.Th.lect.xv1n.

318 266 390 291 120

311 333 409 371 oculi
438 331 670 380 glorificati),
699 331 733 367 si
752 342 826 379 per
853 343 916 368 eos
943 332 1129 369 videbitur
1156 333 1379 380 incorporea

311 386 375 422 illa
403 391 552 422 natura.
593 384 670 421 Sed
706 384 960 433 postmodum
978 384 1000 407 ’¹‘
1025 386 1101 422 hoc
1129 384 1377 432 determinat,

311 438 458 476 dicens:
494 437 610 474 Valde
628 434 641 457 ⁰
669 437 844 474 credibile
856 448 857 451 ’
871 443 926 474 est
945 438 1000 474 sic
1019 450 1086 474 nos
1103 438 1252 474 visuros
1270 449 1379 474 mun-

309 492 409 528 dana
438 495 526 528 'tunc
553 501 716 539 corpora
745 490 842 528 caeli
868 491 957 528 novi
981 496 1018 527 et
1034 496 1158 527 terrae
1177 501 1311 537 novae,
1342 496 1383 527 ut

307 545 433 581 Deum
459 543 594 592 ubique
618 549 866 591 praesentem,
887 550 924 582 et
951 544 1127 580 universa
1154 543 1267 581 etiam
1296 555 1378 581 cor-

300 597 454 645 poralia
481 597 770 646 gubernantem,
800 596 1009 634 clarissima
1031 596 1298 646 perspicuitate
1323 597 1377 634 vi-

307 650 486 694 deamus,·
513 661 588 686 non
620 649 718 687 sicut
748 662 849 687 nunc
886 649 1085 687 invisibilia
1122 650 1199 686 Dei
1225 661 1300 698 per
1332 661 1377 687 ea

307 713 405 752 quae
420 704 533 751 facta
555 708 645 740 sunt
669 703 851 740 intellecta
876 702 1175 752 conspiciuntur‚·
1201 703 1268 740 sed
1283 703 1380 739 sicut

305 755 487 802 homines,
508 756 605 793 inter
633 767 726 805 quos
743 755 908 794 viventes
927 761 1123 804 motusque
1142 755 1271 793 vitales
1289 767 1376 793 exe-

306 815 427 846 rentes
454 809 628 855 vivimus‚
652 821 748 846 mox
775 815 816 846 ut
840 809 1054 858 aspicimus,
1084 820 1159 846 non
1188 809 1377 846 credimus

304 862 433 899 vivere
446 891 458 909 ,
495 862 562 899 sed
590 862 771 900 videmus.
807 863 866 899 Ex
902 872 1010 911 quo·
1018 869 1122 911 patet
1162 861 1270 910 quod
1301 863 1376 899 hoc

305 915 424 953 modo
454 915 623 964 intelligit
650 916 783 953 oculos
811 915 1042 964 glorificatos
1061 916 1191 952 Deum
1209 915 1374 964 visuros,

305 968 401 1005 sicut
424 980 526 1005 nunc
546 968 646 1006 oculi
665 968 782 1006 nostri
801 967 933 1006 vident
951 967 1108 1005 alicuius
1127 968 1259 1006 vitam.
1287 968 1375 1006 Vita

305 1029 433 1060 autem
462 1034 541 1059 non
567 1022 720 1059 videtur
748 1023 860 1059 oculo
891 1021 1090 1071 corporali,
1117 1021 1213 1060 sicut
1234 1034 1305 1071 per
1332 1035 1373 1059 se

357 1135 383 1168 θ)
405 1135 496 1160 Valde.
514 1149 534 1156 -
553 1135 724 1168 Quapropter
739 1135 807 1168 steri
825 1139 916 1168 potest
939 1136 1068 1168 valdeque
1090 1136 1122 1161 D.
1139 1149 1158 1155 —-
1176 1137 1227 1161 Pro
1248 1137 1374 1162 universa

302 1172 384 1198 etiam
403 1171 564 1203 corporalia,
579 1171 705 1196 universa
723 1178 840 1203 corpora
858 1171 960 1197 codices
979 1176 1005 1197 et
1022 1178 1050 1197 a.
1067 1185 1086 1191 -
1105 1171 1176 1197 inter
1193 1179 1291 1204 quos...
1307 1172 1373 1198 νίνί-

303 1214 362 1233 mus
374 1215 428 1232 om.
443 1206 546 1233 codices
561 1211 586 1232 et
599 1214 626 1232 a.
636 1219 656 1227 ·-
667 1207 718 1232 Pro
731 1207 829 1236 vivere,
848 1207 940 1232 videre
951 1207 1081 1240 PCEFpA
1095 1212 1122 1233 et
1139 1207 1198 1233 edd.
1215 1215 1234 1232 a
1243 1208 1267 1233 b.
1279 1221 1299 1227 —
1310 1208 1374 1234 Post

303 1243 424 1268 videmus
447 1242 544 1267 addunt
563 1242 651 1268 vivere
669 1243 720 1273 sA,
739 1242 828 1268 vivere
845 1249 905 1268 cum
929 1249 1021 1268 eorum
1041 1242 1124 1268 vitam
1142 1243 1200 1268 sine
1217 1243 1373 1277 corporibus

303 1279 393 1304 videre
412 1285 572 1310 nequeamus
591 1278 621 1303 B.

357 1314 375 1347 ι)
394 1320 482 1339 sensu.
499 1327 519 1334 -
536 1314 594 1339 visu
613 1313 736 1339 ABCDE.

1010 254 1278 300 QUAESTIO
1309 255 1397 301 XII,
1425 253 1726 292 ARTICULUS
1756 254 1808 291 IV

1433 333 1601 379 visibile,
1631 333 1701 369 sed
1729 333 1825 369 sicut
1853 332 2031 369 sensibile
2064 343 2134 380 per
2166 331 2363 369 accidens:
2399 332 2505 382 quod

1434 384 1591 434 quidem
1612 397 1635 422 a
1653 397 1767 423 sensu
1782 392 1790 406 ‘
1809 397 1890 422 non
1908 383 2160 434 cognoscitur,
2182 385 2250 422 sed
2270 384 2395 434 statim
2415 397 2504 423 cum

1433 450 1549 475 sensu
1576 438 1625 475 ab
1654 437 1780 488 aliqua
1812 437 1883 475 alia
1910 437 2047 475 virtute
2078 436 2346 486 cognoscitiva.
2386 438 2505 486 Quod

1433 498 1564 529 autem
1587 491 1726 540 statim,
1745 491 1838 530 visis
1867 490 2104 540 corporibus,
2135 490 2266 529 divina
2291 491 2504 541 praesentia

1434 556 1479 582 ex
1507 544 1561 581 eis
1594 552 1848 593 cognoscatur
1880 557 1951 594 per
1983 544 2238 590 intellectum,
2276 556 2323 582 ex
2352 543 2504 583 duobus

1433 597 1614 646 contingit
1631 604 1665 635 ¹:
1695 598 1838 635 scilicet
1871 610 1917 634 ex
1949 597 2238 647 perspicacitate
2271 596 2503 644 intellectus;

1433 657 1470 688 et
1498 662 1544 687 ex
1572 651 1794 700 refulgentia
1823 650 1974 688 divinae
2008 650 2182 687 claritatis
2210 651 2248 687 in
2278 650 2504 700 corporibus

1431 701 1634 743 innovatis.

1454 760 1463 768 ”
1485 758 1544 794 An
1573 768 1734 794 Tannum
1763 769 1947 795 DICENDUM
1975 757 2082 807 quod
2115 756 2155 794 in
2188 756 2338 795 visione
2371 755 2503 805 imagi-

1431 809 1538 847 naria
1564 821 1646 847 non
1662 809 1814 847 videtur
1832 810 1905 848 Dei
1933 810 2116 849 essentia:
2146 810 2214 848 sed
2233 810 2360 859 aliqua
2378 810 2503 848 forma

1430 862 1470 899 in
1503 861 1776 910 imaginatione
1809 863 2018 911 formatur,
2048 871 2337 912 repraesentans
2371 864 2502 900 Deum

1430 915 1644 952 secundum
1664 915 1831 965 aliquem
1851 916 2015 955 modum
2043 916 2310 964 similitudinis,
2330 923 2446 966 prout
2463 916 2501 954 in

1430 968 1632 1018 Scripturis
1661 967 1799 1007 divinis
1829 968 1956 1007 divina
1986 982 2055 1019 per
2078 982 2138 1008 res
2157 967 2170 990 Ἀ
2193 969 2391 1008 sensibiles
2419 980 2501 1006 me-

1427 1022 1623 1071 taphorice
1652 1021 1929 1061 describuntur.

1480 1138 1507 1169 κ)
1525 1137 1667 1170 contingit.
1685 1150 1703 1156 -
1720 1136 1859 1169 continget
1878 1135 1986 1160 EFGeA
2003 1140 2031 1160 et
2047 1135 2104 1165 ab,
2129 1135 2298 1169 com-gem
2320 1135 2393 1169 CpA.
2409 1149 2429 1157 -
2447 1136 2501 1161 Pro

1422 1172 1639 1205 perspicacitate,
1654 1171 1849 1204 perspicuitate
1867 1170 2070 1196 PABCDFGab.

1480 1206 1508 1241 λ)
1529 1207 1679 1240 Scripturis
1703 1207 1802 1232 divinis
1827 1206 1921 1232 divina
1934 1213 1988 1239 per
2009 1213 2061 1232 res.
2078 1219 2099 1227 ·-
2117 1206 2267 1239 Scriptura·
2279 1206 2372 1233 divina
2385 1214 2439 1239 per
2456 1214 2500 1234 rec

1427 1243 1504 1274 Asa,
1524 1243 1674 1276 Scriptun‘s
1699 1242 1792 1268 divina
1805 1249 1859 1275 per
1877 1243 1926 1267 res·
1939 1241 2086 1275 CDEFpG,
2106 1241 2256 1275 scripturis
2274 1241 2373 1268 divinis
2392 1240 2500 1268 divinae

1421 1285 1556 1311 personae
1570 1285 1622 1311 per
1641 1285 1684 1303 res
1699 1278 1746 1308 sG,
1762 1277 1912 1311 Scripturis
1931 1277 2030 1303 divinis
2043 1280 2140 1310 partes
2159 1277 2200 1302 ed.
2214 1277 2238 1303 b.
2256 1291 2275 1297 -
2293 1276 2345 1302 Pro
2363 1277 2500 1311 metapho-

1426 1314 1488 1343 rice,
1507 1314 1694 1339 mathematice
1710 1314 1753 1339 ed.
1770 1320 1796 1339 a.
2457 1319 2460 1322 ’

986 1402 1319 1436 commentaria
1341 1402 1593 1436 Cardinalis
1615 1402 1815 1435 Caietam

363 1503 471 1523 nunus
495 1493 606 1524 clarus.
622 1509 642 1515 —
664 1493 699 1523 In
723 1501 856 1533 corpore
879 1502 944 1523 una
965 1492 1140 1529 conclusio,
1164 1491 1306 1532 negative
1326 1501 1372 1522 re-

305 1504 512 1577 Tsponsiva
536 1537 696 1578 quaesito:
723 1536 923 1577 Impossibile
952 1543 999 1567 est
1021 1537 1128 1567 Deum
1149 1536 1247 1567 videri
1270 1546 1371 1579 ¹sensu

301 1581 398 1618 visus,
424 1588 454 1612 et
477 1591 681 1622 quacumque
705 1580 765 1611 alia
787 1581 818 1611 vi
842 1581 1007 1612 sensitivae
1030 1581 1138 1622 partis.

355 1626 520 1656 Probatur.
545 1625 690 1656 Potentia
706 1625 853 1656 sensitiva
872 1632 919 1656 est
937 1632 1025 1656 actus
1045 1625 1206 1666 corporis:
1232 1635 1307 1666 ergo
1327 1631 1374 1656 est

302 1677 558 1701 commensurata
580 1670 721 1711 corpori:
747 1680 822 1710 ergo
846 1679 913 1700 non
937 1679 970 1700 se
993 1669 1130 1701 extendit
1154 1669 1235 1700 ultra
1258 1679 1371 1710 corpo-

1427 1491 1518 1522 ralia:
1543 1501 1620 1532 ergo
1639 1501 1706 1523 non
1721 1491 1762 1522 ad
1777 1492 1895 1523 Deum.
1910 1508 1933 1515 -
1947 1492 2146 1523 Antecedens
2169 1497 2264 1532 patet.
2290 1490 2499 1532 Consequen-

1427 1536 1469 1568 tia
1484 1536 1588 1577 prima
1603 1537 1771 1577 probatur:
1796 1536 1872 1577 quia
1889 1543 1977 1567 actus
2002 1536 2263 1577 proportionetur
2285 1536 2314 1566 ei
2338 1535 2428 1567 cuius
2453 1542 2500 1566 est

1426 1588 1525 1612 actus.
1542 1580 1687 1612 Secunda
1699 1587 1784 1622 patet
1800 1591 1836 1611 ex
1849 1590 1891 1617 se,
1907 1590 1981 1611 cum
1997 1580 2099 1612 tertia:
2117 1580 2192 1622 quia
2204 1580 2292 1611 Deus
2305 1587 2352 1612 est
2363 1579 2498 1611 omnino

1425 1625 1643 1666 incorporeus.
1668 1624 1787 1656 Omnia
1810 1625 1905 1666 plana
1929 1631 2011 1656 sunt.

1089 1823 1302 1865 ARTICU
1309 1822 1407 1865 LUS
1437 1822 1712 1874 QUARTUS

701 1912 857 1943 UTRUM
881 1911 1053 1950 ALIQUIS
1078 1911 1380 1944 INTELLECTUS
1403 1910 1605 1943 CREATUS
1628 1911 1711 1942 PER
1734 1910 1820 1942 SUA
1843 1910 2099 1942 NATURALIA

992 1955 1176 1987 DIVlNAM
1199 1954 1442 1987 ESSEN-TIAM
1465 1954 1625 1986 VIDERE
1649 1953 1798 1986 Possrr

628 2039 704 2070 Infra,
725 2048 771 2073 qu.
789 2046 856 2071 ιω,
876 2044 923 2065 art.
942 2047 963 2070 1,
983 2040 1015 2065 ad
1036 2046 1065 2070 ²5
1085 2039 1106 2064 1·
1125 2039 1177 2070 11⁸3

1196 2037 2169 2072 qu.v‚m.5;uSeut.,ditt.rv.art.1;dist.mn.qu.n.m·t.1;

2405 2047 2449 2083 :'⁴=3
2459 2055 2478 2076 ’,κ

1187 2110 1214 2135 in
1233 2110 1242 2134 l
1265 2109 1341 2139 πηι..
1361 2117 1416 2143 cap.
1434 2117 1468 2138 vr,
1488 2110 1547 2134 lect.
1565 2116 1603 2134 m.

361 2064 363 2067 V
417 2077 459 2107 IV,
479 2076 537 2102 dist.
556 2083 622 2107 mx,
642 2083 686 2108 qu.
705 2083 738 2107 ιι,
758 2081 804 2101 art.
825 2074 856 2106 ὃς
874 2075 884 2100 1
906 2076 983 2101 Cont.
1005 2076 1091 2104 cent..
1113 2082 1168 2108 cap.
1187 2082 1230 2104 111;
1248 2074 1288 2104 111,
1308 2082 1366 2108 cap.
1386 2082 1456 2104 xmx.
1476 2082 1525 2106 ως
1546 2074 1588 2099 De
1610 2073 1701 2104 Verit„
1720 2081 1766 2107 qu.
1784 2081 1842 2104 vm.
1862 2079 1908 2099 art.
1930 2073 1959 2104 3;
1979 2073 2012 2100 de
2024 2074 2131 2106 Anima,
2151 2079 2256 2108 ειη,
2276 2073 2308 2099 ad
2322 2079 2493 2122 ῚιοςζψὶῒὶΔ

357 2205 399 2246 ηε
416 2206 473 2240 ἳμῖὒῗΐ

332 2203 378 2239 1η»
451 2234 462 2240 -
512 2205 534 2230 D
555 2203 728 2234 QUARTUM
752 2203 806 2229 sic
826 2202 1066 2228 paocam’rua.
1083 2190 1244 2227 Videtur
1262 2189 1370 2238 quod

325 2223 382 2302 ’ἒξ
431 2231 493 2292 {3
511 2244 646 2294 aliquis
674 2244 882 2282 intellectus
903 2251 1049 2281 creatus
1078 2255 1146 2292 per
1165 2254 1235 2280 sua
1262 2250 1370 2281 natu-

317 2281 483 2375 ὶῖέρῂῆ
497 2293 605 2336 ralia
632 2297 803 2336 divinam
837 2296 1040 2335 essentiam
1077 2295 1208 2334 videre
1237 2295 1368 2345 possit.

358 2363 371 2378 κ
392 2340 503 2384 ’ΨΧ
523 2351 612 2389 Dicit
641 2351 743 2389 enim
770 2350 998 2399 Dionysius,
1028 2361 1111 2398 cap.
1138 2361 1172 2386 1v
1204 2349 1251 2386 de
1281 2349 1369 2387 Div.

295 2405 413 2443 Nom.
438 2405 478 2452 ³¹⁸,
514 2404 618 2454 quod
648 2404 804 2452 angelus
829 2411 884 2441 est
910 2403 1102 2452 speculum
1120 2413 1278 2451 purum,
1297 2402 1372 2439 cla·

296 2458 498 2506 rissimum,
518 2458 724 2506 suscipiens
751 2463 879 2503 totam,
908 2457 942 2493 si
954 2458 1027 2505 sas
1048 2461 1103 2493 est
1128 2455 1263 2502 dicere,
1282 2455 1369 2504 pul-

296 2511 542 2548 chritudinem
562 2511 647 2548 Dei.
670 2510 748 2548 Sed
766 2509 1074 2558 unumquodque
1100 2509 1255 2547 videtur
1274 2509 1368 2548 dum

293 2565 446 2603 videtur
473 2564 555 2602 eius
593 2565 804 2614 speculum.
835 2563 938 2601 Cum
966 2562 1076 2611 igitur
1114 2563 1271 2610 angelus
1299 2575 1369 2612 per

295 2631 363 2656 sua
401 2617 586 2656 naturalia
623 2617 801 2665 intelligat
843 2617 1014 2666 seipsum
1030 2645 1039 2663 ,
1073 2615 1226 2654 videtur
1261 2616 1368 2666 quod

238 2699 246 2705 .
296 2672 410 2710 etiam
435 2677 454 2693 ¹⁸
482 2683 551 2720 per
579 2683 649 2708 sua
677 2669 861 2709 naturalia
890 2670 1069 2718 intelligat
1102 2669 1273 2707 divinam
1311 2682 1368 2707 es-

295 2733 467 2763 sentiam.

350 2790 385 2816 2.
415 2778 650 2824 PRAETEREA,
671 2776 764 2815 illud
792 2777 898 2826 quod
926 2783 982 2814 est
1010 2775 1178 2813 maxime
1206 2775 1365 2824 visibile,

294 2832 338 2870 fit
364 2831 492 2869 minus
519 2829 667 2868 visibile
696 2829 808 2868 nobis
836 2837 993 2879 propter
1027 2829 1219 2867 defectum
1248 2829 1366 2867 nostri

293 2884 411 2933 visus,
431 2884 495 2922 vel
523 2883 732 2932 corporalis
758 2884 821 2920 vel
856 2882 1126 2921 intellectualis.
1154 2883 1231 2921 Sed
1260 2882 1366 2920 intel-

294 2940 412 2976 lectus
441 2937 565 2986 angeli
582 2949 662 2975 non
691 2936 831 2986 patitur
850 2937 1016 2986 aliquem
1037 2936 1241 2974 defectum.
1263 2937 1365 2974 Cum

295 3004 383 3040 ergo
413 2993 520 3029 Deus
549 2990 763 3028 secundum
784 3002 824 3027 se
854 2990 898 3027 sit
918 2989 1084 3027 maxime
1112 2989 1364 3038 intelligibilis,

293 3045 446 3082 videtur
463 3044 571 3094 quod
590 3045 638 3082 ab
659 3044 793 3091 angelo
813 3041 830 3072 β
851 3043 896 3080 sit
915 3043 1084 3081 maxime
1112 3042 1361 3091 mtelligibilis.

296 3098 335 3135 Si
363 3098 474 3146 igitur
502 3097 573 3135 alia
593 3096 835 3145 intelligibilia
854 3109 923 3145 per
951 3109 1019 3134 sua
1048 3096 1232 3134 naturalia
1260 3096 1364 3134 intel-

294 3152 407 3199 ligere
436 3159 572 3201 potest,
594 3150 714 3188 multo
744 3149 865 3198 magis
893 3151 1034 3187 Deum.

349 3206 384 3242 3.
396 3206 640 3251 Pmmnm,
660 3215 795 3241 sensus
820 3215 1026 3252 corporeus
1046 3215 1125 3240 non
1144 3210 1270 3252 potest
1288 3203 1363 3240 ele·

294 3258 376 3295 vari
405 3258 453 3295 ad
483 3257 762 3306 intelligendam
792 3257 1042 3294 substantiam
1078 3257 1361 3305 incorpoream,

296 3311 384 3360 quia
399 3319 455 3349 est
469 3323 583 3360 supra
603 3311 682 3349 eius
697 3318 886 3348 naturam.
909 3309 948 3347 Si
965 3309 1074 3358 igitur
1088 3310 1216 3348 videre
1233 3310 1361 3346 Deum

295 3376 364 3412 per
392 3364 594 3402 essentiam
622 3364 668 3402 sit
686 3376 801 3413 supra
830 3371 1004 3400 naturam
1032 3363 1230 3400 cuiuslibet
1258 3361 1363 3399 intel-

296 3418 413 3455 lectus
429 3417 552 3465 creati,
564 3418 714 3456 videtur
728 3417 834 3467 quod
850 3417 972 3454 nullus
988 3416 1197 3455 intellectus
1213 3422 1361 3454 creatus

349 3549 375 3579 α)
395 3549 484 3574 etiam.
502 3562 521 3568 -
539 3549 600 3574 Om.
620 3549 673 3573 BD.

351 3583 375 3616 β)
386 3585 419 3609 ab
430 3585 535 3617 angelo-
546 3597 563 3602 -
573 3585 606 3609 ab
615 3584 717 3617 angelis
728 3584 798 3616 BpD,
809 3584 919 3617 angelus
926 3583 954 3613 C,
966 3584 1062 3616 angelo
1072 3584 1101 3608 E.
1109 3597 1126 3602 -
1136 3584 1187 3608 Pro
1196 3583 1232 3609 sit
1241 3582 1360 3608 maxime

296 3617 481 3652 intelligibilis,
498 3619 616 3644 maxime
632 3619 669 3644 sic
684 3619 843 3652 intelligitur
856 3620 896 3644 ed.
911 3626 962 3644 a.—
972 3619 1021 3643 Pro
1031 3619 1094 3647 alia,
1105 3619 1195 3651 aliqua
1207 3619 1254 3648 Fa,
1265 3625 1317 3642 om.
1329 3618 1359 3642 D.

1424 2189 1475 2227 ad
1511 2189 1724 2227 videndum
1762 2189 1842 2227 Dei.
1872 2189 2076 2227 essentiam
2113 2189 2326 2238 pertingere
2356 2169 2494 2240 possit:

1424 2241 1530 2291 quod
1559 2249 1616 2280 est
1643 2254 1859 2290 erroneum,
1885 2250 1927 2280 ut
1956 2254 2002 2280 ex
2021 2242 2244 2292 supradictis
2263 2242 2284 2264 '¹'
2301 2250 2415 2292 patet.
2430 2243 2495 2282 vi·
2525 2251 2535 2261 ”

1425 2295 1535 2334 detur
1571 2307 1661 2343 ergo
1700 2295 1804 2344 quod
1837 2295 2041 2334 intellectui
2079 2303 2206 2334 creato
2228 2296 2305 2334 *sits
2324 2297 2494 2336 naturale

1425 2348 1597 2387 divinam
1626 2348 1830 2387 essentiam
1858 2349 2002 2388 videre.

1479 2403 1554 2440 San
1583 2413 1730 2440 con-raa
1749 2414 1816 2440 asr
1833 2402 1941 2452 quod
1960 2402 2095 2440 dicitur
2113 2403 2227 2440 Rom.
2246 2413 2282 2439 v1
2301 2402 2339 2440 *ε
2364 2404 2494 2453 grana

1423 2455 1500 2493 Dei
1524 2455 1600 2493 vita
1619 2461 1786 2493 aeterna.
1808 2456 1888 2493 Sed
1905 2455 1983 2493 vita
2001 2463 2156 2493 aeterna
2184 2455 2353 2494 consistit
2379 2456 2420 2495 in
2436 2456 2493 2495 vi*

1424 2508 1532 2547 sione
1542 2508 1694 2547 divinae
1710 2508 1908 2557 essentiae,
1919 2508 2135 2547 secundum
2147 2508 2238 2548 illud
2250 2510 2355 2547 loan.
2365 2521 2439 2549 xvxi
2453 2509 2492 2549 *ε

1422 2563 1516 2600 haec
1543 2567 1598 2599 est
1621 2562 1699 2600 vita
1726 2569 1893 2609 aeterna,
1914 2568 1954 2600 ut
1979 2568 2213 2612 cognoscant
2233 2569 2269 2601 te
2290 2562 2414 2601 sotum
2430 2574 2494 2603 ver

1423 2628 1509 2653 rum
1525 2620 1541 2642 ⁷
1554 2616 1693 2662 Deum,
1715 2622 1784 2653 etc.
1810 2616 1911 2664 Ergo
1931 2615 2062 2653 videre
2083 2615 2157 2654 Dei
2177 2616 2382 2655 essentiam
2401 2628 2492 2655 oon·

1421 2668 1527 2707 venit
1554 2668 1756 2707 intellectui
1785 2676 1911 2707 creato
1939 2681 2011 2718 per
2035 2669 2216 2719 gratiam,
2247 2676 2284 2708 et
2315 2681 2397 2707 non
2422 2679 2494 2720 pet

1422 2729 1610 2760 naturam.

1476 2776 1703 2814 Rmponneo
1722 2787 1906 2813 nicaunum
1927 2775 2033 2824 quod
2052 2775 2288 2826 impossibile
2309 2783 2366 2814 est
2383 2776 2492 2825 qaod

1419 2828 1554 2878 aliquis
1581 2829 1793 2867 intellectus
1828 2835 1975 2866 creatus
2012 2841 2083 2879 per
2109 2841 2179 2867 sua
2213 2828 2399 2867 naturalia
2432 2840 2490 2868 es-

1421 2882 1582 2920 sentiam
1610 2882 1684 2921 Dei
1709 2881 1850 2920 videat.
1881 2881 2059 2931 Cognitio
2088 2882 2192 2920 enim
2221 2882 2404 2930 contingit
2429 2894 2489 2920 se-

1421 2936 1590 2973 cundum
1618 2935 1725 2985 quod
1753 2936 1948 2984 cognitum
1978 2943 2034 2973 est
2055 2935 2096 2974 in
2124 2942 2393 2983 cognoscente.
2412 2935 2488 2973 Co-

2524 2411 2532 2419 ·
2548 2408 2614 2432 Vere.
2629 2414 2662 2437 ²3·

2523 2517 2532 2526 ·
2549 2515 2614 2539 Vere.
2628 2522 2649 2545 3.

1419 2989 1564 3037 gnitum
1593 2997 1722 3027 autem
1743 2996 1798 3026 est
1826 2988 1863 3026 in
1894 2994 2147 3037 cognoscente
2173 2988 2386 3026 seeundum
2405 3000 2488 3026 mo·
2543 3035 2548 3040 ⁴

1419 3042 1513 3079 dum
1551 3042 1824 3091 cognoscentis.
1855 3042 1967 3080 Unde
1998 3041 2196 3080 cuiuslibet
2223 3041 2488 3090 cognoscentis

1419 3095 1583 3144 cognitio
1614 3103 1670 3133 est
1697 3095 1910 3133 secundum
1938 3094 2101 3134 modum
2129 3107 2222 3132 suae
2249 3102 2419 3134 naturae.
2446 3095 2487 3133 Si

1417 3149 1526 3198 igitur
1545 3149 1685 3187 modus
1705 3148 1855 3186 essendi
1874 3149 2032 3186 alicuius
2059 3147 2114 3185 rei
2133 3148 2306 3196 cognitae
2330 3148 2488 3187 excedat
2532 3162 2535 3166 ’

1417 3202 1580 3240 modum
1608 3209 1766 3240 naturae
1796 3201 2078 3251 cognoscentis,
2109 3209 2260 3250 oportet
2287 3202 2403 3251 quod‘
2420 3213 2485 3240 co·

1416 3255 1532 3304 gnitio
1562 3255 1658 3294 illius
1687 3255 1740 3293 rei
1764 3253 1777 3277 ⁸
1802 3255 1848 3293 sit
1880 3267 1994 3305 supra
2022 3261 2195 3292 naturam
2220 3254 2315 3292 illius
2345 3267 2484 3304 cogno-

1417 3317 1566 3347 scentis.

1469 3363 1537 3399 Est
1570 3369 1700 3399 autern
1730 3361 1925 3410 multiplex
1950 3366 1962 3383 ⁸
1993 3361 2133 3398 modus
2162 3360 2312 3399 essendi
2341 3372 2482 3399 rerum.
2519 3347 2523 3353 ⁸

1416 3415 1619 3463 Quaedam
1648 3414 1752 3453 enim
1780 3422 1879 3462 sunt,
1906 3425 2071 3462 quorum
2100 3421 2235 3453 natura
2262 3426 2341 3453 non
2369 3414 2484 3452 habet
2531 3460 2535 3464 .

1467 3548 1493 3580 γ)
1513 3548 1596 3572 solum
1617 3553 1717 3572 verum.
1737 3560 1752 3565 -
1773 3546 1834 3571 Om.
1853 3545 1963 3571 codices.

1467 3581 1492 3614 ὂ)
1513 3583 1559 3607 rei.
1578 3596 1596 3601 -
1614 3582 1676 3607 Om.
1694 3581 1816 3606 ABCDE.

1468 3619 1489 3650 ε)
1510 3617 1658 3649 multiplex.
1677 3630 1695 3635 -
1714 3616 1816 3648 triplex
1836 3616 1868 3641 G.
