2768 4178
99 1258 108 1267 '¹
124 1257 150 1278 In
165 1262 271 1284 corpore.

99 2433 109 2443 ”
124 2432 161 2454 cf.
176 2437 240 2454 num.
254 2437 285 2453 iv.

99 2475 110 2484 '¹
125 2474 161 2496 Ct.
176 2480 240 2496 num.
255 2481 278 2495 v.

105 3139 116 3150 ⁸
131 3139 188 3166 Cap.
203 3145 216 3160 v
231 3145 281 3167 sqq.

347 267 421 303 306

345 345 506 382 modum
537 345 756 382 infimarum
787 353 1059 393 creaturarum,
1087 358 1185 394 quae
1220 353 1307 382 sunt
1331 358 1412 382 eor-

342 411 459 447 pora;
490 398 557 435 sed
586 399 798 436 secundum
828 398 1114 436 similitudinem
1144 411 1411 447 supremarum

345 459 612 497 creaturarum,
634 464 732 500 quae
757 460 844 488 sunt
872 452 1139 489 intellectuales
1159 452 1410 498 substantiae;

344 517 367 541 a
395 504 533 552 quibus
572 504 686 541 etiam
726 505 932 543 similitudo
965 512 1121 554 accepta
1151 504 1278 542 deficit
1306 517 1328 542 a
1356 517 1412 542 re-

343 557 647 606 praesentatione
686 557 915 595 divinorum.
952 559 1044 594 Non
1073 570 1162 605 ergo
1192 557 1413 606 accipienda

345 618 400 646 est
427 611 622 659 processio
643 611 857 648 secundum
877 612 984 660 quod
1005 619 1061 648 est
1078 611 1116 648 in
1137 611 1411 659 corporalibus,

342 664 405 700 vel
424 676 494 712 per
513 672 662 700 motum
682 665 855 711 localem,
875 665 937 702 vel
957 677 1025 713 per
1045 663 1235 701 actionem
1256 664 1411 701 alicuius

345 729 482 753 causae
511 717 548 753 in
579 717 804 754 exteriorem
835 718 1035 764 effectum,
1064 725 1105 754 ut
1134 718 1238 754 calor
1266 730 1287 754 a
1316 718 1411 754 cale-

343 769 503 807 faciente
532 770 570 807 in
599 771 842 816 calefactum;
873 771 941 808 sed
961 770 1174 807 secundum
1204 770 1411 807 emanatio—

343 835 432 860 nem
460 823 742 871 intelligibilem,
762 832 894 873 utpote
922 824 1030 861 verbi
1059 823 1295 871 intelligibilis
1316 836 1338 860 a
1358 823 1412 860 di-

344 884 464 924 cente,
493 878 599 926 quod
629 885 758 915 manet
785 878 824 914 in
842 877 938 927 ipso.
968 878 1017 914 Et
1037 877 1090 914 sic
1108 877 1206 914 fides
1227 876 1411 913 catholica

341 930 631 978 processionem
660 931 767 979 ponit
794 931 832 967 in
863 930 1011 968 divinis.

395 985 454 1020 Ao
483 995 619 1020 PR1MUM
657 996 755 1021 ERGO
794 995 978 1021 mcaNDUM
1011 982 1116 1033 quod
1156 981 1320 1019 obiectio
1350 982 1410 1019 illa

341 1036 514 1084 procedit
542 1037 589 1073 de
618 1037 863 1085 processione
893 1049 992 1085 quae
1023 1044 1078 1073 est
1106 1044 1234 1072 motus
1263 1035 1408 1082 localis,

341 1090 402 1125 vel
432 1102 532 1137 quae
562 1097 617 1126 est
646 1090 857 1127 secundum
896 1090 1086 1127 actionem
1123 1089 1342 1126 tendentem
1371 1089 1410 1126 in

341 1142 567 1179 exteriorem
594 1143 802 1190 materiam,
823 1144 886 1180 vel
906 1143 944 1180 in
965 1143 1190 1180 exteriorem
1213 1141 1409 1179 effectum:

339 1195 421 1232 talis
450 1203 578 1232 autem
607 1197 802 1245 processio
840 1209 919 1234 non
949 1204 1004 1234 est
1031 1196 1069 1233 in
1098 1195 1257 1243 divinis,
1286 1204 1329 1232 ut
1357 1196 1410 1233 di-

340 1256 443 1286 ctum
474 1256 529 1285 est
547 1249 578 1286 *.

393 1304 452 1339 An
481 1315 671 1341 SECUNDUM
699 1315 884 1341 morannum
910 1302 1016 1352 quod
1045 1302 1083 1340 id
1112 1301 1218 1350 quod
1237 1302 1411 1351 procedit

339 1356 551 1394 secundum
575 1357 863 1405 processionem
897 1368 996 1405 quae
1017 1364 1072 1392 est
1091 1356 1140 1393 ad
1161 1363 1275 1402 extra,
1297 1368 1409 1404 opor-

339 1417 391 1446 tet
419 1422 500 1447 esse
531 1410 726 1447 diversum
755 1411 804 1447 ab
834 1422 880 1447 eo
911 1422 932 1446 a
961 1422 1038 1458 quo
1058 1408 1242 1458 procedit.
1274 1409 1352 1446 Sed
1372 1408 1410 1446 id

339 1464 443 1511 quod
463 1464 636 1512 procedit
649 1470 668 1491 μ
688 1464 736 1501 ad
755 1463 852 1500 intra
872 1475 1057 1512 processu
1076 1462 1308 1510 intelligibili,
1330 1474 1410 1499 non

393 1591 420 1624 μ)
440 1590 584 1615 secundum
604 1590 828 1622 processionem..
831 1589 980 1621 .procedit.
997 1602 1017 1608 —
1035 1589 1098 1614 Om.
1117 1589 1171 1614 FG.
1189 1602 1208 1607 -
1226 1589 1345 1621 Sequens
1370 1589 1408 1613 ad

338 1626 759 1694 omv)con‘iii:r‘is1ntellectus.fit
783 1668 874 1685 unum.
894 1674 913 1679 ·-
932 1668 994 1685 nam
1018 1660 1165 1686 intellectus
1187 1660 1332 1686 secundum
1358 1659 1407 1684 hoc

1013 266 1281 313 QUAESTIO
1311 266 1471 313 XXVII,
1500 266 1798 304 ARTICULUS
1829 268 1842 304 Ι

1467 353 1618 394 oportet
1656 354 1737 383 esse
1777 346 1993 384 diversum:
2023 347 2121 394 imo,
2155 355 2299 396 quanto
2334 348 2536 398 perfectius

1466 399 1649 448 procedit,
1680 407 1784 436 tanto
1820 400 1941 448 magis
1971 408 2026 437 est
2053 413 2175 438 unum
2215 413 2302 438 cum
2332 414 2378 439 eo
2407 415 2429 439 a
2458 415 2535 451 quo

1466 452 1649 500 procedit.
1681 453 1928 490 Manifestum
1957 461 2013 490 est
2042 453 2142 490 enim
2173 454 2279 501 quod
2309 463 2450 503 quanto
2471 455 2536 492 ali-

1467 505 1558 554 quid
1596 505 1715 554 magis
1751 506 1983 555 intelligitur,
2022 513 2126 543 tanto
2165 507 2365 556 conceptio
2393 507 2536 544 intelle-

1466 558 1596 595 ctualis
1635 567 1690 595 est
1727 559 1847 608 magis
1890 559 2022 597 intima
2059 559 2301 608 intelligenti,
2342 568 2378 597 et
2416 561 2535 608 magis

1465 624 1609 648 unum:
1639 624 1730 649 nam
1758 612 1968 650 intellectus
1997 613 2210 650 secundum
2230 614 2305 650 hoc
2324 614 2429 661 quod
2449 622 2536 650 actu

1467 664 1649 712 intelligit,
1680 666 1892 703 secundum
1922 667 1997 703 hoc
2025 667 2068 703 fit
2095 679 2216 703 unum
2236 672 2247 686 ⁹
2277 679 2364 703 cum
2393 667 2534 703 intelle-

1468 726 1539 754 cto.
1579 718 1703 765 Unde,
1740 731 1828 756 cum
1864 719 2037 756 divinum
2072 720 2276 768 intelligere
2311 720 2357 756 sit
2384 719 2423 756 in
2455 719 2533 756 fine

1466 770 1726 818 perfectionis,
1756 779 1798 808 ut
1825 785 1940 821 supra
1965 773 1985 795 ’¹‘
2014 773 2156 810 dictum
2187 781 2263 820 est,
2294 785 2450 810 necesse
2473 780 2535 809 ‘est

1467 824 1572 872 quod
1590 824 1755 861 verbum
1777 825 1952 863 divinum
1981 826 2028 863 sit
2045 827 2212 875 perfecte
2230 839 2354 864 unum
2377 838 2465 863 cum
2486 837 2532 863 eo

1466 889 1488 913 a
1516 888 1593 924 quo
1622 877 1806 925 procedit,
1836 878 1982 927 absque
2012 879 2119 916 omni
2147 879 2375 917 diversitate.

1518 931 1578 966 AD
1606 941 1767 966 TERTmM
1794 942 1979 968 DtCENDUM
2008 933 2111 980 quod
2140 933 2350 981 procedere
2380 945 2402 969 a
2429 932 2533 982 prin-

1465 981 1565 1041 cipio
1600 989 1641 1019 ut
1679 990 1902 1020 extraneum
1936 991 1973 1020 et
2006 984 2224 1032 diversum,
2258 993 2443 1034 repugnat
2476 997 2533 1022 ra-

1464 1035 1558 1072 tioni
1585 1034 1699 1084 primi
1733 1035 1923 1086 principii:
1953 1037 2022 1074 sed
2048 1038 2258 1086 procedere
2287 1046 2327 1076 ut
2355 1039 2532 1076 intimum

1465 1095 1501 1126 et
1529 1089 1675 1137 absque
1696 1088 1925 1137 diversitate,
1946 1102 2016 1139 per
2034 1090 2198 1128 modum
2222 1090 2490 1139 intelligibilem
2507 1088 2531 1136 ξ,

1464 1141 1667 1179 includitur
1695 1142 1733 1178 in
1763 1142 1908 1180 ratione
1935 1143 2050 1202 primi
2076 1143 2261 1203 principii.
2299 1145 2401 1182 Cum
2430 1145 2533 1182 enim

1465 1194 1627 1232 dicimus
1656 1195 1942 1233 aedificatorem
1972 1196 2202 1245 principium
2233 1197 2384 1244 domus,
2414 1197 2453 1234 in
2477 1210 2534 1234 ra-

1464 1249 1568 1285 tione
1604 1249 1718 1286 huius
1755 1248 1928 1298 principii
1965 1249 2166 1287 includitur
2204 1250 2403 1310 conceptio
2442 1249 2533 1288 suae

1465 1302 1573 1338 artis:
1605 1310 1640 1338 et
1669 1302 1925 1340 includeretur
1952 1303 1990 1339 in
2021 1304 2167 1340 ratione
2196 1303 2309 1352 primi
2337 1303 2533 1352 principii,

1464 1355 1495 1392 si
1524 1355 1745 1393 aedificator
1765 1364 1864 1393 esset
1883 1356 2050 1416 primum
2061 1356 2312 1416 principium.
2343 1357 2449 1394 Deus
2468 1369 2534 1394 au-

1463 1416 1552 1455 tem,
1574 1409 1639 1457 qui
1669 1416 1724 1446 est
1751 1409 1922 1458 primum
1950 1409 2179 1459 principium
2210 1422 2349 1456 rerum,
2380 1422 2535 1459 compa-

1465 1469 1567 1499 ratur
1595 1463 1643 1499 ad
1671 1475 1732 1499 res
1761 1470 1905 1500 creatas
1933 1471 1975 1500 ut
2003 1463 2134 1500 artifex
2163 1464 2212 1501 ad
2240 1463 2447 1500 artificiata.

1462 1589 1674 1630 actulintelligit
1695 1590 1840 1614 secundum
1860 1591 1932 1622 quod
1943 1591 1979 1624 fit
1994 1598 2074 1616 unum
2097 1592 2179 1621 ed.a‚·
2198 1597 2257 1616 ante
2277 1599 2358 1616 unum
2378 1593 2414 1618 Pb
2434 1593 2533 1618 addunt

1461 1632 1762 1693 maffiis'intemgwflem.
1780 1674 1800 1679 -
1819 1661 2023 1687 intellectualem
2041 1662 2096 1687 ao.

1016 1758 1351 1791 Commentaria
1372 1756 1625 1790 Cardinalis
1646 1757 1849 1791 Caietam

413 1858 475 1878 Rno
495 1847 665 1887 praesentis
682 1852 830 1876 tractatus
853 1846 926 1876 satis
953 1852 1037 1886 patet
1055 1845 1088 1876 in
1109 1845 1219 1876 littera.
1244 1845 1346 1880 Unde,
1368 1844 1407 1874 ad

341 1856 581 1922 Oarticulum
597 1890 739 1932 primum
755 1890 987 1926 descendendo,
1005 1890 1130 1920 adverte
1150 1889 1183 1919 in
1201 1889 1295 1919 titulo
1313 1888 1406 1924 illius,

339 1937 461 1975 primo,
490 1935 580 1976 quod
602 1935 635 1976 ly
657 1936 821 1975 processio
845 1934 981 1965 sumitur
1005 1933 1234 1969 communiter,
1264 1943 1331 1963 non
1354 1933 1406 1964 de-

340 1980 520 2012 scendendo
536 1980 575 2010 ad
590 1980 686 2010 talem
701 1979 751 2009 vel
766 1979 861 2009 talem
878 1978 1124 2018 processionem.
1145 1977 1302 2014 Secundo,
1319 1977 1408 2018 quod

337 2027 369 2068 ly
389 2026 429 2056 sit
448 2024 584 2055 sumitur
603 2022 740 2064 proprie,
766 2030 802 2053 ut
822 2023 1026 2063 distinguitur
1044 2032 1112 2053 esse
1128 2029 1236 2053 contra
1256 2021 1406 2063 intelligi,

337 2071 417 2101 idest
441 2078 508 2100 esse
530 2068 704 2099 secundum
730 2077 796 2098 rem
825 2074 934 2098 contra
955 2076 1023 2098 esse
1043 2066 1217 2098 secundum
1238 2067 1406 2097 rationem.

337 2113 466 2150 Tertio,
490 2113 581 2154 quod
607 2112 640 2153 ly
664 2113 696 2142 in
721 2111 857 2142 sumitur
884 2111 1029 2152 proprie,
1060 2118 1096 2142 ut
1119 2111 1249 2142 denotat
1271 2110 1407 2141 modum

339 2158 461 2190 essendi
484 2158 517 2188 in
541 2156 648 2198 aliquo
664 2156 864 2197 formaliter.
891 2156 1024 2193 Quarto,
1049 2156 1138 2196 quod
1161 2155 1194 2196 ly
1216 2155 1334 2186 divinis
1356 2164 1408 2185 su-

340 2203 436 2234 mitur
460 2201 664 2239 strictissime,
688 2211 747 2240 pro
771 2200 819 2231 his
843 2209 925 2241 quae
948 2207 1023 2231 sunt
1045 2210 1117 2230 vere
1136 2200 1234 2230 Deus.
1255 2200 1301 2230 lta
1319 2199 1408 2240 quod

339 2257 449 2278 sensus
474 2244 667 2287 quaestionis
691 2251 753 2275 est:
786 2247 836 2275 An
868 2244 900 2274 in
925 2244 996 2285 ipso
1019 2244 1090 2274 Deo
1121 2243 1295 2274 formaliter
1321 2243 1407 2274 inve-

340 2292 452 2327 niatur,
478 2290 654 2320 secundum
678 2298 754 2324 rem,
779 2287 940 2338 processio
964 2287 1080 2329 aliqua.

398 2335 487 2365 11.1n
500 2343 633 2374 corpore
649 2333 708 2363 tria
722 2332 809 2363 facit:
826 2332 941 2372 primo,
954 2331 1124 2372 respondet
1139 2330 1283 2372 quaesito
1300 2331 1408 2372 quoad

339 2380 372 2410 id
388 2379 477 2420 quod
501 2378 614 2419 liquet;
640 2377 791 2413 secundo,
816 2377 898 2407 duos
922 2385 1042 2406 errores
1065 2376 1146 2406 circa
1164 2375 1196 2405 id
1216 2375 1304 2416 quod
1323 2376 1407 2411 latet,

339 2430 449 2455 tractat
455 2423 494 2459 *;
519 2422 622 2457 tertio,
647 2421 816 2461 respondet
839 2420 993 2461 quaesito,
1019 2419 1258 2451 determinando
1283 2426 1313 2450 et
1336 2429 1408 2460 ape-

340 2468 450 2499 riendo
475 2467 638 2497 occultum
652 2465 678 2496 *.

399 2513 452 2542 111.
477 2511 594 2549 Quoad
611 2510 776 2551 primum,
807 2518 911 2540 unum
935 2508 1010 2539 dicit
1033 2509 1072 2539 de
1095 2518 1162 2549 quo
1191 2518 1258 2538 non
1281 2515 1328 2539 est
1351 2508 1408 2539 du-

340 2557 445 2593 bium,
469 2555 602 2586 scilicet:
627 2554 742 2584 Divina
765 2553 925 2593 Scriptura
948 2552 1047 2583 utitur
1071 2552 1256 2583 nominibus
1279 2562 1407 2592 proces-

341 2602 464 2632 sionem
481 2598 739 2640 significantibus,
758 2607 832 2628 cum
852 2598 889 2627 de
906 2597 976 2627 Deo
992 2597 1145 2638 loquitur.
1170 2597 1217 2627 Ex
1234 2597 1295 2627 hoc
1311 2596 1407 2633 enirn,

341 2645 560 2676 subintellecto
585 2643 674 2685 quod
698 2642 858 2683 Scriptura
874 2650 940 2672 non
957 2641 1031 2672 dicit
1047 2641 1174 2677 falsum,
1192 2651 1249 2671 nec
1265 2641 1409 2682 loquitur

342 2690 375 2720 in
391 2690 448 2720 hae
464 2696 551 2729 parte
575 2686 800 2727 metaphorice,
825 2685 990 2716 manifeste
1014 2685 1147 2716 habetur
1170 2686 1258 2726 quod
1283 2692 1410 2726 oportet

341 2734 374 2764 in
398 2733 511 2764 divinis
534 2732 671 2773 aliquam
696 2730 933 2771 processionem
956 2740 1023 2761 esse
1047 2739 1082 2761 ac
1106 2730 1226 2760 salvari.
1257 2730 1319 2760 Sed
1342 2740 1408 2760 am-

342 2778 477 2818 biguum
505 2783 598 2807 restat
628 2775 730 2816 qualis
759 2775 798 2805 sit
828 2775 880 2805 illa
910 2774 1080 2814 processio.
1113 2774 1206 2805 Unde
1236 2773 1316 2805 circa
1347 2774 1408 2805 hoc

343 2822 540 2861 ambiguum,
561 2820 719 2861 reliquum
743 2819 837 2849 huius
861 2819 979 2849 litterae
1003 2825 1187 2858 occupatur.

402 2867 454 2897 IV.
475 2864 591 2903 Quoad
607 2863 793 2900 secundum,
811 2863 942 2903 ponitur
961 2862 1065 2903 primo
1082 2872 1168 2893 error
1184 2862 1260 2898 Arii,
1279 2862 1408 2893 dicentis

343 2912 423 2942 hanc
442 2908 677 2950 processionem
701 2917 767 2938 esse
792 2907 918 2938 effectus
941 2917 959 2937 a
983 2917 1085 2938 causa.
1111 2907 1152 2937 Et
1170 2906 1409 2947 reprehenditur

344 2954 582 2986 auctoritatibus
606 2952 794 2993 Scripturae.
819 2969 837 2974 -
860 2951 993 2982 Ponitur
1017 2951 1130 2982 deinde
1154 2961 1240 2982 error
1263 2950 1407 2988 Sabellii,

344 2998 529 3041 exponentis
554 2997 633 3028 hanc
657 2996 893 3037 processionem
918 3005 984 3026 esse
1009 3005 1121 3026 causae
1136 2995 1168 3026 in
1186 2994 1342 3026 effectum.
1367 2995 1409 3026 Et

343 3043 486 3074 similiter
508 3040 755 3082 reprehenditur.
786 3040 826 3070 Et
849 3039 979 3081 quidem
1003 3039 1053 3070 hic
1077 3039 1210 3071 breviter
1233 3049 1352 3070 errores
1376 3039 1408 3070 hi

344 3094 525 3128 tanguntur,
543 3085 697 3127 quoniam
716 3083 859 3114 diffusius
879 3091 951 3115 sunt
968 3083 1040 3114 alibi
1056 3083 1211 3115 confutati
1230 3090 1261 3114 et
1276 3083 1406 3120 tractati,

345 3139 380 3163 ut
403 3138 488 3172 patet
510 3130 543 3161 in
566 3130 609 3160 IV
636 3129 758 3160 Contra
780 3128 920 3159 Gentiles
934 3128 961 3158 ¹⁸².

389 3176 427 3207 V.
454 3175 571 3212 Quoad
588 3175 727 3210 tertium,
745 3172 802 3203 tria
826 3172 910 3203 dicit.
935 3173 1052 3208 Primo,
1074 3172 1130 3203 iter
1149 3182 1262 3212 parans
1285 3172 1326 3202 ad
1342 3171 1408 3202 duo

346 3219 587 3261 processionum
610 3227 739 3258 genera,
765 3216 929 3267 utriusque
955 3216 1066 3247 erroris
1091 3216 1271 3247 caecitatem
1299 3215 1408 3256 aperit,

346 3275 380 3295 ex
398 3274 436 3294 eo
453 3263 549 3305 quod,
568 3262 731 3303 diligenter
753 3260 896 3297 intuenti,
918 3261 996 3291 dum
1016 3268 1147 3301 uterque
1171 3260 1276 3292 studet
1291 3260 1409 3292 salvare

347 3307 581 3349 processionem
604 3306 637 3336 in
661 3305 750 3341 Deo,
775 3311 885 3335 neuter
907 3304 939 3334 in
963 3315 1021 3340 e0,
1052 3305 1104 3334 sed
1130 3311 1214 3335 extra
1237 3314 1312 3335 eum
1335 3314 1408 3344 pro-

346 3352 521 3382 cessionem
537 3351 636 3391 ponit.
662 3350 703 3381 Et
719 3359 813 3380 causa
836 3348 904 3385 fuit,
929 3349 1003 3390 quia
1025 3356 1157 3389 uterque
1173 3348 1409 3389 processionem

348 3397 387 3427 ad
410 3403 494 3426 extra
516 3402 640 3427 tantum
663 3393 780 3434 posuit.

406 3440 562 3475 Secundo,
575 3439 691 3480 duplex
706 3436 916 3478 processionis
931 3446 1031 3476 genus
1047 3436 1177 3474 inveniri
1194 3436 1278 3472 dicit,
1294 3435 1411 3467 scilicet

348 3484 387 3513 ad
411 3490 503 3519 extra,
529 3490 558 3514 et
582 3483 620 3513 ad
644 3483 733 3513 intra.
757 3481 974 3512 Manifestatur
989 3480 1050 3511 hoc
1074 3481 1133 3511 sic.
1152 3480 1240 3511 Sicut
1262 3479 1343 3511 actio
1365 3487 1411 3510 est

349 3527 472 3567 duplex,
487 3527 601 3558 scilicet
616 3526 767 3557 transiens
780 3533 810 3557 et
825 3525 1011 3561 immanens,
1025 3524 1066 3555 ita
1083 3525 1242 3566 processio
1253 3523 1410 3566 quaedam

349 3578 395 3602 est
413 3571 588 3602 secundum
604 3570 762 3601 actionem
776 3576 1000 3605 transeuntem,
1017 3575 1047 3599 et
1061 3569 1219 3609 quaedam
1234 3567 1410 3599 secundum

349 3615 589 3650 immanentem;
602 3624 676 3645 cum
688 3614 793 3644 omnis
808 3613 968 3653 processio
983 3613 1141 3643 actionem
1155 3619 1313 3653 sequatur.
1326 3611 1410 3651 Ergo

1462 1845 1619 1884 quaedam
1643 1851 1689 1875 est
1712 1845 1874 1884 processio
1893 1846 2071 1876 secundum
2094 1846 2176 1876 hanc
2200 1846 2359 1878 actionem
2381 1856 2465 1888 quae
2484 1854 2535 1879 est

1461 1888 1644 1938 intelligere.
1669 1906 1689 1911 —
1712 1889 1753 1919 Et
1769 1889 1923 1930 probatur
1945 1889 2022 1920 haec
2035 1890 2192 1940 sequela:
2213 1890 2289 1931 quia
2307 1891 2470 1931 processio
2492 1892 2534 1922 ad

1461 1932 1551 1969 intra,
1567 1932 1648 1964 idest
1663 1934 1841 1964 secundum
1857 1933 2015 1964 actionem
2034 1933 2272 1971 immanentem,
2293 1935 2430 1966 maxime
2448 1942 2535 1976 patet

1461 1976 1494 2007 in
1516 1977 1687 2008 intellectu.
1713 1977 1811 2015 Quod
1834 1978 2002 2018 probatur:
2027 1978 2103 2019 quia
2125 1978 2158 2009 in
2182 1989 2390 2021 quocumque
2419 1979 2534 2012 intelli-

1461 2027 1569 2060 gente,
1594 2031 1631 2052 ex
1654 2020 1716 2052 hoc
1739 2021 1810 2062 ipso
1834 2022 1924 2063 quod
1946 2022 2107 2063 intelligit,
2132 2023 2274 2064 procedit
2299 2023 2466 2065 conceptio
2489 2023 2533 2055 rei

1461 2065 1646 2102 intellectae,
1663 2075 1700 2096 ex
1715 2065 1747 2096 vi
1762 2066 1951 2097 intellectiva
1967 2073 1999 2097 et
2013 2067 2081 2097 eius
2101 2066 2213 2098 notitia
2231 2067 2430 2108 proveniens,
2450 2077 2533 2099 nun-

1462 2117 1576 2150 cupata
1601 2111 1730 2141 verbum
1750 2110 1867 2148 cordis,
1889 2117 1919 2141 et
1938 2110 2110 2151 significata
2125 2111 2223 2142 verbo
2238 2111 2342 2142 vocali
2360 2112 2446 2153 apud
2461 2121 2531 2143 nos.

1521 2154 1642 2191 Tertio,
1666 2161 1697 2185 et
1713 2154 1838 2191 ultimo,
1864 2155 1956 2196 ponit
1976 2155 2216 2186 conclusionem
2238 2156 2472 2196 responsivam:
2497 2156 2533 2187 ln

1463 2198 1532 2229 Deo
1556 2205 1603 2229 est
1625 2198 1786 2239 processio
1803 2199 1981 2230 secundum
2004 2199 2240 2232 emanationem
2255 2200 2496 2241 intelligibilem.
2512 2218 2532 2225 -

1462 2243 1504 2273 Et
1527 2243 1679 2283 probatur
1702 2243 1755 2274 sic.
1780 2243 1867 2274 Deus
1891 2250 1938 2274 est
1961 2253 2056 2283 super
2079 2243 2205 2275 omnia:
2235 2254 2310 2285 ergo
2335 2255 2372 2276 ea
2394 2255 2476 2286 quae
2499 2244 2534 2277 in

1462 2286 1532 2317 Deo
1556 2286 1718 2322 dicuntur,
1743 2293 1818 2318 sunt
1845 2287 2048 2327 intelligenda
2071 2288 2247 2319 secundum
2272 2288 2532 2326 similitudinem,

1462 2340 1529 2360 non
1545 2340 1727 2370 corporum,
1742 2331 1796 2361 sed
1811 2330 2073 2362 intellectualium
2089 2331 2350 2363 substantiarum:
2367 2342 2442 2373 ergo
2458 2342 2532 2374 pro-

1463 2374 1562 2405 cessio
1583 2384 1649 2405 non
1668 2382 1715 2405 est
1732 2374 1765 2405 in
1781 2384 1820 2405 eo
1839 2375 2016 2406 secundum
2035 2375 2194 2406 actionem
2210 2376 2243 2406 in
2260 2376 2446 2407 exteriorem
2460 2376 2531 2408 effe-

1463 2426 1560 2455 ctum,
1578 2419 1632 2449 sed
1651 2419 1828 2449 secundum
1845 2419 2079 2450 emanationem
2098 2419 2338 2460 intelligibilem.
2362 2421 2404 2452 Et
2418 2420 2532 2453 confir-

1463 2470 1581 2494 matur:
1597 2463 1673 2504 quia
1685 2463 1728 2494 sic
1738 2462 1816 2494 fides
1832 2463 1985 2494 catholica
1996 2464 2089 2504 ponit
2104 2464 2342 2504 processionem
2358 2465 2391 2496 in
2407 2465 2531 2497 divinis.

1463 2525 1483 2529 —
1501 2507 1607 2538 Prima
1630 2507 1856 2549 consequentia
1878 2508 2031 2548 probatur
2054 2518 2091 2539 ex
2114 2518 2152 2539 eo
2181 2509 2270 2550 quod
2301 2519 2435 2550 corpora
2457 2517 2534 2542 sunt

1462 2550 1590 2582 infimae
1606 2557 1773 2587 creaturae,
1790 2551 1966 2583 intellectus
1981 2562 2056 2583 vero
2075 2561 2258 2593 supremae:
2275 2553 2421 2594 quamvis
2437 2553 2534 2585 etiam

1462 2594 1549 2636 ipsae
1572 2594 1719 2626 deficiant
1734 2606 1752 2625 a
1771 2595 1877 2626 divina
1901 2595 2117 2627 similitudine.
2143 2596 2288 2628 Secunda
2309 2607 2386 2628 vero
2405 2604 2443 2629 ut
2456 2604 2534 2629 nota

1462 2640 1622 2671 inductive
1644 2640 1677 2670 in
1701 2646 1792 2670 motu
1816 2640 1910 2671 locali
1929 2647 1960 2671 et
1982 2640 2176 2677 alteratione,
2200 2641 2397 2682 relinquitur.

1520 2684 1573 2716 VI.
1600 2684 1692 2715 Circa
1711 2684 1868 2724 praedicta
1888 2684 1980 2725 plura
1998 2692 2170 2717 occurrunt
2188 2684 2294 2716 dubia.
2315 2685 2433 2723 Primo,
2453 2686 2535 2719 cirea

1462 2729 1550 2760 illam
1568 2728 1842 2770 propositionem:
1865 2729 2042 2760 secundum
2062 2730 2218 2760 actionem
2239 2731 2465 2761 immanentem
2484 2736 2533 2763 est

1457 2773 1621 2814 processio
1644 2772 1801 2813 quaedam
1826 2773 1870 2804 ad
1892 2774 1979 2804 intra
1994 2772 2022 2804 *.
2046 2773 2090 2804 Ut
2113 2773 2199 2804 enim
2222 2774 2308 2814 apud
2324 2773 2530 2815 Capreolum,

1462 2827 1544 2848 xxvn
1559 2816 1760 2848 distinctione
1775 2816 1882 2853 Primi,
1898 2827 1952 2858 qu.
1969 2827 1991 2847 11
2004 2816 2031 2854 *,
2056 2824 2150 2858 patet,
2174 2825 2312 2858 arguunt
2335 2824 2446 2850 contra
2468 2818 2531 2850 hoc
2559 2829 2568 2839 ·

1463 2861 1586 2898 Scotus,
1603 2861 1772 2897 Aureolus,
1789 2860 1969 2898 Durandus,
1987 2861 2098 2892 Petrus
2117 2861 2156 2892 de
2170 2861 2299 2898 Palude,
2324 2868 2355 2893 et
2373 2861 2532 2894 Gerar-dus

1463 2906 1502 2936 de
1517 2905 1676 2936 Carmelo.
1693 2905 1734 2936 Et
1750 2905 1891 2936 consistit
1905 2905 1952 2936 vis
1967 2905 2119 2945 arguendi
2134 2905 2167 2936 in
2183 2905 2254 2936 hoc.
2275 2906 2358 2936 Inter
2372 2906 2531 2938 actionem

1461 2950 1690 2981 immanentem
1713 2956 1743 2981 et
1765 2956 1981 2981 transeuntem
2003 2950 2065 2982 hoc
2088 2949 2225 2986 interest,
2250 2950 2339 2991 quod
2361 2960 2418 2991 per
2436 2950 2532 2982 istam

1462 3001 1508 3025 est
1526 2994 1646 3035 aliquid
1662 3000 1839 3034 operatum,
1864 3004 1920 3034 per
1942 2994 2030 3025 illam
2053 2993 2147 3025 nihil:
2172 3003 2247 3034 ergo
2266 2993 2329 3025 ruit
2351 2994 2529 3035 propositio

1462 3038 1706 3069 fundamentalis
1722 3037 1755 3068 in
1772 3038 1901 3068 materia
1918 3038 1956 3068 de
1973 3037 2174 3079 processione
2198 3037 2313 3069 divina.
2332 3038 2530 3071 Antecedens

1461 3089 1547 3123 patet
1570 3092 1607 3112 ex
1624 3082 1665 3113 IX
1685 3082 1867 3123 Metaphys.
1883 3082 1910 3118 *,
1928 3089 1959 3113 et
1982 3083 1994 3113 1
2018 3081 2120 3113 Ethic.
2136 3081 2171 3101 ¹⁸¹*
2195 3081 2432 3123 Consequentia
2454 3092 2529 3114 vero

1462 3133 1508 3157 est
1521 3136 1578 3176 per
1592 3129 1624 3156 se
1641 3133 1727 3157 nota.
1743 3143 1762 3149 -
1778 3126 1819 3157 Et
1838 3125 2052 3163 confirmatur,
2075 3125 2180 3167 inquit
2202 3126 2382 3164 Durandus,
2403 3127 2477 3168 quia
2493 3137 2530 3158 ex

1461 3170 1575 3201 sentire
1592 3177 1623 3200 et
1635 3170 1717 3201 velle
1733 3170 1811 3200 nihil
1827 3170 2028 3210 producitur:
2052 3179 2127 3210 ergo
2151 3179 2208 3200 nec
2224 3180 2261 3200 ex
2276 3170 2532 3202 intellectione.—

1461 3215 1503 3245 Et
1525 3213 1739 3251 confirmatur,
1764 3215 1850 3245 addit
1873 3214 2044 3257 Gerardus‚
2067 3213 2144 3255 quia
2167 3214 2397 3256 cuiuscumque
2420 3224 2531 3256 opem·

1462 3258 1557 3289 tionis
1586 3265 1632 3289 est
1662 3258 1781 3299 aliquid
1810 3266 1997 3299 operatum,
2028 3258 2108 3289 illud
2136 3265 2182 3290 est
2209 3269 2245 3289 ea
2273 3259 2428 3290 nobilius:
2458 3265 2531 3291 actu

1462 3310 1569 3334 autem
1593 3303 1734 3333 secundo
1758 3303 1950 3334 immanente
1974 3302 2052 3333 nihil
2076 3309 2122 3333 est
2145 3302 2300 3333 nobilius:
2325 3313 2410 3344 ergo.

1521 3347 1588 3377 Vll.
1601 3346 1694 3377 Circa
1704 3347 1837 3378 eandem
1847 3346 2100 3388 propositionem
2112 3346 2197 3377 aliud
2209 3347 2345 3378 occurrit
2359 3346 2568 3378 dubium*:·

1463 3401 1505 3421 an
1539 3392 1607 3431 ipsa
1639 3392 1722 3422 actio
1752 3392 1930 3422 immanens
1957 3391 2001 3422 sit
2030 3391 2100 3431 ipsa
2125 3391 2297 3430 productio
2325 3392 2432 3423 activa
2462 3391 2533 3423 eius

1464 3435 1548 3476 quod
1565 3435 1744 3475 procedere
1760 3435 1879 3466 dicitur
1891 3434 2066 3466 secundum
2088 3436 2202 3475 ipsam.
2226 3435 2340 3466 Scotus
2363 3434 2529 3476 siquidem,

1464 3479 1497 3508 in
1524 3489 1606 3509 xxvn
1623 3479 1822 3510 distinctione
1839 3478 1945 3515 Primi,
1962 3488 2016 3520 qu.
2041 3489 2065 3515 ι,
2081 3486 2190 3509 tenens
2205 3485 2326 3520 partem
2343 3478 2529 3520 negativam,

1464 3522 1567 3562 arguit
1590 3530 1698 3554 contra
1721 3523 1782 3553 hoc
1801 3522 1970 3562 tripliciter.
1995 3522 2112 3559 Primo,
2133 3533 2170 3554 ex
2189 3522 2309 3554 ratione
2323 3523 2388 3555 iam
2409 3522 2530 3554 dicta*:

1465 3566 1540 3607 quia
1559 3566 1701 3606 operatio
1719 3566 1898 3597 immanens
1918 3573 1964 3597 est
1979 3574 2066 3603 actus
2083 3567 2224 3599 ultimus.
2241 3585 2261 3590 -
2279 3566 2436 3603 Secundo,
2456 3565 2531 3607 quia

1466 3610 1491 3640 si
1507 3610 1678 3641 intellectio
1693 3617 1773 3641 esset
1789 3610 1869 3641 actio
1886 3611 2073 3652 productiva
2087 3611 2222 3648 termini,
2238 3610 2435 3651 impossibile
2451 3618 2531 3642 esset

2560 777 2572 788 ⁴*
2588 777 2636 805 Qu.
2645 783 2693 805 xiv,
2703 781 2746 800 art.
2757 783 2768 799 ι,

2558 2784 2570 2796 ·
2584 2783 2619 2807 Cf.
2636 2790 2701 2808 num.
2710 2791 2744 2808 xi.

2583 2828 2635 2851 Art.
2650 2835 2671 2856 2,
2691 2833 2768 2852 contr·

2558 2856 2633 2878 eone!-
2649 2862 2666 2878 ι.

2556 3093 2596 3141 iib.
2576 3086 2710 3148 ofllmdap
2713 3093 2768 3148 giiii.

2555 3144 2756 3200 ’ἑὲ-ρῳ...

2583 3355 2619 3378 Cf.
2634 3362 2700 3379 num.
2713 3362 2757 3379 ιιι.

2557 3529 2566 3538 ·
2582 3527 2653 3551 Num.
2668 3534 2747 3557 pmc-
