2768 4178
67 1399 76 1407 ·
98 1397 157 1418 Vide
181 1402 231 1423 cap.
249 1396 278 1417 de

66 1423 211 1445 Substantia.

70 1764 79 1773 ·
95 1763 150 1784 Loc.
167 1762 203 1784 cit.

66 2512 75 2521 ·
91 2511 115 2533 S.
126 2510 172 2532 Th.
186 2510 239 2532 lect.
251 2516 274 2532 x.

65 2549 76 2554 -
95 2537 150 2558 Did.
169 2537 209 2558 lib.
230 2536 276 2564 1v,

64 2569 115 2591 cap.
127 2569 175 2590 vui,
191 2569 214 2586 n.
224 2569 244 2591 5.

313 252 387 288 330

986 251 1252 297 QUAESTIO
1282 249 1425 297 xxtx,
1455 251 1752 288 ARTICULUS
1782 253 1813 288 11

1078 385 1397 427 ARTICULUS
1428 383 1727 429 SECUNDUS

529 479 684 509 UTRUM
707 477 904 508 PERSONA
928 478 994 508 SIT
1018 477 1124 507 IDEM
1149 476 1272 514 QUOD
1296 477 1588 516 HYPOSTASAE,
1612 478 1935 510 SUBSJSTENTIA
1959 480 2018 510 ET
2041 480 2260 510 ESSENHA

1017 557 1026 580 1
1047 556 1129 584 Sent„
1150 556 1208 580 dist.
1227 563 1296 587 xxm,
1317 561 1363 581 art.
1383 563 1408 587 1,

343 664 394 701 nli
426 664 494 696 μς(
519 640 545 682 θ’
557 657 746 682 SECUNDUM
761 657 813 681 sm
829 655 1068 681 PROCEDITUR.
1089 643 1248 680 Videtur
1266 645 1370 693 quod

331 685 498 754 [ἆΔῗῆ
519 710 683 747 persona
705 698 750 734 sit
769 698 871 734 idem
901 698 1005 746 quod
1033 697 1253 745 hypostasis,
1287 698 1371 734 sub-

382 724 489 794 *1)Ψῆ
503 747 680 788 sistentia
714 758 749 787 et
768 750 934 787 essentia.
961 749 1061 786 Dicit
1081 749 1182 786 enim
1203 749 1370 796 Boetius,

423 780 446 796 ,

364 778 462 839 5⁴³3)
477 794 558 841 xsin
577 804 670 840 libro
691 805 736 840 de
754 804 879 840 Duab.
896 803 1034 839 Natur.
1051 801 1082 846 ²¹⁶,
1109 803 1214 850 quod
1234 803 1371 839 Graeci

308 864 466 895 naturae
494 857 688 893 rationalis
724 856 953 892 individuam
981 855 1224 891 substantiam
1253 856 1370 903 hypo-

306 917 444 948 staseos
473 911 623 947 nomine
640 915 872 946 vocaverunt
884 915 911 945 α.
935 908 1012 944 Sed
1031 908 1106 944 hoc
1126 907 1250 954 etiam,
1268 908 1371 957 apud

307 976 398 1010 nos,
437 963 621 1011 significat
658 974 801 998 nomen
825 973 1022 1009 personae.
1062 962 1163 1009 Ergo
1205 972 1371 1010 persona

308 1016 467 1053 omnino
496 1016 598 1052 idem
628 1023 682 1051 est
710 1014 815 1062 quod
844 1013 1071 1062 hypostasis.

362 1081 396 1106 2.
427 1070 658 1114 PRAETEREA,
680 1067 774 1104 sicut
792 1067 830 1103 in
850 1066 986 1103 divinis
1007 1066 1168 1103 dicimus
1188 1074 1263 1103 tres
1286 1078 1370 1114 per-

307 1134 440 1168 sonas,
479 1121 528 1157 ita
563 1121 601 1156 in
630 1119 766 1157 divinis
797 1119 956 1156 dicimus
985 1126 1060 1155 tres
1089 1119 1368 1156 subsistentias:

307 1174 411 1222 quod
432 1186 510 1210 non
531 1181 638 1219 esset,
655 1173 726 1209 nisi
745 1185 910 1221 persona
930 1180 966 1208 et
981 1172 1221 1209 subsistentia
1240 1171 1370 1210 idernss

307 1227 569 1276 significarent.
610 1227 711 1274 Ergo
751 1225 854 1262 idem
892 1225 1104 1273 significant
1139 1237 1306 1274 persona
1335 1234 1371 1263 et

306 1279 555 1317 subsistentia.

361 1335 394 1370 3.
412 1334 644 1378 PRAETEREA,
661 1331 816 1368 Boetius
836 1330 936 1378 dicit,
952 1330 990 1366 in
1007 1331 1240 1378 Commento
1254 1332 1370 1369 Pme-

306 1387 603 1424 dicamentorum
618 1385 648 1431 ²¹⁹,
676 1385 780 1434 quod
801 1384 893 1430 usia,
915 1383 1020 1431 quod
1040 1391 1096 1420 est
1114 1384 1217 1420 idem
1238 1386 1342 1433 quod
1356 1390 1371 1412 ⁷

305 1440 472 1485 essentia,
503 1438 688 1486 significat
711 1437 969 1486 compositum
991 1448 1035 1473 ex
1064 1437 1221 1474 materia
1242 1445 1277 1474 et
1296 1438 1369 1474 for-

306 1506 381 1530 ma.
413 1492 455 1529 Id
484 1500 611 1528 autem
640 1491 744 1539 quod
775 1497 829 1527 est
858 1489 1112 1538 compositum
1142 1502 1187 1526 ex
1214 1491 1371 1528 materia

307 1554 343 1583 et
371 1546 505 1591 forma,
537 1553 592 1582 est
620 1543 859 1581 individuum
890 1543 1132 1590 substantiae,
1163 1543 1267 1592 quod
1296 1552 1332 1580 et
1358 1541 1371 1565 ὃ

306 1599 519 1647 hypostasis
550 1606 586 1635 et
613 1609 777 1647 persona
806 1596 951 1633 dicitur.
982 1597 1085 1644 Ergo
1114 1596 1244 1633 omnia
1263 1609 1371 1646 prae-

308 1653 405 1689 dicta
434 1651 591 1688 nomina
619 1651 721 1688 idem
752 1649 961 1697 significare
990 1650 1178 1686 videntur.

361 1706 434 1742 SED
464 1716 608 1741 CONTRA
636 1715 703 1740 EST
730 1703 836 1751 quod
859 1702 1014 1739 Boetius
1035 1702 1133 1749 dicit,
1154 1702 1193 1739 in
1211 1701 1306 1739 libro
1327 1703 1372 1739 de

305 1759 430 1795 Duab.
451 1758 591 1795 Natur.
612 1756 642 1803 ²¹⁶,
670 1756 775 1805 quod
802 1767 946 1806 genera
966 1761 1002 1792 et
1017 1755 1154 1804 species
1172 1755 1374 1792 subsistunt

305 1817 471 1856 tantum,·
496 1811 686 1848 individua
705 1821 795 1846 vero
815 1821 889 1845 non
910 1809 1021 1845 modo
1039 1809 1241 1845 subsistunt
1259 1814 1280 1854 ²,
1309 1820 1370 1845 ve-

305 1877 390 1901 rum
424 1865 534 1900 etiam
562 1864 739 1900 substant.
780 1861 855 1898 Sed
886 1873 908 1897 a
934 1861 1163 1898 subsistendo
1197 1861 1372 1898 dicuntur

305 1917 585 1963 subsistentiae,
621 1916 717 1952 sicut
748 1927 770 1951 a
806 1914 1008 1951 substando
1045 1914 1274 1951 substantiae
1307 1915 1370 1951 vel

303 1971 540 2019 hypostases.
571 1970 670 2005 Cum
698 1968 808 2016 igitur
832 1979 914 2003 esse
943 1968 1167 2016 hypostases
1194 1968 1257 2004 vel
1285 1979 1370 2016 per-

304 2036 417 2060 sonas
455 2035 534 2059 non
572 2021 775 2058 conveniat
811 2019 1013 2068 generibus
1047 2021 1110 2057 vel
1148 2020 1368 2069 speciebus,

303 2077 528 2125 hypostases
555 2075 618 2112 vel
654 2085 842 2123 personae
881 2085 959 2110 non
997 2080 1084 2110 sunt
1121 2073 1224 2110 idem
1262 2074 1369 2122 quod

305 2129 574 2166 subsistentiae.

357 2183 590 2227 PRAETEREA,
619 2180 774 2217 Boetius
802 2178 906 2226 dicit,
936 2179 974 2215 in
1004 2179 1234 2216 Commento
1254 2181 1370 2217 Prae-

305 2235 623 2279 dicamentorum,
654 2233 758 2282 quod
786 2232 995 2280 hypostasis
1029 2231 1162 2268 dicitur
1190 2233 1368 2280 materia,

306 2288 435 2325 usiosis
463 2294 612 2332 autem,
648 2286 745 2322 idest
777 2284 1031 2330 subsistentia,
1069 2284 1203 2321 dicitur
1231 2285 1366 2322 forma.

306 2341 383 2378 Sed
402 2352 526 2389 neque
546 2339 559 2366 ζ
587 2339 709 2376 forma
728 2349 853 2385 neque
875 2337 1032 2374 materia
1050 2344 1175 2386 potest
1195 2338 1267 2375 dici
1284 2351 1368 2387 per-

305 2406 410 2430 sona.
441 2394 544 2441 Ergo
572 2403 739 2441 persona
767 2390 891 2428 differt
919 2402 942 2427 a
970 2390 1183 2439 praedictis.

358 2448 582 2483 REspouoEo
612 2455 796 2482 D1cENDUM
824 2444 942 2493 quod,
963 2443 1175 2480 secundum
1196 2444 1368 2480 Philoso-

303 2500 437 2549 phum,
458 2499 495 2536 in
515 2499 550 2535 V
567 2498 784 2546 Metaphys.
804 2496 835 2543 *,
866 2496 1074 2533 substantia
1093 2496 1226 2534 dicitur
1250 2496 1370 2546 dupli-

306 2553 404 2590 citer.
434 2552 522 2590 Uno
551 2550 670 2588 modo
701 2549 835 2588 dicitur
863 2549 1071 2587 substantia
1094 2549 1277 2598 quidditas
1301 2550 1368 2597 rei,

304 2618 420 2655 quam
458 2604 642 2653 significat
679 2602 869 2650 definitio,
903 2602 1115 2640 secundum
1144 2602 1250 2650 quod
1279 2602 1368 2640 dici-

305 2671 390 2695 mus
432 2658 538 2706 quod
579 2657 740 2704 definitio
776 2656 967 2706 significat
1005 2655 1250 2692 substantiam
1292 2656 1369 2693 rei:

304 2723 420 2760 quam
440 2710 597 2760 quidem
625 2709 873 2746 substantiam
903 2708 1039 2746 Graeci
1069 2709 1189 2745 usiam
1214 2716 1367 2756 vocant,

305 2764 409 2814 quod
429 2776 499 2800 nos
519 2763 712 2800 essentiam
728 2762 852 2799 dicere
872 2774 1089 2811 possumus.
1107 2782 1130 2789 -
1143 2761 1227 2798 Alio
1248 2762 1367 2799 modo

306 2817 439 2854 dicitur
466 2815 673 2854 substantia
700 2815 903 2852 subiectum
926 2814 986 2852 vel
1011 2815 1241 2864 suppositum
1269 2815 1371 2863 quod

304 2870 465 2907 subsistit
489 2869 526 2906 in
554 2880 693 2919 genere
725 2868 961 2905 substantiae.
998 2868 1048 2905 Et
1078 2868 1154 2904 hoc
1187 2867 1366 2916 quidem,

305 2922 559 2960 communiter
587 2920 830 2969 accipiendo,
861 2921 1049 2958 nominari
1078 2928 1202 2969 potest
1237 2928 1272 2957 et
1299 2933 1367 2958 no-

304 2976 407 3013 mine
436 2975 668 3023 significante
698 2973 963 3010 intentionem:
995 2982 1030 3010 et
1057 2973 1111 3010 sic
1131 2973 1265 3010 dicitur
1282 2985 1367 3022 sup-

297 3030 473 3077 positum.
509 3027 741 3065 Nominatur
774 3026 885 3063 etiam
921 3026 1038 3063 tribus
1072 3026 1293 3064 nominibus
1322 3026 1368 3063 si-

304 3081 569 3130 gnificantibus
597 3092 690 3127 rem,
711 3091 810 3128 quae
835 3079 991 3127 quidem
1013 3087 1099 3117 sunt
1118 3091 1177 3116 res
1196 3085 1366 3126 naturae,

303 3135 532 3172 subsistentia
554 3141 589 3170 et
607 3133 826 3181 hypostasis,
844 3133 1056 3170 secundum
1071 3132 1257 3181 triplicem
1279 3145 1368 3170 con-

304 3188 572 3224 siderationem
610 3185 840 3223 substantiae
878 3185 930 3221 sic
968 3185 1100 3223 dictae.
1145 3185 1366 3222 Secundum

305 3241 405 3277 enim
427 3240 531 3289 quod
558 3252 627 3288 per
655 3251 695 3275 se
724 3238 845 3275 existit
874 3246 909 3274 et
937 3251 1014 3274 non
1044 3238 1081 3274 in
1102 3238 1188 3286 alio,
1207 3245 1368 3276 vocatur

303 3293 554 3330 subsistentia:
592 3292 651 3329 illa
685 3291 787 3328 enim
821 3291 1022 3327 subsistere
1056 3291 1238 3338 dicimus,
1268 3302 1366 3340 quae

1429 557 1470 582 De
1489 557 1555 587 Por„
1576 565 1619 590 qu.
1639 565 1678 588 rx,
1698 562 1745 583 art.
1762 566 1784 583 ι.

1427 657 1505 681 non
1524 645 1563 682 in
1583 645 1669 693 alio,
1700 647 1766 683 sed
1796 645 1834 683 in
1858 659 1897 683 se
1917 652 1930 668 '¹
1952 646 2122 684 existunt.
2154 648 2377 685 Secundum
2397 661 2492 685 vero

1427 698 1532 745 quod
1552 699 1778 747 supponitur
1802 699 1912 736 alicui
1941 707 2097 736 naturae
2127 700 2335 747 communi,
2366 700 2419 737 sic
2440 701 2493 738 di-

1428 750 1521 787 citur
1540 763 1598 787 res
1618 757 1798 795 naturae,·
1826 752 1922 789 sicut
1948 753 2009 789 hic
2034 754 2146 790 homo
2177 761 2232 790 est
2257 766 2315 790 res
2335 761 2492 790 naturae

1426 803 1630 840 humanae.
1661 804 1882 842 Secundum
1901 817 1996 842 vero
2016 806 2123 853 quod
2142 807 2369 855 supponitur
2397 806 2493 843 acci-

1428 855 1614 902 dentibus,
1636 856 1771 893 dicitur
1789 858 1999 906 hypostasis
2020 859 2083 895 vel
2102 860 2318 896 substantia.
2334 881 2358 887 -
2376 859 2492 906 Quod

1427 916 1553 944 autern
1583 909 1679 945 haec
1706 909 1775 946 tria
1807 910 1965 946 nomina
1999 911 2212 958 significant
2240 912 2494 949 communiter

1425 961 1463 997 in
1495 967 1575 998 toto
1609 973 1745 1008 genere
1780 963 2096 1009 substantiarum,
2126 965 2202 1001 hoc
2229 977 2373 1002 nomen
2404 977 2492 1014 per-

1425 1026 1518 1051 sona
1557 1013 1741 1061 significat
1778 1016 1817 1052 in
1859 1027 1996 1063 genere
2035 1015 2276 1054 rationalium
2319 1018 2492 1061 substan,-

1425 1075 1575 1103 uarum.

1478 1122 1537 1156 AD
1554 1132 1691 1157 PRIMUM
1706 1131 1804 1156 ERGO
1825 1132 2008 1157 DICENDUM
2024 1121 2130 1169 quod
2148 1122 2369 1170 hypostasis,
2389 1123 2493 1172 apud

1426 1174 1606 1220 Graecos,
1638 1185 1684 1209 ex
1710 1173 1864 1222 propria
1894 1173 2168 1221 significatione
2197 1175 2359 1212 nominis
2378 1176 2494 1213 habet

1426 1227 1529 1275 quod
1549 1226 1733 1274 significet
1760 1226 2033 1275 quodcumque
2061 1226 2302 1264 individuum
2321 1228 2493 1265 substan-

1425 1279 1515 1316 tiae:
1545 1279 1613 1316 sed
1642 1291 1687 1315 ex
1713 1291 1787 1315 usu
1824 1279 2005 1327 loquendi
2042 1279 2158 1317 habet
2189 1280 2294 1330 quod
2322 1288 2494 1318 sumatur

1424 1345 1494 1381 pro
1533 1332 1728 1369 individuo
1768 1332 1958 1369 rationalis
1995 1339 2177 1381 naturae,
2217 1333 2362 1371 ratione
2399 1346 2492 1372 suae

1427 1385 1682 1422 excellentiae.

1479 1440 1538 1475 AD
1558 1450 1747 1475 SECUNDUM
1773 1450 1956 1475 DICENDUM
1986 1440 2101 1487 quod,
2127 1439 2223 1476 sicut
2241 1451 2312 1476 nos
2333 1439 2492 1477 dicimus

1425 1491 1463 1528 in
1494 1491 1631 1528 divinis
1659 1491 1852 1540 pluraliter
1880 1499 1955 1528 tres
1982 1504 2167 1540 personas
2202 1499 2238 1528 et
2265 1499 2339 1529 tres
2373 1492 2492 1530 subsi-

1413 1544 1591 1591 -stentias,
1621 1544 1671 1581 ita
1700 1544 1836 1581 Graeci
1866 1544 1995 1581 dicunt
2013 1542 2026 1565 ⁰
2045 1552 2118 1582 tres
2146 1545 2384 1594 hypostases.
2415 1545 2494 1583 Sed

1426 1597 1516 1645 quia
1535 1609 1679 1634 nomen
1706 1598 1943 1643 substantiae,
1965 1598 2071 1645 quod
2089 1598 2302 1635 secundum
2321 1598 2492 1647 proprie-

1426 1658 1542 1687 tatem
1572 1650 1852 1698 significationis
1889 1650 2095 1699 respondet
2125 1651 2334 1699 hypostasi,
2365 1651 2493 1700 aequi-

1424 1710 1585 1740 vocatur
1613 1703 1716 1752 apud
1745 1715 1827 1749 nos,
1851 1715 1938 1739 cum
1963 1704 2194 1752 quandoque
2224 1703 2409 1752 significet
2437 1716 2493 1741 es-

1426 1756 1608 1803 sentiam,
1638 1757 1871 1805 quandoque
1900 1756 2155 1805 hypostasim3
2185 1768 2233 1793 ne
2261 1757 2382 1806 possit
2410 1769 2491 1795 esse

1427 1809 1563 1846 erroris
1593 1809 1764 1855 occasio,
1805 1809 2020 1845 maluerunt
2050 1821 2121 1857 pro
2154 1809 2349 1858 hypostasi
2373 1817 2491 1847 trans—

1426 1863 1522 1898 ferre
1541 1869 1549 1882 ¹
1576 1861 1859 1907 subsistentiam,
1890 1873 2007 1909 quam
2032 1862 2290 1898 substantiam.

1479 1917 1538 1951 An
1565 1926 1725 1951 TERTtUM
1751 1925 1935 1951 DICENDUM
1955 1914 2061 1962 quod
2081 1914 2244 1965 essentia
2263 1915 2417 1964 proprie
2437 1923 2493 1952 est

1426 1967 1462 2005 id
1492 1968 1597 2016 quod
1626 1967 1856 2015 significatur
1892 1979 1962 2016 per
1996 1967 2270 2004 definitionem.
2310 1967 2492 2006 Definitio

1426 2027 1554 2058 autem
1584 2019 1849 2069 complectitur
1875 2019 2059 2069 principia
2087 2020 2237 2070 speciei,
2259 2033 2339 2058 non
2363 2028 2492 2059 autem

1425 2073 1610 2122 principia
1638 2072 1896 2110 individualia.
1927 2073 2038 2111 Unde
2066 2073 2106 2110 in
2127 2074 2241 2111 rebus
2271 2074 2492 2123 compositis

1427 2139 1472 2163 ex
1501 2126 1658 2164 materia
1688 2134 1724 2163 et
1751 2126 1891 2173 forma,
1923 2126 2083 2163 essentia
2111 2126 2296 2174 significat
2323 2139 2402 2164 non
2431 2139 2491 2164 so-

1425 2180 1503 2216 lum
1531 2180 1718 2226 formam,
1749 2191 1820 2215 nec
1848 2180 1973 2216 solum
2003 2179 2215 2226 materiam,
2237 2180 2305 2216 sed
2333 2191 2492 2229 compo-

1424 2232 1538 2269 situm
1559 2245 1605 2269 ex
1628 2232 1788 2268 materia
1817 2238 1853 2268 et
1881 2232 2003 2268 forma
2033 2232 2242 2280 communi,
2262 2240 2378 2281 prout
2405 2240 2493 2271 sunt
2525 2230 2528 2233 ’

1424 2284 1608 2334 principia
1641 2283 1792 2332 speciei.
1832 2284 1910 2321 Sed
1945 2285 2204 2333 compositum
2239 2297 2283 2322 ex
2311 2286 2384 2323 hac
2411 2298 2492 2324 ma-

1424 2338 1517 2374 teria
1539 2344 1574 2374 et
1603 2349 1648 2374 ex
1675 2338 1747 2374 hac
1761 2338 1913 2385 forma,
1933 2337 2049 2375 habet
2067 2337 2255 2375 rationem
2274 2339 2491 2387 hypostasis

1424 2398 1460 2427 et
1487 2402 1695 2439 personae:
1727 2389 1855 2426 anima
1884 2389 1987 2427 enim
2016 2397 2052 2427 et
2080 2402 2168 2427 caro
2198 2398 2235 2427 et
2263 2403 2306 2427 os
2331 2398 2418 2428 sunt
2441 2392 2502 2429 de‘

1424 2443 1569 2480 ratione
1597 2442 1784 2489 hominis,
1815 2441 1882 2479 sed
1910 2443 2005 2479 haec
2034 2443 2162 2480 anima
2200 2450 2236 2480 et
2266 2444 2363 2480 haec
2401 2456 2489 2481 caro

1424 2503 1460 2533 et
1479 2497 1554 2533 hoc
1580 2508 1624 2532 os
1649 2503 1737 2532 sunt
1756 2495 1803 2532 de
1824 2495 1969 2532 ratione
1994 2496 2104 2532 huius
2131 2496 2302 2534 hominis.
2333 2497 2382 2534 Et
2401 2496 2488 2534 ideo

1423 2549 1632 2598 hypostasis
1660 2556 1697 2585 et
1717 2560 1884 2597 persona
1913 2547 2059 2586 addunt
2086 2561 2200 2598 supra
2225 2549 2413 2587 rationem
2433 2562 2490 2588 es-

1423 2601 1565 2639 sentiae
1602 2601 1786 2650 principia
1813 2601 2078 2648 individualia3
2114 2614 2242 2650 neque
2269 2610 2357 2640 sunt
2385 2602 2489 2641 idem

1424 2667 1512 2692 cum
1541 2654 1701 2692 essentia
1720 2654 1758 2691 in
1779 2654 2000 2703 compositis
2020 2666 2066 2691 ex
2085 2655 2243 2692 materia
2263 2662 2300 2692 et
2318 2655 2443 2693 forma
2455 2655 2488 2704 ²¹⁸,

1422 2715 1462 2745 ut
1490 2719 1604 2756 supra
1622 2707 1642 2729 '¹‘
1671 2707 1814 2744 dictum
1840 2715 1906 2755 est,
1929 2719 2015 2744 curn
2037 2707 2085 2744 de
2104 2707 2339 2758 simplicitate
2360 2708 2489 2747 divina

1423 2768 1605 2810 ageretur.

1475 2815 1534 2851 AD
1564 2824 1736 2856 QUARTUM
1771 2824 1955 2850 DtCENDUM
1985 2813 2091 2862 quod
2124 2813 2280 2850 Boetius
2310 2812 2399 2851 dicit
2424 2826 2487 2863 ge-

1422 2879 1513 2904 nera
1533 2874 1570 2904 et
1597 2865 1743 2915 species
1758 2872 1771 2886 ¹
1789 2866 1996 2912 subsistere,
2025 2866 2251 2915 inquantum
2282 2865 2487 2904 individuis

1422 2919 1610 2969 aliquibus
1639 2918 1821 2967 competit
1854 2919 2076 2966 subsistere,
2112 2931 2157 2956 ex
2186 2931 2233 2956 eo
2262 2919 2367 2967 quod
2400 2927 2488 2957 sunt

1421 2973 1491 3009 sub
1512 2972 1713 3020 generibus
1734 2979 1769 3008 et
1788 2972 1988 3020 speciebus
2007 2972 2045 3009 in
2059 2971 2372 3021 praedicamento
2389 2973 2486 3010 Sub—

1421 3025 1578 3063 stantiae
1598 3024 1882 3074 comprehensis
1900 3025 1937 3062 *z
1967 3037 2045 3062 non
2074 3025 2178 3074 quod
2206 3024 2311 3073 ipsae
2341 3025 2485 3074 species
2512 3032 2523 3044 ³
2539 3032 2566 3055 D·
2583 3039 2638 3062 ¹¹³⁷-

1420 3079 1482 3115 vel
1508 3090 1646 3126 genera
1675 3077 1889 3124 subsistant,
1919 3077 1990 3116 nisi
2018 3077 2231 3115 secundum
2261 3078 2484 3126 opinionem

1420 3131 1608 3178 Platonis,
1643 3130 1708 3179 qui
1736 3130 1863 3179 posuit
1890 3130 1910 3152 ’¹‘
1937 3130 2083 3180 species
2115 3142 2243 3167 rerum
2281 3130 2484 3180 separatim

1423 3237 1566 3274 eisdem
1586 3234 1598 3257 λ
1626 3235 1830 3273 individuis
1858 3236 1897 3273 in
1923 3236 2054 3273 ordine
2075 3237 2123 3273 ad
2144 3236 2364 3283 accidentia,
2386 3248 2484 3285 quae

1422 3298 1508 3326 sunt
1535 3297 1685 3338 praeter
1713 3289 1899 3326 rationem
1927 3301 2110 3337 generum
2141 3296 2177 3325 et
2205 3289 2428 3338 specierum.

359 3424 386 3454 σι)
406 3426 574 3448 vocaverunt.
591 3435 611 3443 ·-
629 3425 725 3448 vocant
743 3423 775 3447 G.

359 3456 384 3490 β)
405 3459 488 3483 nisi...
503 3458 580 3483 idem.
598 3472 617 3477 -
634 3458 689 3483 si...
704 3458 772 3483 idem
792 3465 843 3482 non
864 3457 986 3482 ABCDE.

358 3494 384 3526 γ)
405 3493 473 3517 idem
493 3493 571 3525 quod.
589 3507 608 3512 —
627 3494 688 3518 Om.
708 3494 808 3517 codices
827 3499 852 3518 et
871 3493 911 3518 ed.
924 3500 950 3517 a.
968 3507 987 3512 -
1005 3493 1055 3517 Pro
1074 3493 1196 3522 essentia,
1216 3499 1271 3518 esse
1289 3491 1366 3517 ACE.

358 3526 383 3560 δ)
402 3531 427 3552 et
444 3541 463 3547 -
480 3528 559 3552 etiam
580 3529 613 3557 D,
633 3536 686 3553 om.
706 3528 798 3553 BFGa.
1269 3553 1272 3559 .

359 3563 382 3595 ε)
402 3570 452 3587 ηοη
473 3564 550 3588 modo
569 3564 720 3588 subsistunt.
738 3576 758 3583 ·—
776 3571 827 3588 non
848 3563 1034 3588 tantummodo
1059 3563 1242 3595 (solummodo
1261 3562 1294 3592 E.
1318 3562 1367 3587 hoc

307 3598 384 3623 modo
404 3597 455 3631 pA)
474 3598 619 3623 subsistunt
638 3599 736 3628 ABEG,
757 3606 807 3623 non
828 3598 973 3623 subsistunt
992 3602 1095 3623 tantum
1116 3598 1161 3623 Pb.

1472 3421 1497 3452 ζ)
1518 3421 1572 3446 Sed
1590 3428 1680 3453 neque.
1699 3434 1718 3439 -
1735 3421 1826 3453 Neque
1843 3423 1932 3445 autem
1952 3420 2062 3445 codices.

1471 3457 1498 3487 η)
1518 3456 1544 3480 in
1564 3463 1600 3480 se.
1618 3469 1638 3474 —
1657 3456 1683 3480 in
1702 3455 1795 3487 seipsis
1814 3455 1924 3480 codices.

1472 3490 1496 3523 θ)
1519 3491 1617 3515 Graeci
1635 3491 1735 3516 dicunt.
1753 3504 1772 3509 -
1789 3494 1815 3515 et
1837 3490 1934 3515 Graeci
1951 3491 1982 3514 A.

1474 3527 1492 3558 ι)
1512 3526 1667 3559 transferre.
1685 3540 1703 3544 -
1717 3532 1820 3558 ponere
1839 3532 1916 3557 quam
1937 3525 2086 3559 transferre
2104 3526 2134 3550 Β.

1474 3562 1499 3592 κ)
1519 3563 1545 3585 et
1563 3561 1669 3592 species.
1687 3574 1706 3579 -
1724 3560 1786 3585 Om.
1805 3560 1947 3585 ABCDEF.

1474 3594 1501 3628 λ)
1521 3596 1629 3621 eisdem.
1647 3609 1665 3614 —
1684 3596 1744 3620 Om.
1765 3596 1793 3620 Β.

2517 2663 2527 2673 '
2542 2661 2571 2684 D.
2586 2668 2642 2691 ¹¹⁴7-

2516 2714 2526 2724 ·
2541 2714 2589 2743 Qu.
2599 2720 2633 2743 m,
2648 2718 2699 2739 art..
2707 2722 2729 2745 3.

2511 3137 2664 3160 'Phaedonic
2672 3143 2726 3167 etp.

1421 3184 1624 3221 subsistere
1652 3196 1675 3220 a
1703 3183 1966 3231 singularibus.
1996 3184 2173 3220 Substare
2190 3195 2285 3220 vero
2305 3183 2485 3233 competit
2510 3163 2728 3219 fflffl’fflss'ssffi*
2764 3192 2768 3195 ¹
