2768 4178
78 725 90 736 ’
104 725 172 747 Vers.
186 731 206 754 3,
220 731 244 751 4.

78 1055 88 1064 ·
98 1053 147 1081 Qu.
157 1059 204 1081 xix,
215 1056 258 1076 art.
267 1059 291 1080 4.

78 1160 88 1169 '¹
105 1159 153 1187 Qu.
163 1166 201 1187 xv,
217 1162 258 1181 art.
270 1165 291 1181 2.

312 220 391 268 486

319 313 363 337 ex
392 298 463 336 alia
477 297 508 335 ⁰:
529 310 619 335 nam
639 297 788 334 bonitas
809 308 907 344 quae
927 295 965 332 in
984 297 1069 332 Deo
1090 302 1146 331 est
1165 293 1382 342 simpliciter

319 361 354 389 et
381 351 631 398 uniformiter,
653 350 691 386 in
713 349 890 386 creaturis
911 356 966 385 est
985 346 1239 396 multipliciter
1268 353 1303 383 et
1330 346 1383 383 di-

317 405 430 442 visim
451 412 469 441 ¹.
498 404 608 442 Unde
635 402 839 452 perfectius
857 401 1057 451 participat
1086 400 1255 437 divinam
1275 399 1383 436 boni-

318 466 447 506 tatem,
483 464 519 494 et
547 463 804 505 repraesentat
833 467 944 502 eam,
979 462 1103 491 toturn
1131 452 1382 499 universum,

319 523 437 559 quam
466 510 537 547 alia
556 516 569 531 ’²
599 516 866 558 quaecumque
897 514 1078 544 creatura.
1100 527 1124 533 -
1145 507 1194 542 Et
1221 505 1309 554 quia
1339 518 1384 542 ex

320 564 448 601 divina
467 563 651 612 sapientia
670 569 725 599 est
740 574 855 599 causa
874 559 1120 598 distinctionis
1135 571 1276 606 rerum,
1297 558 1384 596 ideo

319 618 476 665 Moyses
506 616 594 654 dicit
622 628 681 652 res
702 627 784 652 esse
814 614 1004 651 distinctas
1023 613 1144 650 verbo
1172 612 1258 659 Dei,
1279 613 1385 660 quod

320 677 375 706 est
403 669 602 718 conceptio
632 668 851 717 sapientiae.
873 668 921 704 Et
940 668 1014 703 hoc
1043 673 1099 702 est
1118 665 1224 713 quod
1253 665 1386 702 dicitur

324 723 415 760 Gen.
437 735 447 759 1
466 722 505 759 *ε
529 722 638 759 Dixit
666 723 778 767 Deus,
799 721 887 757 Fiat
904 720 983 756 lux.
1012 721 1063 756 Et
1080 718 1203 756 divisit
1220 717 1340 755 lucem
1360 730 1384 754 a

318 776 487 812 tenebris.

371 831 430 866 AD
459 832 596 866 PRIMUM
625 839 724 865 ERGO
748 839 932 864 DICENDUM
961 825 1067 875 quod
1087 837 1203 873 agens
1230 836 1300 873 per
1319 836 1383 860 na-

318 889 443 918 turam
464 881 538 930 agit
555 894 625 930 per
644 881 810 918 formam
829 892 899 928 per
927 892 1044 928 quam
1066 886 1131 926 est,
1153 890 1251 926 quae
1270 876 1384 914 unius

318 942 466 972 tantum
505 943 561 971 est
593 947 689 971 una:
729 941 766 970 et
801 933 888 970 ideo
917 946 996 970 non
1034 932 1108 980 agit
1141 931 1212 968 nisi
1248 943 1382 967 unum.

318 989 446 1036 Agens
475 995 604 1024 autem
635 986 915 1033 voluntarium,
950 986 1062 1034 quale
1091 984 1154 1022 'est
1181 985 1308 1031 Deus,
1343 991 1384 1020 ut

318 1054 433 1090 supra
460 1041 480 1062 ‘¹‘
508 1048 705 1078 ostensum
735 1047 810 1087 est,
840 1039 915 1087 agit
941 1052 1010 1088 per
1047 1039 1212 1075 formam
1241 1037 1383 1075 intelle-

319 1102 430 1131 ctam.
462 1094 562 1131 Cum
599 1093 710 1142 igitur
744 1094 872 1130 Deum
902 1093 1022 1130 multa
1063 1092 1268 1140 intelligere
1306 1103 1385 1127 non

318 1154 502 1196 repugnet
528 1147 661 1184 unitati
690 1154 725 1183 et
753 1145 979 1195 simplicitati
1007 1145 1137 1195 ipsius,
1161 1152 1203 1182 ut
1231 1156 1346 1193 supra
1364 1143 1384 1166 '¹‘

318 1208 514 1237 ostensum
553 1208 618 1247 est,
654 1199 874 1252 relinquitur
911 1200 1035 1249 quod,
1066 1198 1151 1235 licet
1185 1199 1231 1235 sit
1257 1210 1382 1245 unus,

315 1254 436 1303 possit
463 1254 582 1291 multa
610 1254 746 1291 facere.

370 1383 394 1418 θ)
413 1385 477 1410 alia.
495 1399 514 1404 -
532 1385 585 1410 alio
604 1385 707 1410 codices
726 1390 751 1410 et
769 1386 820 1411 ab.

371 1421 390 1453 ι)
409 1421 525 1446 divisim.
542 1434 562 1439 —
580 1421 704 1446 distincte
723 1421 756 1446 G.

371 1456 396 1489 κ)
415 1456 479 1482 alia.
495 1469 515 1476 —-
533 1456 624 1489 aliqua
641 1456 764 1481 ACDEF'.
783 1470 800 1475 -
818 1463 856 1482 ex
873 1461 932 1489 post
950 1457 1015 1489 quid
1032 1463 1086 1480 om.
1105 1456 1135 1480 B.

991 215 1259 263 QUAESTIO
1288 214 1447 260 XLVII,
1479 213 1772 250 ARTICULUS
1802 214 1834 249 11

1491 289 1549 330 Ao
1579 304 1770 329 SECUNDUM
1799 304 1983 329 DICENDUM
2012 291 2118 341 quod
2138 291 2231 328 ratio
2251 292 2313 328 illa
2332 299 2476 330 teneret
2493 290 2506 313 λ

1439 346 1485 383 de
1516 346 1731 394 exemplato
1761 345 1867 394 quod
1895 346 2062 394 perfecte
2091 352 2349 394 repraesentat
2378 357 2504 382 exem-

1437 400 1544 448 plar,
1579 400 1684 447 quod
1717 411 1796 435 non
1839 398 2108 447 multiplicatur
2144 398 2214 435 nisi
2253 398 2504 436 materialiter.

1439 452 1551 489 Unde
1579 452 1706 499 imago
1734 451 1912 499 increata,
1937 463 2035 501 quae
2065 459 2120 488 est
2146 451 2325 500 perfecta,
2347 458 2403 488 est
2429 464 2507 489 una

1439 512 1598 542 tantum.
1621 505 1697 542 Sed
1727 505 1830 541 nulla
1859 512 2030 542 creatura
2058 511 2314 553 repraesentat
2340 505 2505 553 perfecte

1440 559 1635 607 exemplar
1662 558 1844 607 primum,
1874 559 1978 607 quod
2007 565 2064 595 est
2092 557 2222 595 divina
2255 558 2427 595 essentia.
2458 559 2508 595 Et

1441 611 1528 648 ideo
1557 619 1683 660 potest
1710 624 1780 660 per
1808 613 1927 648 multa
1956 610 2242 660 repraesentari.
2263 631 2287 638 —
2309 611 2358 648 Et
2376 619 2507 648 tamen

1441 665 1653 701 secundum
1682 664 1787 712 quod
1816 664 1925 702 ideae
1956 665 2132 702 dicuntur
2161 664 2404 712 exemplaria,
2424 665 2506 713 plu-

1440 717 1574 754 ralitati
1593 729 1722 754 rerum
1751 718 2025 767 correspondet
2043 718 2082 755 in
2109 725 2238 755 mente
2267 717 2397 754 divina
2424 718 2506 767 plu-

1440 770 1564 807 ralitas
1592 770 1777 807 idearum.

1492 825 1552 860 AD
1581 835 1740 860 TERTmM
1759 835 1945 860 DICENDUM
1973 824 2079 872 quod
2098 824 2137 861 in
2165 824 2407 873 speculativis
2427 836 2507 861 me-

1439 876 1547 913 dium
1576 876 1917 924 demonstrationis,
1938 876 2044 926 quod
2071 878 2236 926 perfecte
2273 878 2510 915 demonstrat

1440 929 1740 977 conclusionem,
1762 937 1818 967 est
1844 941 1966 966 unum
1986 937 2155 967 tantum:
2185 930 2257 967 sed·
2273 930 2401 968 media
2419 943 2508 980 pro—

1440 983 1578 1020 babilia
1621 990 1708 1020 sunt
1735 983 1866 1019 multa.
1901 984 1950 1019 Et
1987 982 2155 1020 similiter
2196 982 2235 1020 in
2277 984 2506 1033 operativis,

1439 1036 1595 1086 quando
1623 1036 1660 1074 id
1690 1036 1796 1085 quod
1825 1043 1880 1073 est
1907 1037 1956 1074 ad
1983 1037 2103 1073 finem
2141 1035 2350 1085 adaequat,
2387 1044 2430 1074 ut
2457 1037 2508 1074 ita

1441 1089 1621 1136 dixerim,
1654 1090 1797 1136 finem,
1828 1102 1908 1126 non
1946 1090 2146 1139 requiritur
2182 1090 2288 1138 quod
2315 1096 2335 1118 Ι*
2363 1090 2409 1127 sit
2437 1090 2509 1127 nisi

1439 1155 1561 1180 unum
1590 1150 1749 1180 tantum.
1773 1143 1849 1180 Sed
1879 1151 2051 1180 creatura
2071 1155 2150 1180 non
2180 1143 2232 1180 sic
2253 1156 2293 1180 se
2321 1144 2437 1180 habet
2460 1143 2509 1180 ad

1439 1197 1559 1234 finem
1598 1197 1663 1246 qui
1696 1204 1752 1234 est
1784 1197 1890 1233 Deus
1914 1202 1936 1233 ⁹.
1971 1196 2083 1234 Unde
2118 1196 2285 1246 oportuit
2319 1204 2509 1234 creaturas

1440 1250 1691 1300 multiplicari.

1493 1382 1522 1417 λ)
1542 1386 1652 1408 teneret.
1669 1397 1687 1402 —
1706 1386 1777 1408 tenet
1795 1382 1850 1407 BD.

1495 1419 1522 1454 μ.)
1537 1419 1617 1452 quod.
1631 1433 1650 1438 —
1662 1422 1691 1443 ut
1706 1418 1807 1443 codices
1823 1423 1848 1442 et
1861 1418 1902 1442 ed.
1915 1418 1938 1448 b,
1953 1420 1983 1442 ut
1997 1424 2049 1442 non
2063 1417 2104 1441 ed.
2118 1424 2144 1441 a.
2163 1429 2182 1436 -·
2200 1419 2305 1441 tantum
2319 1424 2374 1442 om.
2387 1416 2511 1442 ABCDE.

1494 1455 1517 1487 ν)
1536 1455 1583 1487 qui
1600 1457 1640 1479 est
1659 1454 1741 1479 Deus.
1758 1468 1778 1473 —
1796 1453 1868 1486 quod
1885 1456 1925 1478 est
1945 1453 2018 1478 Deus
2037 1452 2137 1484 BDFG,
2156 1459 2209 1477 om.
2228 1452 2304 1477 ΑΘΕ.

1000 1554 1333 1587 Commentario.
1356 1552 1608 1586 Cardinalis
1630 1551 1830 1585 Caietani

321 1653 369 1716 IN
393 1643 495 1680 titulo,
516 1643 677 1685 quaeritur
692 1654 733 1675 an
749 1644 907 1676 distinctio
925 1644 964 1676 sit
979 1655 998 1675 a
1020 1644 1100 1681 Deo,
1116 1654 1181 1674 non
1206 1643 1388 1685 quomodo-

348 1687 433 1725 libet,
451 1688 507 1719 sed
530 1694 565 1720 ut
581 1698 692 1729 perse
708 1690 840 1727 intenta,
865 1695 901 1720 ut
924 1688 957 1719 in
980 1699 1131 1729 processu
1155 1688 1277 1720 articuli
1293 1694 1387 1728 patet.

378 1732 413 1762 In
430 1742 563 1773 corpore
586 1733 644 1764 tria
666 1733 754 1764 facit:
780 1733 895 1774 primo,
912 1739 1022 1764 tractat
1038 1733 1226 1774 opinionem
1242 1732 1389 1773 antiquo-

320 1785 411 1813 rum;
443 1777 599 1814 secundo,
628 1777 815 1818 opinionem
850 1777 1046 1814 Avicennae;
1073 1777 1183 1814 tertio,
1219 1776 1390 1817 respondet

320 1827 474 1862 quaesito.

381 1865 418 1896 ΙΙ.
444 1866 561 1903 Quoad
578 1867 739 1907 primum,
763 1865 895 1897 refertur
919 1866 1030 1907 opinio
1054 1865 1228 1897 Democriti
1251 1872 1282 1896 et
1304 1867 1390 1896 Ana-

320 1920 464 1950 xagorae,
481 1910 571 1951 quod
594 1910 753 1942 distinctio
775 1920 882 1941 rerum
899 1918 945 1942 est
968 1921 985 1941 a
1004 1910 1135 1941 materia
1157 1910 1224 1940 sola
1248 1917 1279 1940 et
1302 1919 1389 1940 casu-

321 1954 425 1991 aliter;
446 1954 496 1985 vel
512 1965 530 1985 a
546 1955 676 1986 materia
690 1955 787 1986 simul
803 1961 833 1986 et
849 1962 970 1995 agente.
983 1973 1001 1978 -
1015 1954 1268 1995 Reprehenditur
1281 1961 1390 1985 autem

322 2005 456 2039 utraque
480 1999 601 2039 opinio,
625 2000 734 2040 quoad
757 1999 819 2030 hoc
842 1999 875 2030 in
899 2010 967 2041 quo
990 1999 1247 2035 communicant,
1273 1998 1390 2030 scilicet

321 2043 412 2084 quod
439 2043 598 2075 distinctio
622 2050 669 2074 est
683 2054 700 2074 a
716 2043 846 2074 materia
861 2051 897 2075 ut
912 2054 931 2074 a
954 2053 1048 2074 causa
1071 2043 1187 2084 prima,
1212 2043 1293 2074 idest
1314 2042 1390 2073 irre-

322 2087 450 2118 ducibili
473 2087 507 2118 in
529 2088 625 2118 aliam
647 2088 786 2129 priorem
810 2098 948 2125 causam,
971 2088 1148 2129 dupliciter.
1171 2089 1292 2126 Primo,
1316 2087 1392 2128 quia

320 2131 389 2172 ipsa
419 2132 549 2163 materia
572 2138 618 2163 est
640 2143 659 2163 a
688 2133 768 2163 Deo.
793 2132 960 2171 Secundo,
993 2133 1069 2174 quia
1096 2132 1192 2163 etiam
1219 2132 1323 2163 forma
1346 2138 1392 2162 est

322 2175 408 2216 prior
424 2176 567 2213 materia,
584 2177 740 2217 quoniam
755 2177 884 2208 materia
901 2184 947 2208 est
962 2184 1092 2217 propter
1108 2176 1256 2208 formam.

381 2220 432 2251 111.
454 2220 571 2258 Quoad
594 2221 781 2259 secundum,
797 2221 928 2252 refertur
951 2221 1063 2261 opinio
1087 2221 1277 2257 Avieennae,
1301 2220 1391 2262 quod

323 2263 482 2295 distinctio
506 2272 552 2295 est
575 2275 612 2295 ex
635 2265 780 2296 secundis
804 2265 978 2305 agentibus.
1003 2266 1044 2296 Et
1066 2265 1267 2305 improbatur
1286 2264 1391 2305 dupli-

324 2308 409 2339 citer.
432 2309 552 2345 Primo,
573 2309 649 2350 quia
671 2309 733 2340 hoc
756 2316 803 2340 est
823 2309 939 2340 falsum
963 2310 1002 2340 de
1025 2309 1226 2340 distinctione
1249 2308 1392 2340 incorru-

324 2352 503 2393 ptibilium:
528 2353 683 2394 quoniam
706 2364 724 2384 a
748 2354 819 2384 solo
843 2354 913 2384 Deo
937 2353 1003 2385 fieri
1026 2361 1172 2394 possunt.
1196 2372 1216 2376 -
1231 2353 1390 2391 Secundo,

324 2397 399 2438 quia
422 2397 580 2428 distinctio
605 2408 712 2429 rerum
735 2404 816 2429 esset
839 2409 857 2428 a
881 2407 970 2429 casu:
996 2405 1026 2429 et
1049 2405 1280 2439 consequenter
1303 2407 1392 2428 corn-

323 2441 523 2482 plementum
546 2442 683 2473 universi
707 2449 788 2473 esset
810 2453 828 2473 a
847 2452 931 2474 casu.
956 2443 997 2474 Et
1019 2449 1104 2474 tenet
1126 2442 1229 2483 prima
1248 2441 1390 2482 sequela:

324 2486 479 2526 quoniam
502 2487 592 2527 quod
614 2485 650 2517 fit
673 2496 709 2517 ex
732 2497 888 2518 concursu
913 2487 1088 2518 multarum
1112 2496 1279 2517 causarum
1298 2496 1391 2526 agen-

323 2529 414 2567 tium,
432 2540 498 2561 non
514 2541 570 2571 per
586 2541 619 2561 se
634 2530 792 2562 intentum
809 2531 847 2562 ab
868 2531 975 2572 aliquo
993 2531 1144 2571 dirigente
1161 2541 1212 2562 eas
1229 2530 1261 2561 in
1278 2540 1390 2567 unum,

324 2583 397 2605 casu
422 2574 466 2606 fit.
490 2575 635 2606 Secunda
658 2581 766 2606 autem
789 2576 917 2617 sequela
935 2582 1035 2607 tenet:
1060 2575 1135 2617 quia
1154 2574 1304 2617 perfectio
1321 2574 1392 2605 uni-

323 2619 403 2649 versi
427 2619 459 2649 in
483 2629 589 2650 rerum
612 2619 788 2651 diversitate
812 2620 963 2651 consistit.

382 2664 434 2695 IV.
460 2664 577 2701 Quoad
591 2665 731 2702 tertium,
754 2664 917 2695 conclusio
934 2664 1118 2706 responsiva
1133 2671 1195 2695 est:
1220 2663 1389 2695 Distinctio

323 2717 379 2738 seu
403 2707 575 2739 multitudo
599 2718 706 2740 rerum
729 2716 776 2740 est
799 2719 836 2740 ex
859 2709 1035 2740 intentione
1058 2708 1154 2750 primi
1177 2708 1308 2750 agentis,
1333 2708 1389 2750 qui

1443 1649 1489 1674 est
1501 1643 1598 1673 Deus.
1608 1660 1629 1666 -
1639 1642 1805 1674 Probatur.
1815 1642 1903 1673 Deus
1918 1642 2069 1684 produxit
2080 1652 2129 1673 res
2144 1642 2177 1672 in
2193 1652 2260 1673 esse
2274 1648 2406 1683 propter
2421 1652 2514 1673 suam

1444 1686 1619 1718 bonitatem
1648 1686 1949 1718 communicandam
1973 1686 2137 1723 creaturis,
2170 1693 2200 1717 et
2230 1696 2286 1727 per
2314 1696 2366 1716 eas
2389 1696 2513 1727 reprae-

1443 1731 1649 1762 sentandam:
1674 1741 1749 1771 ergo
1769 1731 1919 1772 produxit
1942 1731 2058 1762 multas
2082 1737 2239 1761 creaturas
2255 1737 2286 1762 et
2301 1730 2448 1762 diversas.
2471 1731 2514 1762 Et

1443 1782 1529 1807 tenet
1553 1775 1697 1817 sequela:
1728 1774 1804 1816 quia
1831 1785 1888 1815 per
1916 1785 2016 1806 unam
2043 1782 2218 1806 creaturam
2246 1773 2437 1806 sufficienter
2465 1784 2513 1806 re-

1443 1820 1634 1860 praesentari
1650 1829 1717 1850 non
1733 1826 1848 1859 potest.
1873 1819 1972 1857 Quod
1996 1820 2166 1860 probatur:
2191 1818 2267 1860 quia
2289 1818 2414 1850 bonitas
2429 1828 2514 1860 quae

1443 1864 1476 1895 in
1494 1865 1565 1895 Deo
1585 1871 1631 1895 est
1650 1863 1835 1904 simpliciter
1857 1871 1888 1895 et
1911 1863 2122 1901 uniformiter,
2146 1863 2180 1894 in
2192 1863 2352 1895 *creaturis
2368 1870 2415 1894 est
2430 1863 2512 1894 mul-

1443 1908 1589 1950 tipliciter
1611 1915 1642 1940 et
1666 1907 1800 1939 divisim.
1826 1908 1925 1946 Quod
1951 1915 1982 1939 et
2003 1907 2221 1939 confirmatur:
2246 1907 2322 1950 quia
2345 1907 2514 1948 perfectius

1443 1953 1609 1994 participat
1625 1952 1765 1983 divinam
1779 1952 1956 1984 bonitatem
1970 1959 2076 1984 totum
2092 1952 2287 1989 universum,
2305 1962 2404 1994 quam
2418 1962 2515 1993 quae-

1444 2007 1583 2038 cumque
1606 2004 1757 2028 creatura.

1499 2041 1648 2073 Secundo
1661 2042 1814 2083 probatur
1825 2041 1989 2072 conclusio
2002 2041 2187 2072 auctoritate
2197 2041 2386 2082 Scripturae,
2399 2040 2478 2072 Gen.
2487 2049 2514 2072 1:

1443 2086 1538 2117 Dixit
1558 2087 1650 2117 Deus
1672 2093 1730 2117 etc.

1502 2131 1540 2162 V.
1566 2130 1657 2162 Circa
1673 2131 1755 2162 hanc
1771 2130 1936 2167 rationem,
1957 2130 2082 2161 adverte
2098 2130 2196 2171 quod,
2214 2139 2290 2161 cum
2305 2129 2429 2167 dicitur,
2453 2139 2515 2160 no-

1445 2175 1584 2206 minatur
1607 2182 1662 2206 aut
1677 2175 1839 2216 quaeritur
1862 2174 2020 2206 sufficiens
2036 2175 2279 2215 repraesentatio
2303 2173 2453 2206 bonitatis
2467 2173 2516 2205 di-

1444 2219 1545 2256 vinae,
1566 2229 1633 2250 non
1656 2227 1703 2250 est
1729 2229 1834 2250 sermo
1862 2219 1900 2250 de
1925 2218 2112 2250 sufficientia
2135 2218 2334 2260 simpliciter.
2359 2218 2516 2260 quoniam

1445 2273 1503 2294 nec
1526 2263 1613 2294 mille
1637 2263 1749 2294 mundi
1773 2262 1952 2294 sufficerent
1967 2263 2007 2293 ad
2022 2263 2070 2293 id:
2096 2264 2150 2294 sed
2175 2263 2213 2294 de
2237 2262 2422 2294 sufficientia
2439 2272 2516 2294 con-

1445 2318 1524 2338 sona
1539 2307 1725 2349 perfectioni
1748 2307 1896 2339 universi.
1921 2307 1994 2338 Huc
2017 2307 2103 2338 enim
2127 2307 2227 2338 tendit
2245 2307 2336 2344 ratio,
2354 2314 2389 2338 ut
2405 2307 2516 2338 huius-

1445 2352 1535 2382 modi
1557 2352 1878 2393 repraesentationem
1901 2351 2026 2382 divinae
2048 2351 2198 2382 bonitatis
2217 2351 2250 2382 in
2266 2361 2373 2382 rerum
2388 2351 2516 2382 univer-

1445 2396 1533 2428 sitate
1550 2406 1607 2437 per
1623 2406 1655 2427 se
1671 2396 1826 2427 intentam
1842 2406 1860 2426 a
1878 2396 1949 2427 Deo
1965 2395 2121 2427 fateamur
2132 2419 2139 2432 ‚
2164 2395 2240 2436 quia
2264 2395 2357 2426 unica
2373 2401 2516 2427 creatura

1445 2441 1485 2472 ad
1503 2441 1690 2472 huiusmodi
1708 2440 2028 2481 repraesentationem
2047 2450 2114 2471 non
2133 2439 2298 2471 sufficeret.

1502 2485 1556 2516 V1.
1581 2485 1617 2516 In
1640 2484 1848 2526 responsione
1872 2485 1912 2515 ad
1935 2484 2130 2521 secundum,
2155 2484 2281 2515 adverte
2304 2484 2394 2525 quod
2411 2493 2515 2514 exem-

1445 2529 1514 2571 plar
1545 2524 1712 2570 dupliciter
1741 2529 1811 2560 Deo
1842 2529 1969 2560 attribui
1992 2529 2094 2560 littera
2122 2528 2201 2560 vult.
2235 2527 2364 2565 Primo,
2394 2527 2518 2559 ratione

1445 2574 1637 2605 substantiae
1661 2573 1863 2614 simpliciter:
1899 2579 1931 2604 et
1953 2573 1997 2604 sic
2026 2573 2114 2604 Deus
2147 2580 2193 2604 est
2222 2582 2326 2604 unum
2356 2572 2516 2613 exemplar

1445 2618 1602 2649 omnium.
1621 2618 1779 2654 Secundo,
1796 2618 1919 2649 ratione
1940 2618 2132 2649 substantiae
2148 2617 2192 2648 sic
2207 2617 2258 2648 vel
2274 2616 2318 2648 sic
2338 2615 2514 2648 imitabilis:

1445 2670 1476 2694 et
1491 2663 1583 2694 sicin
1600 2669 1706 2694 mente
1730 2662 1835 2693 divina
1859 2669 1934 2694 sunt
1956 2662 2058 2694 multa
2079 2671 2187 2693 rerum
2210 2661 2410 2702 exemplaria,
2427 2661 2515 2693 iuxta

1443 2707 1684 2738 multitudinem
1706 2707 1859 2738 idearum.

1093 2870 1413 2914 ARTICULUS
1443 2869 1744 2913 SECUNDUS

946 2964 1103 2995 UTRUM
1127 2963 1449 3002 INAEQUALITAS
1473 2963 1626 2995 RERUM
1650 2963 1717 2994 SIT
1741 2964 1770 2993 A
1793 2961 1894 2994 DEo.

511 3044 585 3075 Infra,
605 3052 650 3078 qu.
669 3052 726 3076 exv,
745 3049 793 3070 art.
813 3051 843 3076 ²3
863 3045 882 3069 11
905 3045 982 3070 Cont.
1003 3046 1090 3072 Gent..
1110 3052 1167 3078 cap.
1185 3052 1251 3076 κων,
1270 3052 1332 3076 nv3
1351 3044 1391 3074 111,
1410 3052 1466 3077 cap.
1485 3051 1568 3076 xcvn;
1589 3044 1630 3069 De
1650 3043 1716 3073 Por„
1737 3051 1782 3076 qu.
1801 3050 1839 3075 m,
1859 3047 1907 3068 art.
1931 3040 1975 3074 16;
1996 3041 2048 3073 Qu.
2067 3042 2100 3068 de
2116 3041 2216 3067 Anima
2235 3046 2281 3066 art.
2301 3049 2330 3074 73

898 3080 1043 3112 Compend.
1067 3079 1165 3109 Theol„
1184 3088 1240 3114 cap.
1259 3087 1345 3112 Luni,
1364 3086 1414 3111 cn;
1435 3079 1477 3104 De
1497 3079 1559 3104 Diu.
1577 3079 1664 3109 Nom„
1685 3086 1740 3112 cap.
1759 3086 1794 3109 iv,
1814 3079 1874 3104 lect.
1893 3085 1943 3103 xw.

358 3192 420 3235 ,μὴν
442 3196 515 3243 ⁹0¹3(
537 3191 560 3216 D
576 3191 766 3216 SECUNDUM
781 3191 834 3216 SIC
854 3190 1093 3216 PRocemrua.
1109 3178 1269 3217 Videtur
1288 3179 1395 3228 quod

355 3222 519 3292 '515¹ssssss
539 3231 786 3282 inaequalitas
811 3244 938 3269 rerum
958 3245 1037 3269 non
1057 3232 1102 3269 sit
1121 3245 1143 3269 a
1162 3233 1260 3270 Deo.
1287 3232 1396 3282 Opti-

344 3285 382 3342 {f
405 3301 427 3317 v«
487 3292 509 3332 ἦ
524 3284 592 3322 mi
612 3285 714 3322 enim
735 3293 790 3322 est
818 3285 963 3335 optima
983 3285 1172 3323 adducere
1192 3291 1221 3323 ².
1244 3286 1321 3324 Sed
1340 3285 1394 3323 in-

385 3314 473 3368 ζ’·’ῗν
498 3331 594 3377 ter
622 3338 767 3388 optima
785 3350 906 3375 unum
934 3351 1012 3375 non
1039 3346 1094 3376 est
1122 3339 1245 3376 maius
1264 3339 1393 3376 altero.

325 3390 427 3439 Ergo
451 3390 535 3439 Dei,
557 3391 619 3440 qui
653 3399 708 3429 est
732 3391 910 3441 optimus,
929 3399 984 3429 est
1003 3392 1132 3429 omnia
1151 3392 1324 3442 aequalia
1344 3392 1395 3429 fa-

325 3455 421 3481 cere.

378 3581 405 3613 α)
424 3580 566 3606 adducere.
583 3596 600 3600 —
615 3582 766 3613 producere
785 3582 826 3607 vel
843 3582 977 3608 adducere
995 3584 1024 3615 Β,
1043 3583 1169 3609 addicere
1187 3584 1227 3609 ed.
1247 3583 1270 3609 b.

1504 3190 1539 3216 2.
1570 3179 1810 3224 PRAETEREA,
1841 3175 2049 3226 aequalitas
2079 3182 2134 3213 est
2163 3175 2320 3214 effectus
2348 3174 2517 3225 unitatis,

1448 3239 1490 3269 ut
1510 3231 1645 3269 dicitur
1672 3231 1711 3268 in
1729 3231 1764 3268 V
1783 3231 2001 3280 Metaphys.
2017 3229 2037 3251 *
2051 3226 2080 3267 Ρ.
2103 3229 2179 3268 Sed
2199 3229 2306 3267 Deus
2326 3236 2382 3267 est
2404 3241 2517 3267 unus.

1449 3286 1552 3333 Ergo
1582 3284 1668 3322 fecit
1696 3283 1825 3321 omnia
1853 3282 2038 3332 aequalia.

1506 3339 1539 3375 3.
1569 3339 1803 3384 PRAETEREA,
1833 3335 1993 3374 iustitiae
2023 3343 2079 3372 est
2099 3334 2312 3385 inaequalia
2339 3335 2518 3385 inaequa-

1449 3391 1548 3428 libus
1568 3391 1671 3428 dare.
1703 3390 1781 3428 Sed
1808 3391 1914 3427 Deus
1944 3396 1999 3426 est
2026 3388 2145 3427 iustus
2169 3389 2208 3426 in
2228 3388 2408 3427 omnibus
2427 3401 2518 3438 ope-

1450 3444 1554 3482 ribus
1583 3443 1672 3482 suis.
1703 3444 1804 3481 Cum
1833 3455 1922 3491 ergo
1952 3442 2164 3492 operationi
2194 3442 2295 3491 eius,
2330 3454 2406 3492 qua
2435 3454 2516 3480 esse

1500 3581 1525 3615 β)
1549 3582 1573 3606 V
1588 3581 1741 3615 Metaphys.
1758 3595 1778 3601 —
1796 3581 1950 3615 Metaphys.
1969 3581 1999 3607 P.

2546 3238 2768 3293 :sarneia

2545 3298 2597 3322 etp.
2606 3298 2645 3320 xv,
2659 3297 2683 3315 n.
2697 3298 2722 3320 4.
2762 3301 2768 3313 ι
