2768 4178
74 347 83 355 ⁶
103 347 138 368 Cf.
155 352 218 368 num.
234 352 260 367 ιι.

75 571 82 579 ·
99 568 135 590 Cf.
150 568 207 589 ibid.

72 928 81 936 '
113 926 173 947 Prol.
200 926 282 953 Sem„

71 959 111 980 qu.
127 959 142 974 1.

73 1007 81 1016 ”
97 1005 153 1033 Cap.
170 1012 193 1027 ιι.

71 1033 91 1043 “”
108 1033 164 1059 Cap.
180 1039 210 1054 vi.

65 1986 121 2033 'tCtss
129 1992 193 2008 num.
202 1992 277 2014 praec.

66 2019 78 2034 Ε
103 2019 133 2034 lv.

322 274 366 297 10

371 342 423 372 lV.
449 339 623 372 Conclusio
638 338 818 369 modificata
834 338 851 357 *
867 344 930 368 est:
951 338 1044 369 Sacra
1060 338 1203 376 doctrina
1220 345 1266 368 est
1282 337 1379 368 scien-

315 386 366 422 tia,
388 385 599 416 subalternata
615 383 762 414 scientiae
778 382 837 413 Dei
854 389 884 412 et
900 383 1079 413 beatorum.
1092 400 1112 404 —
1123 382 1289 413 Probatur.
1315 382 1380 412 Ha—

315 431 397 461 bitus
421 429 592 470 acquisitus
608 438 645 458 ex
668 427 829 467 principiis
853 427 937 457 notis
960 427 1081 458 lumine
1105 426 1251 456 scientiae
1274 426 1334 456 Dei
1351 433 1388 457 etv

314 477 490 510 beatorum,
516 480 562 503 est
584 471 711 503 scientia
736 471 947 502 subalternata
974 471 1035 501 illi:
1061 481 1147 501 sacra
1169 470 1311 501 doctrina
1335 478 1381 501 est

314 518 516 550 huiusmodi:
543 526 627 556 ergo.

368 564 407 594 V.
425 561 641 594 Corollarium
656 560 674 579 *
689 567 748 591 est:
767 560 859 591 Sacra
883 559 1026 590 doctrina
1046 559 1143 590 credit
1163 558 1317 599 principia
1333 569 1379 590 re-

312 609 414 639 velata
437 607 494 637 sibi
510 616 528 636 a
546 606 626 636 Deo.
649 622 666 628 —
683 605 838 635 Probatur
854 614 890 634 ex
906 604 1088 635 conditione
1112 603 1284 634 subalterni
1308 604 1378 635 arti-

312 652 392 683 ficis:
417 650 538 682 musica
562 649 659 680 credit
687 648 840 689 principia
867 649 980 679 tradita
1008 648 1066 679 sibi
1097 648 1135 678 ab
1159 647 1377 679 arithmetico:

312 707 397 737 ergo,
423 703 481 726 etc.

364 741 417 772 VI.
435 740 527 771 Circa
546 738 632 768 hunc
650 737 829 773 articulum,
846 737 970 768 adverte
991 737 1231 768 conclusionem
1248 747 1378 778 respon-

312 786 412 816 sivam
438 784 552 815 habere
581 782 659 812 duas
687 788 803 822 partes:
833 781 950 812 scilicet
977 788 1007 812 et
1035 782 1123 822 quod
1147 782 1308 823 theologia
1333 787 1379 813 est

311 830 467 865 scientia,·
489 834 519 858 et
542 826 632 867 quod
656 832 702 856 est
726 825 947 856 subalternam
974 827 1126 857 scientiae
1148 826 1220 857 Dei.
1258 826 1379 857 Contra

311 874 443 916 quidem
464 872 602 912 primam
623 876 744 911 partem
764 870 981 910 multipliciter
1001 870 1143 911 arguitur
1163 881 1180 901 a
1205 871 1376 907 Durando,

311 918 452 950 Aureolo
467 924 498 948 et
517 915 671 956 Gregorio
689 915 727 945 de
743 914 899 950 Arimino,
916 921 952 945 ut
967 915 1063 945 habes
1082 915 1132 946 hic
1149 925 1167 945 a
1183 915 1342 955 Capreolo
1350 915 1376 951 *,

311 974 348 994 ex
372 961 608 994 conditionibus
638 959 737 999 ipsius
761 958 838 989 scire
862 966 892 989 et
915 959 1192 990 demonstrationis
1216 960 1378 1000 assignatis

312 1008 323 1038 1
337 1006 478 1038 Poster.*
494 1012 525 1035 et
537 1005 577 1035 VI
594 1003 733 1034 Ethic.**
749 1020 767 1026 -—
783 1003 830 1033 Ex
844 1010 932 1043 parte
948 1004 1068 1035 obiecti.
1086 1004 1171 1041 Quia
1187 1004 1316 1035 scientia
1332 1011 1379 1035 est

311 1053 350 1083 de
365 1049 563 1082 necessariis:
581 1048 640 1078 ista
657 1054 703 1078 est
717 1047 755 1077 de
773 1047 1040 1087 contingentibus,
1057 1056 1134 1089 puta
1150 1049 1378 1086 Incarnatione,

310 1093 613 1137 praedestinatione,
645 1091 891 1132 glorificatione,
917 1099 974 1123 etc.
992 1110 1010 1116 -
1028 1093 1075 1123 Ex
1098 1100 1185 1133 parte
1203 1095 1378 1134 principio-

311 1151 395 1171 rum.
412 1139 500 1169 Tum
524 1137 599 1178 quia
615 1136 743 1166 scientia
759 1143 805 1166 est
829 1146 865 1167 ex
888 1147 944 1177 per
963 1147 996 1167 se
1019 1137 1119 1168 notis:
1145 1144 1216 1168 tum
1231 1138 1307 1179 quia
1323 1139 1379 1169 ha-

310 1185 394 1216 bitus
417 1179 649 1224 principiorum
664 1180 810 1211 scientiae
829 1188 876 1212 est
897 1181 1043 1221 superior
1065 1181 1174 1213 habitu
1199 1183 1378 1214 conclusio-

310 1230 368 1260 nis.
391 1246 408 1251 -
424 1228 471 1258 Ex
495 1233 582 1267 parte
605 1225 815 1256 certitudinis.
837 1226 925 1256 Tum
941 1226 1017 1267 quia
1040 1226 1141 1257 sciens
1161 1227 1218 1258 scit
1233 1238 1266 1258 se
1283 1228 1376 1259 scire:

309 1282 379 1305 tum
396 1272 470 1314 quia
486 1269 614 1301 scientia
630 1276 676 1300 est
691 1269 789 1300 virtus
805 1269 1034 1302 intellectualis.
1050 1271 1092 1301 Et
1111 1271 1136 1301 si
1153 1271 1274 1303 dicatur
1289 1273 1378 1313 quod

308 1318 478 1357 theologus
499 1315 557 1346 scit
579 1324 612 1344 se
636 1314 713 1344 scire
738 1323 773 1343 ex
798 1315 1037 1354 suppositione,
1063 1315 1181 1346 'scilicet
1205 1317 1230 1347 si
1255 1317 1378 1348 articuli

309 1362 383 1393 fidei
399 1368 473 1392 sunt
496 1359 575 1390 veri:
598 1368 687 1398 erg0,
706 1357 809 1398 inquit
823 1359 997 1395 Aureolus,
1018 1359 1077 1390 ista
1093 1367 1139 1390 est
1154 1360 1282 1392 scientia
1299 1372 1375 1393 con-

309 1405 556 1448 sequentiarum,
581 1410 611 1433 et
634 1413 699 1433 non
725 1404 1006 1444 consequentium;
1031 1411 1062 1435 et
1085 1405 1276 1437 necessitatis
1301 1416 1376 1437 con-

310 1450 502 1492 sequentiae,
524 1455 554 1478 et
580 1457 646 1477 non
673 1448 913 1488 consequentis,
939 1455 978 1484 et,
1006 1449 1149 1486 breviter,
1176 1449 1374 1487 illationum,

310 1506 375 1526 non
400 1503 517 1525 rerum.
535 1510 552 1517 -
569 1492 616 1522 Ex
632 1499 718 1532 parte
735 1492 828 1523 modi.
847 1493 939 1524 Sacra
955 1493 1107 1530 doctrina,
1124 1494 1228 1535 inquit
1251 1495 1374 1531 Scotus,

308 1540 341 1570 in
359 1539 398 1570 111
416 1539 515 1575 Sent.,
533 1536 604 1568 dist.
619 1546 704 1571 xxiv,
722 1548 776 1578 qu.
793 1538 896 1574 unica,
914 1547 980 1568 non
997 1545 1044 1569 est
1058 1538 1171 1569 tradita
1186 1549 1242 1579 per
1257 1539 1376 1571 discur-

309 1594 381 1614 sum
397 1581 641 1624 syllogisticum;
662 1580 716 1610 sed
733 1582 883 1613 omnibus
903 1592 1003 1623 aeque
1019 1583 1218 1620 assentimus,
1231 1584 1274 1615 ita
1287 1585 1377 1625 quod

308 1638 374 1659 non
391 1628 447 1658 uni
466 1632 596 1667 propter
612 1626 711 1656 aliud:
730 1637 815 1667 ergo.
830 1627 1028 1657 Antecedens
1047 1627 1275 1660 manifestatur.
1293 1629 1376 1666 Quia

307 1673 380 1703 licet
395 1677 545 1711 arguatur
566 1672 577 1702 1
594 1671 638 1701 ad
663 1670 806 1702 Corinth.
829 1681 896 1711 cap.
914 1681 969 1706 xv,
987 1679 1018 1702 et
1033 1682 1051 1702 a
1070 1672 1264 1709 doctoribus,
1290 1674 1377 1704 nulla

307 1724 413 1748 tamen
438 1715 541 1746 maior
564 1715 718 1747 certitudo
743 1723 790 1746 est
812 1716 964 1756 probatae
993 1726 1092 1756 quam
1116 1717 1298 1757 probantis,
1323 1725 1378 1749 aut

308 1761 458 1802 probatae
475 1767 505 1791 et
524 1771 590 1790 non
614 1760 764 1800 probatae
786 1760 842 1790 sed
865 1760 1049 1800 simpliciter
1067 1761 1263 1801 propositae:
1288 1763 1378 1803 quod

307 1806 340 1836 in
364 1804 495 1835 scientia
511 1815 577 1835 non
594 1804 759 1844 contingit.
775 1822 794 1827 -
814 1805 860 1835 Ex
876 1811 963 1844 parte
980 1805 1112 1836 demum
1127 1806 1267 1837 subiecti.
1285 1807 1378 1838 Fides

307 1857 337 1880 et
354 1849 494 1885 scientia,
511 1849 598 1889 apud
621 1856 662 1884 te,
680 1859 746 1879 non
762 1855 846 1880 stant
868 1849 980 1885 simul,
997 1849 1101 1890 inquit
1117 1850 1231 1881 Scotus
1247 1851 1375 1887 ibidem,

307 1901 337 1925 et
361 1904 416 1934 qu.
433 1904 466 1923 ιιι
490 1893 619 1933 Prologi
642 1893 754 1923 Primi:
780 1903 865 1933 ergo.

359 1938 428 1969 Vll.
453 1937 574 1969 Contra
599 1938 773 1968 secundam
797 1945 904 1968 autem
923 1944 1055 1977 partem,
1077 1948 1132 1969 seu
1151 1939 1311 1970 minorem
1334 1941 1377 1970 al-

306 1983 386 2014 latae
410 1981 540 2012 rationis
562 1981 590 2018 ⁴2
608 1981 825 2022 multipliciter
839 1981 982 2021 arguitur
997 1981 1041 2018 **,
1057 1982 1279 2023 impugnando
1296 1984 1376 2015 duo:

64 2041 85 2049 ··
103 2039 138 2061 ef,
154 2045 219 2061 num.
230 2046 279 2061 xm.
299 2028 408 2068 primo
442 2025 654 2057 diversitatem
677 2026 857 2066 theologiae
885 2032 1010 2056 nostrae
1033 2037 1052 2056 a
1075 2026 1236 2067 theologia
1258 2028 1318 2059 Dei
1347 2036 1377 2060 et

67 2518 77 2528 ⁸
93 2518 128 2539 Cf.
139 2517 281 2544 capreolum*

67 2544 107 2565 ubi
122 2550 202 2571 supra.

67 2698 79 2709 ⁶
88 2697 123 2719 Cf.
132 2703 196 2719 num.
203 2703 279 2725 praec.

71 3053 81 3061 '
92 3051 129 3073 Cf.
140 3050 280 3078 Capreolum

70 3078 110 3099 ubi
126 3083 202 3105 supra.

305 2073 489 2106 beatorum;
520 2070 678 2107 secundo,
711 2070 800 2111 quod
835 2070 995 2101 distinctio
1023 2070 1076 2101 illa
1105 2081 1187 2112 quae
1222 2079 1270 2104 est
1295 2073 1378 2104 inter

305 2126 366 2151 eas,
384 2114 629 2155 qualiscumque
645 2114 693 2150 sit,
711 2124 778 2145 non
794 2121 840 2145 est
859 2114 1018 2146 distinctio
1035 2125 1110 2146 cum
1126 2116 1285 2158 requisitis
1301 2127 1377 2149 con-

305 2159 478 2191 ditionibus
508 2159 548 2190 ad
572 2159 841 2190 subalternantem
864 2166 895 2190 et
925 2159 1182 2192 subaltematam.

357 2204 471 2235 Scotus
486 2203 590 2243 igitur,
606 2203 639 2234 in
656 2203 667 2233 1
684 2203 784 2241 Sent„
801 2214 855 2244 qu.
872 2214 905 2235 111
919 2203 1057 2244 Prologi‚
1075 2204 1242 2245 dupliciter
1258 2206 1378 2238 invehit

306 2255 415 2279 contra
446 2248 598 2288 primurn.
630 2247 765 2278 Scientia
794 2248 853 2278 Dei
885 2258 951 2278 non
986 2255 1091 2289 potest
1121 2259 1202 2280 esse«
1223 2250 1282 2281 nisi
1313 2260 1377 2282 una

306 2292 496 2323 formaliter:
522 2292 618 2332 igitur
641 2292 728 2323 nulla
752 2299 799 2323 est
823 2292 1044 2324 subalternata.
1061 2294 1261 2325 Antecedens
1277 2302 1376 2335 patet:

306 2337 382 2378 quia
412 2337 510 2368 deitas
539 2346 606 2367 non
634 2343 680 2367 est
709 2336 770 2367 nisi
794 2347 858 2367 una
888 2337 967 2368 ratio
996 2336 1148 2369 formalis.
1164 2355 1182 2361 -
1197 2339 1375 2376 Praeterea,

306 2382 345 2412 de
369 2381 488 2412 eisdem
510 2381 694 2412 veritatibus
718 2380 823 2421 primo
847 2381 1044 2421 impossibile
1067 2389 1114 2413 est
1137 2392 1204 2414 esse
1226 2384 1377 2415 subalter-

306 2433 435 2457 nantem
455 2432 485 2456 et
500 2425 758 2461 subalternatam,
783 2425 858 2466 quia
874 2425 930 2456 ubi
947 2425 1001 2456 illa
1017 2426 1140 2463 desinit,
1157 2426 1234 2459 haec
1248 2427 1375 2469 incipit:

305 2469 382 2501 istae
406 2477 481 2501 sunt
504 2470 542 2500 de
567 2469 702 2500 eisdem:
728 2479 813 2510 erg0.
827 2470 946 2501 —Haec
970 2471 1035 2501 duo
1067 2471 1188 2502 motiva
1211 2471 1307 2504 simul
1337 2474 1376 2504 ab

305 2514 448 2545 Aureolo
471 2514 652 2545 innuuntur
666 2514 684 2533 *
699 2515 758 2545 sub
775 2514 835 2545 alia
854 2514 966 2550 forma,
991 2515 1045 2546 sic.
1070 2515 1256 2547 Subiectum
1272 2518 1376 2549 subal-

305 2565 442 2590 ternatae
467 2559 554 2589 addit
576 2559 617 2589 ad
636 2558 815 2590 subiectum
839 2559 1098 2590 subalternantis:
1123 2560 1178 2591 sed
1197 2561 1377 2593 subiectum

306 2603 486 2643 theologiae
510 2610 636 2634 nostrae
660 2613 727 2634 non
751 2603 854 2634 addit:
879 2613 965 2644 ergo.

363 2647 483 2678 Contra
506 2647 683 2678 secundum
708 2654 826 2683 autem,
851 2647 965 2679 Scotus
988 2648 1120 2685 ibidem,
1146 2657 1176 2682 et
1199 2650 1231 2680 in
1256 2650 1297 2681 111
1322 2652 1377 2682 ubi

306 2701 402 2732 supra
424 2691 450 2727 *,
480 2691 648 2731 dupliciter
671 2692 784 2732 arguit.
813 2692 949 2723 Scientia
977 2693 1189 2726 subalternata
1219 2694 1379 2735 dependet

307 2747 326 2767 a
344 2736 578 2767 subalternante
593 2743 628 2767 ut
647 2746 665 2766 a
681 2745 789 2766 causa:
811 2736 869 2767 ista
893 2747 958 2768 non
975 2737 1134 2778 dependet
1152 2738 1196 2770 sic
1212 2749 1231 2770 a
1249 2739 1378 2771 scientia

307 2781 491 2811 beatorum:
517 2790 602 2820 erg0.
631 2781 787 2811 Probatur
810 2780 925 2812 minor.
947 2781 1052 2813 Causa
1076 2782 1223 2814 scientiae
1242 2794 1308 2815 non
1332 2792 1379 2816 est

307 2824 369 2855 nisi
397 2824 578 2860 obiectum,
603 2824 759 2865 potentia,
784 2825 981 2862 subiectum,
1007 2827 1058 2857 vel
1081 2827 1207 2859 lumen:
1236 2838 1379 2870 quorum

308 2869 436 2900 nullum
470 2875 516 2899 est
551 2868 679 2900 scientia
712 2869 1075 2907 illorum-Praeterea,
1106 2872 1318 2905 subalternata
1348 2881 1379 2905 et

308 2913 527 2944 subalternans
554 2920 628 2944 sunt
655 2913 895 2954 compossibiles
922 2914 955 2945 in
979 2916 1093 2946 eodem
1117 2917 1276 2949 subiecto:
1301 2918 1378 2950 istae

308 2967 375 2988 non
399 2963 472 2988 sunt
501 2957 757 2998 compossibiles:
783 2968 867 2998 ergo.
899 2959 1054 2990 Probatur
1083 2961 1197 2993 minor.
1223 2962 1307 3000 Quia
1331 2972 1377 2994 se-

308 3008 457 3043 queretur
472 3002 561 3042 quod
577 3002 663 3032 idem
686 3009 767 3033 esset
789 3002 886 3033 simul
908 3004 1155 3044 comprehensor
1174 3013 1205 3037 et
1227 3006 1339 3039 viator.

364 3046 506 3077 Demum
517 3053 627 3076 contra
642 3046 727 3077 idem
739 3047 841 3087 arguit
853 3047 1055 3080 Durandus*.
1067 3049 1291 3082 Subalternans
1303 3051 1378 3082 dicit

304 3096 439 3131 propter
461 3090 548 3131 quid,
567 3097 598 3121 et
613 3091 824 3122 subalternam
847 3093 939 3132 quia:
958 3092 1034 3124 istae
1050 3103 1116 3124 non
1133 3094 1176 3126 sic
1193 3105 1226 3126 se
1243 3095 1375 3127 habent:

310 3145 393 3175 ergo.
412 3135 568 3166 Probatur
583 3135 699 3166 minor.
717 3135 802 3172 Quia
822 3135 1015 3176 theologalia
1030 3148 1096 3168 non
1115 3139 1232 3171 habent
1241 3145 1379 3181 propter

310 3179 405 3219 quid:
419 3186 450 3210 et
464 3179 490 3210 si
509 3179 635 3215 habent,
652 3179 739 3210 idem
754 3179 889 3211 dicimus
910 3191 969 3211 nos
985 3188 1016 3212 et
1034 3182 1131 3219 beati;
1152 3190 1230 3223 puta
1249 3191 1379 3225 propter

310 3223 387 3264 quid
411 3223 555 3255 Christus
579 3230 625 3255 est
647 3223 835 3261 incarnatus,
853 3224 969 3257 scilicet
991 3234 1120 3267 propter
1142 3228 1318 3260 humanam
1330 3239 1378 3260 sa-

310 3267 421 3303 lutem,
445 3274 502 3299 etc.

366 3311 450 3342 vl11.
474 3312 524 3342 Ad
547 3311 740 3343 evidentiam
756 3312 852 3344 huius
875 3313 1075 3351 difficultatis,
1101 3316 1180 3348 scito
1205 3316 1281 3348 duo.
1306 3317 1377 3348 Pri-

311 3365 398 3386 mum
423 3362 484 3391 est,
510 3357 599 3396 quod
621 3356 784 3397 theologia
814 3364 922 3389 nostra
945 3366 1049 3399 potest
1079 3360 1247 3401 dupliciter
1274 3361 1376 3393 consi-

312 3399 428 3430 derari:
454 3409 520 3430 uno
549 3401 649 3431 modo
677 3401 851 3433 secundum
875 3412 929 3441 se;
961 3403 1023 3434 alio
1047 3405 1147 3435 modo
1171 3411 1207 3437 ut
1229 3406 1262 3436 in
1287 3406 1377 3437 nobis

313 3443 496 3475 viatoribus.
514 3443 546 3475 Si
562 3445 777 3477 consideretur
789 3447 966 3478 secundum
978 3458 1020 3484 se,
1032 3448 1075 3480 sic
1090 3450 1203 3489 procul
1214 3450 1315 3481 dubio
1330 3457 1377 3482 est

312 3487 440 3518 scientia
473 3488 683 3520 subalternata
712 3490 859 3522 scientiae
893 3491 1001 3523 beatae
1032 3494 1140 3534 quoad
1163 3494 1354 3526 evidentiam
1367 3518 1374 3531 ‚

312 3541 387 3562 cum
403 3541 440 3562 ex
456 3532 523 3563 eius
540 3533 809 3566 continuabilitate
825 3535 972 3567 scientiae
988 3537 1143 3568 rationem
1158 3538 1279 3575 induat,
1296 3539 1376 3571 dum

312 3575 454 3615 procedit
477 3586 514 3607 ex
529 3576 691 3618 principiis
715 3579 891 3610 secundum
915 3590 947 3611 se
964 3581 1048 3612 notis
1071 3582 1192 3614 lumine
1211 3583 1314 3615 beato.
1334 3583 1376 3615 Et

313 3627 421 3651 contra
444 3620 505 3652 hoc
529 3631 647 3661 paucae
670 3630 724 3654 aut
752 3624 857 3655 nullae
885 3625 1021 3656 rationes
1044 3626 1195 3658 militant:
1220 3627 1376 3668 quoniam

1050 257 1318 305 QUAESTIO
1349 258 1382 305 Ι,
1412 258 1711 296 ARTICULUS
1742 259 1772 295 ΙΙ

1437 337 1558 378 primae
1587 338 1725 369 rationes
1756 338 1933 378 infringunt
1960 337 2156 378 theologiam
2186 344 2329 368 nostram
2359 337 2391 367 in
2421 337 2513 367 nobis

1437 392 1504 412 non
1528 393 1595 413 esse
1619 383 1799 419 scientiam;
1825 383 1982 414 secundae
1998 392 2073 412 vero
2090 392 2156 412 non
2173 391 2241 412 esse
2265 380 2511 424 subalternatam

1436 427 1583 463 totaliter,
1601 438 1667 458 non
1691 428 1800 468 quoad
1823 427 1954 468 aliquid.
1972 444 1990 451 —
2008 426 2040 458 Si
2065 433 2172 457 autem
2187 426 2403 457 consideretur
2420 432 2456 457 ut
2478 425 2511 456 in

1437 471 1530 502 nobis
1553 471 1738 508 viatoribus,
1763 472 1806 503 sic
1829 471 2028 503 difficultates
2053 478 2159 501 motae
2184 477 2359 510 emergunt.
2386 469 2428 501 Et
2451 480 2511 510 pu-

1435 522 1520 547 tatur
1543 516 1633 557 quod
1656 516 1752 547 etiam
1775 517 1862 556 apud
1881 523 2027 547 sanctum
2043 515 2218 551 Thomam,
2236 514 2280 545 sic
2299 520 2427 554 accepta
2443 523 2509 544 non

1436 560 1476 591 sit
1494 560 1624 591 scientia
1639 560 1699 591 nisi
1719 561 1901 601 aequivoce,
1919 567 1955 591 ut
1970 560 2044 591 alibi
2055 560 2073 579 *
2084 560 2152 600 ipse
2169 559 2270 590 dicere
2286 558 2427 589 videtur:
2452 568 2511 589 nec

1435 605 1476 635 sit
1499 605 1711 636 subalternata
1741 605 1800 635 nisi
1830 605 2007 635 secundum
2041 604 2135 646 quid,
2170 603 2287 635 scilicet
2315 602 2424 644 quoad
2447 602 2510 633 evi-

1435 649 1585 680 dentiam.
1610 650 1651 680 Et
1674 650 1699 680 si
1724 650 1801 680 haec
1825 649 2074 684 considerentur,
2092 649 2190 680 facilis
2214 654 2295 679 esset
2315 646 2510 688 quaestionis

1435 693 1564 724 solutio.

1491 738 1544 769 IX.
1562 738 1683 769 Verum
1707 738 1785 768 mihi
1805 738 1929 769 videtur
1951 737 2040 768 aliter
2057 747 2123 768 esse
2144 736 2417 777 interpretandum
2440 745 2511 766 san-

1435 789 1523 813 ctum
1536 782 1709 819 Thomam,
1723 783 1832 824 quoad
1844 782 2022 813 secundum
2037 781 2206 823 praecipue
2219 787 2377 822 punctum
2386 780 2412 811 *.
2426 780 2511 810 Nam

1435 828 1545 867 quoad
1568 827 1711 867 primum
1734 834 1909 868 punctum,
1936 826 2053 857 scilicet
2084 826 2174 867 quod
2197 825 2360 866 theologia
2383 831 2510 860 nostra,

1435 878 1471 902 ut
1493 871 1527 902 in
1558 871 1651 902 nobis
1674 871 1866 907 viatoribus,
1891 881 1958 902 non
1989 871 2030 902 sit
2059 877 2115 901 aut
2137 870 2179 901 sit
2201 870 2341 905 scientia,
2375 876 2511 910 utraque

1434 926 1507 956 pars
1531 923 1646 956 potest,
1662 926 1737 946 sane
1753 913 1920 952 intellecta,
1947 915 2023 946 dici:
2049 922 2080 946 et
2103 915 2194 956 quod
2215 924 2282 945 non
2308 921 2355 945 est
2379 913 2512 944 scientia

1435 959 1567 1002 (scilicet
1590 970 1656 991 non
1673 960 1768 991 habet
1790 960 1938 991 scientiae
1960 959 2118 990 rationem
2137 958 2319 1000 perfectam,
2343 958 2420 998 quia
2442 967 2511 988 non

1434 1015 1506 1036 vere
1522 1005 1589 1040 scit,
1606 1005 1661 1046 qui
1681 1014 1748 1035 non
1767 1011 1873 1044 potest
1888 1005 2044 1034 resolvere
2060 1004 2094 1034 in
2109 1003 2264 1044 principia
2280 1002 2454 1033 evidentia:
2480 1009 2511 1032 et

1434 1049 1496 1080 hoc
1519 1049 1654 1080 intendit
1677 1048 1874 1089 ubicumque
1898 1048 1960 1079 hoc
1983 1046 2118 1089 innuit);
2144 1055 2174 1078 et
2197 1047 2287 1089 quod
2310 1053 2357 1077 est
2380 1046 2511 1077 scientia

1434 1094 1628 1135 imperfecta,
1649 1093 1770 1124 ratione
1793 1099 1893 1123 status
1916 1092 2106 1133 praesentis;
2131 1091 2259 1123 scientia
2283 1091 2369 1122 enirn
2393 1090 2511 1131 imper-

1435 1139 1515 1170 fecta
1538 1149 1605 1169 non
1629 1145 1675 1169 est
1698 1144 1782 1168 extra
1804 1136 2005 1167 latitudinem
2022 1136 2179 1167 scientiae.
2204 1136 2245 1167 Et
2263 1136 2327 1166 hoc
2342 1134 2511 1166 affirmavit

1434 1184 1485 1214 hic
1508 1183 1619 1214 littera.
1656 1183 1697 1213 Et
1720 1192 1760 1212 ne
1784 1182 1911 1212 daretur
1935 1181 2060 1212 occasio
2091 1181 2174 1211 male
2198 1179 2408 1220 intelligendi,
2434 1189 2510 1210 cum

1434 1228 1545 1259 fuisset
1567 1234 1693 1259 tantum
1716 1226 1898 1267 quaesitum
1919 1233 2028 1256 utrum
2048 1232 2130 1256 esset
2153 1224 2292 1260 scientia,
2317 1233 2510 1264 responsum

1435 1279 1481 1304 est
1503 1272 1689 1303 affirmative
1712 1281 1787 1302 cum
1806 1270 1998 1301 adversativa
2014 1269 2201 1305 subiuncta;
2228 1276 2264 1300 ut
2287 1268 2448 1308 completa
2463 1277 2510 1298 re-

1433 1317 1566 1358 sponsio
1583 1323 1664 1348 esset
1687 1325 1762 1347 curn
1780 1315 1963 1346 conditione
1987 1314 2195 1355 specificante‚
2214 1321 2245 1345 et
2261 1323 2328 1343 non
2351 1311 2509 1343 absolute.

1432 1363 1508 1392 Non
1532 1362 1618 1392 enirn
1641 1360 1788 1401 probavit
1803 1360 1894 1400 quod
1918 1366 1964 1390 est
1983 1359 2121 1395 scientia,
2139 1359 2194 1389 sed
2210 1358 2300 1400 quod
2317 1364 2364 1388 est
2379 1355 2510 1387 scientia

1433 1406 1660 1442 subalternata;
1686 1412 1721 1436 ut
1744 1415 1781 1435 ex
1803 1404 1954 1445 qualitate
1978 1403 2126 1434 adiuncta
2147 1402 2336 1443 intelligeres
2360 1399 2509 1442 imperse-

1433 1451 1572 1482 ctionem
1596 1460 1694 1492 quam
1718 1449 1751 1479 in
1775 1455 1857 1480 statu
1881 1448 1942 1479 hoc
1966 1448 2069 1479 habet.

1488 1496 1526 1526 X.
1552 1495 1670 1532 Quoad
1685 1494 1863 1525 secundum
1878 1503 1954 1524 vero
1975 1499 2141 1533 punctum,
2167 1492 2205 1522 de
2229 1489 2508 1526 subalternatione,

1432 1540 1558 1571 videtur
1578 1539 1657 1570 mihi
1681 1539 1770 1580 quod
1794 1539 1833 1569 de
1857 1537 2125 1568 subalternatione
2157 1535 2342 1577 simpliciter
2365 1534 2510 1566 intendat

1432 1585 1543 1616 littera.
1560 1584 1649 1614 Tum
1665 1583 1821 1624 quoniam
1837 1583 1876 1613 de
1892 1582 1946 1613 tali
1962 1581 2143 1612 distinxerat
2159 1587 2230 1611 ante
2247 1579 2506 1611 conclusionem:

1432 1636 1503 1660 tum
1527 1629 1612 1670 quia,
1630 1635 1666 1659 ut
1689 1634 1775 1668 patet
1798 1637 1835 1658 ex
1859 1626 1948 1658 dictis
1959 1626 1986 1662 *,
2004 1625 2241 1657 subalternatio
2255 1624 2364 1666 quoad
2379 1623 2507 1655 eviden-

1433 1674 1510 1704 tiam
1540 1673 1641 1704 oritur
1664 1682 1701 1703 ex
1724 1672 1846 1702 ratione
1877 1671 2034 1702 scientiae.
2070 1671 2112 1702 Et
2134 1676 2303 1711 propterea
2330 1668 2508 1700 tenendum

1432 1718 1566 1749 arbitror
1581 1717 1671 1758 quod
1686 1716 1848 1756 theologia
1864 1722 1982 1751 nostra,
1995 1715 2175 1746 secundum
2191 1724 2235 1750 se.
2253 1718 2392 1745 est‘vere
2406 1711 2508 1744 seien-

1433 1762 1476 1793 tia
1499 1761 1684 1803 simpliciter
1707 1761 1901 1792 subalterna:
1926 1767 1963 1791 ut
1984 1759 2017 1790 in
2041 1759 2134 1790 nobis
2157 1768 2233 1790 vero
2257 1757 2444 1793 viatoribus,
2461 1762 2509 1788 est

1433 1806 1563 1838 scientia
1585 1805 1778 1846 imperfecte,
1796 1805 1851 1836 sed
1875 1804 2059 1846 simpliciter
2082 1803 2274 1835 subalterna.

1489 1851 1542 1882 Tu
1566 1857 1684 1886 autem,
1710 1850 1839 1885 novitie‚
1865 1859 1940 1880 cum
1964 1849 2116 1889 disputas,
2142 1857 2216 1879 cave
2232 1857 2272 1878 ne
2296 1845 2422 1883 fallaris,
2447 1855 2507 1887 pro

1433 1895 1545 1926 eadem
1568 1895 1725 1935 accipiens
1747 1893 1944 1933 theologiam
1977 1893 2156 1924 secundum
2179 1902 2231 1928 se,
2256 1898 2287 1922 et
2310 1890 2508 1931 theologiam

1432 1945 1575 1970 nostram
1594 1939 1772 1970 secundum
1788 1948 1830 1968 se.
1849 1938 1937 1968 Haec
1953 1937 2040 1968 enim
2055 1937 2147 1968 valde
2167 1935 2325 1967 differunt.
2341 1934 2508 1974 Quoniam

1431 1983 1593 2024 theologia
1623 1983 1802 2014 secundum
1825 1992 1858 2013 se
1882 1988 1928 2013 est
1951 1981 2082 2013 scientia
2109 1991 2209 2022 quam
2232 1987 2306 2011 nata
2328 1987 2376 2011 est
2398 1987 2508 2021 parere

1432 2028 1531 2059 deitas
1554 2027 1734 2059 secundum
1757 2036 1808 2058 se:
1833 2033 1865 2058 et
1887 2026 1965 2058 haec
1986 2033 2032 2058 est
2056 2025 2218 2066 theologia
2233 2034 2333 2066 quam
2355 2024 2445 2056 Deus
2467 2024 2508 2055 de

1432 2072 1537 2114 seipso
1560 2072 1665 2103 habet.
1683 2071 1746 2103 Sed
1761 2071 1923 2112 theologia
1938 2078 2047 2102 nostra
2066 2069 2281 2111 distinguitur,
2301 2069 2327 2100 si
2345 2069 2378 2110 ly
2395 2073 2508 2101 nostra

1432 2118 1629 2148 demonstret
1651 2116 1827 2147 humanam
1851 2122 1999 2146 naturam
2027 2114 2225 2156 simpliciter,
2247 2114 2281 2145 in
2309 2113 2508 2155 theologiam

1432 2163 1600 2192 beatorum
1616 2167 1647 2192 et
1661 2161 1832 2192 viatorum.
1856 2160 1931 2191 Non
1957 2166 2085 2200 oportet
2107 2166 2216 2190 autem
2240 2157 2402 2199 distingui,
2424 2157 2451 2189 si
2473 2157 2507 2200 ly

1433 2211 1543 2237 nostra
1567 2206 1764 2236 demonstret
1786 2204 1936 2236 viatores:
1962 2211 1993 2235 et
2016 2204 2060 2235 sic
2089 2203 2241 2245 accipitur
2264 2203 2297 2234 in
2325 2201 2505 2244 proposito.

1433 2251 1521 2281 Haec
1543 2257 1651 2281 tamen
1674 2256 1780 2290 potest
1803 2249 1902 2289 accipi
1923 2249 2101 2280 secundum
2117 2258 2160 2284 se,
2178 2255 2208 2279 et
2225 2255 2261 2279 ut
2283 2247 2316 2278 in
2333 2247 2426 2278 nobis
2441 2246 2506 2278 via-

1432 2295 1564 2326 toribus.
1589 2295 1696 2325 Habes
1719 2301 1827 2325 autem
1851 2293 2087 2325 distinctionem
2110 2292 2192 2324 hanc
2221 2291 2369 2324 ultimam
2392 2301 2431 2323 ex
2452 2291 2505 2324 lit-

1432 2347 1506 2375 tera,
1532 2339 1611 2370 dum
1641 2339 1674 2369 in
1701 2337 1868 2369 corollario
1900 2337 2066 2368 manifeste
2098 2337 2242 2379 loquitur
2275 2337 2314 2368 de
2344 2336 2507 2377 theologia

1431 2391 1538 2415 nostra
1562 2390 1598 2415 ut
1616 2383 1649 2413 in
1667 2382 1759 2414 nobis
1777 2382 1961 2419 viatoribus,
1979 2392 2121 2424 quorum
2135 2388 2181 2413 est
2197 2381 2323 2412 credere
2335 2379 2506 2422 principia;

1431 2428 1516 2468 etin
1541 2427 1748 2459 conclusione
1771 2427 1957 2468 responsiva
1972 2427 2100 2458 locutus
2131 2433 2178 2458 est
2193 2426 2233 2457 de
2257 2426 2370 2457 eadem
2393 2435 2505 2458 secun-

1431 2473 1510 2504 dum
1529 2481 1579 2503 se:
1599 2471 1748 2504 convenit
1766 2471 1924 2513 siquidem
1941 2471 1968 2502 ei
1985 2471 2163 2503 secundum
2179 2481 2222 2507 se,
2240 2470 2314 2502 oriri
2334 2480 2372 2502 ex
2387 2469 2505 2512 princi-

1431 2517 1492 2557 piis
1509 2516 1594 2548 notis
1609 2517 1788 2548 secundum
1811 2526 1845 2547 se
1868 2516 1991 2547 lumine
2015 2515 2187 2557 superioris
2217 2514 2376 2551 scientiae,
2400 2522 2459 2547 etc.

1486 2562 1541 2593 xl.
1557 2561 1739 2593 Secundum
1756 2561 1774 2580 *
1790 2568 1837 2592 est
1860 2561 1959 2602 quod,
1989 2561 2065 2602 quia
2088 2560 2198 2591 omnia
2214 2566 2331 2596 nostra,
2355 2559 2506 2592 translata

1431 2607 1463 2637 in
1487 2607 1603 2642 Deum,
1621 2605 1751 2637 seclusis
1774 2605 2070 2646 imperfectionibus
2093 2603 2252 2636 transferri
2274 2604 2504 2646 intelliguntur,

1431 2660 1630 2692 consequens
1653 2657 1701 2681 est
1723 2657 1754 2681 et
1776 2650 1866 2691 quod
1889 2649 2018 2682 scientia
2041 2650 2163 2681 ratione
2187 2648 2362 2680 evidentiae
2385 2655 2417 2681 et
2439 2657 2506 2681 cer·

1430 2695 1590 2730 titudinis,
1620 2704 1686 2725 non
1716 2694 1824 2736 quoad
1857 2694 2018 2726 discursus
2044 2693 2337 2735 imperfectionem;
2362 2701 2393 2725 et
2415 2693 2507 2736 quod

1429 2740 1667 2777 subalternare,
1684 2749 1751 2770 non
1781 2739 1890 2780 quoad
1919 2739 2063 2770 discursu
2094 2738 2346 2770 demonstrativo
2369 2738 2506 2780 probare

1431 2784 1586 2825 principia
1609 2783 1850 2819 subalternatae‚
1876 2784 1931 2814 sed
1954 2784 2063 2825 quoad
2088 2783 2279 2815 evidentiam
2302 2783 2449 2820 illorum,
2474 2789 2507 2815 et

1432 2828 1647 2860 causalitatem
1679 2827 1810 2860 notitiae
1845 2838 1958 2859 eorum
1987 2829 2020 2858 in
2044 2828 2128 2864 aliis,
2161 2827 2366 2859 transferatur
2388 2827 2422 2859 in
2445 2827 2506 2859 Dei

1431 2873 1603 2905 scientiam.
1621 2875 1667 2904 Ac
1688 2882 1744 2913 per
1760 2872 1831 2909 hoc,
1849 2882 1915 2903 non
1932 2879 2060 2913 oportet
2076 2883 2112 2904 ex
2129 2872 2399 2904 subalternatione
2414 2872 2505 2914 quod

1432 2917 1587 2959 principia
1613 2917 1794 2957 theologiae
1825 2924 1951 2948 nostrae
1981 2917 2043 2948 sint
2071 2917 2294 2949 conclusiones
2324 2916 2505 2957 theologiae

1431 2963 1616 2994 beatorum:
1641 2961 1697 2992 sed
1724 2968 1771 2992 sat
1801 2968 1847 2992 est
1870 2962 1960 3003 quod
1991 2962 2054 2993 sint
2077 2961 2315 3003 propositiones
2344 2961 2506 2992 evidentes

1431 3006 1610 3047 theologiae
1634 3006 1812 3038 beatorum.
1847 3005 1936 3037 Sicut
1958 3006 1984 3037 si
2007 3006 2182 3046 geometria
2209 3006 2329 3047 absque
2360 3005 2504 3037 discursu

1432 3058 1528 3087 esset,
1554 3051 1682 3082 haberet
1703 3060 1804 3092 quam
1827 3060 1911 3082 nunc
1945 3051 2039 3082 habet
2065 3050 2256 3093 evidentiam
2280 3050 2319 3081 de
2342 3049 2505 3091 principiis

1431 3095 1663 3136 perspecfivae,
1688 3095 1744 3126 sed
1768 3105 1834 3125 non
1859 3095 1974 3126 eodem
1997 3096 2117 3127 modo:
2141 3102 2173 3126 et
2196 3094 2276 3126 nihil
2298 3094 2406 3126 minus
2430 3095 2504 3126 sub-

1431 3140 1588 3171 alternans
1611 3146 1702 3171 esset.
1727 3139 1812 3178 Quia
1828 3139 1922 3180 igitur
1944 3139 2166 3172 conclusiones
2182 3139 2379 3180 theologales
2394 3149 2506 3181 proce-

1432 3185 1512 3216 dunt
1535 3194 1573 3215 ex
1597 3183 1736 3215 articulis
1759 3183 1833 3222 fidei
1856 3191 1891 3215 ut
1914 3183 2077 3225 principiis
2100 3193 2167 3215 non
2190 3184 2223 3214 in
2239 3194 2272 3215 se
2293 3183 2503 3221 evidentibus,

1431 3229 1487 3260 sed
1509 3228 1542 3260 in
1558 3228 1687 3260 scientia
1702 3228 1761 3259 Dei
1781 3235 1811 3260 et
1826 3229 2006 3265 beatorum,
2026 3238 2226 3270 consequens
2242 3235 2289 3260 est
2304 3229 2395 3270 quod
2410 3228 2505 3262 habet

1431 3273 1629 3304 essentialem
1645 3273 1862 3305 conditionem
1880 3272 2118 3305 constitutivam
2138 3273 2286 3305 scientiae
2310 3273 2504 3306 subalterna-

1431 3317 1521 3354 tae*;
1539 3324 1570 3349 et
1585 3318 1674 3359 quod
1693 3324 1740 3349 est
1755 3317 1885 3350 scientia
1899 3328 1937 3349 ex
1952 3317 2193 3350 continuatione
2208 3318 2248 3348 ad
2264 3318 2428 3350 scientiam
2443 3317 2504 3350 Dei

1432 3369 1462 3393 et
1485 3363 1672 3398 beatorum;
1705 3369 1735 3393 et
1758 3363 1848 3404 quod
1877 3362 2003 3394 habitus
2033 3371 2089 3403 per
2112 3372 2145 3393 se
2168 3362 2401 3404 principiorum
2434 3361 2503 3395 eiu·

1431 3413 1478 3437 est
1500 3406 1629 3438 scientia
1653 3406 1776 3443 divina,
1800 3406 1928 3438 habitus
1950 3415 2027 3437 vero
2058 3416 2114 3447 per
2137 3407 2282 3438 accidens
2313 3417 2427 3439 eorum
2455 3413 2504 3438 est

1431 3449 1528 3487 fides;
1557 3457 1588 3482 et
1617 3451 1707 3492 quod
1737 3460 1803 3482 non
1832 3450 2009 3492 opponitur
2041 3451 2187 3483 scientiae
2217 3452 2326 3484 beatae
2354 3461 2392 3483 ex
2414 3457 2503 3493 parte

1431 3494 1546 3526 obiecti
1565 3505 1623 3526 nec
1645 3494 1788 3531 subiecti,
1804 3495 1861 3526 sed
1884 3495 2063 3526 secundum
2086 3495 2277 3528 evidentiam
2293 3502 2325 3528 et
2341 3495 2502 3527 ineviden-

1430 3539 1507 3570 tiam
1530 3539 1691 3580 negative;
1712 3546 1743 3570 et
1758 3539 1847 3581 quod
1863 3547 1938 3571 sunt
1957 3540 2198 3581 compossibiles
2217 3540 2251 3572 in
2267 3540 2382 3572 eodem
2397 3539 2503 3571 subie-

1432 3590 1483 3615 cto
1507 3583 1613 3615 simul.
1637 3584 1704 3615 Nec
1722 3590 1770 3614 est
1791 3583 1878 3615 idem
1900 3584 2055 3615 iudicium
2078 3585 2118 3616 de
2141 3584 2271 3616 scientia
2290 3584 2503 3616 subalternam

1432 3634 1462 3659 et
1485 3626 1557 3658 fide.
1575 3628 1739 3666 Quoniam
1761 3628 1872 3659 lumen
1895 3628 2040 3660 divinum
2057 3629 2205 3672 absolute>
2224 3635 2271 3660 est
2291 3638 2347 3669 per
2370 3638 2403 3659 se
2422 3628 2502 3660 ratio

2538 567 2549 577 ·
2571 563 2603 585 111
2623 556 2708 591 Sext.)

2538 596 2621 617 xxxin,
2631 597 2670 619 qu.
2677 597 2694 618 I,
2702 597 2724 613 Ι.

2538 620 2580 647 qu·
2596 624 2619 644 4.

2539 788 2547 795 ·
2564 785 2600 807 Cf.
2613 791 2678 809 num.
2689 790 2741 815 seq,

2535 1630 2546 1641 ⁶
2560 1629 2632 1652 Num.
2646 1635 2683 1651 ιιι.

2533 2572 2544 2583 ’
2559 2571 2596 2594 cf.
2613 2577 2678 2595 num.
2697 2577 2749 2596 vm.

2530 3327 2541 3338 ⁶
2555 3326 2593 3350 Cf.
2609 3332 2674 3350 nun.
2689 3332 2724 3350 m.
