2768 4178
65 1118 75 1128 ⁸
92 1117 157 1139 Vers.
174 1124 202 1145 17.

62 1702 72 1713 ⁸*
90 1702 143 1724 Art.
154 1702 261 1730 praeced.

315 288 388 334 346

310 379 383 403 non
413 379 491 403 esse
517 367 668 402 Patrem
697 377 829 402 verum
857 367 982 403 Deum
1009 366 1142 403 solum.
1173 367 1275 413 Ergo
1296 378 1375 403 non

308 427 434 468 potest
463 419 536 456 dici
562 419 663 455 solus
691 419 805 455 Deus.

364 473 397 509 3.
429 473 670 518 PRAETEREA,
701 471 731 508 si
759 472 854 508 haec
883 471 996 509 dictio
1024 471 1124 508 solus
1159 470 1375 519 adiungitur

308 525 471 561 termino
502 524 704 572 essentiali,
734 532 799 561 aut
825 525 901 561 hoc
928 524 997 561 erit
1024 531 1199 572 respectu
1225 524 1374 573 praedi-

310 578 380 614 cati
409 577 638 626 personalis,
669 584 734 614 aut
762 585 934 626 respectu
961 576 1167 626 praedicati
1197 577 1374 614 essentia-

307 631 362 667 lis.
394 631 471 667 Sed
500 643 579 668 non
608 638 781 679 respectu
800 630 1005 679 praedicati
1023 629 1255 679 personalis:
1286 630 1375 679 quia

307 684 402 720 haec
432 692 487 721 est
514 684 618 731 falsa,
646 684 747 721 solus
774 685 878 720 Deus
906 689 960 720 est
985 684 1109 728 Pater,
1140 695 1229 719 cum
1258 683 1372 719 etiam

308 737 428 774 horno
454 737 500 774 sit
522 745 640 786 pater.
672 737 810 786 Neque
841 737 953 773 etiam
975 743 1150 784 respectu
1168 735 1375 784 praedicati

309 790 526 827 essentialis.
557 790 658 837 Quia
686 790 716 826 si
744 791 840 826 haec
875 797 973 826 esset
999 801 1113 835 vera,
1141 788 1242 824 solus
1269 790 1374 825 Deus

307 849 420 889 creat,
442 843 592 880 videtur
621 843 727 892 sequi
742 848 756 869 ⁷
776 842 881 891 quod
909 843 1003 878 haec
1034 849 1131 878 esset
1148 853 1253 887 vera,
1273 841 1374 878 solus

305 898 419 933 Pater
437 902 560 933 creat:
580 896 669 945 quia
685 895 869 944 quidquid
889 895 1023 932 dicitur
1037 892 1051 915 δ
1071 895 1117 931 de
1135 895 1232 941 Deo,
1248 901 1374 942 potest

307 949 378 986 dici
407 950 453 986 de
482 950 605 986 Patre.
636 950 743 985 Haec
771 956 899 985 autem
926 956 980 985 est
999 949 1111 984 falsa:
1142 947 1231 996 quia
1261 947 1373 983 etiam

306 1002 422 1039 Filius
458 1010 513 1038 est
548 1009 704 1039 creator.
743 1002 834 1038 Non
869 1013 958 1049 ergo
992 1002 1088 1037 haec
1126 999 1240 1037 dictio
1272 1000 1373 1036 solus

304 1063 430 1104 potest
457 1055 495 1091 in
525 1055 661 1092 divinis
690 1054 843 1102 adiungi
871 1054 1035 1090 termino
1066 1052 1264 1090 essentiali.

360 1111 433 1146 SED
473 1119 618 1145 CONTRA
650 1119 716 1144 EST
753 1107 860 1156 quod
898 1107 1032 1144 dicitur
1060 1108 1073 1143 I
1104 1107 1156 1143 ad
1186 1106 1281 1142 Tim.
1304 1106 1370 1143 1²¹⁶:

305 1163 408 1211 Regi
431 1161 670 1203 saeculorum
699 1160 915 1206 immortali,
946 1159 1131 1206 invisibili,
1159 1159 1232 1196 soli
1257 1160 1351 1196 Deo.

358 1216 583 1252 RESPONDEO
603 1225 787 1250 DICENDUM
807 1213 912 1261 quod
933 1213 1030 1249 haec
1050 1213 1163 1250 dictio
1182 1212 1284 1250 solus
1302 1225 1373 1261 po-

304 1275 375 1305 test
402 1267 520 1316 accipi
540 1275 583 1304 ut
607 1266 923 1314 categorematica
950 1267 1013 1303 vel
1042 1274 1373 1314 syncategorema-

303 1321 376 1358 tica
398 1326 419 1357 ‘.
446 1320 592 1357 Dicitur
615 1327 743 1356 autem
773 1319 886 1356 dictio
915 1320 1243 1369 categorematica‚
1273 1331 1371 1368 quae

304 1375 476 1411 absolute
495 1373 603 1423 ponit
622 1385 703 1410 rem
722 1372 973 1420 significatam
989 1372 1088 1409 circa
1109 1371 1264 1421 aliquod
1285 1386 1373 1422 sup-

303 1427 490 1476 positum;
524 1434 566 1463 ut
593 1426 700 1463 albus
733 1426 831 1462 circa
867 1425 1086 1471 hominem,
1121 1438 1209 1462 cum
1239 1427 1373 1464 dicitur

303 1482 415 1517 homo
444 1480 562 1517 albus.
594 1479 634 1516 Si
662 1491 751 1527 ergo
782 1479 834 1515 sie
861 1478 1068 1527 accipiatur
1091 1478 1105 1504 ζ
1132 1479 1228 1516 11366
1258 1479 1371 1517 dictio

302 1534 422 1579 solus,
453 1533 555 1570 nullo
585 1532 704 1569 modo
733 1539 859 1580 potest
886 1531 1040 1579 adiungi
1069 1532 1179 1568 alicui
1206 1532 1370 1569 termino

303 1587 342 1623 in
370 1586 529 1624 divinis:
560 1585 649 1633 quia
676 1592 837 1634 poneret
865 1585 1108 1622 solitudinem
1129 1585 1227 1622 circa
1245 1586 1371 1623 termi-

303 1652 397 1677 num
427 1639 486 1676 cui
524 1639 806 1686 adiungeretur,
836 1645 872 1674 et
900 1638 953 1675 sic
985 1646 1207 1686 sequeretur
1243 1640 1371 1676 Deum

304 1706 386 1730 esse
406 1692 631 1738 solitarium;
653 1691 759 1739 quod
776 1698 831 1728 est
850 1699 981 1728 contra
999 1691 1193 1739 praedicta
1210 1691 1241 1728 ³¹⁵.
1263 1713 1287 1719 -
1307 1692 1372 1729 Di-

305 1746 377 1783 ctio
405 1758 500 1783 vero
519 1744 910 1794 syncategorematica
936 1744 1082 1791 dicitur,
1104 1757 1204 1793 quae
1228 1745 1373 1794 impor-

302 1807 355 1836 tat
384 1799 558 1836 ordinem
587 1797 793 1847 praedicati
822 1797 871 1834 ad
900 1795 1125 1845 subiectum,
1155 1797 1249 1834 sicut
1276 1799 1372 1835 haec

305 1852 417 1890 dictio
447 1852 580 1898 omnis,
609 1852 670 1888 vel
699 1850 833 1887 nullus.
864 1851 913 1887 Et
940 1850 1110 1887 similiter
1137 1851 1232 1887 haec
1257 1851 1370 1888 dictio

299 1906 423 1943 solus:
462 1905 550 1954 quia
587 1903 752 1941 excludit
785 1915 900 1940 omne
940 1903 1042 1940 aliud
1080 1903 1320 1952 suppositum
1350 1916 1371 1941 a

304 1958 495 1996 consortio
515 1957 732 2006 praedicati.
764 1956 880 2004 Sicut,
903 1969 991 1993 curn
1016 1956 1161 2002 dicitur,
1185 1956 1286 1993 solus
1305 1958 1371 1994 So-

303 2018 423 2049 crates
449 2011 591 2056 scribit,
621 2022 700 2047 non
729 2009 839 2046 datur
876 2009 1028 2057 intelligi
1057 2009 1163 2058 quod
1193 2010 1371 2060 Socrates

304 2066 349 2102 sit
377 2064 583 2110 solitarius3
614 2063 681 2100 sed
718 2063 823 2111 quod
858 2063 982 2100 nullus
1011 2062 1057 2099 sit
1085 2062 1119 2099 ei
1148 2075 1306 2100 consors
1334 2064 1371 2100 in

305 2118 527 2165 scribendo,
558 2116 735 2166 quamvis
764 2128 853 2153 curn
883 2129 929 2152 eo
959 2115 1085 2152 multis
1115 2115 1370 2154 existentibus.

305 2173 354 2208 Et
380 2183 449 2219 per
475 2171 578 2207 hunc
606 2169 769 2207 modurn
799 2169 890 2206 nihil
917 2169 1095 2218 prohibet
1122 2169 1221 2206 hanc
1242 2169 1371 2206 dictio-

306 2237 395 2261 nem
423 2223 523 2260 solus
551 2223 757 2270 adiungere
786 2222 894 2259 alicui
924 2221 1112 2259 essentiali
1139 2222 1303 2259 termino
1333 2222 1371 2259 in

306 2277 455 2323 divinis,
485 2277 712 2325 inquantum
731 2275 983 2312 excluduntur
1002 2274 1133 2312 omnia
1153 2275 1225 2311 alia
1244 2287 1266 2312 a
1285 2276 1370 2312 Deo

306 2343 328 2367 a
344 2329 535 2367 consortio
551 2328 773 2378 praedicati:
790 2336 831 2365 ut
845 2328 876 2365 si
892 2328 1076 2374 dicamus,
1091 2327 1192 2364 solus
1201 2329 1306 2364 Deus
1320 2333 1375 2364 est

306 2389 491 2429 aeternus,
513 2382 602 2430 quia
621 2382 712 2418 nihil
732 2389 882 2431 praeter
901 2382 1030 2418 Deum
1050 2388 1106 2417 est
1125 2388 1333 2418 aeternum.

359 2439 418 2473 AD
438 2448 574 2473 PRIMUM
594 2446 692 2472 ERGO
720 2447 904 2472 DICENDUM
925 2434 1042 2483 quod,
1072 2434 1158 2470 licet
1185 2434 1308 2481 angeli
1337 2441 1373 2470 et

306 2490 456 2527 animae
485 2496 636 2526 sanctae
666 2500 819 2537 semper
846 2487 919 2524 sint
939 2499 1027 2524 cum
1048 2488 1146 2533 Deo,
1175 2494 1316 2534 tamen,
1343 2486 1373 2523 si

307 2555 384 2580 non
421 2550 518 2579 esset
555 2541 746 2590 pluralitas
782 2552 1035 2590 personarum
1064 2539 1102 2576 in
1132 2539 1286 2588 divinis,
1316 2552 1373 2577 se-

307 2603 486 2644 queretur
520 2595 626 2644 quod
662 2595 768 2631 Deus
803 2601 902 2630 esset
936 2594 1039 2630 solus
1075 2594 1138 2630 vel
1173 2593 1372 2630 solitarius.

308 2650 399 2686 Non
429 2648 530 2685 6111111
559 2647 699 2684 101111111
719 2647 883 2684 solitudo
908 2659 977 2695 per
996 2646 1288 2683 associationem
1309 2646 1374 2683 ali-

361 2781 387 2815 γ)
407 2781 487 2813 sequi.
506 2794 524 2799 —-
543 2781 595 2805 Om
614 2780 724 2805 codices.

361 2816 386 2849 ὃ)
406 2817 513 2841 dicitur.
531 2830 549 2834 -
564 2819 652 2847 potest
671 2815 725 2840 dici
743 2816 773 2839 Α.

362 2854 384 2885 ε)
405 2855 434 2876 ut
452 2851 676 2884 categorematica
695 2851 736 2875 vel
754 2850 1041 2884 syncategorematica.
1060 2864 1078 2869 -—
1096 2850 1321 2883 categorematice
1338 2851 1379 2875 vel

308 2887 580 2921 syncategorematice
599 2887 628 2911 B.

362 2923 386 2954 ζ)
406 2923 443 2947 sic
462 2922 618 2954 accipiatur.
637 2935 655 2940 -
673 2921 822 2952 accipiatur
846 2920 1070 2954 categorematice
1089 2921 1118 2945 B.
1136 2934 1156 2940 -
1174 2921 1224 2945 Pro
1248 2921 1377 2954 adiungi,

308 2958 535 3025 αάάξῂιὶῗῗηῗιῗίο.
547 3007 565 3011 -
579 2993 662 3017 multo
678 2991 709 3022 l>;
723 2992 871 3017 absolutam
919 2991 1088 3017 solitudinem
1107 2999 1160 3016 om.
1175 2991 1207 3016 G.
1217 3005 1236 3010 —
1248 2992 1315 3016 Ante
1325 2998 1378 3023 per

309 3028 595 3096 addtdgnEegtSZZlZdum
611 3063 692 3087 hoc...
706 3063 777 3087 solus
793 3063 874 3087 Deus.
883 3076 902 3081 —
912 3063 973 3087 Om.
988 3062 1090 3087 codices
1104 3068 1130 3087 et
1142 3062 1182 3087 ed.
1195 3069 1212 3087 a
1217 3070 1226 3092 ‚·
1238 3061 1351 3087 ACDEF
1353 3062 1377 3087 G

310 3099 414 3132 insuper
432 3107 486 3124 om.
505 3099 529 3124 si
547 3098 688 3123 relativum
739 3098 914 3130 suppositum.
1200 3104 1202 3106 ·

982 287 1248 333 QUAESTIO
1278 288 1423 336 XXXI,
1452 288 1749 325 ARTICULUS
1780 289 1829 324 III

1433 366 1538 403 cuius
1567 366 1673 416 quod
1702 374 1758 403 est
1791 374 1990 403 extraneae
2024 373 2200 404 naturae:
2230 367 2364 405 dicitur
2395 368 2496 406 enim

1431 419 1565 468 aliquis
1594 420 1697 456 solus
1727 432 1809 456 esse
1838 419 1877 457 in
1895 420 2021 467 horto⁷
2042 420 2220 468 quamvis
2239 420 2311 458 sint
2329 421 2381 458 ibi
2401 422 2497 458 mul-

1429 479 1489 509 tae
1525 473 1677 521 plantae
1715 480 1752 509 et
1789 472 1978 510 animalia.
2018 473 2067 509 Et
2104 473 2274 510 similiter
2310 473 2498 511 diceretur

1429 526 1535 562 Deus
1565 538 1646 562 esse
1675 526 1779 563 solus
1807 526 1869 562 vel
1897 525 2103 573 solitarius,
2140 526 2280 574 angelis
2310 534 2346 563 et
2373 527 2497 563 homi-

1429 578 1541 615 nibus
1571 591 1658 615 cum
1689 591 1734 615 eo
1764 579 2019 626 existentibus,
2049 579 2080 615 si
2100 591 2178 616 non
2199 587 2324 616 essent
2343 579 2382 616 in
2401 579 2496 616 divi-

1428 631 1485 667 nis
1503 643 1691 680 personae
1710 632 1851 680 plures.
1880 631 2123 669 Consociatio
2143 632 2254 680 igitur
2272 633 2496 680 angelorum

1429 691 1465 720 et
1492 684 1708 722 animarum
1728 697 1806 722 non
1828 685 1997 722 excludit.
2016 685 2260 722 solitudinem
2281 686 2496 722 absolutam

1429 749 1451 773 a
1471 737 1625 774 divinis:
1657 745 1693 775 et
1720 738 1840 775 multo
1856 744 1869 761 ⁷¹
1889 738 2016 775 minus
2044 738 2289 776 solitudinem
2318 738 2495 787 respecti-

1428 801 1530 836 vam,
1546 801 1615 838 per
1635 790 1962 839 comparationem
1977 793 2026 829 ad
2046 791 2202 841 aliquod
2219 791 2494 840 praedicatum.

1481 843 1541 879 AD
1570 854 1759 880 SECUNDUM
1778 855 1963 881 111611ΝοοΜ
1982 845 2087 893 quod
2115 846 2211 882 11366
2240 844 2352 882 dictio
2380 844 2495 890 solus,

1428 895 1582 944 proprie
1611 896 1818 944 loquendo,
1848 908 1928 933 non
1955 897 2109 945 ponitur
2138 910 2183 934 ex
2210 905 2317 946 parte
2345 897 2495 946 praedi-

1430 947 1513 995 cati,
1542 948 1649 996 quod
1668 948 1830 985 sumitur
1857 949 2080 986 formaliter:
2111 950 2261 999 respicit
2285 950 2387 987 enirn
2408 962 2496 999 sup-

1428 1000 1596 1050 positum
1614 1000 1645 1048 *,
1674 1001 1900 1050 inquantum
1929 1002 2092 1039 excludit
2123 1003 2225 1040 aliud
2254 1003 2495 1053 suppositum

1431 1054 1478 1090 ab
1500 1066 1546 1091 eo
1568 1053 1628 1090 6111
1647 1054 1875 1102 adiungitur.
1897 1054 1975 1092 Sed
1994 1055 2070 1091 hoc
2089 1056 2318 1093 adverbium
2337 1062 2494 1102 tantum,

1430 1119 1519 1143 cum
1540 1107 1586 1144 sit
1607 1107 1854 1155 exclusivum,
1874 1115 2001 1156 potest
2019 1108 2112 1157 poni
2131 1120 2177 1144 ex
2194 1116 2301 1157 parte
2323 1109 2493 1156 subiecti,

1428 1168 1463 1197 et
1493 1172 1538 1197 ex
1566 1168 1671 1209 parte
1703 1160 1931 1209 praedicati:
1965 1173 2172 1209 possumus
2207 1161 2309 1198 enirn
2347 1161 2494 1209 dicere,

1429 1219 1573 1250 tantum
1603 1214 1776 1250 Socrates
1804 1214 1933 1260 currit,
1963 1214 2061 1250 idest
2079 1214 2203 1251 nullus
2221 1214 2337 1259 alius‚·
2361 1221 2409 1260 et,
2429 1215 2497 1251 So-

1427 1272 1548 1303 crates
1576 1267 1697 1303 currit
1722 1273 1879 1313 tantum,
1900 1267 1997 1304 idest
2021 1267 2114 1304 nihil
2130 1267 2236 1304 aliud
2246 1268 2354 1316 facit.
2383 1267 2495 1304 Unde

1429 1332 1508 1356 non
1536 1320 1690 1368 proprie
1711 1320 1784 1357 dici
1803 1328 1941 1369 potest,
1961 1321 2076 1357 Pater
2094 1326 2147 1357 est
2163 1320 2264 1357 solus
2283 1322 2399 1368 Deus,
2420 1321 2495 1368 vel,

1433 1373 1596 1409 Trinitas
1623 1378 1678 1409 est
1701 1373 1802 1410 solus
1829 1374 1946 1419 Deus,
1976 1373 2047 1410 nisi
2076 1373 2171 1410 forte
2197 1385 2243 1410 ex
2261 1381 2367 1422 parte
2387 1385 2495 1423 prae-

1429 1425 1540 1463 dicati
1569 1426 1795 1474 intelligatur
1823 1426 1949 1475 aliqua
1977 1426 2186 1475 implicatio
2205 1426 2236 1474 ²³²,
2266 1434 2308 1463 ut
2336 1426 2494 1474 dicatur,
2521 1438 2533 1449 ⁸
2570 1451 2576 1458 ·

1432 1479 1596 1516 Trinitas
1623 1485 1678 1515 est
1702 1480 1807 1516 Deus
1835 1480 1901 1528 qui
1925 1485 1978 1516 est
2004 1479 2104 1516 solus
2132 1480 2248 1516 Deus.
2284 1480 2333 1516 Et
2361 1491 2496 1517 secun-

1428 1532 1625 1569 dumhoc
1654 1532 1768 1569 etiam
1796 1540 1927 1581 posset
1956 1545 2039 1569 esse
2066 1545 2160 1570 vera
2187 1532 2274 1580 ista,
2303 1534 2417 1570 Pater
2443 1538 2499 1570 est

1428 1587 1531 1622 Deus
1560 1585 1625 1633 qui
1651 1591 1706 1622 est
1729 1585 1831 1622 solus
1858 1587 1963 1622 Deus
1981 1583 2011 1633 θ,
2041 1585 2071 1622 51
2100 1585 2301 1623 relativum
2340 1586 2496 1623 referret

1425 1638 1701 1687 praedicatum,
1732 1645 1768 1675 et
1795 1650 1875 1675 non
1894 1638 2147 1688 suppositum.
2176 1638 2410 1687 Augustinus
2429 1651 2495 1676 au-

1425 1699 1520 1738 tem,
1552 1703 1642 1728 cum
1672 1691 1760 1728 dicit
1787 1692 1941 1728 Patrem
1970 1703 2050 1729 non
2079 1704 2162 1729 esse
2190 1694 2316 1728 solum
2343 1693 2494 1741 Deum,

1427 1745 1494 1782 sed
1514 1744 1744 1781 Trinitatem
1773 1757 1856 1781 esse
1885 1745 2011 1781 solum
2031 1745 2172 1792 Deum,
2193 1744 2360 1793 loquitur
2379 1757 2495 1794 expo-

1427 1797 1548 1844 sitive,
1578 1809 1623 1834 ac
1651 1797 1681 1834 si
1712 1797 1870 1834 diceret:
1901 1797 2001 1834 Cum
2031 1797 2186 1844 dicitur,
2217 1798 2303 1847 regi
2327 1798 2495 1835 saeculo-

1427 1857 1554 1896 rum‘,
1585 1850 1771 1896 invisibili,
1799 1851 1872 1887 soli
1897 1851 1998 1896 Deo,
2027 1862 2107 1887 non
2137 1857 2192 1887 est
2220 1850 2495 1899 exponendum

1427 1903 1474 1940 de
1502 1915 1669 1952 persona
1697 1903 1830 1949 Patris,
1861 1903 1929 1940 sed
1958 1904 2006 1941 de
2035 1904 2116 1940 sola
2144 1902 2342 1941 Trinitate.

1480 1959 1538 1993 AD
1557 1967 1718 1993 TERT1UM
1732 1968 1916 1993 DICENDUM
1931 1956 2039 2004 quod
2057 1964 2221 2005 utroque
2236 1956 2356 1994 modo
2370 1963 2497 2006 potest

1425 2010 1521 2046 haec
1550 2009 1663 2046 dictio
1683 2009 1783 2046 solus
1803 2009 1956 2058 adiungi
1974 2009 2138 2047 termino
2159 2009 2358 2047 essentiali.
2389 2011 2497 2047 Haec

1428 2063 1530 2100 enim
1559 2062 1784 2111 propositio,
1804 2062 1904 2099 solus
1923 2063 2028 2100 Deus
2047 2069 2101 2099 est
2118 2063 2244 2109 Pater,
2265 2070 2322 2100 est
2342 2063 2493 2112 duplex.

1427 2115 1528 2163 Quia
1551 2116 1591 2164 ly
1608 2116 1722 2152 Pater
1740 2123 1867 2164 potest
1884 2116 2106 2165 praedicare
2125 2127 2332 2165 personam
2352 2116 2494 2154 Patris:

1427 2177 1463 2206 et
1482 2169 1534 2206 sie
1554 2176 1610 2205 est
1629 2181 1721 2205 vera
1741 2174 1769 2215 ¹,
1800 2181 1879 2206 non
1900 2169 2001 2206 enim
2021 2169 2142 2206 homo
2163 2177 2219 2206 est
2237 2169 2298 2206 illa
2317 2181 2494 2218 persona.

1425 2222 1495 2259 Vel
1524 2229 1650 2270 potest
1676 2221 1896 2270 praedicare
1926 2222 2149 2259 relationem
2184 2229 2350 2259 tanturn:
2380 2230 2418 2260 et
2445 2222 2497 2260 sic

1427 2282 1483 2311 est
1510 2275 1623 2321 falsa,
1654 2274 1744 2321 quia
1773 2274 1903 2311 relatio
1940 2275 2171 2323 paternitatis
2209 2275 2321 2312 etiam
2351 2274 2391 2312 in
2417 2275 2497 2315 aliis

1426 2327 1628 2373 invenitur,
1658 2327 1743 2364 11661
1770 2339 1850 2364 11011
1876 2327 2054 2365 univoce.
2075 2348 2099 2362 -,-
2120 2327 2299 2366 Similiter
2317 2329 2413 2365 11366
2441 2335 2498 2367 est

1426 2392 1536 2427 vera,
1561 2379 1662 2416 solus
1685 2381 1786 2417 Deus
1804 2386 1918 2418 creat.
1940 2381 2024 2417 Nec
2042 2388 2173 2417 tamen
2192 2380 2380 2429 sequitur,
2400 2393 2495 2431 ergo

1426 2433 1527 2470 solus
1553 2434 1685 2470 Pater:
1715 2433 1816 2481 quia‚
1846 2440 1887 2470 ut
1915 2433 2108 2482 sophistae
2137 2434 2276 2482 dicunt,
2298 2433 2412 2471 dictio
2433 2445 2495 2471 ex-

1429 2486 1572 2523 clusiva
1600 2486 1843 2523 immobilitat
1870 2486 2076 2528 terminum
2106 2487 2166 2523 cui
2193 2486 2425 2535 adiungitur,
2453 2494 2495 2524 ut

1428 2551 1507 2577 non
1526 2539 1649 2589 possit
1663 2539 1746 2576 fieri
1762 2540 1834 2576 sub
1851 2551 1897 2576 eo
1915 2540 2121 2577 descensus
2139 2552 2210 2589 pro
2231 2539 2357 2589 aliquo
2374 2538 2387 2561 ²
2407 2552 2497 2589 sup-

1428 2592 1661 2642 positorum;
1697 2605 1776 2629 non
1811 2593 1914 2630 enim
1948 2592 2133 2642 sequitur:
2165 2593 2266 2630 solus
2299 2594 2412 2630 homo
2444 2598 2499 2630 est

1429 2646 1575 2683 animal
1597 2645 1783 2682 rationale
1806 2645 1967 2682 mortale
1980 2652 2011 2691 μ,
2032 2658 2126 2696 ergo
2150 2646 2252 2683 solus
2275 2647 2459 2683 Socrates.

1486 2779 1504 2811 ι)
1525 2779 1591 2812 regi*
1601 2779 1777 2804 saeculorum.
1791 2793 1808 2797 —
1821 2779 1882 2804 Om.
1897 2778 2007 2804 codices.
2021 2793 2040 2798 —
2052 2779 2110 2804 sola
2128 2783 2186 2804 ante
2210 2778 2342 2805 Trinitate
2360 2779 2454 2805 omittit
2467 2779 2498 2805 B.

1432 2814 1471 2839 Cf.
1490 2819 1538 2839 art.
1558 2822 1614 2847 seq.
1634 2814 1688 2839 not.
1706 2812 1732 2838 λ.
2488 2829 2494 2836 .

1485 2850 1510 2882 κ)
1531 2856 1602 2874 vera.
1616 2863 1635 2868 -·
1653 2850 1675 2874 D
1695 2849 1777 2874 addit:
1799 2849 1880 2874 Cuius
1894 2849 1966 2874 ratio
1980 2852 2020 2874 est
2031 2849 2094 2882 quia
2108 2856 2228 2881 persona
2243 2849 2336 2874 diuina
2355 2849 2446 2875 Patris
2458 2853 2498 2876 est

1432 2885 1527 2910 relatio
1545 2885 1688 2910 subsistens
1707 2888 1734 2910 et
1751 2888 1791 2910 est
1809 2892 1886 2909 suum
1906 2892 1968 2914 esse,
1988 2888 2015 2910 et
2032 2885 2091 2910 ideo
2110 2884 2183 2909 nullo
2202 2885 2282 2909 modo
2295 2887 2387 2917 potest
2404 2892 2498 2910 conve-

1431 2921 1490 2946 nire
1504 2927 1637 2952 personae
1655 2923 1776 2949 creatae,
1802 2920 1847 2945 ubi
1863 2920 1973 2945 aliunde
1991 2923 2031 2945 est
2045 2927 2177 2953 persona,
2200 2920 2310 2945 aliunde
2330 2923 2420 2952 pater.
2444 2920 2500 2946 Sed

1431 2956 1528 2981 relatio
1547 2955 1613 2981 dicit
1631 2959 1778 2988 respectum
1796 2955 1834 2980 ad
1852 2955 1941 2984 aliud,
1961 2959 1988 2980 et
2005 2955 2069 2988 quia
2087 2954 2183 2980 relatio
2197 2955 2374 2987 paternitatis
2391 2959 2499 2981 creatae

1431 2991 1497 3017 dicit
1516 2994 1664 3023 respectum
1682 2991 1720 3016 ad
1738 2991 1828 3020 aliud,
1848 2991 1944 3016 relatio
1957 2994 2049 3023 potest
2066 2990 2206 3016 convenire
2224 2997 2359 3022 personae
2377 2994 2497 3020 creatae,

1430 3027 1500 3051 sieut
1518 3029 1544 3051 et
1558 3033 1692 3058 personae
1711 3026 1857 3055 increatae,
1878 3026 1939 3051 licet
1956 3025 2103 3059 anangice.

1484 3060 1512 3094 λ)
1528 3069 1582 3093 pro
1601 3062 1699 3094 aliquo.
1716 3074 1736 3081 -
1753 3061 1903 3093 aliquorum
1924 3062 1952 3093 F,
1971 3062 2019 3087 sub
2040 3061 2130 3094 aliquo
2149 3061 2189 3086 ed.
2204 3069 2230 3086 a.

1485 3097 1514 3130 μ)
1533 3097 1667 3122 rationale
1686 3097 1806 3121 mortale.
1824 3111 1843 3115 -
1862 3097 1960 3122 risibile
1978 3096 2089 3122 codices.

988 3185 1322 3218 Commentario
1344 3184 1597 3218 Caii-clinans
1618 3184 1822 3217 Caietam

371 3285 477 3305 11111115
501 3274 748 3315 intelligentibus
772 3273 925 3304 terminos
949 3273 1023 3304 satis
1048 3274 1149 3304 clarus
1173 3279 1228 3304 est.

312 3287 367 3348 T
427 3319 461 3349 ln
485 3329 618 3359 corpore
646 3318 703 3349 tria
727 3318 885 3348 dicuntur.
913 3318 1035 3354 Primo,
1061 3317 1263 3358 distinguitur
1287 3316 1376 3358 quod

311 3363 342 3403 ly
365 3364 453 3393 solus
476 3370 580 3403 potest
599 3362 697 3403 accipi
721 3361 903 3402 dupliciter,
933 3362 1050 3392 scilicet
1073 3369 1108 3392 ut
1132 3361 1227 3392 dictio
1252 3367 1376 3400 catego—

312 3407 471 3443 1611131163,
498 3414 528 3437 61
551 3405 884 3448 syncategorematica:
915 3412 946 3436 et
969 3406 1042 3436 satis
1067 3406 1147 3436 clare
1171 3405 1377 3446 explanantur

313 3451 454 3481 membra
470 3451 501 3480 in
522 3451 630 3482 littera.
649 3469 667 3474 -
685 3450 806 3481 Deinde
830 3450 962 3490 ponitur
981 3460 1044 3480 una
1064 3449 1227 3480 conclusio
1244 3458 1375 3489 respon·

312 3494 377 3524 siva
400 3495 542 3535 quaesito
567 3495 723 3534 negative,
748 3494 880 3525 scilicet:
910 3494 1006 3524 Solus
1030 3493 1287 3534 categorematice
1311 3502 1377 3523 non

1431 3279 1536 3312 potest
1564 3272 1637 3303 addi
1661 3272 1796 3303 termino
1825 3272 1980 3304 essentiali
2007 3272 2040 3303 in
2065 3273 2187 3303 divinis.
2219 3273 2391 3305 Probatur:
2422 3273 2498 3315 quia

1432 3324 1615 3357 sequeretur
1637 3317 1743 3347 Deum
1767 3327 1833 3347 esse
1857 3316 2043 3348 solitarium.
2061 3335 2081 3339 -
2104 3317 2226 3348 Deinde
2251 3317 2381 3358 ponitur
2402 3317 2498 3349 altera

1432 3361 1596 3391 conclusio
1616 3360 1816 3391 affirmative:
1842 3361 1937 3391 Solus
1956 3361 2274 3401 syncategorematice
2288 3368 2405 3402 potest
2424 3361 2497 3392 addi

1431 3405 1568 3434 termino
1592 3405 1748 3435 essentiali
1776 3405 1808 3435 in
1838 3404 1960 3435 divinis.
1993 3404 2034 3435 Et
2056 3406 2223 3445 probatur:
2256 3405 2332 3447 quia
2361 3410 2497 3446 possunt

1432 3449 1554 3479 excludi
1579 3455 1679 3479 cetera
1710 3459 1727 3479 a
1751 3448 1911 3479 consortio
1943 3448 2129 3488 praedicam
2161 3456 2198 3481 ut
2225 3456 2311 3490 patet
2341 3449 2494 3485 dicendo,

1430 3493 1518 3523 solus
1540 3493 1630 3523 Deus
1654 3498 1701 3523 est
1722 3497 1882 3523 aeternus.

2523 1014 2533 1024 ·
2547 1013 2576 1036 Ι).
2591 1019 2651 1042 ¹05²-
