2768 4178
44 1868 139 1893 ‘Vm-
152 1875 184 1898 71.

43 1981 58 1992 ·
69 1981 122 2004 Art.
137 1979 244 2009 praeced.

43 2137 58 2148 ⁶
70 2135 132 2158 md.

13 2535 15 2538 Α
37 2506 129 2530 *ibi-¹.

1 3905 36 4178 ,Έῶνῇμεηνφ-
9 3865 18 3883 ,-
3 3794 20 3847 a

972 271 1240 318 QUAESTIO
1270 271 1412 319 XXIV,
1441 272 1739 310 ARTICULUS
1770 275 1800 309 II

288 351 404 387 cundo,
424 351 502 391 quid
524 351 582 381 rei.
600 368 619 373 -
636 351 753 388 Quoad
770 351 927 391 primum,
953 350 1011 380 tria
1027 350 1109 381 dicit.
1128 350 1246 386 Primo,
1267 350 1356 390 quod

288 395 369 425 liber
383 396 468 426 vitae
483 405 549 426 non
565 395 703 435 proprie,
721 395 775 425 sed
791 394 1006 434 metaphorice
1026 394 1140 424 dicitur
1154 394 1187 424 in
1203 394 1284 425 Deo.
1302 394 1355 424 Se-

287 439 406 476 cundo,
417 439 506 480 quod
517 438 671 479 significat
685 438 890 479 scriptionem
902 438 1217 478 praedestinatorum.
1234 437 1354 474 Tertio,

288 483 445 523 originem
463 483 559 514 huius
575 483 790 523 metaphorae,
807 483 896 522 quod
913 482 1029 512 scilicet
1044 492 1080 512 ex
1095 482 1243 512 humanis
1257 482 1354 518 libris,

288 527 321 557 in
340 527 456 568 quibus
473 527 651 558 scribuntur
667 526 836 558 consiliarii
852 536 907 556 seu
924 526 1048 562 milites,
1067 533 1195 566 sumpta
1211 532 1266 556 est.

348 571 400 602 111.
425 572 542 609 Quoad
564 571 757 608 secundum,
783 576 829 601 est
851 570 928 600 haec
956 570 1134 600 conclusio:
1159 570 1252 600 Liber
1274 570 1356 600 vitae

288 615 321 645 in
345 615 414 646 Deo
430 623 477 646 est
491 615 603 646 notitia
620 615 712 645 firma
730 625 766 645 ac
782 613 985 654 significativa
1001 614 1316 654 praedestinatorum.
1333 632 1354 636 -

288 659 376 690 Haec
400 659 581 696 conclusio,
606 659 714 700 quoad
738 659 816 689 duas
839 665 953 698 partes,
978 657 1205 688 manifestatur.
1237 658 1354 694 Primo,

288 703 397 744 quoad
419 704 453 745 ly
465 704 582 745 firma,
600 703 785 734 auctoritate
800 703 894 733 Prov.
911 713 956 733 111.
981 702 1104 733 Deinde
1119 702 1256 732 ratione:
1281 702 1356 743 quia

2402 271 2477 319 287

1411 350 1599 391 conscriptio
1623 351 1656 381 in
1680 351 1765 381 libris
1789 353 2000 383 materialibus
2019 353 2055 384 fit
2076 354 2116 383 ad
2139 353 2387 384 succurrendum
2411 361 2477 383 me-

1410 394 1540 425 moriae.
1557 413 1577 417 —
1594 395 1758 432 Secundo,
1783 396 1891 436 quoad
1918 397 1950 437 ly
1973 398 2198 438 significativa.
2227 398 2268 428 Et
2291 398 2353 428 hoc
2373 407 2408 428 ex
2428 407 2475 427 ra-

1410 438 1497 469 tione
1520 439 1744 479 metaphorae:
1778 439 1854 480 quia
1884 440 1964 470 sicut
1992 441 2144 481 scriptura
2171 442 2242 472 libri
2273 448 2319 472 est
2347 441 2475 481 signum

1410 483 1624 522 agendorum,
1653 483 1696 514 ita
1719 483 1830 514 notitia
1853 484 1912 514 Dei
1937 492 1982 515 est
2006 485 2132 525 signum
2157 492 2391 526 repraesentans
2414 484 2475 525 ipsi

1411 527 1629 566 perducendos
1658 527 1692 558 in
1726 527 1824 558 vitam
1860 535 2028 559 aeternam.
2064 530 2104 560 Et
2137 526 2341 561 confirmatur
2375 529 2401 559 11
2432 529 2476 560 ad

1416 571 1494 601 Tim.
1514 581 1547 601 11.

1469 616 1515 645 Ex
1538 614 1587 645 his
1610 621 1718 646 autem
1741 615 1831 646 facile
1854 622 1939 655 patet
1962 616 2151 657 quaesitum,
2176 618 2264 658 quod
2287 617 2321 647 in
2343 626 2475 657 respon-

1411 658 1500 689 sione
1519 659 1558 688 ad
1574 666 1724 699 quartum
1748 659 1948 700 exprimitur:
1973 661 2125 700 quoniam
2143 661 2354 701 principaliter
2376 671 2475 702 quae-

1410 703 1536 733 rebatur
1551 703 1629 744 quid
1644 710 1690 734 est
1703 703 1782 734 liber
1795 703 1887 740 vitae,
1905 705 1993 745 quod
2009 704 2042 734 in
2058 715 2190 745 corpore
2207 705 2349 736 decisum
2365 712 2419 736 est.

1062 856 1379 899 ARTICULUS
1408 857 1707 900 SECUNDUS

409 925 412 928 ⁴
466 951 623 982 UTRUM
647 950 774 982 LIBER
797 950 930 982 VITAE
955 949 1022 980 srr
1046 949 1194 981 SOLUM
1217 949 1442 981 RESPECTU
1465 950 1597 981 VITAE
1622 950 1813 982 GLORIAE
1836 921 2294 984 PRAEDESTINKTORUM

823 1028 855 1053 111
875 1029 957 1058 Sent„
974 1028 1033 1053 dist.
1050 1035 1116 1058 xxxi,
1136 1035 1182 1060 qu.
1200 1035 1218 1059 1,
1238 1033 1284 1052 art.
1305 1035 1328 1059 2,
1348 1029 1396 1061 qu·
1414 1035 1427 1052 2
1434 1036 1441 1059 ;
1462 1029 1504 1054 De
1527 1029 1616 1059 Ver-it„
1637 1037 1682 1062 qu.
1695 1037 1741 1061 vn,
1761 1034 1807 1054 art.
1829 1029 1853 1060 5,
1873 1029 1898 1060 6,
1917 1038 1943 1063 7.

322 1152 335 1159 fr

327 1136 387 1177 elisi
408 1159 411 1164 .
437 1141 457 1154 2-
502 1131 524 1155 Ι)
543 1130 733 1156 SECUNDUM
748 1130 801 1155 stc
816 1129 1055 1154 PRocEmTUR.
1071 1117 1232 1154 Videtur
1251 1117 1354 1166 quod

306 1165 417 1232 &A
468 1188 477 1217 s

308 1256 315 1268 Α

308 1269 319 1281 ff
367 1271 441 1319 ’Ἲῇύ
469 1294 489 1313 κ
501 1277 602 1316 vitae
640 1286 697 1315 est
729 1277 860 1315 notitia
891 1277 1004 1314 vitae.
1041 1276 1118 1313 Sed
1152 1277 1259 1312 Deus
1287 1288 1356 1324 per

286 1331 406 1368 vitam
435 1344 546 1368 suam
575 1331 770 1379 cognoscit
789 1342 947 1368 omnem
967 1329 1080 1366 aliam
1099 1329 1230 1366 vitam.
1251 1330 1354 1376 Ergo

287 1384 382 1422 liber
408 1384 508 1422 vitae
535 1384 742 1434 praecipue
772 1383 907 1421 dicitur
934 1390 1109 1432 respectu
1136 1382 1237 1420 vitae
1262 1382 1356 1419 divi-

287 1450 382 1484 nae;
412 1445 448 1475 et
481 1450 560 1475 non
593 1437 719 1475 solum
752 1444 928 1486 respectu
960 1435 1062 1473 vitae
1095 1435 1354 1485 praedestina-

286 1498 428 1529 torum.

342 1556 377 1582 2.
407 1545 641 1590 PRAETEREA,
671 1543 766 1580 sicut
792 1542 871 1580 vita
899 1541 1040 1590 gloriae
1070 1549 1125 1579 est
1144 1555 1167 1579 a
1186 1543 1284 1589 Deo,
1305 1541 1355 1579 ita

286 1596 366 1635 vita
392 1604 563 1634 naturae.
594 1596 635 1634 Si
654 1596 765 1644 igitur
787 1595 921 1633 notitia
939 1595 1040 1633 vitae
1060 1595 1200 1644 gloriae
1221 1595 1356 1633 dicitur

286 1649 382 1696 liber
408 1649 521 1697 vitae,
552 1649 666 1687 etiam
685 1648 703 1678 Ρ
730 1649 864 1687 notitia
890 1650 991 1686 vitae
1020 1656 1176 1686 naturae
1211 1649 1356 1686 dicetur

286 1702 382 1742 liber
407 1702 521 1740 vitae.

288 1791 291 1793 .
343 1758 377 1795 3.
407 1757 642 1802 PRAETEREA,
673 1755 787 1805 aliqui
817 1755 1003 1803 eliguntur
1029 1755 1078 1793 ad
1098 1755 1268 1803 gratiam,
1291 1755 1356 1804 qui

287 1818 372 1848 non'
395 1810 585 1858 eliguntur
612 1809 662 1846 ad
688 1809 808 1846 vitam
838 1808 995 1856 gloriae3
1023 1816 1065 1846 ut
1091 1816 1195 1858 patet
1221 1821 1290 1858 per
1317 1809 1356 1846 id

287 1862 394 1912 quod
414 1862 548 1900 dicitur
568 1864 672 1900 Ioan.
684 1874 720 1899 vi
734 1862 771 1899 *ε
791 1862 933 1899 Nonne
946 1862 1141 1899 duodecim
1160 1874 1228 1899 vos
1246 1862 1354 1912 elegi,

287 1922 324 1953 et
342 1928 438 1953 unus
457 1928 508 1953 ex
525 1916 632 1953 vohis
650 1915 821 1953 diabolus
839 1915 919 1952 est?
948 1915 1026 1952 Sed
1049 1914 1143 1952 liber
1169 1915 1270 1952 vitae
1300 1923 1356 1952 est

288 1969 517 2018 conscriptio
554 1968 748 2006 electionis
777 1968 950 2015 divinae,
989 1975 1031 2005 ut
1060 1968 1204 2005 dictum
1239 1976 1294 2006 est
1322 1968 1353 2005 *.

287 2023 391 2071 Ergo
421 2022 535 2060 etiarn
566 2029 621 2059 est
647 2029 823 2071 respectu
849 2021 951 2059 vitae
979 2021 1131 2069 gratiae.

342 2077 417 2114 SED
454 2087 601 2113 CONTRA
628 2087 695 2113 Esr
731 2075 837 2123 quod
872 2075 967 2112 liber
993 2075 1094 2111 vitae
1133 2082 1188 2111 est
1224 2074 1356 2112 notitia

285 2129 652 2179 praedestinationis,
672 2136 714 2166 ut
741 2128 884 2166 dictum
914 2136 971 2165 est
988 2128 1019 2165 ²⁸.
1046 2128 1124 2165 Sed
1151 2128 1356 2177 praedesti-

286 2182 389 2220 natio
418 2195 498 2220 non
526 2182 676 2231 respicit
702 2182 823 2219 vitam
852 2181 1012 2229 gratiae,
1043 2181 1115 2218 nisi
1143 2182 1356 2219 secundum

287 2236 393 2286 quod
412 2236 608 2273 ordinatur
626 2235 675 2272 ad
703 2235 882 2283 gloriam:
913 2247 991 2271 non
1012 2234 1114 2271 enim
1134 2243 1221 2271 sunt
1249 2247 1355 2283 prae-

287 2289 472 2336 destinati,
502 2289 566 2338 qui
593 2289 738 2326 habent
765 2287 923 2336 gratiam
954 2295 990 2324 et
1019 2287 1201 2324 deficiunt
1229 2300 1250 2324 a
1278 2289 1357 2335 glo-

286 2342 352 2380 ria.
391 2342 507 2379 Liber
533 2341 645 2390 igitur
679 2342 782 2378 vitae
814 2353 894 2378 non
924 2341 1059 2378 dicitur
1086 2341 1155 2378 nisi
1183 2349 1356 2390 respectu

286 2395 440 2444 gloriae.

339 2450 566 2486 Rssspormsso
594 2460 779 2485 D1CENDUM
808 2447 914 2496 quod
950 2447 1046 2484 liber
1072 2447 1194 2494 vitae,
1228 2455 1270 2484 ut
1303 2448 1356 2485 di-

287 2510 390 2540 ctum
421 2509 477 2539 est
494 2502 532 2549 *‚
562 2502 740 2550 importat
768 2500 1090 2549 conscriptionem
1128 2502 1323 2549 quandam
1342 2506 1357 2528 Ἰ

286 2555 367 2594 sive
387 2555 559 2592 notitiam
580 2556 788 2592 electorum
811 2554 859 2591 ad
889 2554 1018 2591 vitam.
1044 2554 1202 2602 Eligitur
1229 2562 1357 2591 autem

287 2608 422 2658 aliquis
451 2609 499 2645 ad
527 2607 566 2645 id
600 2607 704 2656 quod
733 2619 813 2644 non
834 2607 1016 2656 competit
1044 2607 1114 2644 sibi
1143 2607 1356 2645 secundum

342 2725 370 2759 οι)
390 2728 519 2757 respectu.
536 2738 555 2743 -
574 2724 636 2749 Om.
656 2723 758 2748 codices
778 2728 804 2748 et
822 2723 864 2748 ed.
876 2730 901 2748 a.

343 2760 368 2794 β)
389 2761 479 2786 etiam.
497 2774 516 2779 —
533 2766 598 2792 ergo
617 2762 644 2784 et
662 2759 717 2783 BG.
734 2773 753 2778 —
771 2759 822 2783 Pro
842 2759 954 2787 dicetur,
974 2758 1075 2784 dicitur
1092 2759 1205 2784 codices.

342 2797 369 2830 γ)
389 2796 534 2829 quandam.
553 2810 572 2814 -
590 2795 652 2820 Om.
671 2794 747 2824 ACE,
767 2799 826 2818 ante
845 2794 969 2819 notitiam
989 2800 1090 2827 ponunt
1109 2794 1162 2819 BD.

1410 1130 1519 1154 suam
1539 1125 1726 1155 naturam.
1762 1119 1811 1155 Et
1830 1118 1977 1166 iterum,
1998 1119 2037 1156 id
2057 1120 2105 1157 ad
2125 1120 2228 1168 quod
2249 1119 2394 1168 eligitur
2412 1120 2476 1157 ali-

1410 1171 1505 1219 quis,
1526 1171 1642 1207 habet
1660 1171 1848 1209 rationem
1867 1172 1975 1209 finis:
2004 1185 2084 1209 non
2113 1172 2215 1209 enim
2244 1173 2352 1210 miles
2376 1173 2473 1221 eligi·

1409 1231 1469 1260 tur
1501 1231 1565 1260 aut
1594 1224 1842 1261 conscribitur
1869 1226 1918 1262 ad
1945 1226 2020 1262 hoc
2055 1226 2161 1274 quod
2194 1234 2377 1273 armetur,
2408 1227 2475 1264 sed

1409 1277 1459 1313 ad
1486 1277 1561 1313 hoc
1589 1277 1695 1324 quod
1722 1285 1886 1325 pugnet;
1914 1279 1990 1315 hoc
2019 1279 2121 1315 enim
2150 1276 2164 1300 δ
2193 1287 2248 1316 est
2274 1279 2473 1328 proprium

1410 1330 1580 1366 officium
1615 1330 1663 1366 ad
1691 1331 1795 1378 quod
1825 1330 1952 1367 militia
1981 1331 2185 1368 ordinatur.
2217 1332 2317 1369 Finis
2346 1340 2474 1370 autern

1408 1395 1524 1432 supra
1542 1390 1718 1420 naturam
1739 1383 1910 1430 existens,
1928 1392 1983 1421 est
2001 1384 2079 1421 vita
2098 1385 2251 1432 gloriae,
2266 1393 2308 1422 ut
2327 1398 2441 1434 supra
2454 1385 2475 1407 ‘¹‘

1409 1436 1552 1473 dictum
1581 1443 1648 1473 est.
1669 1436 1781 1473 Unde
1807 1437 1961 1485 proprie
1989 1437 2084 1474 liber
2110 1437 2211 1475 vitae
2240 1438 2392 1487 respicit
2419 1438 2475 1476 vi-

1409 1497 1488 1526 tam
1516 1489 1670 1537 gloriae.

1489 1545 1548 1580 AD
1577 1554 1714 1579 PRiMUM
1749 1554 1847 1579 ERGO
1875 1555 2060 1580 DICENDUM
2094 1543 2200 1592 quod
2226 1544 2304 1589 vita
2335 1544 2473 1592 divina,

1410 1596 1523 1633 etiarn
1551 1603 1664 1645 prout
1685 1603 1741 1632 est
1767 1595 1846 1633 vita
1863 1601 1874 1616 ¹
1893 1596 2070 1644 gloriosa,
2092 1604 2148 1634 est
2174 1598 2259 1634 Deo
2283 1598 2473 1635 naturalis.

1409 1649 1520 1687 Unde
1550 1657 1724 1697 respectu
1753 1649 1832 1685 eius
1860 1661 1939 1686 non
1969 1657 2025 1686 est
2053 1650 2197 1697 electio,
2226 1658 2262 1687 et
2288 1663 2357 1699 per
2385 1663 2475 1689 con-

1410 1715 1574 1752 sequens
1589 1714 1715 1750 neque
1730 1702 1825 1739 liber
1837 1702 1950 1739 vitae.
1968 1703 2060 1739 Non
2075 1703 2179 1740 enim
2194 1703 2355 1741 dicimus
2370 1704 2475 1752 quod

1410 1756 1545 1805 aliquis
1572 1756 1693 1792 homo
1715 1755 1869 1803 eligatur
1897 1755 1946 1792 ad
1974 1756 2196 1796 habendum
2225 1769 2393 1805 sensum,
2413 1758 2475 1794 vel

1410 1809 1554 1857 aliquid
1582 1821 1718 1846 eorum
1752 1821 1851 1857 quae
1884 1817 2170 1857 consequuntur
2197 1818 2384 1847 naturam.

1464 1862 1575 1900 Unde
1603 1874 1672 1910 per
1699 1863 1774 1899 hoc
1803 1862 1917 1898 etiam
1945 1869 2049 1911 patet
2076 1863 2213 1900 solutio
2234 1862 2248 1889 t
2267 1863 2315 1900 ad
2343 1875 2475 1900 secun-

1411 1917 1515 1953 dum.
1551 1917 1743 1964 Respectu
1771 1915 1873 1952 enim
1892 1915 1993 1952 vitae
2021 1916 2201 1953 naturalis
2229 1929 2308 1953 non
2328 1924 2383 1953 est
2403 1917 2475 1953 ele-

1411 1970 1496 2016 ctio,
1531 1981 1656 2017 neque
1685 1968 1780 2005 liber
1806 1968 1918 2005 vitae.

1463 2024 1522 2059 Ao
1559 2033 1718 2058 TERTIUM
1756 2033 1939 2059 DICENDUM
1969 2022 2074 2071 quod
2110 2022 2188 2059 vita
2222 2022 2363 2070 gratiae
2396 2035 2475 2059 non

1410 2077 1525 2112 habet
1544 2075 1730 2112 rationem
1759 2075 1858 2122 finis,
1879 2075 1947 2112 sed
1967 2075 2154 2112 rationem
2184 2075 2263 2112 eius
2297 2075 2401 2124 quod
2422 2082 2477 2112 est

1412 2129 1460 2166 ad
1488 2129 1620 2166 finem.
1641 2128 1752 2165 Unde
1777 2128 1824 2165 ad
1853 2128 1971 2165 vitam
1992 2128 2132 2176 gratiae
2159 2141 2239 2166 non
2259 2129 2394 2166 dicitur
2412 2128 2475 2165 ali-

1411 2182 1494 2231 quis
1524 2181 1620 2229 eligi,
1642 2181 1712 2218 nisi
1739 2181 1966 2229 inquantum
1996 2181 2072 2223 vita
2104 2182 2243 2230 gratiae
2282 2182 2476 2219 ordinatur

1411 2236 1460 2272 ad
1488 2235 1660 2283 gloriam.
1682 2235 1730 2270 Et
1757 2242 1913 2283 propter
1940 2235 2026 2281 hoc,
2055 2235 2105 2271 illi
2133 2235 2198 2284 qui
2226 2235 2368 2271 habent
2395 2247 2477 2282 gra-

1411 2288 1503 2325 tiam
1534 2296 1569 2324 et
1602 2287 1778 2324 excidunt
1805 2293 1819 2310 '¹
1853 2300 1875 2324 a
1908 2287 2042 2335 gloria,
2077 2300 2156 2324 non
2189 2288 2366 2325 dicuntur
2395 2300 2477 2324 esse

1412 2341 1520 2378 electi
1538 2340 1768 2390 simpliciter,
1789 2341 1855 2377 sed
1886 2340 2096 2377 secundum
2115 2341 2218 2390 quid.
2241 2342 2290 2378 Et
2309 2341 2478 2378 similiter

1412 2407 1491 2432 non
1507 2394 1681 2431 dicuntur
1701 2406 1783 2430 esse
1804 2394 1929 2442 scripti
1949 2393 2167 2442 simpliciter
2191 2394 2229 2430 in
2249 2394 2344 2431 libro
2363 2394 2475 2442 vitae,

1411 2448 1479 2485 sed
1507 2447 1719 2485 secundum
1748 2447 1857 2495 quid;
1883 2454 1997 2495 prout
2024 2447 2164 2484 scilicet
2191 2447 2239 2484 de
2269 2447 2321 2483 eis
2349 2447 2387 2484 in
2416 2460 2476 2484 or-

1413 2501 1605 2538 dinatione
1634 2508 1671 2537 et
1698 2500 1829 2537 notitia
1857 2500 1985 2537 divina
2015 2500 2144 2546 existit,
2176 2500 2279 2548 quod
2309 2500 2382 2537 sint
2408 2501 2475 2536 ha-

1412 2554 1523 2591 bituri
1551 2554 1717 2602 aliquem
1747 2553 1920 2590 ordinem
1950 2553 1997 2590 ad
2025 2553 2144 2590 vitam
2173 2561 2387 2602 aeternam,
2418 2565 2475 2590 se-

1413 2608 1580 2644 cundum
1609 2605 1934 2655 participationem
1963 2606 2114 2653 gratiae.

1467 2723 1489 2754 ε)
1510 2722 1574 2747 vita.
1592 2735 1611 2740 —
1629 2722 1690 2746 Om.
1710 2721 1819 2746 codices.

1466 2757 1491 2790 ζ)
1510 2757 1617 2782 solutio.
1634 2771 1653 2775 -
1671 2757 1807 2788 responsio
1826 2756 1938 2781 codices.

1465 2792 1493 2825 η)
1512 2792 1651 2818 excidunt.
1668 2806 1687 2811 —
1706 2792 1832 2817 decidunt
1850 2791 1996 2816 ABCDEG.
2012 2806 2031 2810 —
2043 2792 2102 2816 Mox
2121 2793 2196 2817 electi
2213 2794 2404 2826 simpliciter...
2423 2802 2474 2819 non

343 2831 367 2865 δ)
387 2832 437 2857 hoc
454 2831 533 2856 enim.
546 2845 566 2849 -
577 2830 650 2863 quod
662 2829 772 2854 codices.
784 2844 803 2848 -
815 2830 866 2854 Pro
878 2830 916 2854 ad
927 2830 1000 2862 quod
1012 2830 1108 2855 militia
1121 2830 1273 2858 ordinatur,
1287 2829 1359 2862 quod
1413 2829 1540 2854 dicuntur
1557 2835 1613 2853 esse
1631 2836 1684 2852 orn.
1699 2828 1719 2851 B
1725 2834 1732 2857 ;
1753 2828 1788 2852 Et
1807 2827 1930 2852 similiter
1949 2833 2000 2851 non
2014 2827 2141 2852 dicuntur
2189 2829 2236 2854 sed
2249 2830 2393 2854 secundum
2412 2830 2477 2862 quid

290 2868 316 2893 in
337 2867 433 2894 militia
453 2866 603 2892 intenditur
622 2865 724 2897 BCDE3
744 2870 803 2890 ante
822 2865 918 2890 militia
936 2866 959 2890 A
978 2866 1049 2890 addit
1066 2866 1156 2891 etiam.

1411 2872 1464 2889 om.
1477 2864 1553 2888 ACE.

967 2952 1301 2985 Commentario»
1323 2951 1574 2985 Carfflnalis
1597 2950 1798 2984 Caietam

293 3053 459 3116 Trrunus
484 3042 585 3073 clarus
610 3049 664 3072 est.
687 3059 707 3063 —
731 3041 766 3070 In
790 3050 923 3080 corpore
947 3048 993 3071 est
1016 3051 1079 3071 una
1104 3040 1286 3076 conclusio,
1313 3050 1358 3070 re-
1384 3039 1387 3078 Ι

353 3086 502 3127 sponsiva
532 3086 676 3127 quaesito
708 3085 909 3115 affirmative:
938 3085 1032 3115 Liber
1058 3085 1139 3115 vitae
1163 3084 1290 3125 proprie
1313 3094 1359 3114 re-

1471 3039 1606 3069 Adverte
1622 3039 1682 3075 hic,
1700 3039 1788 3079 quod
1803 3039 1913 3075 littera,
1932 3039 2092 3079 assignans
2109 3039 2244 3079 primam
2261 3039 2476 3070 conditionem

1415 3084 1481 3114 eius
1505 3084 1544 3113 ad
1573 3083 1662 3123 quod
1685 3083 1804 3123 aliquid
1833 3083 1973 3123 eligitur,
2002 3094 2068 3113 non
2098 3083 2174 3114 dixit
2196 3084 2284 3124 quod
2308 3090 2354 3113 est
2375 3094 2475 3124 supra

292 3131 383 3171 spicit
405 3130 503 3161 vitam
526 3130 654 3170 gloriae.
673 3147 691 3152 -
707 3130 863 3160 Probatur
882 3129 936 3160 sic.
961 3129 1054 3160 Liber
1072 3129 1153 3159 vitae
1178 3135 1224 3159 est
1247 3128 1358 3159 notitia
1405 3128 1601 3169 facultatem
1619 3132 1775 3158 naturae.-
1798 3127 1873 3168 quia
1896 3128 1958 3158 hoc
1977 3127 2093 3158 falsum
2110 3127 2228 3163 fuisset,
2246 3138 2320 3158 cum
2335 3137 2476 3167 pugnare

292 3175 467 3206 electorum
486 3174 526 3204 ad
540 3174 652 3206 vitam:
673 3184 747 3214 ergo
771 3173 811 3203 ad
833 3173 931 3204 vitam
949 3184 1045 3214 supra
1063 3180 1218 3210 naturam,
1236 3179 1266 3203 et
1280 3172 1357 3202 fina-

291 3219 371 3249 lem:
397 3228 471 3258 ergo
495 3218 623 3259 proprie
645 3218 686 3248 ad
708 3218 806 3248 vitam
828 3217 957 3258 gloriae.
972 3235 993 3240 -
1008 3218 1113 3248 Prima
1133 3217 1358 3258 consequentia

292 3263 463 3304 probatur:
495 3262 571 3303 quia
598 3263 632 3293 id
654 3262 695 3293 ad
717 3262 806 3303 quod
830 3261 928 3302 aliqui
957 3261 1131 3302 eliguntur,
1163 3262 1257 3292 habet
1281 3261 1359 3291 duas

293 3307 501 3342 conditiones,
526 3306 643 3337 scilicet
666 3313 696 3337 et
719 3306 807 3347 quod
835 3316 901 3336 non
926 3306 1091 3336 conveniat
1115 3305 1158 3336 eis
1182 3305 1359 3336 secundum

292 3361 365 3382 suas
388 3357 524 3387 naturas,
549 3357 580 3381 et
602 3351 692 3391 quod
714 3351 827 3381 habeat
849 3350 1006 3380 rationem
1028 3349 1108 3380 finis.
1126 3350 1167 3380 Et
1186 3349 1359 3380 declaratur

291 3395 354 3426 hoc
373 3395 550 3425 secundum
569 3395 715 3435 exemplo
734 3394 853 3426 militis.
879 3394 1024 3425 Secunda
1038 3404 1113 3424 vero
1133 3393 1359 3434 consequentia

290 3440 462 3480 probatur:
487 3438 563 3480 quia
580 3438 645 3469 vita
662 3438 780 3479 gloriae
803 3446 850 3470 est
871 3438 943 3469 finis
963 3438 1217 3479 supernaturalis.

1414 3183 1450 3203 ac
1479 3172 1641 3202 consulere
1664 3171 1744 3202 vires
1767 3178 1896 3202 naturae
1920 3182 1986 3202 non
2011 3172 2169 3202 excedant.
2200 3172 2260 3202 Sed
2285 3171 2360 3202 dixit
2383 3181 2475 3211 nega-

1414 3217 1520 3252 tivam,
1542 3215 1668 3252 scilicet,
1689 3225 1752 3246 non
1777 3217 1923 3246 convenit
1945 3226 1987 3246 ex
2010 3221 2148 3246 natura:
2171 3226 2236 3245 non
2261 3215 2346 3245 enim
2369 3225 2405 3245 ex
2422 3226 2476 3246 na-

1414 3268 1483 3291 tura
1507 3260 1635 3290 sortitur
1649 3259 1773 3300 aliquis,
1790 3260 1878 3300 quod
1902 3260 1941 3290 ad
1966 3260 2046 3290 hanc
2065 3259 2292 3299 rempublicam
2311 3259 2476 3290 tutandam

1414 3311 1534 3345 pugnet
1557 3310 1611 3334 aut
1634 3304 1794 3340 consulat;
1819 3304 1874 3334 sed
1890 3314 1926 3334 ex
1948 3304 2009 3334 alio
2025 3303 2189 3343 principio,
2206 3304 2399 3343 gubernante
2419 3304 2475 3334 sci-

1414 3349 1485 3379 licet
1508 3348 1746 3388 rempublicam.
1778 3348 1819 3379 Et
1842 3358 1878 3378 ex
1900 3348 1959 3378 hac
1987 3347 2281 3378 accommodatione
2310 3347 2420 3378 extulit
2441 3347 2476 3377 li-

1414 3394 1507 3423 brum
1530 3392 1611 3422 vitae
1634 3392 1673 3422 ad
1688 3392 1795 3428 vitam,
1820 3402 1886 3422 non
1910 3392 2015 3422 solum
2032 3402 2098 3422 non
2115 3402 2151 3421 ex
2166 3398 2287 3427 natura,
2303 3392 2358 3422 sed
2381 3401 2476 3432 supra

1415 3447 1545 3468 omnem
1567 3436 1748 3467 facultatem
1772 3436 2003 3478 cuiuscumque
2026 3443 2155 3466 naturae
2179 3442 2307 3466 creatae.

2602 1282 2617 1307 ὃ

2501 1394 2511 1405 “
2527 1393 2574 1420 Qu.
2584 1399 2624 1420 xit,
2635 1396 2715 1419 art.4;

2502 1426 2541 1447 qu.
2556 1425 2620 1447 xxm,
2634 1424 2678 1441 art.
2689 1426 2705 1441 ι.
