2768 4178
79 644 89 654 '⁴
102 642 160 670 Cap.
170 647 256 669 x1,n.3,
265 647 288 667 4.

74 671 95 680 ··
112 669 170 696 Cap.
181 675 196 695 1,
212 674 243 690 iv.

74 824 86 834 ‘
103 823 160 850 Cap.
170 828 194 849 n,
210 827 262 848 n.7.

76 1001 86 1010 ·
102 999 139 1021 Cf.
153 1005 217 1021 num.
233 1005 249 1020 ι.

84 1642 93 1650 ‘
111 1642 146 1663 De
158 1641 234 1667 Trin„
245 1646 296 1668 cap.

83 1674 114 1690 iv.

83 1808 94 1818 ⁸
110 1807 159 1835 Qu.
175 1812 242 1828 xxm.

85 2070 94 2079 ·
102 2069 172 2096 Prop.
180 2068 295 2090 11.-S.Th.

87 2096 182 2144 μεῖξαι-ιε..
190 2122 220 2144 18.

86 2499 96 2508 ·
110 2498 162 2519 Art.
178 2503 253 2525 praec.

89 2658 99 2669 “
114 2657 139 2679 ln
155 2657 278 2685 Symbolo.

87 2929 97 2939 '
113 2927 163 2949 Art.
179 2933 254 2955 praec.

186 3030 201 3063 β

184 3146 201 3171 Υ

188 3237 202 3262 δ

309 255 359 302 96
1037 252 1306 300 QUAESTIO
1334 253 1387 298 x,

316 332 490 364 durationis
514 331 656 367 subiecti,
683 341 758 362 cum
776 330 876 371 possit
894 330 1023 367 mobile,
1047 338 1125 371 puta
1149 330 1282 367 caelum,
1306 330 1384 371 poni

316 384 493 408 aeternum:
514 376 569 406 sed
583 376 622 405 de
638 375 779 406 terminis
794 375 1021 416 magnitudinis
1034 375 1175 406 subiecti.
1196 375 1238 406 Et
1251 374 1386 405 intendit

315 421 420 463 quod,
445 420 521 462 quia
544 429 641 450 omne
664 419 784 450 mobile
808 420 846 451 ab
871 420 979 461 aliquo
1003 420 1035 450 in
1060 429 1092 450 se
1115 419 1251 450 termino
1275 419 1386 459 incipit

315 465 447 501 moveri,
464 471 493 496 et
517 474 619 505 usque
643 464 683 494 ad
706 463 805 494 alium
828 465 860 494 in
885 474 918 495 se
937 464 1111 495 terminum
1134 470 1291 499 movetur,
1312 463 1385 493 ideo

315 519 412 540 omne
428 515 648 540 mensuratum
661 515 806 549 tempore
819 508 912 540 habet
928 507 1122 549 principium
1137 514 1167 538 et
1181 506 1279 537 finem
1293 507 1385 538 dura-

314 554 421 586 tionis.
441 554 482 584 Et
497 559 544 584 est
564 552 686 593 optima
705 553 784 584 ratio
801 563 820 583 a
834 552 946 593 priori:
973 563 1011 583 eo
1028 552 1117 593 quod
1130 551 1219 592 prius
1235 558 1266 582 et
1281 558 1386 591 poste-

315 598 381 629 rius
403 598 436 628 in
460 604 553 628 motu
577 604 607 628 et
630 604 785 637 tempore,
806 607 842 628 ex
861 597 960 638 priori
983 603 1015 628 et
1037 595 1205 636 posteriori
1228 595 1386 635 magnitu-

316 642 397 672 dinis
414 641 540 672 mobilis
561 648 592 672 et
613 641 705 682 spatii
721 648 804 678 sunt,
822 649 857 673 ut
872 648 958 683 patet
975 641 1008 671 in
1024 641 1065 672 IV
1076 640 1093 659 *
1110 646 1140 670 et
1154 639 1197 671 VI
1212 639 1387 681 Pluysic.**

316 687 427 717 Alium
450 692 557 717 autem
581 685 643 716 dixi
666 685 839 717 terminum
860 696 877 716 a
897 695 963 726 quo
987 692 1017 716 et
1041 685 1080 714 ad
1103 694 1211 725 quem,
1236 684 1300 714 sive
1325 683 1386 714 for-

317 731 440 761 maliter
463 737 494 761 et
517 730 733 766 materialiter,
759 738 794 762 ut
817 730 850 761 in
874 737 966 761 motu
995 736 1095 764 recto;
1120 728 1185 758 sive
1214 727 1388 759 formaliter

317 781 452 811 tantum,
472 781 508 806 ut
526 775 560 805 in
576 781 668 806 motu
686 774 837 806 circulari.
862 775 929 805 Nec
948 774 1052 805 obstat
1069 773 1094 803 si
1109 772 1233 803 caelum
1249 778 1388 812 ponatur

318 829 443 860 semper
466 819 504 849 ab
528 826 656 850 aeterno
680 825 824 850 motum:
850 819 934 859 quia,
956 825 991 848 ut
1015 818 1047 847 in
1072 817 1098 847 II
1118 815 1240 847 Caeli*
1263 815 1386 851 dicitur,

318 871 364 895 sat
388 870 434 894 est
457 863 547 904 quod
569 863 743 904 incoeperit
758 863 941 899 virtualiter,
961 862 1041 893 idest
1065 862 1178 892 habeat
1195 861 1229 890 in
1244 870 1276 891 se
1291 860 1386 895 unde,

318 908 343 939 si
367 907 570 948 incoepisset,
595 907 762 938 inchoatus
787 914 867 938 esset
891 907 958 937 eius
982 913 1104 942 motus,
1130 911 1207 945 puta
1231 911 1388 945 punctum

318 952 442 983 Arietis.

372 996 455 1027 VIII.
476 996 594 1034 Quoad
624 1001 774 1037 quartum

797 993 829 1032 *,
855 994 1018 1026 conclusio
1042 993 1226 1034 responsiva
1256 992 1388 1024 elicitive

1421 253 1715 290 ARTICULUS
1745 254 1777 289 11

1438 331 1608 362 Probatur:
1633 331 1709 372 quia
1725 330 1867 362 notificat
1886 331 2102 362 aeternitatem
2118 341 2155 361 ex
2171 331 2316 362 duobus:
2342 331 2458 364 scilicet
2474 342 2511 362 ex

1439 375 1569 415 proprio
1585 383 1780 412 mensurato,
1795 375 1829 405 in
1844 375 1876 416 ly
1896 376 2141 406 interminabilis
2157 376 2240 407 vitae
2245 386 2260 414 ;
2283 383 2313 407 et
2327 386 2364 406 ex
2382 375 2511 417 propria

1439 419 1623 460 quidditate,
1643 419 1676 450 in
1699 419 1732 461 ly
1756 425 1822 451 tota
1845 420 1942 451 simul
1966 421 2114 451 existens.

1494 463 1546 495 IX.
1573 463 1707 495 Adverte
1730 463 1781 495 hic
1804 464 1903 505 quod,
1920 463 1995 505 quia
2017 463 2158 495 definitio
2176 474 2327 504 processu
2351 465 2511 505 composi-

1439 508 1505 538 tivo
1529 507 1734 548 investigatur
1752 508 1948 540 ministrante
1965 508 2130 545 divisione,
2146 507 2262 539 idcirco
2281 508 2315 539 in
2330 508 2432 539 littera
2448 508 2509 539 dis-

1440 552 1539 588 tinxit,
1556 562 1592 582 ex
1615 559 1703 592 parte
1727 563 1904 589 mensurae,
1928 562 2111 583 mensuram
2127 552 2302 584 durationis
2326 552 2360 583 in
2383 562 2510 583 mensu·

1439 605 1509 626 ram
1527 606 1584 636 per
1606 597 1744 628 modum
1762 597 1887 628 numeri
1911 597 2088 633 successivi,
2105 604 2135 628 et
2151 607 2207 637 per
2223 597 2361 627 modum
2382 596 2511 628 unitatis

1440 640 1631 671 immobilis:
1658 648 1688 672 et
1711 641 1836 672 exclusa
1863 641 1979 682 prima,
2004 641 2079 683 quia
2102 649 2229 681 tempus
2253 648 2313 678 est,
2338 641 2512 672 secundam

1440 684 1557 716 intulit.
1582 685 1630 715 Ex
1653 692 1740 725 parte
1763 695 1839 716 vero
1863 686 2046 722 mensurati,
2071 685 2211 717 distinxit
2234 692 2455 716 mensuratum
2478 685 2512 715 in

1440 728 1646 760 terminatum
1669 730 1825 770 principle
1846 737 1876 761 et
1895 729 1967 766 fine,
1986 737 2016 761 et
2030 730 2063 760 in
2082 730 2321 760 interminatum
2345 730 2510 770 utrinque:

1441 779 1473 803 et
1496 773 1624 803 excluso
1647 773 1769 813 primo,
1794 774 1870 815 quia
1897 775 2073 815 temporale
2102 781 2164 810 est,
2194 772 2300 805 intulit
2323 774 2510 805 secundum.

1442 816 1592 857 Cumque
1611 817 1688 847 haec
1711 817 1744 847 in
1768 818 1959 850 aeternitatis
1975 818 2158 850 definitione
2181 819 2316 850 adducta
2339 825 2511 859 ponantur,

1442 861 1634 891 conveniens
1658 862 1808 892 conclusa
1825 869 1880 893 est.
1901 880 1920 885 -
1939 863 2005 893 Nec
2025 862 2122 894 officit
2138 863 2228 904 quod
2244 863 2401 893 omissum
2418 869 2464 893 est
2480 863 2512 903 ly

1435 903 1596 945 perfecta.
1621 905 1708 935 Tum
1726 906 1801 946 quia
1823 905 1975 947 implicite
1998 913 2119 937 tactum
2142 914 2198 943 est,
2218 907 2370 948 ponendo
2391 906 2512 938 unifor-

1442 948 1586 980 mitatem
1609 949 1785 980 immobilis
1804 950 1955 981 omnino:
1979 951 2050 982 talis
2065 951 2153 981 enim
2166 961 2233 982 non
2249 958 2296 983 est
2311 951 2513 982 uniformitas

1441 992 1541 1034 ipsius
1571 1003 1657 1024 nunc
1685 994 1854 1034 temporis,
1885 1004 1960 1025 cum
1987 1005 2054 1025 non
2083 995 2123 1026 sit
2146 1003 2231 1027 extra
2257 1002 2395 1027 motum.
2424 996 2513 1026 Tum

319 1041 451 1082 ponitur
467 1040 660 1077 affirmative,
678 1039 811 1071 scilicet:
836 1038 986 1070 Definitio
1009 1039 1063 1069 illa
1087 1045 1133 1069 est
1151 1035 1389 1069 conveniens.'-
1441 1037 1517 1078 quia
1539 1037 1573 1067 in
1596 1037 1805 1078 responsione
1827 1038 1868 1068 ad
1891 1039 2042 1081 quintum
2065 1046 2131 1070 erat
2152 1040 2216 1071 hoc
2239 1039 2472 1081 explicandum.

986 1182 1412 1225 ARTICULUS
1457 1182 1853 1225 SECUNDUS

1099 1280 1257 1311 UTRUM
1280 1279 1392 1311 DEus
1416 1279 1484 1311 srr
1507 1280 1739 1311 AETERNUS

736 1361 745 1385 l
766 1361 850 1390 Sent„
871 1360 930 1385 dist.
949 1367 998 1391 xxx,
1018 1367 1064 1392 qu.
1082 1367 1111 1391 11,
1131 1364 1178 1384 art.
1195 1367 1216 1389 1;
1236 1360 1246 1384 Ι
1268 1360 1344 1384 Cont.
1366 1360 1453 1390 Geni„
1473 1367 1528 1392 cap.
1547 1367 1592 1390 xv;
1613 1359 1654 1384 De
1673 1360 1741 1390 Por„
1761 1367 1806 1393 qu.
1824 1368 1862 1391 ιιι,
1881 1366 1928 1385 art.
1945 1369 1983 1394 17,
2003 1362 2035 1386 ad
2057 1361 2088 1386 23
2095 1369 2102 1392 ;

1195 1395 1339 1427 Compend.
1362 1395 1460 1426 Theoi„
1479 1403 1535 1428 cap.
1549 1403 1574 1427 V,
1592 1403 1646 1420 vm.

359 1499 424 1529 »ψ
441 1501 483 1530 ⁹,st
538 1493 560 1517 D
576 1491 766 1517 SECUNDUM
785 1491 838 1516 Sic
854 1482 1094 1516 Pa‘ocumrun.
1115 1478 1275 1515 Videtur
1289 1477 1395 1525 quod

354 1520 508 1594 '5220
538 1535 645 1570 Deus
673 1544 752 1569 non
780 1532 826 1570 sit
853 1540 1040 1569 aeternus.
1076 1531 1180 1569 Nihil
1211 1530 1312 1568 enirn
1341 1531 1394 1567 fa-

343 1571 642 1647 ,ydxzbffctum
661 1593 788 1636 potest
806 1585 880 1624 dici
900 1585 947 1623 de
967 1587 1064 1623 Deo.
1096 1585 1174 1622 Sed
1194 1583 1394 1622 aeternitas

495 1634 596 1677 Kest
616 1638 757 1688 aliquid
777 1639 933 1676 factum:
955 1639 1043 1677 dicit
1067 1638 1169 1676 enim
1192 1637 1349 1675 Boetius
1373 1636 1394 1658 ²¹²

323 1697 428 1745 quod
457 1705 557 1731 nunc
574 1694 704 1742 fluens
722 1693 830 1741 facit
855 1698 1016 1741 tempus,
1046 1704 1147 1730 nunc
1173 1698 1275 1729 stans
1291 1690 1396 1740 facit

323 1748 600 1790 aeternitatem;
627 1754 664 1783 et
691 1746 926 1795 Augustinus
955 1746 1058 1794 dicit,
1088 1745 1127 1782 in
1155 1745 1251 1782 libro
1286 1745 1392 1782 Octo-

323 1803 430 1852 ginta
459 1801 575 1838 1¹rium
609 1800 756 1842 Quaest.
773 1799 803 1847 ³¹⁴,
834 1799 937 1849 quod
961 1801 1065 1836 Deus
1093 1805 1147 1836 est
1172 1804 1305 1836 auctor
1330 1809 1391 1834 ae-

324 1854 517 1892 ternitatis.
548 1854 650 1901 Ergo
681 1854 786 1890 Deus
814 1865 894 1891 non
923 1861 979 1890 est
1007 1860 1194 1890 aeternus.

379 1920 413 1945 2.
444 1908 686 1953 PRAETEREA,
717 1905 823 1954 quod
853 1914 908 1944 est
937 1913 1023 1943 ante
1057 1906 1320 1943 aeternitatem
1355 1912 1392 1941 et

323 1970 410 2011 post
443 1959 723 2007 aeternitatem,
762 1971 842 1996 non
879 1967 1121 1997 mensuratur
1158 1958 1390 1996 aeternitate.

326 2015 403 2052 Sed
422 2015 527 2051 Deus
549 2021 603 2050 est
623 2021 709 2050 ante
729 2012 1002 2061 aeternitatem,
1022 2020 1064 2050 ut
1084 2012 1219 2050 dicitur
1237 2012 1277 2049 in
1295 2012 1390 2049 libro

324 2068 370 2104 de
402 2066 584 2104 Causis*:
615 2074 651 2102 et
686 2074 775 2115 post
812 2066 1094 2112 aeternitatem;
1125 2066 1259 2103 dicitur
1289 2065 1389 2102 enim

323 2121 448 2158 Exod.
469 2132 516 2157 xv
530 2120 566 2167 ⁹¹⁸,
597 2119 703 2169 quod
730 2120 919 2157 Dominus
945 2118 1122 2170 regnabit
1138 2120 1175 2156 in
1195 2125 1390 2156 aeternum

325 2180 360 2211 et
388 2174 497 2210 ultra.
528 2174 631 2220 Ergo
662 2184 743 2210 esse
768 2180 966 2210 aeternum
985 2185 1065 2210 non
1085 2173 1264 2211 convenit
1291 2173 1390 2210 Deo.

381 2228 415 2264 3.
437 2227 670 2274 PRAETEREA,
692 2225 892 2263 aeternitas
913 2238 1091 2263 mensura
1111 2226 1303 2274 quaedam
1323 2233 1391 2262 est.

327 2280 403 2317 Sed
433 2280 518 2316 Deo
547 2291 627 2316 non
656 2279 836 2316 convenit
865 2291 947 2316 esse
977 2287 1253 2316 mensuratum.
1290 2279 1392 2326 Ergo

326 2346 405 2370 non
435 2331 618 2382 competit
646 2332 679 2368 ei
698 2338 716 2353 α
745 2344 828 2369 esse
857 2340 1064 2370 aeternum.

378 2398 416 2434 4.
447 2387 680 2434 PRAETEREA,
710 2385 748 2422 in
777 2385 996 2423 aeternitate
1016 2398 1095 2423 non
1116 2393 1171 2422 est
1197 2396 1392 2434 praesens,

326 2439 572 2489 praeteritum
599 2440 662 2476 vel
691 2439 879 2486 futurum,
910 2451 998 2476 cum
1027 2439 1073 2476 sit
1101 2446 1179 2476 tota
1207 2438 1330 2486 simul,
1353 2446 1394 2475 ut

327 2493 470 2530 dictum
499 2500 555 2530 est
569 2492 599 2529 ³¹⁶.
631 2492 709 2530 Sed
738 2492 785 2530 de
814 2493 899 2530 Deo
930 2492 1106 2530 dicuntur
1132 2492 1170 2529 in
1191 2491 1393 2541 Scripturis

326 2547 446 2584 verba
477 2545 688 2595 praesentis
715 2546 915 2595 temporis,
949 2545 1140 2595 praeteriti
1168 2546 1230 2582 vel
1265 2545 1390 2582 futuri.

328 2601 430 2648 Ergo
459 2600 566 2636 Deus
594 2611 673 2636 non
703 2606 760 2636 est
787 2606 976 2636 aeternus.

382 2654 456 2690 SED
485 2664 629 2690 CONTRA
658 2663 723 2689 EST
751 2652 856 2701 quod
885 2652 974 2690 dicit
1002 2651 1235 2689 Athanasius
1253 2651 1289 2689 *z
1319 2653 1393 2688 Ae-

328 2712 454 2743 ternus
487 2707 621 2752 Pater,
659 2712 833 2742 aeternus
859 2705 998 2751 Filius,
1032 2711 1206 2742 aeternus
1235 2705 1394 2754 Spiritus

328 2760 497 2797 Sanctus.

382 2813 607 2850 Responnzo
623 2823 806 2849 mCENDUM
822 2813 927 2860 quod
947 2812 1042 2849 ratio
1057 2812 1287 2850 aeternitatis
1303 2824 1394 2850 con-

327 2865 497 2915 sequitur
511 2864 869 2913 immutabilitatem,
886 2865 980 2902 sicut
996 2864 1089 2902 ratio
1104 2865 1289 2915 temporis
1305 2878 1394 2903 con-

328 2919 499 2968 sequitur
525 2926 688 2966 motum,
708 2926 750 2955 ut
775 2930 819 2955 ex
840 2918 947 2956 dictis
966 2918 986 2940 '¹‘
1013 2926 1127 2967 patet.
1158 2919 1283 2967 Unde,
1303 2931 1392 2956 cum

327 2974 432 3010 Deus
461 2971 507 3009 sit
534 2972 702 3010 maxime
727 2971 988 3019 immutabilis,
1010 2971 1081 3009 sibi
1100 2967 1268 3010 maxime
1289 2974 1394 3010 com-

325 3025 418 3075 petit
453 3038 536 3063 esse
564 3033 775 3063 aeternum.
808 3026 891 3062 Nec
919 3026 1045 3062 solum
1076 3033 1131 3062 est
1159 3033 1335 3063 aeternus
1354 3025 1391 3074 Ρ,

327 3079 395 3116 sed
424 3086 479 3116 est
507 3091 578 3116 sua
605 3078 824 3116 aeternitas:
855 3090 941 3115 cum
972 3086 1100 3115 tamen
1120 3079 1223 3116 nulla
1242 3078 1315 3116 alia
1333 3091 1393 3116 res

327 3132 373 3169 sit
399 3144 468 3169 sua
498 3131 659 3180 duratio,
680 3131 770 3181 quia
794 3144 872 3168 non
891 3137 906 3157 ⁷
936 3139 991 3168 est
1018 3144 1131 3169 suum
1161 3144 1256 3169 esse.
1286 3133 1392 3170 Deus

327 3193 455 3223 autem
483 3193 537 3222 est
565 3197 679 3223 suum
709 3197 791 3222 esse
819 3185 1030 3222 uniforme:
1060 3185 1184 3234 unde,
1214 3184 1310 3223 sicut
1338 3193 1392 3222 est

328 3251 396 3276 sua
425 3238 599 3287 essentia,
629 3238 679 3276 ita
708 3247 763 3276 est
782 3235 796 3259 ὅ
823 3250 892 3275 sua
921 3238 1132 3276 aeternitas.

380 3293 439 3329 AD
478 3304 614 3330 PmMUM
652 3303 750 3329 ERGO
789 3303 973 3329 DJCENDUM
1011 3292 1116 3339 quod
1155 3294 1256 3329 nunc
1291 3297 1393 3328 stans

382 1639 404 1673 ⁴<
414 1636 480 1677 -59)

381 3404 408 3436 α)
428 3405 461 3429 ei.
478 3418 496 3423 -
516 3405 577 3430 Om.
590 3405 659 3429 DFG
679 3410 703 3429 et
723 3405 763 3429 ed.
778 3412 803 3433 a,
824 3410 883 3438 post
902 3412 967 3438 ergo
989 3405 1059 3437 ponit
1079 3406 1107 3430 B.

381 3438 406 3471 β)
426 3443 559 3465 aeternus.
577 3453 596 3459 -
613 3443 751 3465 aeternum
770 3439 895 3465 ACDFG.

380 3476 407 3534 Ξ)
427 3482 487 3500 non.
505 3489 524 3494 -
542 3476 615 3500 nulla
634 3482 676 3500 res
695 3476 727 3507 G,
746 3482 788 3501 res
807 3475 855 3508 pF.

396 3511 405 3542 )
426 3510 464 3534 ita
482 3514 529 3535 est.
548 3523 566 3529 —-
584 3513 623 3535 est
641 3518 694 3535 om.
709 3511 737 3536 P.

382 3546 404 3577 ε)
419 3548 510 3577 prout.
528 3559 547 3564 -
564 3546 710 3571 aeternitas
729 3546 798 3571 addit
816 3547 847 3571 Β.

380 3580 406 3612 ζ)
425 3580 497 3613 quod
515 3581 646 3613 regnabit.
664 3594 683 3600 ·-
701 3582 773 3614 quod
790 3581 922 3607 Dominus
941 3581 1065 3614 regnabit
1078 3581 1108 3612 B,
1123 3581 1194 3614 quod
1208 3581 1281 3607 Deus
1296 3584 1394 3614 regnat

328 3616 413 3646 ceteri,
433 3616 504 3648 quod
522 3619 619 3649 regnat
636 3617 676 3641 ed.
690 3624 716 3642 a.

1448 1477 1583 1516 dicitur
1619 1479 1743 1517 facere
1780 1480 2064 1528 aeternitatem,
2093 1481 2308 1518 secundum
2342 1489 2515 1520 nostram

1448 1533 1808 1581 apprehensionem.
1848 1533 1952 1571 Sicut
1987 1534 2089 1571 enim
2123 1542 2301 1572 causatur
2332 1534 2370 1572 in
2403 1535 2516 1576 nobis

1447 1585 1702 1634 apprehensio
1730 1586 1935 1636 temporis,
1971 1599 2018 1624 eo
2054 1588 2159 1636 quod
2188 1588 2515 1638 apprehendimus

1447 1638 1594 1676 fluxum
1613 1639 1731 1688 ipsius
1751 1652 1869 1689 nunc,
1898 1640 1949 1678 ita
1969 1648 2146 1678 causatur
2173 1641 2212 1679 in
2240 1641 2351 1679 nobis
2379 1653 2515 1691 appre-

1446 1691 1580 1730 hensio
1623 1693 1876 1742 aeternitatis,
1919 1694 2147 1743 inquantum
2188 1694 2516 1744 apprehendimus

1446 1757 1549 1783 nunc
1567 1753 1670 1783 stans
1689 1767 1713 1775 -
1733 1746 1852 1794 Quod
1875 1754 2003 1784 autem
2023 1747 2112 1785 dicit
2136 1748 2383 1796 Augustinus,
2409 1748 2516 1799 quod

1445 1799 1550 1836 Deus
1578 1805 1632 1836 est
1657 1805 1791 1837 auctor
1818 1801 2057 1847 aeternitatis,
2077 1801 2292 1850 intelligitur
2320 1801 2367 1839 de
2396 1809 2516 1840 aeter-

1446 1852 1560 1890 nitate
1592 1852 1835 1902 participata:
1875 1866 1922 1890 eo
1958 1853 2059 1891 enim
2098 1854 2217 1892 modo
2256 1855 2516 1893 communicat

1445 1906 1552 1943 Deus
1581 1918 1692 1943 suam
1720 1906 1982 1944 aeternitatem
2010 1907 2212 1956 aliquibus,
2232 1919 2311 1956 quo
2341 1915 2378 1946 et
2405 1921 2516 1947 suam

1444 1958 1801 1997 immutabilitatem.

1500 2013 1549 2050 Et
1575 2025 1645 2062 per
1673 2013 1748 2050 hoc
1775 2020 1879 2063 patet
1907 2013 2044 2050 solutio
2073 2013 2122 2051 ad
2151 2014 2375 2052 secundum.
2410 2015 2516 2053 Nam

1446 2067 1552 2103 Deus
1573 2065 1710 2104 dicitur
1729 2078 1811 2104 esse
1831 2073 1918 2104 ante
1942 2066 2215 2115 aeternitatem,
2234 2075 2349 2117 prout
2367 2073 2379 2088 ¹
2402 2067 2516 2118 parti-

1446 2119 1592 2169 cipatur
1611 2131 1634 2156 a
1653 2119 1869 2158 substantiis
1897 2119 2223 2158 immaterialibus.
2253 2121 2366 2159 Unde
2393 2128 2430 2159 et
2448 2121 2517 2160 ibi-

1447 2172 1536 2210 dem
1566 2172 1715 2220 dicitur,
1746 2172 1849 2221 quod
1878 2173 2121 2223 intelligentia
2142 2173 2371 2222 parificatur
2397 2181 2516 2213 aeter-

1446 2226 1562 2263 nitati.
1584 2246 1608 2255 -
1629 2225 1747 2272 Quod
1775 2232 1903 2263 autern
1931 2226 2066 2264 dicitur
2091 2226 2131 2263 in
2156 2227 2307 2276 Exodo,
2327 2229 2517 2266 Dominus

1446 2279 1623 2329 regnabit
1640 2279 1676 2316 in
1697 2285 1892 2316 aeternum
1912 2285 1948 2316 et
1965 2279 2076 2325 ultra,
2097 2279 2297 2317 sciendum
2326 2281 2433 2330 quod
2452 2281 2515 2319 ae-

1445 2339 1597 2369 ternum
1627 2331 1807 2381 accipitur
1834 2332 1885 2369 ibi
1912 2345 1984 2382 pro
2003 2333 2165 2380 saeculo,
2187 2333 2281 2370 sicut
2309 2334 2424 2372 habet
2443 2333 2516 2373 alia

1445 2385 1650 2423 translatio.
1683 2385 1746 2423 Sic
1772 2385 1883 2434 igitur
1904 2385 2039 2423 dicitur
2066 2386 2172 2435 quod
2200 2387 2371 2435 regnabit
2386 2387 2401 2414 ς
2418 2388 2516 2426 ultra

1447 2446 1656 2487 aeternum,
1673 2438 1762 2488 quia
1782 2439 1891 2476 durat
1905 2439 2002 2476 ultra
2017 2439 2291 2490 quodcumque
2305 2441 2514 2490 saeculum,

1446 2492 1543 2530 idest
1560 2493 1656 2530 ultra
1675 2504 1962 2542 quamcumque
1982 2492 2224 2530 durationem
2244 2493 2394 2532 datam:
2425 2494 2516 2533 nihil

1447 2551 1530 2583 est'’
1553 2545 1657 2583 enim
1682 2545 1784 2583 aliud
1811 2546 2008 2583 saeculum
2037 2558 2154 2595 quam
2182 2546 2363 2596 periodus
2392 2548 2516 2586 cuius-

1446 2599 1536 2636 libet
1555 2598 1620 2647 rei,
1635 2605 1678 2636 ut
1696 2598 1830 2636 dicitur
1848 2599 1887 2636 in
1906 2599 2001 2636 libro
2023 2600 2037 2636 I
2058 2600 2104 2636 de
2127 2599 2240 2637 Caelo
2255 2597 2269 2621 ⁶
2282 2599 2313 2637 *.
2330 2621 2354 2629 -
2369 2601 2441 2638 Vel
2461 2601 2516 2641 di-

1447 2652 1542 2690 citur
1569 2651 1682 2690 etiam
1701 2652 1799 2690 ultra
1818 2660 2016 2690 aeternum
2036 2665 2206 2701 regnare,
2227 2653 2328 2703 quia,
2349 2653 2380 2691 si
2401 2654 2516 2702 etiam

1447 2705 1590 2754 aliquid
1609 2705 1712 2743 aliud
1731 2718 1885 2755 semper
1905 2713 2003 2743 esset
2030 2708 2087 2753 (ut
2114 2713 2244 2744 motus
2270 2706 2362 2744 caeli
2381 2720 2517 2751 secun-

1447 2759 1541 2798 dum
1567 2759 1758 2808 quosdam
1793 2759 2072 2808 philosophos),
2101 2765 2231 2797 tamen
2258 2761 2366 2797 Deus
2384 2767 2393 2782 ⁴
2419 2761 2517 2800 ultra

1448 2819 1590 2861 regnat,
1611 2811 1838 2860 inquantum
1859 2812 1939 2850 eius
1964 2825 2126 2861 regnum
2155 2820 2212 2850 est
2238 2820 2360 2850 totum
2389 2813 2515 2853 simul.

1501 2867 1560 2902 Ab
1589 2877 1749 2903 mimum
1777 2877 1962 2903 mci-:unum
1991 2866 2098 2914 quod
2123 2865 2324 2904 aeternitas
2352 2878 2432 2904 non
2461 2875 2516 2905 est

1447 2918 1550 2957 aliud
1579 2931 1695 2968 quam
1724 2918 1804 2968 ipse
1842 2919 1960 2956 Deus.
2000 2919 2111 2958 Unde
2139 2931 2219 2957 non
2247 2918 2381 2957 dicitur
2408 2920 2516 2962 Deus

1448 2979 1643 3020 aeternus,
1678 2971 1787 3020 quasi
1822 2971 1868 3009 sit
1904 2972 2032 3021 aliquo
2070 2972 2189 3010 modo
2209 2978 2222 2993 '²
2250 2980 2515 3013 mensuratus:

1448 3026 1517 3063 sed
1544 3025 1725 3075 accipitur
1760 3025 1810 3062 ibi
1845 3025 1939 3062 ratio
1978 3037 2180 3063 mensurae
2208 3025 2422 3064 secundum
2449 3038 2516 3076 ap-

1447 3078 1743 3128 prehensionem
1771 3085 1941 3116 nostram
1969 3086 2128 3116 tantum.

1502 3134 1560 3169 An
1590 3143 1763 3174 QUARTUM
1791 3143 1975 3169 morannum
2003 3131 2109 3182 quod
2135 3131 2255 3168 verba
2276 3131 2516 3171 diversorum

1448 3192 1668 3234 temporum
1697 3183 1951 3222 attribuuntur
1969 3185 2067 3232 Deo,
2091 3183 2319 3234 inquantum
2345 3185 2425 3224 eius
2453 3198 2516 3224 ae-

1448 3238 1602 3276 ternitas
1621 3237 1754 3275 omnia
1772 3244 1947 3287 tempora
1966 3236 2138 3276 includit:
2168 3250 2247 3274 non
2266 3236 2278 3258 ²
2306 3238 2412 3287 quod
2434 3238 2516 3289 ipse

1446 3291 1613 3329 varietur
1640 3303 1709 3339 per
1736 3303 1929 3340 praesens,
1958 3290 2203 3340 praeteritum
2234 3299 2269 3328 et
2298 3291 2479 3330 futurum.

1501 3405 1528 3437 η)
1547 3407 1594 3430 est.
1614 3419 1631 3424 -
1650 3405 1750 3431 dicitur
1769 3410 1830 3438 post
1847 3405 1979 3430 saeculum
1996 3405 2025 3429 B.
2044 3418 2062 3424 -
2080 3405 2144 3430 Post
2158 3405 2288 3438 periodus
2307 3405 2327 3431 F
2346 3405 2415 3431 addit
2433 3405 2517 3432 dura-

1448 3439 1538 3465 tionis.

1501 3473 1525 3507 Θ)
1540 3475 1608 3500 libro
1623 3475 1639 3500 Ι
1650 3475 1683 3501 de
1699 3476 1787 3501 Caelo.
1804 3489 1823 3494 -
1842 3475 1910 3501 libro
1923 3475 1957 3501 de
1972 3476 2050 3501 Caelo
2065 3476 2158 3501 CDEG
2172 3482 2197 3502 et
2209 3477 2250 3502 ed.
2263 3483 2290 3507 a,
2305 3476 2373 3502 libr-o
2388 3476 2420 3502 de
2436 3476 2516 3502 Caelo

1447 3513 1473 3535 et
1491 3510 1596 3536 Mundo
1614 3511 1689 3536 ABF.

1502 3546 1520 3578 ι)
1541 3545 1623 3571 Deus.
1641 3558 1660 3565 -
1678 3545 1809 3571 Dominus
1828 3546 1928 3571 codices
1949 3551 1974 3571 et
1992 3547 2050 3571 edd.
2070 3546 2121 3572 ab.

1501 3581 1527 3612 κ)
1546 3581 1635 3613 aliquo
1655 3581 1742 3606 modo.
1760 3594 1779 3600 —
1796 3581 1886 3613 atiquo
1905 3581 1958 3606 alio
1978 3582 2099 3614 CDEFG,
2118 3582 2172 3608 a1io
2190 3583 2220 3607 B.

1501 3614 1529 3649 λ)
1550 3623 1610 3641 non.
1628 3630 1647 3635 -
1666 3623 1718 3641 non
1738 3616 1777 3641 ita
1796 3617 1896 3641 codices
1916 3622 1942 3642 et
1960 3618 2000 3642 ed.
2015 3625 2040 3642 a.

2544 2642 2554 2685 1
2565 2641 2639 2691 ξῇ.

2643 2647 2676 2670 tx,
2691 2647 2714 2664 n.
2723 2647 2758 2665 ιο.

2649 2668 2702 2691 leet.
2711 2674 2759 2692 xxi.
