2768 4178
57 650 69 661 ⁴
84 649 141 677 cap.
151 655 183 677 vi,
199 639 222 671 ni
232 655 252 671 2.

54 1745 67 1756 ·
82 1743 130 1773 Qu.
143 1749 205 1766 nm.

47 2230 65 2243 ⁴
77 2229 130 2253 Art.
144 2230 253 2259 praeced.
262 2215 265 2218 ι

998 257 1264 303 QUAESTIO
1294 258 1396 305 XIX,
1426 259 1722 296 ARTICULUS
1752 261 1786 296 V

356 335 438 366 VIII.
463 335 514 366 Ad
536 335 598 365 hoc
626 335 754 371 dicitur,
780 336 868 376 quod
896 335 949 366 illa
973 335 1124 371 maxima,
1149 345 1242 366 omne
1264 345 1367 377 agens

299 381 371 422 agit
393 380 453 410 sibi
474 380 587 417 simile,
613 379 758 420 quamvis
783 379 997 410 universaliter
1021 389 1086 409 non
1108 379 1285 410 verificetur
1308 380 1366 410 nisi

301 425 408 465 quoad
432 423 586 460 formam,
611 434 677 454 non
701 430 807 454 tamen
831 430 877 454 est
900 423 1046 453 arctanda
1070 423 1109 453 ad
1134 423 1286 454 formam:
1312 424 1367 454 sed

301 475 347 499 est
369 468 572 508 intelligenda
601 478 675 499 cum
703 468 736 509 ly
765 472 919 508 quantum
948 472 1064 507 potest.
1098 467 1250 498 Videmus
1281 468 1367 498 enim

301 513 399 554 quod,
417 512 443 542 si
459 512 553 543 fuerit
567 512 706 543 activum
726 511 902 542 univocum
918 511 1113 541 vehementis
1129 511 1261 547 virtutis,
1277 512 1367 552 quod

300 557 374 588 facit
397 556 456 587 sibi
479 557 602 593 simile,
636 566 702 586 non
726 555 833 586 solum
855 555 964 596 quoad
992 554 1147 591 formam,
1181 556 1236 586 sed
1259 556 1367 596 quoad

299 601 508 632 individuales
531 600 746 631 conditiones:
771 609 839 629 mas
863 598 949 629 enim
973 598 1062 629 sortis
1085 606 1213 638 generat
1236 609 1365 636 marem,

301 653 331 676 et
346 645 516 676 iracundus
539 644 737 679 iracundum,
763 650 799 674 ut
821 643 854 673 in
869 643 926 674 VII
949 642 1063 673 dicitur
1084 643 1188 674 Ethic.
1208 642 1227 660 4‘

356 690 391 720 In
414 689 514 719 modo
537 688 633 728 igitur
655 697 722 728 quo
746 686 873 718 effectus
898 687 1039 727 procedit
1063 697 1080 717 a
1104 697 1206 723 causa,
1224 687 1367 717 conside-

299 734 395 764 randa
419 739 494 763 sunt
516 733 601 762 duo:
625 731 744 772 primo,
770 732 887 761 modus
908 731 1118 771 processionis
1142 738 1252 762 tenens
1275 741 1308 761 se
1332 741 1369 761 ex

300 784 388 818 parte
411 785 538 812 causae;
564 782 595 806 et
625 776 785 811 secundo,
816 776 932 806 modus
963 775 1106 806 eiusdem
1133 783 1242 806 tenens
1271 785 1303 806 se
1331 785 1368 805 ex

298 828 386 862 parte
409 820 547 851 effectus.
572 820 605 851 Si
629 819 715 850 enim
738 820 930 851 attendimus
954 820 994 850 ad
1017 820 1153 850 modum
1177 819 1368 860 procedendi

299 875 341 896 ex
357 870 455 905 parte
483 873 618 902 causae,
647 864 862 895 universaliter
889 863 1066 894 verificatur
1095 865 1184 904 quod
1207 863 1367 904 processio

299 915 345 940 est
368 909 479 939 similis
502 908 601 939 modo
625 908 775 939 existendi
799 908 831 938 in
847 917 955 939 causa:
979 907 1053 949 quia
1073 915 1119 939 est
1141 908 1226 939 illius
1250 908 1367 938 modus

298 953 386 994 prius
410 952 537 984 effectus
560 952 593 982 in
616 962 729 993 genere
752 962 864 983 causae
893 952 1064 983 efficientis.
1091 953 1135 983 Ita
1158 953 1262 993 quod,
1287 952 1368 983 sicut

299 998 403 1028 forma
425 997 600 1038 procedens
617 1003 663 1027 est
678 1007 695 1027 a
712 997 815 1027 forma
838 997 870 1027 in
895 1007 997 1033 causa,
1016 1003 1046 1027 et
1069 1004 1234 1037 propterea
1257 996 1367 1026 similis

297 1041 362 1078 illi;
386 1041 430 1072 ita
452 1041 570 1072 modus
594 1041 800 1082 procedendi,
826 1051 863 1071 ex
886 1048 974 1081 parte
998 1050 1126 1077 causae,
1156 1048 1202 1072 est
1225 1051 1243 1070 a
1266 1040 1366 1071 modo

298 1085 525 1127 praeexistendi
555 1085 588 1116 in
621 1095 728 1121 causa,
754 1092 784 1116 et
807 1093 1036 1126 consequenter
1066 1085 1177 1115 similis
1200 1084 1262 1115 illi:
1292 1084 1367 1125 quia

299 1139 395 1161 omne
428 1140 523 1170 agens
546 1130 610 1170 agit
633 1130 691 1160 sibi
724 1129 835 1160 simile.
864 1130 905 1160 Et
936 1130 980 1160 sic
1003 1136 1089 1170 patet
1118 1129 1286 1170 quomodo
1314 1128 1367 1158 illa

2410 262 2487 310 239

1420 337 1598 387 propositio
1628 346 1789 378 assumpta
1813 346 1843 369 et
1867 348 1912 370 est
1934 350 2006 370 vera
2037 341 2075 371 de
2100 342 2198 371 modo
2222 341 2430 382 procedendi,
2456 350 2487 374 et

1421 381 1541 421 optime
1565 382 1716 422 probatur
1739 392 1795 422 per
1817 382 1904 412 illam
1928 384 2108 415 maximam.
2126 403 2144 408 -
2162 385 2224 416 Sed
2243 386 2268 416 si
2288 387 2485 417 attendamus

1421 425 1556 455 modum
1572 426 1762 466 procedendi
1782 436 1823 457 ex
1836 432 1934 467 parte
1949 427 2091 467 effectus,
2108 429 2151 459 sic
2171 430 2348 469 propositio
2365 440 2485 460 assum-

1421 476 1488 508 pta,
1514 476 1549 500 ut
1573 469 1693 500 dictum
1717 477 1776 506 est,
1806 481 1872 500 non
1903 471 2117 503 universaliter
2138 473 2324 504 verificatur.
2357 475 2423 504 Nec
2446 475 2486 504 ad

1421 513 1483 543 hoc
1506 520 1552 544 est
1566 513 1695 544 inducta
1720 524 1777 544 sua
1792 515 1947 554 probatio,
1968 525 2070 556 neque
2093 516 2177 556 ipsa:
2198 518 2352 558 quoniam
2369 518 2485 548 modus

1420 557 1497 592 iste,
1527 558 1653 597 proprie
1675 558 1856 599 loquendo,
1880 559 1980 599 magis
2003 567 2050 590 est
2071 561 2188 591 modus
2207 562 2413 602 participandi
2435 562 2485 592 vel

1421 601 1612 641 suscipiendi
1637 612 1779 638 causam,
1810 613 1909 643 quarn
1932 604 2122 643 procedendi
2139 605 2176 635 ab
2194 615 2239 636 ea.

1475 645 1516 675 Et
1538 645 1610 676 ideo
1634 646 1799 677 instantiae
1815 647 1925 677 allatae
1949 657 2015 677 non
2034 648 2169 679 militant
2185 656 2293 679 contra
2308 649 2484 680 1111811111111.

1421 689 1576 729 quoniam
1599 690 1637 720 de
1668 691 1768 720 modo
1801 690 2007 732 participandi
2039 691 2216 732 loquuntur
2239 703 2275 723 ex
2298 700 2385 733 parte
2415 693 2485 724 effe-

1422 739 1507 768 ctus;
1532 733 1632 764 littera
1655 741 1763 765 autem
1785 735 1928 775 loquitur
1947 735 1985 765 de
2005 736 2103 765 modo
2127 737 2316 776 procedendi
2340 747 2359 767 a
2381 747 2484 774 causa,

1422 786 1459 806 ex
1482 784 1569 817 parte
1592 777 1691 818 ipsius
1711 789 1832 809 causae.
1858 779 1983 809 Domus
2001 779 2086 809 enim
2101 780 2243 819 procedit
2258 781 2296 810 ab
2313 787 2377 811 arte
2396 781 2485 812 intel-

1421 821 1587 860 ligibiliter,
1608 822 1764 873 quoniam
1780 833 1798 853 a
1813 823 1979 863 proaeresi,
2005 830 2040 854 ut
2064 823 2177 854 dicitur
2196 824 2238 854 IX
2252 825 2434 865 Metaphys.
2451 825 2483 861 *;

1422 865 1566 904 quamvis
1590 866 1623 896 in
1647 866 1775 897 materia
1799 867 1985 897 sensibiliter
2007 867 2203 907 suscipiatur,
2228 877 2263 898 ac
2287 878 2342 908 per
2366 878 2482 908 organa

1421 907 1484 939 fiat.
1509 909 1646 940 Effectus
1670 920 1801 951 quoque
1817 921 1990 951 corporum
2010 911 2201 947 caelestium,
2218 922 2255 942 ex
2271 919 2357 951 parte
2373 922 2485 942 eorum

1421 953 1597 992 procedunt
1620 954 1896 995 incorruptibiliter
1925 962 1955 985 et
1982 955 2214 992 universaliter,
2243 955 2328 986 iuxta
2351 956 2486 986 modum

1422 996 1596 1028 formarum
1620 998 1736 1039 quibus
1761 1006 1873 1039 agunt;
1899 999 2076 1039 procedunt
2092 999 2177 1030 enim
2196 1009 2252 1039 per
2275 999 2413 1030 actiones
2433 1010 2485 1030 eo-

1421 1051 1492 1071 rum
1516 1048 1665 1078 aeternas,
1692 1049 1722 1073 et
1745 1051 2013 1074 commensuratas
2037 1044 2095 1074 eis:
2120 1044 2266 1084 quamvis
2289 1043 2485 1084 participatio

1421 1095 1533 1115 eorum
1558 1087 1642 1127 apud
1666 1087 1832 1127 sphaeram
1859 1087 2094 1127 generabilium,
2120 1095 2188 1124 etc„
2213 1087 2252 1118 sit
2275 1087 2485 1128 corruptionis

1422 1136 1452 1159 et
1468 1130 1732 1161 dearticulationis
1750 1132 1855 1171 plena;
1881 1131 1955 1172 quia
1975 1132 2079 1172 passio
2099 1141 2165 1163 non
2181 1138 2334 1173 aequatur
2356 1131 2483 1162 actioni.

1090 1281 1408 1331 ARTICULUS
1440 1283 1695 1333 QUINTUS

676 1376 833 1407 UTRUM
857 1374 1136 1406 VOLUNTATls
1159 1374 1336 1405 mvaE
1360 1374 1427 1405 SIT
1451 1375 1688 1406 ASSIGNARE
1712 1376 1910 1414 ALIQUAM
1935 1377 2111 1408 CAUSAM

426 1457 538 1487 1Sent.‚
558 1457 616 1481 dist.
634 1463 684 1486 xm,
703 1460 750 1480 art.
771 1455 799 1485 3·
820 1454 829 1478 1
851 1455 928 1479 Cont.
950 1455 1037 1482 Gent„
1058 1461 1114 1487 cap.
1133 1461 1230 1519 Lxxx6v1.
1249 1460 1362 1520 Ξιέκνιὲ
1378 1453 1421 1513 '1²11
1441 1462 1498 1486 cap.
1510 1461 1595 1519 Χονιῖ;
1615 1455 1657 1480 De
1679 1455 1768 1485 Ver-it„
1789 1463 1833 1489 qu.
1852 1463 1886 1486 v1,
1905 1462 1952 1481 art.
1973 1463 2000 1487 2;
2021 1464 2064 1489 qu.
2083 1464 2152 1487 xxm
2173 1462 2219 1481 art.
2242 1465 2262 1487 1,
2282 1457 2314 1481 ad
2335 1457 2362 1488 3;

1123 1494 1162 1513 art
1234 1496 1248 1513 a
1356 1497 1377 1521 p
1396 1496 1440 1518 es..
1461 1497 1508 1522 cap
1536 1497 1544 1514 1
1583 1496 1632 1515 ect.
1651 1498 1668 1515 1.

332 1629 380 1691 V
442 1631 490 1649 '²'

317 1687 353 1733 ’,γ’
460 1682 679 1726 G'causam.
709 1685 809 1722 Dicit
847 1684 949 1721 enirn
987 1684 1238 1732 Augustinus,
1268 1683 1364 1720 libro

320 1726 339 1741 ”
334 1670 502 1770 §2qu
470 1730 714 1790 &Octoginta
742 1739 855 1775 trium
880 1738 1028 1780 Quaest.
1049 1737 1085 1774 *τ
1119 1738 1210 1779 Quis
1229 1737 1368 1774 audeat

296 1794 421 1832 dicere
460 1795 586 1831 Deum
623 1791 932 1829 irrationabiliter
968 1791 1096 1828 omnia
1129 1790 1366 1828 condidisse?

297 1847 376 1886 Sed
405 1847 528 1907 agenti
555 1845 794 1892 voluntario,
824 1844 930 1893 quod
960 1851 1016 1880 est
1044 1843 1138 1880 ratio
1167 1843 1363 1892 operandi,

298 1908 354 1938 est
379 1900 494 1937 etiam
520 1911 635 1936 causa
662 1897 829 1936 volendi.
846 1898 948 1945 Ergo
964 1897 1142 1934 voluntas
1158 1896 1230 1934 Dei
1250 1896 1365 1933 habet

298 1954 463 2003 aliquam
494 1964 662 1990 causam.

353 2019 388 2044 2.
418 2008 652 2053 PRAETEREA,
673 2004 712 2041 in
731 2003 789 2041 his
809 2015 908 2052 quae
936 2003 1034 2040 fiunt
1060 2015 1083 2040 a
1111 2002 1264 2040 volente
1299 2002 1364 2051 qui

296 2068 454 2109 propter
481 2059 623 2096 nullam
654 2069 809 2095 causam
838 2056 978 2116 aliquid
996 2057 1089 2103 vult,
1110 2068 1189 2092 non
1215 2062 1365 2104 oportet

297 2113 412 2151 aliam
442 2124 599 2150 causam
637 2111 827 2159 assignare
866 2109 936 2147 nisi
964 2110 1202 2146 voluntatem
1230 2109 1363 2145 volen-

295 2166 353 2204 tis.
385 2166 462 2203 Sed
490 2166 666 2202 voluntas
695 2163 767 2201 Dei
797 2170 853 2200 est
881 2174 995 2200 causa
1024 2162 1199 2199 omnium
1221 2174 1362 2208 rerum,

295 2226 338 2256 ut
365 2226 563 2256 ostensum
593 2225 649 2254 est
666 2216 697 2254 ²³².
729 2216 770 2253 Si
801 2216 911 2264 igitur
937 2215 1142 2252 voluntatis
1176 2214 1256 2251 eius
1283 2226 1363 2251 non

296 2272 343 2309 sit
370 2272 496 2321 aliqua
525 2283 650 2316 causa,
680 2281 759 2307 non
783 2267 974 2318 oportebit
992 2268 1031 2305 in
1050 2267 1230 2305 omnibus
1249 2268 1364 2304 rebus

295 2325 529 2363 naturalibus
548 2323 662 2361 aliam
679 2334 833 2360 causam
849 2333 1043 2371 quaerere,
1064 2321 1135 2358 nisi
1155 2321 1278 2358 solam
1292 2333 1363 2357 vo-

294 2379 479 2416 luntatem
509 2377 688 2415 divinam.
719 2377 769 2413 Et
796 2375 849 2413 sic
878 2386 1015 2412 omnes
1035 2374 1212 2412 scientiae
1239 2381 1364 2411 essent

295 2443 577 2492 supervacuae,
613 2441 711 2479 quae
745 2441 878 2466 causas
912 2428 1128 2477 aliquorum
1157 2427 1362 2464 effectuum

296 2485 489 2544 assignare
527 2484 715 2521 nituntur.
755 2483 860 2531 quod
886 2481 1039 2519 videtur
1075 2480 1360 2518 inconveniens.

294 2539 366 2576 Est
401 2538 511 2586 igitur
548 2537 739 2584 assignare
773 2534 940 2584 aliquam
976 2547 1130 2571 causam
1158 2533 1363 2571 voluntatis

296 2591 460 2629 divinae.

352 2645 387 2681 3.
409 2645 643 2690 PRAETEREA,
664 2641 769 2691 quod
798 2641 841 2677 fit
869 2652 891 2677 a
917 2641 1071 2677 volente
1100 2652 1179 2677 non
1206 2647 1363 2688 propter

297 2697 466 2745 aliquam
496 2708 664 2742 causam,
695 2694 885 2744 dependet
914 2706 959 2730 ex
987 2693 1148 2743 simplici
1166 2694 1362 2729 voluntate

298 2750 390 2787 eius.
422 2749 462 2787 Si
489 2749 601 2797 igitur
618 2749 796 2785 voluntas
815 2747 888 2784 Dei
908 2759 987 2784 non
1006 2747 1146 2784 habeat
1165 2746 1331 2794 aliquam
1346 2751 1363 2766 α

298 2815 466 2849 causam,
497 2802 667 2851 sequitur
695 2802 800 2861 quod
824 2800 955 2842 omnia
974 2812 1071 2849 quae
1091 2800 1199 2846 fiunt,
1223 2799 1363 2847 depen-

298 2857 413 2894 deant
441 2868 486 2892 ex
515 2854 676 2904 simplici
705 2854 784 2891 eius
811 2855 1020 2901 voluntate,
1043 2861 1079 2890 et
1098 2865 1176 2890 non
1199 2853 1365 2889 habeant

297 2909 464 2959 aliquam
493 2908 608 2946 aliam
627 2907 644 2937 β
664 2920 830 2944 831133111.
861 2907 977 2954 Quod
999 2914 1054 2943 est
1078 2905 1363 2943 inconveniens.

352 2963 426 3000 SED
456 2974 602 2999 CONTRA
625 2973 691 2998 831
702 2961 816 3010 quod
836 2959 924 2998 dicit
941 2959 1186 3008 Augustinus,
1208 2958 1246 2995 in
1266 2958 1362 2995 libro

301 3016 499 3065 Octoginta
528 3016 641 3052 trium
675 3015 823 3056 Quaest.
839 3012 874 3050 *ε
909 3013 1037 3050 Omnis
1057 3024 1172 3049 causa
1200 3012 1365 3060 efficiens

298 3069 423 3105 maior
441 3074 495 3105 est
518 3080 561 3105 eo
581 3069 683 3117 quod
705 3067 889 3117 efficitur;
918 3067 1010 3103 nihil
1028 3072 1151 3103 tamen
1172 3066 1295 3102 maius
1314 3070 1368 3101 est

297 3121 487 3159 voluntate
504 3122 595 3166 Dei,·
621 3133 695 3158 non
716 3132 809 3170 ergo
830 3131 944 3156 causa
964 3120 1043 3156 eius
1062 3119 1279 3167 quaerenda
1299 3123 1362 3154 est.

353 3175 578 3211 Rsssponnsso
607 3186 792 3211 DICENDUM
821 3172 926 3222 quod
955 3173 1058 3209 nullo
1087 3171 1206 3209 modo
1227 3172 1364 3208 volun-

298 3235 355 3264 tas
374 3227 447 3264 Dei
472 3239 627 3264 causam
646 3228 773 3264 habet.
803 3226 864 3263 Ad
885 3225 990 3262 cuius
1011 3224 1253 3271 evidentiam,
1276 3237 1365 3261 con-

299 3280 545 3317 siderandum
574 3289 629 3317 est
657 3281 779 3330 quod,
819 3291 907 3316 curn
939 3278 1117 3316 voluntas
1154 3285 1332 3326 sequatur
1351 3282 1365 3304 ⁷

299 3333 540 3380 intellectum,
571 3333 710 3371 eodem
739 3332 858 3370 modo
889 3331 1069 3379 contingit
1098 3343 1180 3368 8338
1210 3342 1364 3367 causam

299 3385 455 3423 3118111113
482 3386 646 3423 volentis
673 3394 714 3423 ut
741 3386 848 3432 velit,
880 3392 915 3422 81
943 3384 1100 3421 3118111113
1129 3383 1365 3431 intelligentis

299 3447 341 3476 ut
370 3439 557 3486 intelligat.
588 3440 630 3475 In
658 3438 845 3476 intellectu
871 3446 999 3475 31118111
1028 3437 1081 3474 318
1110 3444 1165 3474 831
1193 3436 1311 3485 quod,
1334 3436 1364 3473 si

354 3554 381 3585 α)
401 3553 528 3585 aliquam.
545 3567 564 3572 —
582 3552 643 3577 Om.
659 3553 764 3577 codices
784 3558 809 3578 et
827 3553 868 3578 ed.
882 3560 908 3578 α.

353 3588 378 3621 β)
398 3589 488 3614 aliam.
506 3601 526 3607 —
543 3588 604 3613 Om.
624 3588 653 3616 E,
673 3593 733 3620 post
750 3595 858 3614 causam
878 3594 977 3621 ponunt
995 3588 1057 3613 Pab.

351 3626 379 3658 γ)
398 3627 533 3657 sequatur.
551 3638 571 3643 —
588 3626 765 3656 consequatur
783 3624 828 3648 Pb.

1420 1589 1595 1614 seorsum
1624 1578 1802 1626 intelligat
1819 1579 2060 1639 principium,
2083 1588 2118 1617 et
2137 1593 2312 1618 seorsum
2334 1583 2486 1619 conclu—

1420 1630 1586 1677 sionem,
1617 1631 1855 1691 intelligentia
1882 1632 2055 1682 principii
2085 1641 2140 1670 est
2168 1646 2282 1671 causa
2310 1635 2485 1672 scientiae

1421 1660 1684 1722 conclusionis.
1722 1685 1799 1722 Sed
1827 1685 1857 1722 si
1886 1685 2094 1723 intellectus
2123 1686 2161 1724 in
2190 1686 2272 1735 ipso
2300 1687 2485 1737 principio

1419 1736 1619 1786 inspiceret
1657 1738 1964 1785 conclusionem,
1999 1751 2077 1776 uno
2111 1739 2247 1777 intuitu
2275 1742 2485 1789 apprehen-

1421 1790 1515 1827 dens
1542 1798 1768 1840 utrumque,
1798 1791 1836 1828 in
1866 1804 1912 1828 eo
1942 1791 2096 1829 scientia
2126 1793 2378 1831 conclusionis
2406 1806 2484 1831 non

1421 1851 1638 1880 causaretur
1665 1845 1713 1880 ab
1738 1844 1927 1881 intellectu
1946 1845 2237 1894 principiorum:
2268 1847 2356 1895 quia
2381 1846 2484 1884 idem

1419 1908 1498 1933 non
1527 1904 1583 1933 est
1612 1909 1726 1934 causa
1754 1897 1812 1934 sui
1840 1897 1967 1946 ipsius.
2005 1898 2081 1935 Sed
2109 1906 2239 1935 tamen
2267 1899 2485 1947 intelligeret

1418 1949 1602 1998 principia
1637 1962 1718 1986 8338
1755 1962 1887 1987 causas
1922 1951 2186 1988 conclusionis.
2224 1952 2402 1989 Similiter
2429 1960 2485 1990 est

1419 2014 1464 2039 ex
1483 2009 1589 2051 parte
1608 2003 1824 2049 voluntatis,
1847 2003 1945 2040 circa
1969 2016 2086 2063 0113111
2115 2004 2168 2040 318
2196 2017 2235 2041 38
2263 2006 2379 2042 habet
2396 2006 2483 2043 finis

1419 2056 1467 2092 ad
1487 2068 1531 2092 83
1551 2068 1649 2104 01138
1669 2063 1754 2092 311111
1774 2056 1823 2093 ad
1851 2056 1983 2101 finem
2004 2057 2099 2094 sicut
2117 2057 2155 2094 in
2175 2057 2364 2094 intellectu
2383 2058 2484 2107 prin-

1419 2108 1515 2157 cipia
1535 2109 1584 2145 ad
1606 2109 1913 2146 conclusiones.
1889 2106 1902 2130 ὅ
1944 2110 2066 2156 Unde,
2088 2110 2117 2147 si
2137 2110 2271 2158 aliquis
2298 2123 2376 2148 uno
2397 2119 2483 2148 actu

1417 2161 1508 2198 velit
1534 2162 1665 2208 finem,
1689 2169 1725 2198 et
1743 2162 1816 2199 alio
1846 2170 1933 2199 actu
1961 2175 2006 2199 83
2035 2175 2132 2211 01138
2162 2171 2249 2200 sunt
2276 2163 2325 2200 ad
2352 2165 2481 2211 finem,

1417 2215 1515 2251 velle
1547 2214 1666 2251 finem
1695 2214 1764 2251 erit
1791 2215 1825 2251 ei
1859 2227 1972 2252 causa
2005 2215 2160 2252 volendi
2189 2229 2235 2253 83
2267 2228 2365 2264 01138
2398 2225 2485 2254 311111

1418 2267 1467 2304 ad
1494 2267 1626 2304 finem.
1658 2267 1734 2304 Sed
1758 2267 1788 2304 si
1808 2280 1885 2305 uno
1915 2276 2000 2305 actu
2018 2268 2109 2305 velit
2127 2269 2245 2306 finem
2267 2277 2302 2306 et
2321 2282 2366 2306 83
2386 2282 2483 2318 01138

1418 2328 1505 2357 311111
1534 2321 1582 2358 ad
1610 2320 1742 2368 finem,
1768 2321 1843 2358 hoc
1863 2333 1944 2357 esse
1974 2334 2052 2358 non
2080 2322 2236 2370 poterit:
2265 2322 2353 2370 quia
2381 2323 2483 2360 idem

1418 2386 1497 2410 non
1526 2381 1581 2410 831
1601 2385 1715 2410 831133
1734 2374 1791 2411 3111
1810 2374 1938 2422 ipsius.
1970 2375 2018 2411 Et
2036 2382 2165 2412 tamen
2186 2375 2254 2411 erit
2271 2388 2409 2412 verum
2431 2376 2483 2412 di-

1418 2438 1503 2463 cere
1519 2426 1625 2474 quod
1653 2426 1744 2464 velit
1763 2427 1939 2464 ordinare
1954 2433 1964 2447 ·
1985 2440 2029 2464 83
2049 2440 2147 2476 01138
2172 2436 2259 2464 sunt
2281 2428 2331 2465 ad
2349 2429 2480 2476 finem,

1417 2480 1456 2517 in
1484 2480 1615 2517 finem.

1470 2534 1577 2569 Deus
1601 2540 1742 2578 autem,
1763 2533 1858 2569 sicut
1876 2545 1954 2569 uno
1984 2540 2069 2569 actu
2098 2533 2226 2569 omnia
2254 2533 2292 2569 in
2321 2533 2482 2570 essentia

1418 2598 1486 2623 sua
1514 2585 1693 2633 intelligit,
1723 2586 1773 2622 ita
1800 2598 1879 2622 uno
1905 2593 1989 2622 actu
2008 2585 2090 2622 vult
2118 2586 2248 2622 omnia
2267 2586 2305 2622 in
2324 2598 2393 2623 sua
2413 2587 2481 2623 bo-

1417 2639 1542 2676 nitate.
1574 2639 1697 2685 Unde,
1727 2638 1822 2675 sicut
1840 2638 1877 2675 in
1897 2640 1982 2675 Deo
2003 2638 2207 2686 intelligere
2228 2651 2383 2675 causam
2403 2651 2481 2676 non

1418 2700 1473 2729 est
1501 2704 1616 2728 831133
1642 2691 1872 2739 intelligendi
1900 2691 2077 2738 effectus,
2108 2692 2175 2728 sed
2203 2691 2283 2741 ipse
2312 2691 2481 2740 intelligit

1418 2745 1574 2782 effectus
1593 2745 1631 2781 in
1653 2757 1787 2789 causa;
1813 2744 1863 2781 ita
1881 2745 1980 2781 velle
1999 2744 2119 2781 finem
2140 2756 2218 2781 non
2239 2752 2293 2781 est
2313 2745 2347 2781 81
2368 2758 2482 2782 831133

1416 2798 1572 2835 volendi
1603 2810 1647 2834 ea
1676 2810 1772 2846 quae
1802 2805 1888 2834 sunt
1916 2797 1965 2834 ad
1993 2797 2124 2844 finem,
2154 2797 2222 2834 sed
2249 2805 2378 2835 tamen
2401 2799 2482 2834 vult

1418 2864 1463 2888 83
1492 2863 1590 2899 01138
1619 2858 1706 2887 311111
1733 2850 1781 2887 ad
1809 2851 1940 2897 finem,
1971 2850 2137 2887 ordinari
2165 2850 2203 2887 in
2231 2851 2361 2887 finem.
2392 2851 2481 2887 Vult

1420 2917 1508 2952 ergo
1541 2905 1615 2940 hoc
1645 2916 1727 2940 8338
1759 2911 1916 2952 propter
1949 2903 2082 2940 hoc*:
2113 2903 2181 2940 sed
2212 2916 2291 2940 non
2326 2911 2482 2952 propter

1418 2959 1493 2994 hoc
1520 2958 1601 2994 vult
1628 2957 1703 2993 hoc
1723 2956 1747 2993 ζ.

1472 3013 1530 3047 AD
1559 3022 1695 3047 PmMUM
1723 3020 1821 3046 ERGO
1851 3021 2034 3046 DiCENDuM
2072 3008 2177 3057 quod
2204 3010 2381 3046 voluntas
2410 3009 2481 3045 Dei

1420 3063 1648 3100 rationabilis
1679 3070 1743 3109 est,
1774 3074 1852 3098 non
1881 3063 1985 3111 quod
2015 3062 2154 3111 aliquid
2185 3062 2230 3098 sit
2257 3063 2341 3098 Deo
2368 3074 2481 3098 causa

1418 3116 1585 3163 volendi,
1616 3115 1683 3152 sed
1712 3115 1938 3163 inquantum
1965 3116 2046 3152 vult
2073 3127 2195 3151 unum
2226 3127 2306 3151 esse
2325 3122 2482 3163 propter

1420 3170 1532 3207 aliud.

1473 3225 1531 3259 AD
1560 3233 1749 3258 SECUNDUM
1778 3233 1961 3258 mCENDuM
1996 3221 2116 3269 quod,
2147 3232 2234 3256 cum
2259 3220 2349 3256 velit
2377 3221 2482 3256 Deus

1421 3276 1575 3312 effectus
1604 3274 1656 3311 318
1686 3286 1785 3321 esse,
1815 3282 1856 3310 111
1884 3286 1929 3310 ex
1959 3274 2079 3310 causis
2109 3273 2216 3310 certis
2244 3273 2480 3321 proveniant,

1420 3329 1468 3366 ad
1488 3330 1561 3365 hoc
1581 3327 1684 3376 quod
1705 3335 1878 3364 servetur
1897 3327 1992 3364 ordo
2022 3327 2060 3363 in
2080 3327 2214 3371 rebus3
2244 3338 2322 3362 non
2349 3333 2404 3362 est
2423 3338 2482 3362 su-

1420 3393 1668 3431 pervacuum,
1685 3380 1798 3416 etiam
1820 3392 1907 3416 curn
1923 3380 2118 3416 voluntate
2138 3378 2221 3425 Dei,
2238 3378 2328 3415 alias
2349 3390 2482 3415 causas

1421 3446 1613 3484 quaerere.
1635 3434 1746 3470 Esset
1763 3441 1892 3470 tamen
1913 3444 2206 3481 supervacuum,
2228 3431 2258 3468 si
2281 3431 2376 3468 aliae
2397 3444 2484 3468 cau-

1473 3549 1497 3581 δ)
1517 3548 1703 3574 conclusiones.
1721 3561 1740 3566 —
1757 3547 1948 3572 conclusionem
1968 3546 2088 3571 ABCDE.

1474 3585 1495 3616 ε)
1515 3584 1650 3609 ordinare.
1668 3597 1686 3601 —
1704 3583 1827 3608 ordinari
1845 3582 1955 3606 codices.

1473 3620 1498 3652 ζ)
1518 3620 1574 3644 hoc.
1594 3633 1611 3637 —
1630 3619 1691 3643 Om.
1710 3618 1811 3643 codices
1831 3623 1856 3642 et
1874 3624 1890 3642 a
1902 3618 1925 3642 b.

2514 825 2570 847 ’(33
2589 831 2633 847 .1v.
2644 836 2655 841 υ
2669 826 2723 848 Did.

2513 852 2554 873 lib.
2605 852 2622 879 1,
2638 858 2689 880 cap.
2700 859 2723 879 v,

2513 884 2536 900 n.
2546 884 2567 906 3.

2507 2910 2518 2921 ⁴
2533 2909 2561 2931 D.
2575 2909 2630 2937 489.
