2768 4178
58 3029 67 3037 '
86 3027 125 3049 Cf.
141 3033 204 3048 num.
215 3032 232 3048 ι.

298 290 374 325 236

994 288 1263 335 QUAESTIO
1294 289 1396 337 XIX,
1426 290 1725 328 ARTICULUS
1756 292 1805 327 ΙΙΙ

980 401 1312 435 Commentaria
1335 402 1586 436 Gar-danaus
1608 403 1810 438 Caietam

358 514 464 534 nurus
483 503 516 533 in
537 511 669 542 corpore
688 501 873 532 declaratur.
891 518 912 523 -
936 501 971 531 In
996 510 1129 540 corpore
1149 500 1226 530 duo.
1246 500 1366 536 Primo,

300 516 532 579 Tdeclaratur
550 547 583 587 ly
603 546 784 577 necessario
807 545 840 575 in
864 545 956 576 titulo
981 545 1134 585 positum,
1159 551 1240 585 quot
1262 545 1368 575 modis

297 593 448 623 sumitur:
474 598 505 622 et
528 590 731 631 distinguitur
754 591 971 620 necessarium
996 588 1151 626 absolute,
1177 595 1208 619 et
1231 598 1273 619 ex
1293 598 1366 629 sup-

291 638 471 678 positione,
497 642 533 667 ut
556 635 637 666 clare
660 641 755 675 patet.
785 634 951 669 Secundo,
977 633 1106 673 ponitur
1131 633 1295 663 conclusio
1319 643 1365 663 re-

297 681 447 722 sponsiva
470 679 630 721 quaesito,
655 679 787 710 scilicet:
812 679 899 709 Deus
923 677 1107 708 necessitate
1130 677 1278 708 absoluta
1299 677 1369 708 vult

297 725 434 766 aliquid;
460 735 526 755 non
550 723 669 759 omnia,
694 723 755 753 nisi
779 733 815 753 ex
839 722 1070 763 suppositione.

350 770 437 800 Haec
462 768 625 799 conclusio
653 767 748 798 habet
777 774 838 797 tres
862 774 975 807 partes.
1006 766 1046 796 Et
1069 764 1190 805 primo,
1215 765 1368 805 probatur

296 814 403 855 quoad
419 814 580 854 primam,
605 812 658 843 sic.
683 812 851 847 Voluntas,
876 811 957 842 sicut
977 817 1008 841 et
1033 809 1191 851 quaelibet
1214 809 1366 849 potentia,
1388 832 1391 834 .

297 858 504 889 necessariam
527 857 622 888 habet
644 856 864 886 habitudinem
887 856 928 885 ad
951 855 1119 895 proprium
1142 860 1173 884 et
1195 853 1367 894 principale

297 903 365 934 eius
389 902 568 933 obiectum:
594 910 668 941 ergo
699 901 786 931 Deus
816 910 854 930 ex
883 899 1066 930 necessitate
1093 898 1163 929 vult
1192 897 1367 928 bonitatem

297 957 389 978 suam
405 956 486 977 esse:
512 955 587 985 ergo
604 945 691 975 Deus
706 945 776 975 vult
791 944 966 975 necessario
985 942 1114 984 aliquid.
1132 960 1151 965 —
1167 942 1366 972 Antecedens

296 992 448 1032 probatur
467 990 642 1030 dupliciter,
664 989 781 1020 scilicet
807 987 1003 1024 inductione,
1020 995 1050 1018 et
1066 986 1196 1018 ratione.
1221 986 1366 1017 Inductio

296 1036 332 1067 fit
354 1036 386 1066 in
409 1035 572 1066 voluntate
596 1040 712 1069 nostra,
734 1039 764 1063 et
782 1033 815 1062 in
837 1032 919 1063 visu.
940 1032 1033 1063 Ratio
1058 1031 1199 1062 affertur:
1229 1030 1305 1071 quia
1328 1031 1366 1060 de

296 1080 417 1111 ratione
440 1078 600 1119 potentiae
625 1084 687 1113 est,
712 1083 748 1107 ut
770 1077 813 1107 in*
826 1076 916 1113 illud,
937 1076 1054 1107 scilicet
1072 1075 1239 1116 proprium
1256 1081 1287 1105 et
1305 1075 1366 1115 pri-

296 1134 389 1155 mum
405 1123 576 1160 obiectum,
593 1122 710 1152 tendat.
728 1120 967 1161 Consequentia
981 1127 1088 1151 autern
1105 1120 1271 1160 probatur:
1292 1119 1367 1160 quia

296 1168 420 1199 bonitas
443 1167 549 1198 divina
575 1173 622 1197 est
644 1165 812 1206 proprium
835 1172 866 1196 et
889 1165 1104 1205 adaequatum
1127 1165 1290 1203 obiectum
1313 1174 1366 1194 vo-

295 1213 424 1244 luntatis
446 1211 580 1242 divinae.

351 1257 474 1288 Deinde
490 1256 642 1296 probatur
657 1254 764 1296 quoad
783 1254 956 1284 secundam
970 1259 1109 1294 partem,
1135 1253 1189 1284 sic.
1213 1253 1260 1283 Ea
1284 1263 1366 1294 quae

296 1309 370 1332 sunt
393 1301 433 1331 ad
455 1300 562 1336 finem,
583 1310 650 1330 non
667 1309 703 1329 ex
724 1298 908 1329 necessitate
924 1298 1076 1328 volumus
1092 1298 1234 1328 volentes
1257 1296 1364 1333 finem,

296 1346 356 1376 nisi
380 1345 442 1376 sint
465 1345 556 1381 talia,
582 1344 648 1374 sine
671 1343 788 1384 quibus
810 1342 882 1373 finis
906 1352 973 1373 esse
997 1352 1063 1372 non
1086 1348 1207 1383 potest:
1232 1342 1287 1372 sed
1306 1342 1367 1372 alia

296 1401 314 1420 a
337 1400 370 1420 se
392 1389 462 1420 vult
484 1389 571 1419 Deus
594 1388 787 1429 inquantum
811 1387 998 1418 ordinantur
1021 1387 1061 1417 ad
1084 1387 1224 1417 divinam
1245 1387 1367 1417 bonita-

295 1442 362 1466 tem
385 1441 421 1465 ut
438 1433 547 1470 finem,
567 1440 598 1464 et
620 1433 687 1464 sine
711 1432 756 1462 eis
779 1438 885 1472 potest
907 1431 1013 1462 divina
1033 1431 1158 1463 bonitas
1182 1440 1265 1462 esse:
1291 1441 1365 1472 ergo

296 1479 358 1510 alia
372 1489 391 1508 a
407 1488 439 1509 se
463 1478 550 1509 Deus
574 1487 641 1508 non
657 1487 694 1507 ex
710 1476 894 1507 necessitate
917 1476 994 1507 vult.
1019 1476 1094 1507 Non
1114 1486 1188 1516 ergo
1204 1475 1314 1506 omnia
1330 1486 1366 1507 ex

296 1523 479 1554 necessitate
494 1522 639 1552 absoluta
654 1521 732 1552 vult.
749 1538 768 1544 -
784 1520 887 1551 Maior
905 1521 1067 1560 probatur,
1083 1519 1365 1562 manifestaturque

296 1567 456 1598 inductive
479 1566 511 1596 in
535 1566 635 1597 tribus
653 1565 820 1605 exemplis:
845 1574 986 1605 quorum
1010 1564 1112 1605 prima
1135 1565 1200 1595 duo
1225 1571 1366 1604 spectant

297 1612 336 1642 ad
354 1611 582 1651 exceptionem,
604 1617 634 1641 et
652 1609 780 1641 tertium
795 1609 910 1640 directe
933 1609 974 1639 ad
997 1609 1235 1649 praeiacentem.
1260 1609 1367 1640 Minor

296 1666 372 1687 vero
389 1656 557 1696 probatur:
582 1654 657 1695 quia
680 1654 805 1685 bonitas
827 1653 888 1684 Dei
903 1663 942 1684 ex
958 1663 991 1684 se
1007 1653 1075 1684 sola
1091 1653 1134 1684 sic
1149 1661 1196 1684 est
1218 1653 1365 1694 perfecta,

298 1701 387 1741 quod
411 1710 447 1730 ex
471 1699 538 1730 aliis
561 1699 641 1729 nihil
664 1698 692 1729 ei
716 1698 918 1739 perfectionis
941 1697 1097 1729 accrescit.

351 1745 492 1775 Demum
511 1744 663 1784 probatur
687 1742 850 1773 conclusio
874 1742 981 1783 quoad
1002 1743 1130 1773 tertiam
1148 1748 1290 1784 partem,
1312 1742 1365 1774 sic.

297 1789 455 1819 Voluntas
478 1788 537 1819 Dei
568 1797 634 1818 non
663 1793 768 1827 potest
796 1787 930 1817 mutari:
963 1796 1054 1826 ergo,
1085 1787 1253 1827 supposito
1277 1787 1367 1828 quod

296 1833 381 1869 velit,
406 1842 472 1863 non
491 1838 596 1873 potest
620 1841 685 1861 non
709 1831 806 1862 velle:
832 1841 907 1871 ergo
931 1831 1114 1862 necessitate
1138 1831 1366 1871 suppositionis

296 1877 366 1908 vult
388 1876 448 1907 alia
471 1887 490 1907 a
513 1885 561 1913 se;
586 1876 676 1916 quod
699 1882 764 1906 erat
794 1876 1007 1915 probandum.
1032 1875 1074 1906 Et
1097 1875 1141 1906 sic
1164 1876 1296 1916 probata
1321 1882 1368 1907 est

296 1928 362 1952 tota
386 1921 549 1952 conclusio
574 1919 747 1960 proposita.

354 1966 391 1996 11.
417 1965 510 1997 Circa
533 1965 756 2005 probationem
779 1964 900 2004 primae
929 1964 1025 2003 partis
1055 1964 1287 2001 conclusionis,
1312 1965 1365 1995 ad-

294 2017 380 2041 verte
399 2010 489 2051 quod
510 2009 564 2039 illa
587 2008 734 2046 maxima,
751 2009 855 2039 omnis
863 2009 1010 2048 potentia
1033 2008 1127 2039 habet
1149 2008 1364 2040 habitudinem

296 2055 510 2086 necessariam
534 2053 578 2084 ad
586 2054 759 2094 proprium
783 2053 950 2090 obiectum,
967 2062 1034 2083 non
1058 2052 1242 2093 intelligitur
1257 2054 1366 2095 quoad

295 2100 482 2130 exercitium
509 2104 614 2134 actus,
639 2098 694 2127 sed
725 2097 832 2138 quoad
864 2097 1131 2138 specficationem
1157 2097 1241 2128 eius:
1266 2098 1363 2135 idest,

294 2154 361 2174 non
385 2150 477 2173 sonat
499 2142 589 2183 quod
612 2141 717 2172 omnis
741 2141 883 2182 potentia
906 2141 1082 2172 necessario
1103 2148 1263 2173 exercetur
1285 2142 1366 2173 circa

295 2188 457 2219 obiectum
479 2185 576 2229 (curn
607 2186 806 2227 experiamur
835 2186 992 2226 potentias
1020 2186 1216 2227 quandoque
1247 2187 1365 2218 otiosas

294 2231 390 2274 esse);
415 2231 470 2262 sed
488 2231 586 2272 quod,
604 2230 630 2260 si
647 2237 815 2266 exercetur,
831 2237 958 2270 oportet
981 2230 1070 2271 quod
1094 2230 1174 2261 circa
1197 2231 1365 2271 proprium

295 2276 457 2307 obiectum
489 2281 676 2306 exerceatur.
708 2274 781 2305 Hoc
809 2274 895 2304 enim
923 2274 1008 2304 idem
1033 2281 1079 2304 est
1102 2284 1137 2304 ac
1161 2274 1186 2304 si
1211 2275 1365 2306 diceretur

295 2320 385 2362 quod
414 2319 566 2350 exercitus
599 2325 686 2349 actus
717 2318 924 2349 necessariam
954 2318 1048 2348 habet
1077 2318 1297 2349 habitudinem
1325 2319 1365 2349 ad

295 2364 463 2406 proprium
493 2363 654 2404 potentiae
685 2362 856 2393 obiectum.
892 2362 963 2392 Hoc
996 2369 1103 2393 autem
1127 2369 1173 2393 est
1196 2363 1286 2404 quod
1310 2373 1366 2404 per

295 2409 383 2440 illam
406 2408 579 2438 maximam
602 2406 789 2438 intenditur:
816 2414 846 2438 et
869 2406 991 2447 optime
1019 2406 1186 2447 proposito
1210 2407 1364 2445 deservit,

295 2454 328 2484 in
352 2463 418 2494 quo
442 2462 509 2483 non
539 2451 700 2493 quaeritur
728 2451 767 2481 de
792 2451 936 2482 exercitio
966 2457 1072 2487 actus,
1103 2451 1158 2482 sed
1182 2452 1220 2482 de
1244 2451 1364 2492 specifi-

296 2498 419 2529 catione
443 2496 567 2527 exerciti
591 2502 688 2527 actus.
714 2496 789 2526 Non
812 2495 898 2526 enirn
922 2502 969 2526 est
991 2495 1187 2536 quaesitum,
1208 2506 1251 2526 an
1276 2497 1366 2527 Deus

296 2542 388 2579 velit,
414 2541 478 2578 sed,
503 2551 545 2572 an
570 2539 722 2581 quidquid
746 2540 833 2577 vult,
859 2541 1039 2571 necessario
1063 2540 1147 2571 velit.
1179 2540 1241 2571 Ubi
1265 2540 1364 2571 mani-

296 2586 373 2617 feste
396 2592 483 2626 patet
506 2585 596 2626 quod
619 2585 658 2614 de
677 2584 813 2615 exercito
837 2590 919 2620 actu,
937 2583 1097 2615 insinuato
1114 2584 1146 2614 in
1165 2584 1198 2625 ly
1213 2585 1367 2626 quidquid

297 2631 375 2667 vult,
401 2629 668 2670 specificationem
692 2628 829 2670 quaerit:
855 2638 895 2658 an
919 2628 1037 2659 scilicet
1060 2628 1286 2665 necessariam,
1312 2635 1367 2660 aut

297 2685 363 2705 non
386 2674 594 2705 necessariam
614 2673 834 2703 habitudinem
851 2673 890 2703 ad
913 2672 1050 2703 volitum
1074 2672 1197 2704 habeat.
1212 2674 1291 2704 -De
1314 2683 1365 2704 ve-

297 2719 386 2750 ritate
410 2725 517 2749 autem
539 2717 742 2756 inductionis,
767 2717 875 2757 quoad
900 2724 1073 2758 utrumque
1096 2717 1363 2755 introductorum,

298 2773 365 2793 non
396 2770 442 2793 est
469 2762 639 2802 praesentis
669 2761 911 2802 speculationis:
943 2771 983 2792 an
1007 2761 1125 2792 scilicet
1147 2761 1234 2792 visus
1266 2761 1310 2792 sic
1334 2772 1366 2793 se

298 2808 411 2838 habeat
434 2807 473 2836 ad
504 2806 663 2842 colorem,
689 2813 719 2836 et
742 2806 889 2837 voluntas
914 2812 1021 2836 nostra
1054 2806 1094 2836 ad
1126 2806 1365 2838 beatitudinem.

297 2851 384 2882 Nihil
408 2851 493 2881 enim
512 2851 550 2881 ad
570 2850 773 2891 propositum
796 2850 858 2881 hoc
873 2849 980 2881 refert:
1006 2850 1171 2891 quoniam,
1194 2850 1219 2881 si
1241 2850 1284 2881 sic
1300 2861 1367 2881 non

299 2905 331 2926 se
351 2896 467 2926 habent
491 2895 530 2925 ad
546 2895 613 2931 ista,
630 2894 746 2924 habent
770 2905 801 2925 se
825 2902 931 2925 tamen
956 2894 999 2925 sic
1016 2895 1056 2924 ad
1080 2894 1208 2935 propria
1234 2894 1365 2932 obiecta,

298 2949 521 2980 quaecumque
537 2939 599 2970 sint
614 2939 676 2969 illa.
702 2939 855 2979 Exempla
879 2936 965 2969 enim
981 2938 1150 2979 ponimus,
1163 2946 1198 2970 ut
1214 2939 1367 2970 discentes

298 2984 482 3024 intelligant.

357 3029 407 3059 111.
434 3028 525 3059 Circa
548 3027 770 3068 probationem
801 3027 956 3058 secundae
986 3027 1081 3068 partis
1097 3027 1128 3065 *,
1153 3027 1289 3059 dubium
1313 3038 1367 3067 oc7

299 3073 407 3104 currit:
434 3072 551 3103 falsum
574 3082 713 3112 namque
735 3071 859 3102 videtur
883 3072 971 3112 quod
995 3072 1074 3102 nihil
1093 3072 1294 3112 perfectionis
1318 3082 1367 3103 ac-

300 3123 415 3147 crescat
445 3116 568 3147 divinae
596 3115 729 3147 bonitati
758 3126 794 3146 ex
818 3113 955 3146 aliorfim
979 3116 1142 3147 volitione.
1174 3117 1259 3147 Nam
1282 3122 1313 3147 et
1335 3115 1367 3146 in

299 3161 430 3192 articulo
455 3160 670 3201 praecedente,
695 3167 725 3190 et
748 3160 781 3190 in
801 3160 812 3190 1
836 3160 957 3191 Contra
980 3161 1091 3198 Gent.‚
1117 3171 1184 3201 cap.
1202 3170 1291 3197 Lxxv,
1316 3170 1368 3191 ex-

300 3205 436 3245 pressius
455 3205 597 3241 habetur,
618 3205 707 3246 quod
724 3214 761 3235 ex
784 3204 846 3235 hoc
869 3205 958 3245 quod
981 3205 1068 3235 Deus
1091 3205 1160 3236 vult
1183 3214 1275 3236 suam
1298 3214 1367 3245 per-

300 3249 488 3285 fectionem,
517 3249 586 3280 vult
616 3248 684 3279 alia.
719 3249 817 3289 Igitur
847 3258 884 3279 ex
907 3249 1060 3280 volitione
1091 3249 1228 3280 aliorum
1252 3249 1369 3289 pendet

300 3293 435 3333 perfecte
451 3303 518 3324 esse
541 3293 674 3324 volitam
698 3293 863 3324 essentiam
881 3293 1030 3324 divinam.
1056 3294 1096 3324 Et
1120 3293 1145 3324 si
1161 3293 1205 3324 sic
1220 3300 1275 3329 est,
1293 3303 1368 3324 cum

301 3344 447 3377 oporteat
476 3337 643 3368 essentiam
674 3337 814 3367 divinam
846 3347 913 3367 esse
942 3337 1167 3377 perfectissime
1194 3337 1327 3368 volitam
1351 3347 1369 3367 a

300 3381 387 3417 Deo,
412 3381 569 3422 sequitur,
594 3391 674 3422 ergo
708 3382 887 3412 necessario
919 3382 986 3412 alia
1015 3387 1090 3413 sunt
1114 3382 1211 3413 volita
1234 3392 1255 3413 a
1278 3381 1368 3412 Deo:

302 3425 391 3455 cuius
415 3426 601 3465 oppositum
626 3426 675 3457 hic
700 3432 730 3456 et
752 3425 794 3456 ibi
819 3425 1054 3456 determinatur.

358 3469 423 3500 Nec
447 3476 552 3509 potest
574 3470 635 3500 dici
651 3470 690 3500 ad
706 3470 779 3507 hoc,
799 3469 888 3510 quod
912 3480 1058 3510 praesens
1082 3470 1184 3501 littera
1208 3479 1274 3500 non
1295 3469 1369 3500 dicit

301 3513 390 3553 quod
414 3523 455 3543 ex
478 3514 627 3544 volitione
642 3515 780 3545 aliorum
799 3514 843 3544 nil
863 3514 1065 3554 perfectionis
1085 3514 1209 3544 divinae
1235 3513 1368 3544 bonitati

301 3557 461 3587 accrescit:
486 3558 549 3593 sed,
575 3568 615 3588 ex
639 3559 714 3598 ipsis
736 3559 810 3589 aliis
827 3558 931 3588 volitis
947 3558 991 3588 nil
1008 3558 1208 3598 perfectionis
1225 3558 1253 3588 ei
1269 3567 1368 3588 accre-

302 3601 369 3631 scit.
394 3601 465 3631 Hoc
482 3602 566 3631 enirn
581 3603 701 3642 puerile
718 3610 773 3633 est.
798 3603 887 3632 Tum
903 3602 978 3643 quia
995 3602 1038 3633 sic
1054 3612 1221 3643 processus
1237 3602 1366 3637 litterae,

302 3645 340 3675 de
364 3645 515 3675 volitione
543 3646 704 3686 inquirens
734 3646 891 3683 aliorum,
925 3647 1032 3677 nullus
1057 3654 1146 3677 esset.
1181 3647 1269 3677 Tum
1293 3645 1367 3686 quia

1424 500 1560 531 obiectio
1576 502 1690 533 militat
1706 510 1814 534 contra
1829 504 1932 545 ipsam
1948 503 2145 539 volitionem‚
2166 504 2261 535 etiam
2278 504 2303 535 si
2324 515 2491 546 nunquam

1423 552 1504 576 esset
1527 546 1603 576 haec
1626 546 1737 578 littera.

1477 590 1543 620 Nec
1559 598 1673 630 potest,
1690 602 1808 629 rursus,
1827 593 1887 624 dici
1902 593 1992 634 quod
2008 593 2148 624 divinam
2163 593 2339 624 bonitatem
2357 593 2493 633 perfecte

1422 634 1521 664 amari
1545 645 1611 665 non
1635 636 1752 676 pendet
1775 646 1812 667 ex
1833 637 1987 668 volitione
2011 637 2162 673 aliorum;
2187 638 2242 667 sed
2259 637 2367 678 potius
2382 647 2398 669 e
2415 648 2493 670 con-

1422 687 1529 714 verso,
1554 679 1685 716 scilicet,
1710 681 1800 721 quod
1823 682 1935 713 volitio
1959 682 2097 712 aliorum
2120 682 2237 722 pendet
2260 691 2297 712 ex
2319 681 2383 712 hoc
2406 684 2496 724 quod

1423 721 1529 752 divina
1553 723 1677 754 bonitas
1701 732 1747 755 est
1769 725 1906 765 perfecte
1929 726 2037 758 volita.
2070 726 2248 764 Quoniam,
2274 726 2347 756 licet
2369 725 2432 757 hoc
2455 727 2495 758 sit

1422 775 1543 802 verum,
1567 774 1604 797 ut
1618 767 1737 798 ibidem
1761 769 1883 806 dicitur,
1906 780 1973 801 non
1997 771 2140 801 evaditur
2154 777 2261 801 tamen
2277 781 2295 801 a
2311 769 2494 802 difficultate

1423 809 1554 859 obiecta.
1572 811 1680 842 Stante
1695 812 1781 843 enim
1796 813 1867 849 hoc,
1881 815 1984 845 adhuc
2000 815 2143 856 sequitur
2158 815 2217 845 alia
2233 815 2409 845 necessario
2426 825 2493 846 esse

1422 853 1520 884 volita
1537 864 1555 884 a
1570 855 1651 886 Deo.
1676 857 1840 893 Quoniam
1863 858 1968 890 divina
1992 859 2116 890 bonitas
2140 860 2315 890 necessario
2336 866 2382 891 est
2398 859 2436 890 ab
2453 870 2492 891 eo

1422 907 1489 947 non
1518 898 1626 929 solum
1648 900 1762 937 volita,
1778 902 1847 932 'sed
1869 902 2005 942 perfecte
2029 903 2145 934 volita:
2170 903 2232 934 hoc
2256 910 2364 935 autem
2387 913 2492 934 neces-

1422 951 1504 971 sano
1529 943 1761 975 concomitatur
1784 945 1922 976 aliorum
1944 947 2067 983 volitio,
2092 954 2128 978 ut
2151 947 2272 979 dictum
2296 955 2357 979 est:
2383 958 2468 988 ergo.

1481 986 1533 1017 1v.
1557 987 1609 1017 Ad
1632 987 1694 1018 hoc
1723 994 1770 1019 est
1797 989 1986 1027 dicendum,
2019 991 2108 1032 quod
2136 992 2254 1022 modus
2282 1002 2349 1034 quo
2373 1002 2422 1023 res
2446 999 2492 1023 est

1422 1029 1530 1066 volita,
1556 1038 1603 1061 est
1626 1032 1760 1072 duplex:
1786 1033 1918 1074 quidam
1938 1035 2125 1073 intensivus‚
2146 1036 2278 1077 quidam
2296 1037 2489 1067 extensivus.

1422 1074 1463 1104 Et
1485 1075 1576 1115 quod
1598 1075 1679 1106 inter
1702 1077 1762 1107 hos
1785 1084 1911 1108 tantum
1940 1078 2061 1116 differt,
2086 1081 2176 1120 quod
2206 1080 2328 1120 primus
2359 1081 2492 1120 graduat

1422 1118 1651 1158 perfectionem
1674 1121 1810 1152 amoris:
1843 1123 2003 1154 secundus
2025 1130 2134 1156 autem
2157 1134 2243 1160 non,
2275 1125 2331 1155 sed
2353 1125 2492 1157 extendit

1420 1161 1539 1203 ipsum.
1564 1164 1605 1194 Et
1629 1164 1655 1195 si
1678 1165 1874 1207 quandoque
1897 1166 2075 1198 inveniatur
2097 1167 2250 1208 scn'ptum
2273 1169 2363 1210 quod
2381 1179 2492 1200 secun-

1421 1207 1481 1237 dus
1505 1208 1640 1247 pertinet
1663 1210 1703 1239 ad
1726 1210 1968 1250 perfectionem,
1993 1211 2236 1252 intelligendum
2259 1219 2306 1244 est
2329 1213 2367 1244 de
2390 1213 2491 1253 perfe-

1422 1251 1526 1282 ctione
1551 1253 1724 1290 extensiva,
1751 1261 1782 1285 et
1810 1265 1875 1285 non
1899 1255 2093 1295 simpliciter.
2118 1256 2230 1292 Unde,
2255 1256 2288 1287 in
2312 1257 2490 1299 proposito,

1421 1295 1526 1326 divina
1549 1297 1675 1328 bonitas
1708 1299 1884 1330 necessario
1917 1307 1964 1330 est
1993 1300 2220 1340 perfectissime
2253 1300 2350 1332 volita
2379 1311 2399 1331 a
2420 1301 2491 1332 Deo

1421 1340 1612 1380 perfectione
1636 1341 1808 1373 intensiva:
1833 1344 1909 1384 quia
1933 1351 1979 1375 est
2001 1344 2122 1376 infinite
2146 1351 2258 1382 amata,
2283 1345 2366 1377 sicut
2383 1351 2430 1376 est
2444 1345 2492 1376 in-

1420 1383 1508 1415 finite
1522 1386 1675 1417 amabilis.
1701 1387 1763 1418 Sed
1778 1397 1845 1419 non
1870 1389 2045 1420 necessario
2063 1396 2109 1420 est
2125 1389 2262 1429 perfecte
2277 1390 2375 1422 volita
2390 1390 2491 1431 perfe-

1421 1428 1525 1460 ctione
1549 1430 1722 1468 extensiva‚
1747 1432 1802 1462 sed
1824 1432 1930 1464 libere.
1954 1433 2064 1464 Amari
2087 1441 2196 1464 autem
2219 1434 2278 1471 sic,
2303 1434 2420 1467 scilicet
2443 1444 2491 1466 se·

1421 1474 1563 1504 cundum
1597 1475 1835 1506 condecentiam
1859 1477 1898 1507 ad
1923 1484 2016 1514 extra,
2042 1488 2097 1509 seu
2122 1485 2157 1509 ut
2180 1478 2383 1516 diffundatur,
2399 1478 2492 1520 parti-

1422 1517 1543 1558 cipetur
1559 1526 1589 1549 et
1605 1519 1834 1560 multiplicetur
1850 1522 2028 1552 secundum
2044 1532 2136 1552 suam
2155 1522 2407 1560 similitudinem,
2423 1533 2492 1555 non

1421 1562 1461 1592 ad
1484 1562 1714 1602 perfectionem
1736 1564 1924 1596 intensivam
1939 1589 1947 1602 ‚
1979 1566 2033 1597 sed
2057 1567 2249 1597 extensivam
2273 1567 2428 1607 pertinet:
2460 1573 2492 1599 et

1421 1615 1652 1647 consequenter
1675 1618 1741 1639 non
1765 1619 1840 1640 cum
1864 1610 2053 1647 necessario,
2080 1611 2134 1641 sed
2159 1621 2233 1642 cum
2255 1612 2352 1642 libere
2376 1621 2491 1643 conve»

1421 1651 1580 1683 nientibus
1596 1652 1677 1689 Deo,
1689 1655 1944 1694 computandum
1960 1662 2016 1686 est.
2033 1655 2118 1692 Quia
2133 1655 2229 1695 igitur
2244 1656 2350 1688 divina
2366 1655 2490 1689 bonitas

1421 1695 1517 1726 libere
1541 1703 1587 1727 est
1610 1696 1654 1728 sic
1677 1697 1813 1737 perfecte
1836 1698 1934 1730 volita
1957 1709 1975 1729 a
1998 1700 2083 1736 Deo,
2107 1699 2180 1730 ideo
2203 1700 2299 1731 libere
2323 1700 2384 1732 alia
2405 1701 2489 1732 vult:

1422 1746 1452 1770 et
1468 1750 1534 1771 non
1549 1750 1566 1771 e
1586 1750 1749 1773 converso.
1774 1743 1815 1774 Et
1838 1742 1921 1779 ideo,
1938 1743 2066 1784 proprie
2084 1744 2259 1786 loquendo,
2283 1754 2341 1775 nec
2358 1754 2395 1776 ex
2410 1744 2489 1781 aliis,

1422 1794 1479 1814 nec
1498 1794 1535 1815 ex
1555 1785 1691 1816 aliorum
1714 1786 1878 1823 volitione,
1896 1787 2016 1828 aliquid
2039 1788 2250 1828 perfectionis,
2267 1788 2362 1820 etiam
2385 1796 2490 1821 exten-

1421 1828 1495 1864 sive,
1516 1829 1640 1860 divinae
1659 1830 1792 1861 bonitati
1816 1831 1976 1862 accrescit:
2002 1832 2057 1862 sed
2074 1842 2090 1862 e
2106 1842 2270 1869 converso,
2295 1843 2332 1864 ex
2353 1833 2490 1874 perfecta

1421 1873 1579 1904 extensive
1601 1874 1755 1905 volitione
1779 1885 1855 1905 suae
1878 1875 2037 1912 bonitatis,
2062 1876 2150 1907 Deus
2173 1886 2241 1907 esse
2264 1883 2296 1908 et
2319 1877 2394 1908 alias
2416 1888 2488 1919 per-

1421 1916 1573 1949 fectiones
1596 1918 1666 1950 vult
1688 1919 1766 1950 aliis.

1478 1962 1517 1993 V.
1543 1962 1578 1992 In
1601 1963 1809 2004 responsione
1833 1965 1873 1994 ad
1895 1964 2047 2005 quintum
2070 1971 2101 1995 et
2123 1971 2292 2005 quartum,
2321 1972 2399 1998 nota
2421 1966 2491 1999 dili-

1420 2007 1602 2047 gentissime
1617 2007 1794 2039 doctrinam
1810 2008 1843 2039 in
1860 2009 1871 2039 1
1890 2008 2011 2040 Contra
2030 2008 2135 2046 Gent„
2152 2019 2220 2050 cap.
2231 2019 2343 2047 Lxxxn,
2359 2011 2398 2042 de
2415 2021 2490 2044 con-

1419 2051 1572 2092 tingentia
1596 2053 1634 2083 ad
1658 2053 1844 2084 utrumlibet
1871 2053 2038 2094 dupliciter
2065 2053 2212 2090 inventa,
2244 2053 2362 2086 scilicet
2390 2065 2490 2097 quan-

1420 2095 1528 2136 doque
1552 2106 1589 2127 ex
1612 2103 1699 2136 parte
1729 2107 1861 2134 causae,
1896 2104 1927 2128 et
1956 2097 2152 2138 quandoque
2183 2107 2220 2128 ex
2247 2105 2335 2139 parte
2358 2099 2426 2131 eius
2450 2099 2490 2131 ad

1420 2140 1509 2190 quod
1524 2140 1653 2171 dicitur:
1679 2148 1710 2172 et
1732 2142 1825 2182 plene
1840 2141 1994 2182 intelliges
2018 2151 2055 2173 ea
2077 2151 2160 2183 quae
2182 2141 2234 2173 hic
2257 2143 2407 2175 dicuntur
2421 2145 2490 2176 bre-

1419 2194 1556 2216 vrssime.

1473 2229 1520 2260 Ex
1534 2230 1582 2260 his
1597 2236 1705 2261 autem
1719 2239 1801 2271 quae
1815 2230 1866 2261 hic
1882 2230 2040 2266 dicuntur,
2057 2237 2088 2262 et
2103 2230 2146 2261 ibi
2160 2231 2378 2272 explanantur,
2393 2233 2490 2264 habes

1419 2283 1517 2314 quam
1541 2274 1628 2305 rudis
1651 2281 1682 2304 et
1697 2274 1714 2292 *
1737 2284 1840 2305 novus
1865 2284 1969 2304 sermo
1990 2273 2029 2304 sit
2048 2274 2143 2310 Scoti.
2161 2275 2192 2305 in
2211 2275 2233 2311 1,
2251 2275 2320 2308 dist.
2337 2287 2430 2309 unx
2444 2277 2488 2315 ¹⁸⁸²,

1419 2317 1617 2349 voluntatem
1638 2317 1777 2348 divinam
1794 2319 1938 2359 primam
1963 2327 2094 2349 causam
2119 2320 2354 2360 contingentem
2379 2321 2490 2362 appel-

1419 2361 1522 2392 lantis.
1548 2362 1608 2393 Fas
1624 2362 1744 2403 quippe
1769 2372 1835 2393 non
1859 2369 1906 2393 est
1930 2362 1963 2392 in
1987 2362 2093 2393 divina
2115 2363 2280 2394 voluntate
2305 2365 2489 2406 contingen-

1419 2406 1496 2437 tiam
1520 2406 1633 2437 dicere.
1658 2406 1729 2443 Sed,
1747 2414 1783 2438 ut
1805 2406 1837 2437 in
1861 2407 1963 2437 littera
1986 2406 2109 2443 dicitur,
2130 2413 2178 2438 est
2200 2407 2233 2438 in
2254 2418 2286 2439 se
2306 2409 2488 2446 necessaria,

1419 2460 1486 2481 non
1505 2450 1713 2482 necessariam
1736 2451 1855 2482 habens
1878 2450 2096 2483 habitudinem
2115 2452 2155 2482 ad
2174 2453 2360 2484 secundario
2375 2453 2488 2486 volita:

1420 2495 1446 2526 si
1469 2495 1682 2526 necessarium
1713 2502 1768 2526 aut
1796 2495 1982 2536 contingens
2011 2495 2039 2526 ei
2068 2495 2275 2527 tribuendum
2298 2503 2354 2528 est.
2388 2497 2489 2538 Magis

1419 2539 1551 2580 proprio
1575 2540 1661 2570 enim
1683 2539 1842 2571 vocabulo
1866 2540 1998 2571 liberam
2024 2539 2112 2571 illam
2136 2539 2237 2572 dicere
2261 2541 2429 2578 debemus.
2454 2548 2491 2575 ut

1419 2583 1494 2614 alibi
1509 2583 1526 2603 *
1549 2594 1574 2614 s.
1591 2583 1736 2615 Thomas
1761 2583 1870 2628 docet:
1896 2583 2051 2626 quoniam
2072 2583 2197 2615 libertas
2213 2585 2318 2616 media
2341 2592 2388 2617 est
2409 2585 2490 2617 inter

1420 2627 1639 2659 necessitatem
1662 2635 1693 2659 et
1717 2628 1975 2668 contingentiam.
2006 2628 2061 2659 llla
2085 2628 2171 2659 enirn
2201 2626 2490 2669 impossibilitatem

1420 2672 1509 2703 aliter
1528 2682 1561 2703 se
1576 2673 1722 2709 habendi,
1747 2672 1825 2703 haec
1844 2673 2085 2712 possibilitatem
2104 2673 2192 2704 aliter
2210 2683 2244 2704 se
2262 2674 2399 2704 habendi
2417 2683 2490 2706 suc-

1421 2716 1556 2753 cessive,
1585 2717 1665 2747 idest
1689 2717 1903 2753 mutabiliter,
1928 2717 2036 2758 ponit:
2061 2717 2187 2749 libertas
2212 2724 2340 2754 autem,
2369 2719 2489 2760 absque

1421 2761 1629 2792 mutabilitate
1649 2761 1737 2791 aliter
1757 2771 1788 2791 se
1809 2761 1915 2792 haberi
1935 2771 2030 2802 posse
2049 2761 2213 2802 significat.

1478 2805 1531 2836 VI.
1558 2805 1592 2836 In
1616 2805 1823 2845 responsione
1847 2805 1887 2836 ad
1911 2813 2052 2842 sextum,
2077 2806 2202 2839 adverte
2226 2806 2316 2847 quod
2337 2806 2391 2839 illa
2413 2816 2489 2848 pro-

1421 2849 1553 2891 positio,
1578 2859 1796 2890 quaecumque
1818 2850 1908 2880 Deus
1930 2851 2000 2888 scit,
2025 2850 2064 2881 de
2086 2851 2273 2881 necessitate
2292 2852 2366 2889 scit,
2392 2849 2418 2881 si
2441 2850 2488 2881 in-

1421 2893 1578 2934 telligatur
1602 2894 1640 2924 de
1664 2893 1793 2924 scientia
1817 2893 1967 2934 simplicis
1991 2893 2234 2935 intelligentiae,
2266 2903 2347 2935 quae
2371 2893 2489 2925 scilicet

1422 2938 1604 2969 naturaliter
1627 2938 1784 2978 praecedit
1807 2945 1914 2969 actum
1937 2938 2125 2973 voluntatis,
2154 2937 2317 2968 verissima
2341 2944 2401 2969 est:
2431 2947 2490 2969 nec

1422 2990 1469 3014 est
1492 2983 1524 3013 in
1549 2992 1584 3013 ea
1607 2982 1753 3014 dubium.
1785 2982 1826 3013 Et
1849 2983 1892 3013 sic
1915 2983 2041 3015 videtur
2067 2982 2229 3015 intendere
2255 2981 2376 3018 littera,
2406 2991 2488 3023 quae

1422 3028 1461 3058 de
1480 3026 1609 3058 scientia
1630 3026 1779 3063 aliorum,
1805 3033 1841 3057 ut
1859 3027 2062 3068 distinguitur
2085 3032 2194 3058 contra
2216 3026 2416 3057 voluntatem
2435 3035 2489 3058 eo·

1422 3081 1513 3107 rum,
1538 3078 1648 3102 tractat
1670 3071 1703 3102 in
1727 3070 1788 3101 hoc
1812 3078 2011 3111 argumento.
2036 3071 2084 3103 De
2106 3069 2155 3101 his
2187 3069 2272 3100 enim
2303 3080 2414 3102 verum
2443 3077 2490 3102 est

1422 3115 1511 3156 quod
1535 3115 1652 3146 habent
1675 3125 1741 3146 esse
1765 3115 1797 3146 in
1822 3115 1890 3146 Deo
1920 3126 1957 3146 ex
1985 3113 2176 3146 necessitate.
2193 3132 2211 3136 -
2230 3113 2262 3145 Si
2285 3114 2357 3156 quis
2381 3121 2489 3146 autem

1423 3159 1543 3190 dictum
1566 3159 1628 3190 hoc
1652 3159 1764 3200 accipit
1788 3159 1825 3190 de
1850 3159 1933 3191 scitis
1957 3170 1975 3190 a
1998 3159 2067 3190 Deo
2091 3158 2241 3189 omnibus
2265 3158 2489 3199 qualitercum-

1422 3213 1501 3245 que,
1527 3204 1755 3234 animadvertat
1778 3205 1867 3244 quod
1892 3203 2128 3244 complexiones
2151 3203 2388 3243 contingentes,
2412 3209 2489 3244 puta

1423 3258 1472 3278 me
1496 3258 1583 3279 nunc
1605 3249 1755 3285 scribere,
1780 3258 1846 3278 non
1870 3255 1944 3279 sunt
1966 3257 2057 3278 verae
2081 3247 2273 3284 necessario,
2299 3247 2354 3278 sed
2376 3247 2487 3278 libere:

1423 3299 1453 3323 et
1472 3299 1702 3333 consequenter
1724 3292 1820 3323 libere
1844 3292 1876 3323 in
1900 3293 1970 3323 Deo
1993 3291 2110 3322 habent
2133 3301 2209 3327 esse,
2235 3298 2265 3322 et
2290 3301 2356 3322 non
2381 3301 2417 3322 ex
2435 3300 2488 3322 ne-

1423 3336 1573 3367 cessitate.
1598 3339 1645 3367 Ac
1664 3346 1720 3379 per
1741 3337 1814 3375 hoc,
1832 3336 1989 3378 praedicta
2011 3335 2176 3376 responsio
2193 3335 2224 3366 in
2245 3335 2293 3366 his
2310 3345 2377 3366 non
2396 3335 2490 3366 habet

1422 3381 1541 3411 locum.
1566 3381 1622 3411 Est
1645 3387 1750 3411 tamen
1767 3380 1899 3421 quidam
1923 3379 2112 3410 necessitatis
2136 3380 2253 3410 modus
2270 3379 2364 3411 etiam
2379 3379 2412 3410 in
2430 3378 2490 3410 ho-

1423 3435 1494 3455 rum
1518 3424 1645 3455 scientia
1669 3425 1755 3465 apud
1774 3425 1890 3460 Deum,
1911 3423 1966 3464 qui
1986 3434 2052 3454 non
2072 3431 2117 3454 est
2140 3424 2173 3454 in
2193 3433 2305 3455 eorum
2324 3423 2487 3454 volitione.

1423 3469 1587 3505 Quoniam
1611 3479 1708 3499 omne
1724 3469 1840 3504 scibile,
1865 3477 1962 3509 quarn
1986 3468 2127 3508 primurn
2151 3475 2197 3499 est
2220 3467 2337 3504 scibile,
2362 3473 2489 3508 oportet

1423 3512 1537 3543 scitum
1561 3523 1627 3543 esse
1651 3523 1667 3543 a
1692 3513 1778 3543 Deo:
1804 3522 1869 3542 non
1893 3519 1999 3542 autem
2024 3522 2120 3542 omne
2143 3511 2281 3548 volibile,
2306 3520 2404 3553 quam
2427 3510 2488 3551 pri-

1423 3566 1514 3586 mum
1534 3564 1579 3587 est
1602 3556 1749 3591 volibile,
1775 3563 1901 3596 oportet
1925 3566 1990 3586 esse
2015 3567 2031 3586 a
2056 3557 2125 3586 Deo
2148 3556 2303 3592 volitum,
2334 3562 2369 3586 ut
2392 3561 2488 3595 patet.

1422 3601 1462 3630 Et
1486 3601 1565 3631 ratio
1590 3600 1774 3630 diversitatis
1799 3607 1852 3636 est,
1879 3600 1953 3640 quia
1977 3610 2073 3630 omne
2096 3610 2208 3631 verum
2232 3605 2358 3640 oportet
2373 3608 2439 3628 esse
2456 3598 2488 3628 in

1423 3645 1502 3679 Deo,
1520 3651 1550 3675 et
1574 3651 1803 3685 consequenter
1823 3645 1999 3684 cognitum:
2026 3644 2100 3685 quia
2120 3644 2293 3684 cognitum,
2312 3643 2487 3673 secundum

2517 2275 2526 2285 ·
2546 2274 2616 2297 radio
2637 2277 2661 2297 et
2681 2281 2730 2298 om.

2517 2301 2731 2351 amissas.

2517 2354 2583 2409 32⁸1st
2593 2354 2630 2378 Cf.
2645 2354 2699 2377 dist.
2705 2361 2731 2382 u,

2517 2589 2526 2598 ·
2547 2587 2559 2610 1
2572 2587 2653 2614 sene„
2675 2587 2730 2610 dist.

2516 2618 2730 2668 ffaeqummna,
