2768 4178
3 540 14 550 '
21 538 58 562 ef.
66 544 131 561 num.
141 543 176 565 m,
183 543 215 562 tv.

936 234 1203 280 QUAESTIO
1233 235 1355 283 XLV,
1384 237 1680 277 ARTICULUS
1710 241 1744 278 V

244 313 319 344 dicit
334 313 423 354 quod
439 322 505 344 non
522 313 674 354 competit
689 312 748 343 sibi
764 312 836 342 dare
853 322 929 348 esse,
951 314 1013 343 nisi
1035 314 1224 353 inquantum
1240 323 1310 354 ope-

244 363 339 388 ratur
361 359 547 399 operatione
569 358 688 388 divina.

301 403 340 433 V.
358 402 449 434 Circa
463 402 530 432 vim
544 401 694 432 illationis
717 400 847 431 rationis
863 400 971 435 factae,
992 400 1153 432 dubitatur
1172 401 1224 431 sic.
1246 403 1312 432 Aut

243 449 364 478 Auctor
386 446 521 478 intendit
542 446 631 487 quod
655 455 722 476 esse
740 444 785 475 sic
806 452 852 475 est
875 444 1024 484 proprius
1044 444 1171 475 effectus
1191 445 1310 485 primae

243 501 365 528 causae,
389 491 479 532 quod
498 497 544 521 est
559 500 578 520 a
593 490 661 520 sola
677 489 779 530 prima
794 497 907 519 causa:
931 495 962 519 et
977 494 1052 518 tunc
1072 489 1210 519 militant
1225 489 1310 519 obie-

243 535 363 566 ctiones
375 534 462 566 Scoti
472 534 499 565 *.
515 537 583 565 Aut
597 534 686 575 quod
702 533 746 564 sic
762 539 808 563 est
820 532 978 572 proprius,
989 533 1079 572 quod
1085 543 1149 573 per
1158 542 1194 563 se
1202 534 1310 572 primo

243 585 290 610 est
308 590 326 610 a
345 579 415 610 solo
438 579 519 610 Deo.
543 579 584 610 Et
606 585 683 609 tunc
705 577 805 608 illatio
827 576 906 607 nihil
924 576 1049 607 videtur
1066 577 1179 613 valere,
1199 576 1259 606 nisi
1277 577 1310 607 in

241 623 357 655 virtute
383 622 474 654 istius
502 622 713 663 categoricae,
738 621 923 662 producere
950 630 1018 651 esse
1039 630 1103 661 per
1128 630 1163 651 se
1179 622 1309 660 primo,

243 673 291 699 est
311 677 434 699 creare.
459 667 547 698 Haec
570 673 678 697 autem
701 672 748 696 est
770 665 861 695 falsa:
886 664 1042 705 quoniam
1061 665 1236 706 producere
1256 675 1312 705 per

242 722 275 742 se
298 712 403 752 primo
427 721 494 742 esse
517 711 550 741 in
573 711 665 746 bove,
685 719 751 740 non
768 716 815 740 est
831 718 949 745 creare;
974 708 1128 750 alioquin,
1154 719 1230 739 cum
1252 709 1311 739 bos

242 762 424 796 generatur,
447 755 498 786 vel
521 764 588 785 esse
611 754 679 785 eius
699 764 717 784 a
735 754 825 784 nullo
849 753 1037 794 producitur
1059 763 1116 793 per
1138 763 1171 783 se
1194 752 1309 793 primo,

240 800 292 831 vel
315 799 430 831 creatio
457 804 583 840 semper
611 798 803 829 admiscetur
833 798 922 828 omni
953 797 1130 839 operationi
1161 804 1289 828 naturae
1302 820 1310 833 ,

241 845 331 885 quod
347 850 394 874 est
409 850 519 874 contra
542 853 566 874 s.
583 842 748 873 Thomam
762 842 795 873 in
811 842 927 873 ultimo
951 842 1084 873 articulo
1101 841 1197 872 huius
1215 850 1311 882 quae-

241 888 362 920 ationis.

298 932 352 963 VI.
376 932 428 962 Ad
447 931 636 963 evidentiam
655 931 783 968 horum,
804 931 882 961 scito
898 930 988 972 quod
1007 940 1123 970 magna
1139 929 1312 960 differentia

241 982 288 1007 est
310 976 391 1007 inter
413 976 554 1017 aliquem
576 975 733 1012 effectum,
751 982 782 1007 et
796 975 937 1015 seipsum
959 985 1033 1005 cum
1049 974 1231 1008 conditione
1248 983 1312 1014 per

240 1030 276 1052 se
294 1022 412 1062 primo.
435 1020 536 1051 Valde
560 1020 646 1051 enim
669 1020 804 1056 distant,
835 1020 863 1050 A
886 1020 933 1061 fit
955 1029 976 1049 a
999 1019 1046 1056 B,
1081 1025 1112 1049 et
1138 1019 1166 1048 A
1191 1027 1255 1058 per
1276 1027 1312 1048 se

235 1066 345 1106 primo
358 1065 405 1106 fit
426 1074 447 1095 a
470 1065 519 1095 Β.·
541 1064 573 1095 in
598 1064 704 1105 primo
727 1064 813 1095 enim
836 1063 1029 1103 significatur
1051 1063 1159 1093 solum
1178 1062 1267 1103 quod
1281 1064 1311 1092 A

240 1108 292 1146 fit;
316 1109 349 1140 in
373 1109 532 1145 secundo,
556 1109 646 1150 quod
667 1119 724 1150 per
747 1119 781 1139 se
803 1108 908 1149 primo
932 1107 976 1138 fit.
1011 1107 1104 1138 Unde
1131 1107 1209 1137 haec
1233 1107 1310 1142 duo,

241 1163 310 1184 esse
321 1153 377 1195 fit,
399 1160 430 1184 et
447 1163 516 1184 esse
529 1163 593 1194 per
606 1163 641 1184 se
651 1154 760 1194 primo
773 1153 829 1194 fit,
847 1152 962 1183 distant
980 1151 1053 1192 plus
1072 1161 1171 1192 quam
1187 1151 1311 1181 caelum

241 1205 273 1229 et
295 1204 384 1229 terra.
415 1198 451 1228 In
474 1198 580 1238 primo
602 1207 743 1239 namque
766 1195 959 1237 significatur
981 1202 1108 1228 tantum
1130 1195 1220 1236 quod
1243 1204 1310 1225 esse

240 1242 389 1274 terminat
411 1242 602 1273 factionem:
632 1242 666 1273 in
693 1241 834 1272 secundo
857 1250 951 1277 vero,
976 1240 1066 1281 quod
1088 1239 1255 1275 terminat,
1281 1245 1312 1269 et

241 1287 359 1325 modus
382 1286 630 1328 quorterminat.
660 1286 696 1317 In
719 1285 824 1326 primo
849 1295 980 1326 quoque
1003 1294 1069 1315 non
1093 1283 1205 1320 infert,
1230 1293 1310 1324 ergo

241 1330 431 1362 immediate
445 1336 521 1361 ante
542 1331 602 1362 hoc
625 1340 688 1361 non
713 1335 784 1360 erat
807 1337 880 1360 ens:
902 1329 935 1359 in
959 1328 1101 1359 secundo
1124 1335 1233 1359 autem
1256 1328 1309 1364 sic,

206 1395 214 1406 ,
241 1382 278 1407 ut
294 1381 382 1416 patet
398 1385 436 1406 ex
453 1385 550 1416 supra
564 1373 583 1393 θ
606 1374 696 1406 dictis
715 1384 752 1405 ex
767 1374 778 1404 1
794 1374 922 1414 Physic.
948 1374 983 1404 In
999 1372 1104 1414 primo
1119 1382 1228 1403 rursus
1243 1381 1310 1402 non

239 1419 334 1451 infert
348 1428 444 1460 agens
463 1419 648 1460 proprium:
671 1419 706 1449 in
723 1418 864 1449 secundo
886 1424 995 1449 autem
1012 1417 1107 1448 infert
1126 1427 1221 1457 agens
1238 1426 1312 1457 pro-

239 1464 347 1506 pritim
371 1470 403 1495 et
425 1473 482 1504 per
504 1473 538 1494 se
556 1463 672 1504 primo.
699 1463 734 1493 In
753 1462 858 1503 primo
878 1463 1010 1493 demum
1025 1471 1092 1492 non
1108 1461 1203 1492 infert
1221 1461 1311 1502 quod

239 1508 274 1540 in
291 1517 501 1551 quocumque
523 1506 579 1539 fiat
601 1508 640 1538 ab
663 1507 717 1538 illa
735 1516 845 1538 causa:
870 1507 903 1537 in
926 1506 1068 1538 secundo
1087 1512 1195 1536 autem
1218 1505 1312 1536 infert

240 1553 331 1595 quod
345 1552 379 1583 in
394 1561 604 1594 quocumque
617 1551 662 1588 fit,
683 1552 722 1582 ab
737 1551 794 1582 illo
810 1558 922 1592 agente
937 1550 988 1587 fit;
1013 1550 1168 1591 quoniam
1184 1556 1312 1591 oportet

240 1596 457 1629 universaliter
472 1597 511 1627 ab
530 1596 586 1627 illo
609 1595 686 1632 fieri,
711 1605 730 1626 a
753 1605 820 1636 quo
843 1605 900 1636 per
923 1605 956 1626 se
978 1595 1084 1636 primo
1108 1593 1153 1626 fit.
1169 1613 1190 1618 —
1206 1595 1309 1630 Unde,

240 1651 316 1674 cum
338 1641 372 1672 in
395 1640 551 1682 praesenti
581 1640 703 1671 ratione
735 1649 802 1670 non
831 1640 870 1671 sit
892 1649 998 1670 sermo
1023 1639 1061 1670 de
1085 1639 1244 1670 effectibus
1275 1645 1312 1669 ut

239 1685 486 1727 quomodolibet
507 1683 599 1722 fiunt,
623 1684 679 1715 sed
701 1690 738 1715 ut
753 1694 810 1724 per
828 1694 861 1715 se
880 1684 985 1725 primo
999 1683 1099 1721 fiunt;
1123 1690 1160 1715 ut
1173 1690 1259 1724 patet
1275 1693 1311 1714 ex

238 1730 343 1761 verbis
358 1729 488 1766 litterae,
506 1729 638 1760 dicentis
656 1728 747 1770 quod
762 1729 1014 1760 universaliores
1032 1727 1166 1769 effectus
1187 1733 1312 1768 oportet

241 1775 274 1806 in
285 1775 416 1816 priores
431 1779 463 1805 et
477 1774 728 1804 universaliores
746 1782 863 1804 causas
881 1773 1037 1804 reducere
1053 1771 1208 1815 (reductio
1225 1771 1311 1803 enim

241 1828 260 1850 a
276 1828 341 1860 per
362 1828 397 1850 se
414 1819 524 1859 primo
546 1815 618 1860 fit):
643 1817 810 1848 manifeste
832 1817 933 1858 liquet
951 1817 1041 1858 quod
1056 1817 1139 1848 male
1155 1817 1311 1848 intellecta

241 1870 288 1895 est
310 1862 474 1895 ratioista
487 1872 506 1892 a
520 1862 628 1898 Scoto‚
652 1862 874 1902 interpretante
897 1871 969 1892 eam
993 1861 1032 1892 de
1054 1861 1122 1892 fieri
1141 1861 1311 1892 effectuum

241 1908 360 1949 absque
383 1907 417 1948 ly
433 1916 498 1948 per
519 1916 555 1937 se
573 1907 692 1947 primo.

298 1951 367 1984 VII.
392 1951 486 1983 Unde
509 1951 549 1981 ad
572 1950 715 1991 primum
738 1950 875 1981 dubium
889 1949 908 1970 *
923 1949 1053 1986 dicitur,
1078 1950 1167 1991 quod
1191 1960 1311 1991 propo-

240 1996 314 2028 sitio
337 1995 391 2027 illa
414 2001 462 2026 est
483 1995 664 2032 verissima,
698 1995 754 2026 sed
777 1995 859 2026 male
888 1994 1046 2026 intellecta
1078 1995 1116 2025 ab
1150 2002 1309 2035 arguente.

240 2041 345 2072 Debet
365 2039 452 2071 enim
467 2039 567 2080 accipi
581 2039 756 2076 conclusio,
777 2046 814 2070 ut
832 2039 975 2080 sequitur
997 2048 1034 2069 ex
1056 2039 1249 2080 praemissis:
1275 2049 1312 2070 ex

240 2085 358 2127 quibus
376 2085 510 2116 habetur
532 2084 622 2125 quod
646 2093 712 2115 esse
735 2090 782 2115 est
805 2084 953 2124 proprius
970 2082 1097 2115 effectus
1114 2094 1226 2115 causae
1242 2084 1312 2115 uni-

239 2129 477 2166 versalissimae,
501 2138 583 2170 quae
606 2135 653 2159 est
675 2128 773 2164 Deus,
797 2128 886 2165 idest,
912 2137 979 2159 esse
1002 2134 1049 2159 est
1065 2138 1130 2169 per
1150 2138 1186 2159 se
1202 2130 1312 2169 primo

241 2173 370 2206 effectus
392 2173 462 2205 Dei.
495 2173 568 2204 I-Ioc
591 2173 677 2204 enim
700 2171 854 2212 significat
876 2173 910 2214 ly
926 2174 1105 2214 proprius:
1128 2181 1159 2204 et
1182 2183 1248 2204 non
1272 2173 1311 2203 si-

240 2217 368 2260 gnificat
390 2218 477 2248 idem
499 2217 590 2258 quod
618 2218 722 2248 solum
751 2227 807 2248 seu
836 2222 978 2255 tantum,
1004 2224 1040 2248 ut
1063 2227 1196 2258 arguens
1220 2217 1312 2248 intel—

239 2263 324 2300 lexit,
341 2262 512 2303 imponens
535 2261 669 2293 Auctori
692 2262 782 2302 quod
805 2271 872 2292 esse
896 2268 943 2292 est
965 2261 1094 2292 effectus
1117 2262 1217 2292 solius
1240 2262 1310 2294 Dei.

241 2307 314 2338 Hoc
342 2306 428 2338 enim
456 2316 623 2347 nunquam
653 2305 895 2336 somniavimus.
929 2306 999 2336 Imo
1023 2316 1155 2337 omnem
1184 2316 1313 2337 causam

239 2358 386 2383 tenemus
410 2351 483 2382 dare
507 2360 588 2387 esse,
612 2350 728 2386 virtute
751 2356 858 2381 tamen
882 2349 1003 2391 primae
1026 2360 1155 2387 causae,
1180 2357 1217 2381 ut
1239 2361 1312 2391 pro-

240 2395 359 2437 positio
374 2395 445 2426 libri
457 2395 498 2426 de
511 2395 628 2426 Causis
642 2394 778 2425 adducta
787 2394 805 2414 *
818 2394 967 2426 insinuat.
984 2395 1077 2426 Unde
1092 2394 1206 2426 frustra
1220 2395 1312 2426 nixus

241 2446 288 2472 est
309 2440 424 2472 Scotus
445 2445 556 2471 contra
577 2439 663 2470 hunc
679 2438 858 2475 articulum,
882 2439 991 2479 quoad
1016 2439 1088 2470 hoc.

297 2485 381 2516 VIII.
403 2484 456 2515 Ad
479 2484 657 2514 secundum
675 2493 751 2514 vero
768 2483 913 2519 dubium,
934 2491 1044 2514 contra
1066 2483 1271 2524 probationes
1284 2484 1311 2521 *,

242 2529 356 2560 dicitur
379 2528 478 2569 quod,
504 2527 619 2559 directe
642 2527 827 2568 loquendo,
842 2528 945 2558 maior
963 2527 1109 2568 intelligit
1128 2528 1314 2559 difformiter

242 2572 418 2604 universale
442 2582 479 2602 ex
501 2578 590 2612 parte
609 2581 721 2602 causae
737 2579 768 2603 et
783 2571 921 2603 effectus.
947 2572 1111 2609 Quoniam
1127 2583 1238 2604 sensus
1255 2580 1310 2610 est,

242 2617 331 2659 quod
354 2616 482 2647 effectus
505 2616 714 2647 universalior
743 2616 922 2647 secundum
952 2616 1240 2657 praedicationem,
1265 2627 1313 2648 re-

242 2661 369 2692 ducitur
390 2660 424 2691 in
449 2670 578 2691 causam
600 2660 861 2691 universaliorem
884 2661 1062 2691 secundum
1085 2662 1311 2698 causalitatem,

241 2715 299 2737 seu
322 2705 500 2736 secundum
522 2704 759 2745 perfectionem.
776 2722 797 2728 -
812 2705 854 2735 Et
876 2705 916 2735 ad
938 2704 1076 2745 primam
1100 2706 1314 2737 obiectionem

241 2750 275 2781 in
299 2749 488 2790 oppositum
511 2749 643 2785 dicitur,
676 2749 766 2790 quod
789 2749 848 2780 ista
870 2749 973 2779 maior
996 2756 1043 2780 est
1064 2750 1246 2787 verissima,
1278 2757 1315 2782 ut

242 2794 339 2826 etiam
357 2794 425 2834 ipse
444 2793 656 2834 postmodum
672 2793 795 2833 cogitur
813 2793 901 2824 fateri
920 2793 1049 2824 ibidem.
1074 2794 1116 2825 Et
1134 2795 1224 2835 quod
1239 2805 1312 2835 pro-

241 2838 328 2870 batio
344 2839 384 2869 ad
399 2838 587 2878 oppositum
603 2837 681 2868 nihil
696 2837 796 2868 valet:
821 2848 897 2868 nam
913 2844 988 2868 cum
1003 2838 1066 2869 hoc
1081 2839 1170 2880 quod
1187 2839 1315 2870 effectus

236 2882 531 2915 'universalissimus
561 2882 601 2913 sit
624 2892 642 2912 a
664 2882 828 2922 pluribus,
857 2882 925 2913 imo
956 2883 995 2913 ab
1019 2883 1170 2914 omnibus
1202 2884 1313 2920 causis,

243 2933 304 2958 stat
322 2927 412 2968 quod
427 2937 446 2957 a
465 2926 531 2957 sola
555 2926 659 2967 prima
681 2936 775 2957 causa
798 2932 845 2957 est
860 2937 925 2967 per
945 2937 980 2958 se
992 2928 1112 2968 primo.
1137 2928 1212 2958 Non
1228 2928 1314 2958 enim

243 2971 381 3002 diximus
404 2971 495 3012 quod
514 2970 641 3002 effectus
665 2971 906 3002 universaliores
929 2979 1004 3003 sunt
1026 2979 1152 3002 tantum
1175 2983 1193 3002 a
1213 2973 1315 3003 causis

243 3015 532 3052 universalioribus,
549 3022 586 3046 ut
601 3025 735 3055 arguens
750 3015 915 3046 intellexit:
940 3017 995 3047 sed
1011 3016 1100 3057 quod
1114 3016 1316 3048 reducuntur

245 3061 279 3090 in
303 3069 376 3097 eas,
400 3059 481 3090 idest
503 3060 593 3100 quod
621 3066 696 3090 sunt
717 3069 774 3100 per
796 3069 830 3090 se
852 3060 958 3100 primo
982 3061 1020 3091 ab
1045 3060 1099 3091 eis.
1131 3061 1173 3091 Et
1196 3061 1316 3092 mirum

245 3110 292 3134 est
306 3104 475 3146 quomodo
491 3103 524 3134 in
542 3103 605 3135 hoc
621 3104 807 3144 caligaverit,
825 3114 900 3135 cum
922 3104 955 3135 in
970 3111 1123 3146 promptu
1141 3113 1206 3136 erat
1221 3115 1315 3136 nosse

80 3165 88 3173 ·
127 3192 134 3199 ι
164 3166 190 3182 ·,
210 3166 217 3198 1
244 3147 326 3178 hanc
349 3147 504 3178 maiorem
527 3157 564 3178 ex
587 3148 614 3179 11
637 3149 764 3189 Pluysic.
781 3148 799 3167 *
822 3155 853 3179 et
874 3149 904 3180 V
926 3150 1111 3190 Metaphys.
1126 3148 1164 3167 Ἠ

303 3192 355 3222 Ad
378 3191 552 3222 secundam
573 3202 649 3223 vero
674 3192 897 3233 probationem
927 3193 1058 3230 dicitur,
1091 3194 1181 3234 quod
1205 3203 1315 3224 conse-

245 3235 375 3277 quentia
392 3242 439 3267 est
452 3236 593 3276 optima:
617 3237 695 3267 Esse
718 3247 775 3277 per
798 3247 830 3267 se
854 3237 959 3277 primo
974 3244 1022 3269 est
1036 3248 1055 3268 a
1071 3248 1164 3269 causa
1188 3238 1314 3269 univer-

245 3280 418 3316 salissima,
443 3289 518 3320 ergo
541 3290 608 3311 esse
631 3281 727 3312 huius
751 3287 782 3312 et
804 3281 906 3319 illius,
931 3288 963 3312 et
985 3282 1235 3323 cuiuscumque,
1270 3289 1315 3313 est

244 3334 301 3366 per
324 3334 357 3355 se
380 3323 487 3364 primo
511 3325 550 3355 ab
574 3325 685 3356 eadem
709 3335 812 3356 causa.
845 3326 887 3356 Et
910 3326 1062 3358 fundatur
1088 3326 1315 3367 consequentia

245 3378 341 3409 super
362 3368 417 3399 illa
440 3369 624 3408 categorica,
648 3379 727 3407 esse,
748 3371 780 3400 in
797 3380 996 3412 quocumque
1007 3371 1063 3412 fit,
1080 3371 1120 3402 ab
1136 3381 1172 3402 eo
1191 3375 1315 3411 oportet

233 3413 334 3457 fieri,
358 3422 379 3443 a
402 3422 465 3453 quo
481 3422 546 3453 per
567 3422 603 3444 se
619 3415 728 3454 primo
747 3414 816 3455 fit;
838 3425 937 3456 quam
966 3422 1089 3446 constat
1112 3425 1178 3446 esse
1202 3425 1258 3455 per
1282 3424 1314 3444 se

244 3463 366 3488 notam.
383 3474 404 3479 -
419 3457 486 3487 Nec
509 3457 584 3488 huic
606 3458 727 3489 veritati
750 3459 854 3490 obstat
876 3460 975 3500 quod,
997 3469 1073 3490 cum
1095 3458 1131 3490 fit
1154 3460 1222 3495 bos,
1247 3468 1314 3489 esse

242 3501 299 3532 fiat
321 3511 340 3531 a
363 3501 444 3531 bove
471 3507 658 3541 generante:
691 3502 846 3542 quoniam
874 3513 941 3534 non
969 3503 1004 3534 fit
1029 3504 1067 3534 ab
1101 3513 1140 3534 eo
1168 3503 1228 3533 nisi
1259 3512 1315 3543 per

243 3545 404 3581 accidens,
429 3545 485 3575 illo
509 3545 764 3577 accidentalitatis
786 3547 887 3578 modo
909 3557 975 3589 quo
1000 3548 1178 3578 coloratum
1200 3546 1236 3577 fit
1259 3556 1315 3587 per

244 3589 396 3626 accidens,
418 3599 492 3620 cum
511 3599 549 3620 ex
568 3589 658 3630 nigro
677 3589 713 3621 fit
731 3590 850 3622 album.

2352 254 2424 292 471

1412 317 1474 354 ,Ad
1490 317 1702 349 obiectionem
1717 330 1792 350 vero
1810 328 1917 352 contra
1940 322 2106 362 allegatam
2121 322 2348 359 auctoritatem,
2366 323 2430 354 iam

1366 366 1451 399 patet
1474 363 1637 401 responsio
1649 363 1675 394 *.
1702 364 1785 401 Quia
1802 375 1867 395 non
1885 372 1930 395 est
1948 366 2039 396 allata
2056 367 2094 396 ad
2116 367 2316 406 probandum
2341 368 2429 408 quod

1366 414 1432 433 esse
1449 412 1495 435 est
1509 416 1527 435 a
1541 407 1609 437 solo
1625 407 1694 437 Deo
1708 417 1714 437 ;
1739 409 1793 438 sed
1817 410 1904 449 quod
1928 419 1994 440 esse
2012 417 2057 440 est
2065 420 2129 450 per
2142 421 2177 441 se
2189 412 2297 451 primo
2314 421 2332 441 a
2347 412 2427 443 Deo.

1419 448 1470 479 IX.
1484 450 1534 479 Ad
1549 451 1677 481 tertium
1693 459 1800 482 autem
1817 453 1977 483 dubium*
1993 454 2162 485 dicendum
2178 461 2233 491 est,
2245 456 2333 495 quod
2349 456 2428 486 ratio

1364 491 1483 522 litterae
1506 500 1610 532 potest
1633 495 1799 535 dupliciter
1826 496 1968 536 intelligi.
1996 499 2123 536 Primo,
2149 506 2184 529 ut
2207 509 2244 529 ex
2267 499 2428 531 identitate

1365 536 1583 574 productionis
1600 548 1666 568 esse
1685 549 1740 579 per
1755 550 1788 570 se
1804 540 1907 580 primo
1928 548 1958 571 et
1982 542 2155 579 creationis,
2172 542 2323 574 inferatur
2338 544 2427 584 quod

1365 579 1480 610 creatio
1497 587 1543 611 est
1558 583 1685 622 propria
1704 584 1785 614 actio
1802 584 1900 614 solius
1917 585 1985 621 Dei,
2002 585 2081 617 idest
2097 587 2263 618 conveniat
2278 588 2337 618 soli
2356 589 2426 619 Deo

1365 632 1402 652 ex
1425 624 1578 673 propriis,
1609 636 1663 656 seu
1687 627 1800 658 virtute
1824 629 1960 668 propria.
1990 630 2031 660 Et
2054 630 2098 661 sic
2120 641 2286 670 processus
2309 639 2428 672 pateret

1366 676 1402 696 ex
1426 667 1514 697 d1ct1s
1531 668 1564 698 in
1579 671 1775 709 praecedenti
1799 673 1983 712 quaestione
1997 673 2025 704 ‘³‘.
2050 674 2091 705 Et
2112 675 2185 705 licet
2207 685 2279 706 vera
2301 676 2424 714 diceret,

1366 720 1432 740 non
1451 712 1590 742 multum
1613 720 1718 744 tamen
1742 715 1927 757 artificiosus
1950 716 2089 748 videtur:
2115 728 2172 749 nec
2191 720 2426 760 propositiones

1366 762 1546 795 assumptae
1569 757 1608 787 de
1631 759 1813 789 reductione
1837 759 2004 791 effectuum
2027 761 2060 791 in
2084 772 2202 800 causas,
2220 764 2359 795 multum
2381 764 2426 795 vi-

1366 798 1513 829 derentur
1535 800 1574 830 ad
1597 803 1808 842 propositum.

1422 843 1514 873 Unde
1537 846 1675 875 secundo
1694 846 1876 887 intelligitur
1899 854 1934 878 ut
1953 859 1989 879 ex
2004 850 2163 881 identitate
2187 861 2242 891 per
2265 861 2297 882 se
2320 853 2425 892 primo

1365 887 1490 916 termini
1514 888 1645 919 actionis
1660 890 1779 929 primae
1795 891 1959 922 causae'et
1981 894 2155 931 creationis,
2172 895 2323 926 inferatur
2338 896 2427 936 quod

1366 931 1480 961 creatio
1498 939 1544 962 est
1559 934 1686 973 propria
1705 934 1803 964 solius
1819 935 1877 965 Dei
1897 936 1988 968 actio.
2013 938 2053 968 Et
2068 938 2111 969 sic
2125 938 2310 970 artificiosus
2325 940 2425 976 valde,

1365 982 1396 1005 et
1419 974 1583 1006 efficaciter
1606 987 1643 1007 ex
1666 978 1835 1018 assumptis
1850 981 2120 1019 propositionibus
2135 982 2170 1013 fit
2185 993 2365 1023 processus:
2391 994 2428 1014 ex

1365 1028 1404 1049 eo
1428 1029 1567 1060 namque
1590 1022 1678 1061 quod
1698 1032 1764 1052 esse
1781 1029 1826 1053 est
1848 1033 1903 1063 per
1927 1035 1959 1054 se
1982 1026 2086 1065 primo
2103 1027 2181 1057 ratio
2205 1028 2291 1068 quod
2308 1028 2428 1068 aliquid

1365 1062 1419 1093 fiat
1437 1073 1455 1093 a
1473 1063 1575 1103 prima
1598 1075 1701 1101 causa,
1726 1073 1756 1097 et
1779 1067 1872 1097 etiam
1900 1070 1988 1109 quod
2012 1070 2129 1110 aliquid
2153 1078 2281 1108 creetur,
2306 1072 2427 1112 optime

1352 1107 1507 1148 ,sequitur
1530 1109 1619 1148 quod
1642 1110 1755 1140 creatio
1772 1111 1890 1151 primae
1914 1123 2025 1143 causae
2049 1115 2176 1154 propria
2199 1122 2255 1146 est.
2279 1116 2320 1146 Et
2343 1116 2427 1147 hunc

1365 1161 1494 1182 sensum
1518 1152 1683 1184 manifeste
1705 1154 1844 1186 insinuat
1865 1156 1975 1193 littera,
1993 1157 2070 1187 dum
2086 1158 2219 1198 primam
2235 1160 2426 1200 propositio-

1365 1205 1449 1232 nem,
1466 1196 1583 1228 scilicet
1601 1198 1690 1238 quod
1709 1208 1775 1228 esse
1794 1207 1840 1230 est
1862 1210 1917 1240 per
1936 1211 1968 1231 se
1987 1201 2090 1241 primo
2107 1202 2185 1233 ratio
2202 1204 2289 1243 quod
2309 1204 2427 1244 aliquid

1365 1240 1535 1280 attingatur
1557 1242 1594 1271 ab
1620 1242 1882 1273 universalissima
1906 1254 2007 1281 causa,
2027 1247 2140 1285 probat
2159 1257 2195 1277 ex
2213 1248 2319 1287 regula
2334 1249 2427 1279 redu-

1365 1284 1478 1315 ctionis
1502 1284 1670 1316 effectuum
1704 1286 1966 1318 universaliorum
1990 1289 2023 1319 in
2047 1300 2154 1320 causas
2178 1291 2425 1323 universaliores.

1365 1328 1545 1360 Secundam
1567 1339 1657 1366 vero,
1683 1331 1799 1361 scilicet
1825 1332 1914 1372 quod
1937 1342 2003 1363 esse
2027 1341 2073 1364 est
2095 1334 2173 1364 ratio
2197 1336 2286 1375 quod
2308 1336 2427 1376 aliquid

1365 1380 1495 1409 creetur,
1512 1373 1603 1414 ponit
1622 1374 1755 1405 dicendo
1773 1376 1861 1415 quod
1870 1377 2052 1416 producere
2068 1387 2144 1415 esse,
2160 1389 2221 1409 non
2239 1380 2426 1420 inquantum

1365 1423 1413 1448 est
1434 1418 1494 1448 hoc
1516 1418 1567 1449 vel
1590 1418 1666 1455 tale,
1685 1419 1742 1449 sed
1755 1420 1942 1460 inquantum
1967 1431 2045 1459 esse,
2054 1424 2195 1462 pertinet
2213 1424 2256 1454 ad
2270 1425 2425 1454 rationem

1365 1463 1547 1493 creationis.
1580 1462 1615 1492 In
1639 1462 1687 1493 his
1716 1463 1801 1493 enim
1822 1465 1924 1495 verbis
1948 1466 2124 1497 ostenditur
2146 1468 2235 1507 quod
2258 1477 2325 1498 esse
2347 1468 2425 1499 ratio

1366 1506 1532 1537 creationis
1556 1513 1612 1537 est.
1636 1507 1677 1537 Et
1701 1507 1744 1537 sic
1769 1508 1921 1539 subtiliter
1944 1519 1980 1539 ex
2003 1509 2162 1541 identitate
2186 1521 2242 1551 per
2264 1522 2296 1542 se
2322 1512 2425 1552 primo

1364 1550 1501 1587 termini,
1518 1551 1706 1582 conclusum
1722 1558 1768 1582 est
1782 1552 1949 1583 intentum.
1974 1554 2014 1584 Et
2028 1554 2102 1595 quia
2117 1555 2178 1586 hoc
2195 1565 2231 1586 ex
2249 1556 2338 1586 dictis
2354 1557 2427 1588 satis

1365 1594 1397 1625 in
1421 1602 1574 1636 promptu
1599 1602 1678 1632 erat,
1703 1596 1775 1626 ideo
1798 1596 1898 1627 littera
1930 1597 2004 1628 dicit
2027 1599 2115 1639 quod
2137 1601 2216 1630 satis
2237 1606 2371 1640 apparet
2393 1602 2425 1631 in

1359 1640 1469 1680 primo
1491 1645 1622 1680 aspectu
1646 1640 1735 1681 quod
1758 1640 1872 1671 creatio
1897 1648 1943 1672 est
1965 1642 2090 1682 propria
2114 1643 2195 1674 actio
2218 1644 2316 1674 solius
2334 1645 2403 1675 Dei.

1423 1685 1462 1715 X.
1487 1684 1581 1715 Unde
1611 1684 1652 1714 ad
1676 1684 1888 1715 obiectionem
1915 1685 1947 1715 in
1978 1687 2163 1726 oppositum
2187 1688 2315 1724 dicitur,
2339 1689 2427 1729 quod

1366 1728 1541 1769 categorica
1568 1728 1705 1759 fundans
1734 1729 1819 1759 hunc
1849 1739 2051 1769 processum,
2078 1741 2143 1761 non
2167 1739 2213 1762 est
2235 1731 2288 1763 illa
2310 1742 2427 1773 propo-

1366 1773 1439 1804 sitio
1463 1771 1631 1816 (quamvis
1655 1773 1695 1804 sit
1715 1771 1823 1815 vera),
1849 1774 1966 1804 scilicet
1986 1775 2166 1815 producere
2182 1786 2246 1816 per
2268 1786 2302 1807 se
2318 1778 2427 1817 primo

1366 1827 1451 1855 esse,
1475 1822 1522 1848 est
1544 1825 1679 1848 creare:
1701 1818 1755 1847 sed
1779 1818 1867 1858 quod
1897 1819 2054 1858 respicere
2077 1829 2138 1860 per
2159 1829 2194 1850 se
2210 1822 2318 1860 primo
2347 1831 2425 1858 esse,

1366 1867 1413 1893 est
1435 1863 1579 1902 operatio
1596 1862 1734 1902 propria
1751 1863 1881 1902 primae
1903 1872 2031 1900 causae,
2056 1863 2115 1900 vel,
2138 1874 2251 1895 creare
2265 1870 2311 1896 est
2329 1866 2427 1906 respi-

1366 1915 1439 1937 cere
1455 1916 1519 1946 per
1540 1916 1575 1937 se
1592 1907 1701 1946 primo
1725 1915 1802 1937 esse.

1425 1950 1512 1982 Cum
1527 1960 1602 1981 vero
1619 1950 1734 1981 dicitur
1751 1950 1840 1991 quod
1856 1950 1913 1982 ista
1930 1958 1975 1982 est
1991 1951 2076 1988 falsa,
2093 1952 2174 1982 dare
2190 1963 2253 1993 per
2274 1963 2309 1984 se
2320 1955 2427 1994 primo

1366 2005 1445 2032 esse,
1469 2000 1516 2026 est
1538 2004 1671 2032 creare,
1696 1995 1771 2035 quia
1794 1994 1826 2025 in
1850 1995 1985 2026 factione
2007 1996 2097 2026 bovis
2121 2003 2197 2027 etc.:
2222 1998 2429 2038 respondetur

1365 2039 1455 2081 quod
1478 2039 1605 2070 nullum
1628 2039 1853 2070 inconveniens
1877 2047 1931 2076 est,
1950 2040 2017 2070 imo
2034 2048 2168 2081 oportet,
2185 2041 2217 2071 in
2233 2041 2367 2072 factione
2382 2052 2427 2072 re-

1366 2094 1438 2114 rum
1455 2083 1656 2120 naturalium,
1682 2093 1748 2114 esse
1764 2094 1781 2114 a
1797 2084 1886 2114 nullo
1905 2083 1971 2114 fieri
1987 2095 2043 2125 per
2058 2095 2090 2115 se
2107 2085 2210 2125 primo
2229 2093 2313 2117 tunc.
2340 2087 2427 2124 Quo-

1366 2128 1453 2159 niam
1475 2127 1512 2159 fit
1534 2137 1658 2169 semper
1677 2128 1934 2169 unumquodque
1958 2138 1995 2159 ex
2017 2129 2079 2159 alio
2104 2136 2183 2166 ente,
2207 2130 2280 2161 licet
2302 2140 2358 2171 per
2379 2140 2428 2161 ac-

1366 2172 1491 2203 cidens:
1517 2179 1558 2211 et,
1578 2179 1614 2203 ut
1636 2172 1750 2203 millies
1769 2173 1834 2203 iam
1853 2173 1972 2203 dictum
1989 2180 2043 2210 est,
2067 2183 2133 2204 non
2149 2173 2184 2204 fit
2197 2184 2253 2214 per
2268 2184 2299 2205 se
2314 2174 2428 2215 primo,

1367 2223 1397 2248 et
1420 2223 1652 2258 consequenter
1673 2227 1692 2247 a
1714 2217 1805 2247 nullo
1833 2216 1869 2247 fit
1895 2227 1951 2257 per
1973 2227 2005 2247 se
2029 2217 2152 2258 primo,
2176 2218 2208 2248 id
2239 2219 2329 2249 cuius
2351 2219 2429 2249 ratio

1366 2261 1548 2292 immediate
1564 2269 1636 2292 ante
1651 2261 1732 2292 illud
1756 2268 1820 2292 erat
1843 2261 1906 2291 sive
1930 2272 1986 2302 per
2007 2272 2039 2292 se
2062 2262 2126 2292 sive
2149 2272 2205 2303 per
2227 2262 2378 2299 accidens,
2396 2270 2432 2294 ut

1367 2312 1453 2346 patet
1475 2316 1512 2336 ex
1537 2306 1548 2335 1
1571 2306 1698 2346 physic.
1717 2304 1735 2323 ἢ

1424 2351 1580 2380 Notanter
1603 2357 1709 2380 autem
1734 2349 1795 2380 dixi
1820 2355 1905 2387 tunc,
1931 2360 1970 2380 ne
1995 2360 2031 2380 ex
2053 2350 2115 2381 hoc
2138 2360 2268 2387 errareS,
2294 2358 2349 2382 aut
2371 2351 2430 2381 im-

1367 2404 1502 2434 poneres
1521 2394 1600 2424 mihi
1619 2394 1758 2435 aliquem
1774 2393 1920 2424 effectum
1943 2394 2116 2434 positivum
2139 2404 2195 2434 per
2218 2404 2250 2424 se
2274 2405 2376 2425 unum
2398 2395 2431 2425 in

1367 2439 1516 2469 universo
1533 2449 1551 2468 a
1566 2438 1654 2469 nullo
1679 2445 1789 2478 agente
1805 2448 1862 2478 per
1884 2448 1916 2468 se
1940 2438 2053 2478 primo.
2079 2438 2253 2475 Quodlibet
2276 2439 2361 2469 enim
2376 2449 2430 2469 ens

1367 2483 1456 2525 quod
1479 2493 1497 2513 a
1521 2489 1633 2513 natura
1655 2481 1706 2518 fit,
1731 2483 1762 2512 in
1788 2482 1996 2522 productione
2019 2482 2116 2512 totius
2140 2482 2286 2519 universi,
2310 2483 2343 2513 in
2366 2493 2430 2523 qua

1367 2528 1522 2568 producta
1546 2533 1619 2557 sunt
1642 2526 1750 2556 omnia
1774 2527 1950 2556 secundum
1973 2536 2070 2556 unam
2094 2526 2143 2556 sui
2165 2533 2295 2566 partem,
2316 2527 2431 2557 scilicet

1367 2571 1541 2607 materiam,
1557 2571 1734 2602 inchoative
1749 2581 1767 2600 a
1782 2570 1885 2610 prima
1900 2580 1993 2600 causa
2009 2570 2113 2610 coepit
2127 2571 2277 2610 pendere:
2298 2578 2328 2602 et
2343 2578 2428 2611 post-

1367 2616 1513 2651 modum,
1530 2625 1567 2645 ex
1582 2615 1805 2655 cooperatione
1829 2614 1948 2654 primae
1972 2625 2083 2644 causae
2104 2614 2137 2644 in
2156 2615 2301 2645 secundis
2317 2615 2427 2651 causis,

1368 2660 1625 2701 unumquodque
1648 2659 1804 2698 complete
1823 2658 1858 2689 fit
1877 2668 1942 2688 ens·
1966 2659 2008 2688 Et
2030 2658 2073 2689 sic
2089 2668 2144 2698 per
2160 2669 2191 2689 se
2207 2659 2311 2699 primo
2327 2659 2428 2700 quod-

1367 2705 1452 2741 libet,
1468 2705 1660 2745 inquantum
1683 2714 1747 2739 ens,
1769 2710 1814 2733 est
1828 2713 1846 2732 a
1860 2702 1961 2742 prima
1978 2712 2087 2733 causa:
2113 2703 2168 2733 sed
2183 2713 2248 2733 non
2265 2713 2321 2743 per
2335 2703 2429 2734 actio-

1368 2759 1442 2780 nem
1466 2749 1604 2780 totaliter
1627 2757 1753 2778 novam.
1779 2747 1818 2777 Et
1841 2746 1982 2777 similiter
2006 2753 2208 2777 conservatur
2230 2748 2268 2777 ab
2287 2747 2364 2787 ipsa.
2388 2747 2429 2778 Et

1368 2794 1412 2824 sic
1436 2803 1503 2824 esse
1526 2802 1622 2823 omne
1646 2791 1804 2822 reducitur
1826 2791 1858 2821 in
1882 2791 2039 2821 actionem
2062 2791 2120 2821 Dei
2144 2797 2180 2821 ut
2202 2801 2258 2831 per
2276 2801 2309 2821 se
2324 2791 2427 2831 primo

1369 2847 1490 2874 causae,
1515 2837 1570 2867 sed
1593 2847 1659 2867 non
1682 2835 1818 2866 totaliter
1841 2845 1967 2866 novam.

1426 2882 1479 2912 XI.
1505 2881 1621 2919 Quoad
1648 2880 1821 2911 secundum
1837 2878 1869 2915 *,
1894 2879 1986 2919 ponit
2009 2879 2174 2919 opiniones
2197 2879 2375 2909 Avicennae
2398 2885 2428 2909 et

1369 2925 1508 2966 Magistri
1532 2925 1605 2955 satis
1629 2924 1709 2955 clare
1733 2924 1812 2954 circa
1835 2923 2157 2954 communicationem
2180 2930 2267 2953 actus
2294 2922 2427 2958 creandi,

1369 2971 1458 3012 quod
1475 2970 1590 3000 scilicet
1608 2975 1712 3009 potest
1730 2967 1959 2998 communicari
1983 2974 2149 2998 creaturae.
2174 2967 2215 2997 Et
2229 2967 2301 2997 licet
2316 2976 2429 2996 eorum

1369 3015 1505 3046 rationes
1522 3023 1587 3043 non
1604 3013 1663 3043 nisi
1680 3012 1840 3052 arguendo
1861 3011 2036 3047 afferantur,
2060 3011 2110 3041 hic
2129 3017 2234 3041 tamen
2253 3010 2429 3041 ostenditur

1369 3060 1457 3100 quod
1472 3057 1589 3098 positio
1607 3057 1684 3087 haec
1700 3066 1766 3086 non
1781 3062 1936 3095 repugnat
1952 3055 2148 3085 conclusioni
2165 3054 2385 3085 determinatae
2399 3054 2427 3084 *.

1370 3104 1456 3135 Cum
1479 3103 1541 3133 hoc
1565 3101 1650 3131 enim
1678 3100 1766 3142 quod
1795 3099 1910 3130 creatio
1938 3099 2065 3139 propria
2089 3106 2134 3129 est
2156 3098 2214 3128 Dei
2238 3098 2337 3134 actio,
2369 3104 2429 3128 stat

1369 3148 1458 3189 quod
1473 3152 1577 3187 potest
1592 3144 1679 3175 alteri
1694 3143 1869 3179 convenire,
1883 3153 1948 3173 non
1964 3153 2000 3173 ex
2012 3142 2156 3183 propriis,
2168 3142 2222 3172 sed
2237 3142 2428 3182 inquantum

1369 3191 1533 3233 participat
1555 3190 1670 3225 Deum,
1691 3188 1780 3218 cuius
1800 3194 1846 3218 est
1861 3187 1914 3217 illa
1932 3187 2012 3217 actio
2036 3186 2172 3227 propria.
2197 3186 2238 3216 Et
2252 3185 2313 3216 hoc
2329 3195 2427 3226 quan-

1369 3244 1438 3268 tum
1462 3241 1508 3265 est
1530 3244 1567 3264 ex
1590 3233 1709 3263 ratione
1725 3231 1934 3272 proprietatis.
1958 3231 1999 3261 Et
2014 3231 2075 3261 hoc
2091 3230 2265 3260 ostenditur
2280 3229 2313 3259 in
2327 3230 2428 3260 littera

1346 3290 1349 3295 ·
1370 3281 1408 3311 de
1431 3279 1553 3310 actione
1576 3277 1656 3317 ignis
1679 3283 1822 3316 respectu
1847 3275 1934 3306 aeris.

1428 3324 1563 3354 Adverte
1586 3321 1637 3351 hic
1660 3320 1750 3361 quod
1772 3322 1905 3355 Auctor,
1930 3318 2088 3349 recitando
2107 3317 2321 3358 *Magistrums
2336 3316 2429 3347 refert

1369 3377 1499 3410 quoque
1516 3366 1666 3405 seipsum,
1691 3364 1723 3394 in
1739 3375 1750 3394 1
1765 3363 1963 3394 distinctione
1987 3361 2132 3398 Secundi,
2157 3371 2210 3402 qu.
2228 3372 2248 3397 1,
2274 3367 2331 3391 art.
2350 3361 2378 3396 3,
2398 3367 2429 3391 et

1368 3424 1388 3443 v
1408 3410 1606 3442 distinctione
1623 3408 1744 3446 Quarti,
1764 3418 1818 3448 qu.
1835 3418 1859 3443 1,
1884 3414 1939 3437 art.
1960 3408 1986 3442 3,
2007 3416 2061 3446 qu.
2084 3407 2111 3442 3,
2131 3406 2170 3435 ad
2185 3414 2216 3444 4,
2241 3414 2306 3435 non
2325 3414 2428 3444 asper-

1370 3464 1479 3487 natum
1503 3454 1690 3507 opinionem
1708 3451 1857 3492 Magistri,
1882 3460 1979 3491 quam
2002 3450 2052 3480 hic
2075 3449 2196 3489 repellit
2219 3459 2293 3479 curn
2316 3458 2429 3489 sequa-

1370 3501 1467 3535 cibus,
1493 3505 1587 3529 etlam
1607 3497 1631 3527 si
1655 3497 1788 3537 ipsemet
1812 3495 1871 3526 fuit
1893 3505 1976 3525 unus
2000 3503 2036 3524 ex
2059 3493 2134 3538 illis.

1426 3544 1493 3574 XII.
1518 3541 1634 3579 Quoad
1658 3541 1784 3571 tertium
1801 3539 1831 3575 *,
1856 3537 2091 3578 reprehenditur
2114 3537 2230 3577 positio
2259 3536 2426 3577 praedicta,

1369 3588 1423 3620 tali
1445 3587 1575 3618 ratione.
1608 3585 1712 3616 Causa
1736 3583 1872 3614 secunda
1893 3581 2139 3613 instrumentalis
2169 3591 2235 3611 non
2265 3580 2428 3621 participat

2457 376 2509 398 “Cf.
2518 381 2657 405 num.praec
2664 393 2671 399 .

2456 462 2466 471 '¹
2481 461 2517 483 Cf.
2532 467 2598 483 num.
2612 468 2633 483 v.

2453 681 2463 690 '¹
2478 681 2529 702 Art.
2546 687 2563 702 1.

2458 2305 2469 2316 ⁸²
2484 2304 2540 2332 Cap.
2551 2309 2598 2330 vm,
2609 2309 2632 2326 n.
2644 2303 2667 2332 (ᾗ.

2459 2882 2468 2891 ·
2482 2880 2518 2903 Cf.
2532 2886 2598 2902 num.
2614 2886 2629 2901 ι.

2456 3054 2464 3061 ·
2479 3051 2515 3074 cf.
2530 3057 2593 3073 num.
2608 3057 2634 3072 ιι.

2456 3541 2464 3550 ·
2480 3539 2515 3561 Cf.
2529 3544 2593 3560 num.
2608 3545 2625 3560 1.
