2768 4178
43 2227 55 2238 ¹
69 2226 128 2256 Cup.
138 2233 155 2255 ι,
170 2233 225 2250 n-z.

44 2404 57 2416 ⁸
71 2403 108 2427 Cf.
121 2409 187 2427 nm.
199 2410 231 2426 xx.

44 2449 56 2460 ‘
70 2447 109 2471 ef.
122 2453 189 2470 num.
196 2453 245 2470 xm.

47 2493 58 2504 ²
71 2491 109 2515 Cf.
119 2497 184 2515 num.
194 2498 233 2515 xv.

984 228 1254 274 QUAESTIO
1283 228 1391 274 X111,
1421 228 1719 266 ART1CULUs
1747 230 1782 266 v

287 307 378 344 citer
407 307 586 355 contingit
613 308 652 345 in
680 307 917 345 nominibus:
943 308 1006 344 vel
1035 307 1124 356 quia
1152 308 1273 344 multa
1291 308 1357 343 ha-

285 361 377 397 bent
394 360 687 410 proportionem
708 361 756 399 ad
784 372 919 408 unum,
941 360 1038 397 sicut
1059 372 1196 397 sanum
1226 360 1359 397 dicitur

287 413 334 451 de
349 414 540 452 medicina
561 422 598 451 et
617 414 739 462 urina,
760 413 988 462 inquantum
1008 421 1215 462 utrumque
1243 414 1359 450 habet

287 467 463 505 ordinem
485 475 521 505 et
542 467 835 517 proportionem
860 466 910 504 ad
938 467 1139 504 sanitatem
1169 466 1356 514 animalis,

287 520 395 558 cuius
423 521 499 558 hoc
527 521 683 570 quidem
713 520 865 568 signum
894 527 961 566 est,
982 519 1075 557 illud
1102 532 1195 557 vero
1226 533 1356 566 causa;

285 575 348 611 vel
369 587 414 611 ex
434 587 481 611 eo
501 575 607 623 quod
625 586 748 611 unum
762 574 879 610 habet
896 573 1188 622 proportionem
1204 574 1252 611 ad
1268 575 1358 611 alte-

286 640 385 674 rum,
407 628 503 665 sicut
519 639 656 664 sanum
681 626 816 664 dicitur
843 626 891 664 de
911 626 1103 664 medicina
1132 634 1167 663 et
1191 627 1357 675 animali,

285 681 514 730 inquantum
530 678 721 717 medicina
741 682 797 717 θεῖ
811 692 927 717 causa
946 680 1111 717 sanitatis
1131 692 1229 729 quae
1246 688 1301 717 est
1320 681 1359 718 in

287 733 453 771 animali.
474 734 524 770 Et
551 734 627 770 hoc
655 733 776 770 modo
805 734 932 782 aliqua
953 733 1128 771 dicuntur
1148 734 1195 771 de
1215 735 1300 771 Deo
1323 742 1359 772 et

287 787 467 824 creaturis
492 786 701 835 analogice,
719 795 755 824 et
774 799 853 824 non
873 787 1085 836 aequivoce
1103 800 1211 837 pure,
1232 801 1357 838 neque

284 839 463 878 univoce.
493 840 587 877 Non
621 840 725 877 enim
753 853 962 889 possumus
999 840 1199 878 nominare
1229 843 1357 880 Deum

285 893 356 930 nisi
386 905 431 930 ex
460 893 651 941 creaturis,
680 901 721 930 ut
753 906 869 943 supra
894 895 914 916 *
942 895 1085 932 dictum
1121 903 1186 932 est.
1217 896 1266 932 Et
1292 896 1356 944 sic,

286 945 471 996 quidquid
490 945 503 967 ⁰
523 946 659 993 dicitur
688 947 735 985 de
755 949 841 985 Deo
864 955 901 985 et
921 948 1113 996 creaturis,
1139 948 1274 986 dicitur
1302 962 1358 986 se-

286 1000 457 1038 cundum
471 1000 577 1050 quod
597 1008 653 1038 est
673 1001 807 1050 aliquis
823 1001 920 1039 ordo
937 1010 1130 1039 creaturae
1151 1002 1201 1039 ad
1215 1003 1357 1051 Deum,

284 1061 327 1091 ut
350 1054 399 1092 ad
423 1053 653 1103 principium
683 1063 720 1092 et
743 1068 913 1103 causam,
939 1055 979 1093 in
1007 1067 1084 1104 qua
1102 1056 1359 1104 praeexistunt

286 1108 513 1145 excellenter
541 1120 679 1145 omnes
707 1121 835 1145 rerum
860 1109 1125 1158 perfectiones.

340 1161 415 1198 Et*
434 1161 503 1198 iste
522 1162 663 1199 modus
692 1162 977 1199 communitatis
1004 1163 1156 1200 medius
1186 1170 1241 1198 est
1264 1162 1360 1199 inter

285 1226 428 1271 puram
445 1214 807 1275 aequivocationem
828 1223 864 1252 et
883 1215 1097 1264 simplicem
1122 1215 1359 1252 univocatio-

256 1277 263 1279 ”
285 1272 390 1306 nem.
411 1269 550 1318 Neque
571 1268 674 1306 enim
697 1269 736 1306 in
755 1268 814 1305 his
833 1281 933 1316 quae
954 1269 1149 1317 analogice
1171 1268 1357 1315 dicuntur,

287 1329 343 1359 est
361 1334 440 1359 una
465 1322 571 1369 ratio,
593 1322 689 1359 sieut
708 1328 795 1358 est
814 1321 854 1359 in
872 1321 1069 1369 univocis3
1099 1335 1170 1359 nec
1198 1321 1360 1359 totaliter

287 1375 450 1422 diversa,
471 1375 567 1412 sicut
594 1375 632 1412 in
657 1374 895 1424 aequivocis;
924 1376 992 1413 sed
1017 1388 1162 1413 nomen
1182 1375 1288 1424 quod
1307 1375 1361 1412 sic

285 1428 541 1477 multipliciter
570 1427 714 1475 dicitur,
740 1427 927 1476 significat
946 1428 1116 1466 diversas
1144 1428 1361 1478 proportio-

286 1493 355 1519 nes
383 1481 434 1518 ad
471 1481 614 1530 aliquid
638 1480 650 1502 ³
677 1493 822 1542 unum3
852 1482 947 1518 sicut
982 1494 1140 1528 sanum,
1171 1482 1219 1519 de
1253 1482 1361 1519 urina

287 1533 453 1582 dictum,
483 1534 670 1583 significat
695 1535 846 1583 signum
872 1535 1038 1572 sanitatis
1059 1535 1231 1573 animalis
1250 1542 1280 1579 μ,
1313 1535 1360 1573 de

286 1587 478 1626 medicina
505 1600 600 1626 vero
626 1588 782 1636 dictum,
804 1588 990 1637 significat
1009 1601 1166 1626 causam
1187 1589 1360 1626 eiusdem

286 1641 465 1679 sanitatis.

339 1696 400 1732 Ar>
429 1707 567 1732 ptumum
586 1707 686 1732 ERGO
706 1707 891 1732 mOENDUM
911 1695 1029 1744 quod,
1051 1696 1163 1733 licet
1155 1708 1192 1733 m
1212 1695 1361 1744 praedi-

288 1747 503 1786 cationibus
523 1756 699 1798 oporteat
717 1748 931 1798 aequivoca
946 1749 995 1786 ad
1009 1749 1177 1786 univoca
1192 1755 1203 1769 ⁹
1219 1749 1360 1796 reduci,

339 1861 364 1896 θ)
383 1863 522 1896 quidquid.
541 1877 560 1882 -
578 1864 627 1889 hoc
645 1864 717 1896 quod
736 1864 871 1894 ABCEsD,
890 1872 943 1888 om.
964 1865 1014 1897 pD.

341 1898 360 1931 ι)
381 1899 425 1924 Et.
443 1913 462 1917 —
482 1899 518 1924 Et
537 1899 575 1924 ita
594 1899 742 1928 ABCDEG.

339 1934 365 1967 κ)
384 1937 432 1959 est.
450 1948 469 1953 -
487 1934 550 1959 Om.
570 1935 681 1960 codices.

338 1968 367 2002 λ)
386 1970 497 2002 aliquid.
516 1984 535 1989 -
553 1970 615 1995 Om.
635 1970 737 1995 codices
756 1975 782 1995 et
799 1970 848 1996 ab.

340 2006 368 2074 μ))
384 2005 519 2046 animalis.
531 2020 552 2024 —
563 2006 626 2047 Om.
639 2006 742 2031 codices
754 2011 783 2066 git
794 2014 813 2031 a
823 2006 847 2031 b.
860 2020 879 2025 -
893 2006 1012 2066 &aqueus
1024 2006 1159 2040 significat
1177 2013 1232 2031 om.
1245 2005 1362 2038 ACEpB.

339 2049 352 2066 ν
384 2048 505 2066 univoca.
524 2055 543 2062 -
562 2049 702 2067 unwocum
722 2049 753 2067 co
781 2050 825 2067 ces
845 2047 870 2067 et
888 2049 906 2066 a
933 2059 941 2066 .

2406 243 2475 279 147

1414 313 1544 344 tamen
1558 307 1596 344 in
1612 308 1823 345 actionibus
1838 321 1953 357 agens
1968 323 2046 347 non
2060 310 2271 347 univocum
2288 322 2333 346 ex
2349 322 2478 347 neces-

1414 359 1520 397 sitate
1540 361 1734 409 praecedit
1753 374 1868 410 agens
1887 363 2109 401 univocum.
2130 366 2258 412 Agens
2279 362 2380 399 enim
2400 375 2479 400 non

1413 413 1625 451 univocum
1642 422 1697 452 est
1712 427 1826 452 causa
1840 415 2062 454 universalis
2076 416 2188 454 totius
2204 416 2355 466 speciei,
2366 423 2408 453 ut
2423 417 2479 453 sol

1415 475 1470 504 est
1490 480 1604 505 causa
1623 468 1877 516 generationis
1892 466 1905 492 Ε
1921 470 2095 506 omnium
2114 470 2330 507 hominum.
2350 471 2479 517 Agens

1413 533 1507 558 vero
1536 521 1747 559 univocum
1775 534 1855 559 non
1885 530 1940 559 est
1969 535 2083 560 causa
2112 535 2226 571 agens
2254 522 2478 560 universalis

1414 573 1528 611 totius
1548 574 1688 623 speciei
1712 575 1897 623 (alioquin
1917 584 2015 612 esset
2035 588 2148 613 causa
2168 577 2225 613 sui
2244 576 2372 625 ipsius,
2390 588 2479 612 cum

1414 628 1484 664 sub
1505 628 1631 677 specie
1652 628 1924 675 contineatur):
1952 629 2019 666 sed
2040 637 2095 666 est
2114 642 2228 666 causa
2246 629 2479 678 particularis

1414 689 1586 730 respectu
1618 681 1731 719 huius
1759 681 1960 729 individui,
1991 683 2096 731 quod
2129 682 2167 719 in
2194 682 2479 732 participatione

1414 734 1554 783 speciei
1583 735 1774 772 constituit
1798 741 1821 772 ⁰.
1845 736 1972 772 Causa
1990 735 2101 784 igitur
2118 736 2342 773 universalis
2366 735 2480 772 totius

1414 787 1554 836 speciei
1578 801 1657 826 non
1685 796 1742 826 est
1769 801 1884 837 agens
1907 789 2119 826 univocum
2138 794 2167 825 π.
2198 790 2323 826 Causa
2352 796 2479 825 autem

1413 841 1637 879 universalis
1654 848 1710 879 est
1723 842 1828 891 prior
1841 842 2068 892 particulari.
2080 863 2104 869 -
2122 843 2207 879 Hoc
2223 850 2350 879 autem
2365 854 2480 889 agens

1413 894 1641 943 universale,
1663 895 1748 932 licet
1771 908 1850 933 non
1871 896 1916 933 sit
1934 895 2157 943 univocum,
2179 908 2258 932 non
2277 903 2404 932 tamen
2425 902 2480 931 est

1414 948 1575 986 omnino
1611 948 1890 997 aequivocum,
1926 949 2015 997 quia
2050 948 2102 986 sic
2131 961 2210 986 non
2243 949 2383 985 faceret
2410 947 2480 984 sibi

1414 1001 1558 1048 simile;
1587 1002 1656 1039 sed
1683 1010 1809 1051 potest
1835 1002 1906 1040 dici
1930 1015 2046 1051 agens
2065 1002 2304 1051 analogicum
2322 1007 2356 1038 f':
2387 1001 2482 1038 sicut

1413 1055 1452 1092 in
1475 1055 1822 1104 praedicationibus
1842 1056 1974 1093 omnia
1992 1055 2158 1094 univoca
2179 1055 2412 1093 reducuntur
2430 1055 2480 1092 ad

1412 1121 1535 1145 unum
1564 1109 1745 1158 primum,
1771 1122 1850 1147 non
1868 1109 2090 1157 univocum,
2113 1109 2181 1146 sed
2200 1108 2439 1157 analogicum
2453 1114 2479 1155 ⁶,

1414 1163 1520 1210 quod
1550 1169 1605 1198 est
1633 1175 1712 1199 ens.

1468 1217 1526 1251 AD
1555 1227 1746 1252 SECUNDUM
1774 1227 1958 1253 DICENDUM
1979 1215 2084 1264 quod
2104 1215 2308 1252 similitudo
2339 1221 2481 1251 creatu-

1415 1280 1478 1305 rae
1495 1268 1544 1305 ad
1558 1269 1687 1305 Deum
1703 1274 1716 1288 ²
1732 1276 1787 1305 est
1806 1269 2042 1317 imperfecta:
2060 1269 2150 1317 quia
2165 1268 2279 1305 etiam
2294 1280 2364 1304 nec
2379 1267 2481 1304 idem

1415 1321 1628 1358 secundum
1640 1334 1759 1369 genus
1774 1329 2043 1370 repraesentat,
2053 1329 2095 1358 ut
2107 1321 2250 1370 supra*
2260 1321 2403 1358 dictum
2415 1327 2480 1358 est.

1468 1376 1527 1411 An
1553 1386 1713 1412 TERTlUM
1733 1387 1917 1412 DICENDUM
1937 1375 2043 1423 quod
2071 1376 2177 1411 Deus
2202 1387 2281 1411 non
2301 1382 2357 1411 est
2376 1386 2482 1410 men-

1416 1440 1504 1464 sura
1531 1428 1821 1477 proportionata
1840 1427 2080 1466 mensuratis.
2102 1428 2213 1466 Unde
2234 1440 2313 1464 non
2333 1434 2483 1476 oportet

1417 1481 1522 1531 quod
1550 1482 1657 1518 Deus
1691 1488 1727 1518 et
1756 1489 1949 1518 creaturae
1985 1482 2055 1519 sub
2084 1494 2163 1519 uno
2198 1493 2336 1529 genere
2365 1480 2483 1517 conti-

1417 1541 1589 1572 neantur.

1470 1589 1528 1624 Ea
1556 1600 1650 1624 vero
1680 1601 1779 1637 quae
1813 1596 1900 1625 sunt
1918 1588 1957 1625 in
1978 1588 2220 1635 contrarium,
2252 1586 2484 1624 concludunt

1417 1641 1523 1690 quod
1552 1653 1631 1678 non
1659 1641 1824 1678 univoce
1854 1642 2072 1679 huiusmodi
2096 1641 2255 1678 nomina
2275 1641 2321 1678 de
2341 1642 2427 1678 Deo
2448 1648 2484 1676 et

1419 1695 1598 1732 creaturis
1632 1695 1918 1744 praedicentur:
1948 1708 2027 1732 non
2062 1702 2189 1732 autem
2219 1694 2325 1744 quod
2357 1693 2484 1743 aequi-

1418 1760 1528 1785 voce.

1474 1861 1497 1895 ξ)
1516 1863 1708 1896 generationis.
1724 1876 1744 1884 ·-
1763 1864 1921 1888 universalis
1939 1863 2122 1896 generationis
2140 1864 2170 1887 B.

1473 1899 1498 1931 ο)
1518 1899 1666 1924 constituit.
1683 1913 1701 1918 -
1721 1899 1861 1924 univocum
1880 1899 1977 1924 addunt
1995 1899 2050 1923 ΑΒ.

1472 1935 1501 1966 π)
1524 1934 1613 1959 Causa
1632 1934 1765 1968 igitur...
1785 1935 1934 1960 univocum.
1952 1948 1971 1953 -
1989 1934 2051 1959 Om.
2070 1934 2172 1959 codices
2192 1939 2217 1959 et
2236 1934 2275 1958 ed.
2296 1940 2322 1957 a.

1471 1970 1496 2002 ρ)
1516 1970 1696 2003 analogicum.
1713 1984 1732 1988 -
1750 1971 1895 2003 analogum
1915 1970 2039 1995 ABCDE.

1470 2005 1497 2037 σ)
1517 2006 1697 2038 analogicum.
1710 2020 1729 2024 -
1747 2007 1893 2039 analogum
1912 2005 2055 2030 ABCDEF.

1471 2042 1496 2073 τ)
1515 2041 1552 2065 ad
1571 2041 1668 2066 Deum.
1685 2055 1704 2060 —
1721 2048 1739 2066 a
1759 2041 1816 2066 Deo
1835 2042 1905 2066 addit
1922 2042 1954 2066 A.
1973 2055 1992 2059 -
2010 2041 2090 2066 etiam
2110 2050 2163 2067 om.
2182 2043 2211 2067 B.

971 2130 1307 2164 Commentaria
1329 2129 1582 2163 Oanlinalis
1603 2129 1806 2163 Caietam

316 2229 337 2250 N
360 2219 464 2255 titulo,
484 2219 516 2260 ly
540 2221 674 2251 univoce
697 2219 835 2250 sumitur
849 2226 885 2251 ut
900 2220 932 2250 in
949 2219 1224 2250 Praedicamentis
1239 2218 1257 2236 ἦ
1283 2219 1357 2253 defi-

289 2231 449 2295 Iniuntur
471 2263 623 2294 univoca:
654 2274 712 2295 nec
741 2271 869 2304 oportet
892 2264 1006 2294 addere
1039 2271 1094 2294 aut
1125 2263 1289 2300 minuere,
1323 2270 1359 2294 ut

286 2307 383 2340 etiam
406 2308 440 2338 in
462 2307 526 2338 fine
549 2308 646 2339 huius
669 2308 793 2339 articuli
817 2308 941 2339 dicitur.

340 2352 377 2383 In
391 2362 525 2393 corpore
542 2359 694 2394 quatuor:
715 2353 831 2393 primo,
849 2352 1020 2393 respondet
1039 2353 1184 2393 quaesito
1204 2352 1359 2393 negative,

287 2397 377 2438 quod
399 2407 467 2428 non
490 2397 643 2433 univoce;
668 2398 820 2433 secunde,
841 2398 931 2438 quod
950 2407 1008 2428 nec
1031 2397 1205 2438 aequivoce
1229 2407 1308 2438 pure
1323 2396 1360 2432 ἢ

286 2441 390 2478 tertio,
407 2441 542 2473 affirmat
565 2442 655 2483 quod
679 2442 840 2482 analogice
856 2441 892 2478 ἦ
917 2448 1042 2483 quarto,
1063 2449 1227 2482 comparat
1251 2441 1360 2472 analo-

286 2486 385 2527 giam
395 2486 435 2516 ad
459 2486 525 2516 duo
551 2485 752 2526 praedicta&

342 2530 381 2561 11.
395 2531 513 2568 Quoad
522 2532 680 2570 primum,
694 2530 858 2561 conclusio
875 2530 1020 2571 negativa
1036 2538 1095 2562 est:
1105 2531 1256 2563 Nomina
1273 2540 1360 2560 com-

288 2574 400 2606 munia
415 2575 485 2605 Deo
502 2581 533 2605 et
549 2574 706 2611 creaturis,
726 2585 794 2605 non
809 2575 958 2606 dicuntur
973 2575 1012 2606 de
1032 2575 1076 2606 eis
1091 2567 1237 2606 univoce.
1252 2593 1272 2597 -
1284 2574 1361 2604 Pro-

288 2617 381 2651 batur
404 2618 459 2650 sic.
491 2619 607 2650 Omnis
635 2618 764 2650 effectus
787 2619 1017 2661 inadaequatus
1047 2620 1158 2660 recipit
1182 2619 1308 2650 divisim
1332 2625 1362 2649 et

289 2662 507 2703 multipliciter
529 2663 642 2704 quod
633 2673 667 2693 m
684 2673 778 2694 causa
793 2671 839 2695 est
854 2661 1038 2705 simpliciter
1057 2671 1088 2695 et
1106 2663 1222 2695 eodem
1243 2663 1360 2694 modo:

290 2717 366 2748 ergo
389 2707 500 2748 recipit
523 2707 765 2738 similitudinem
792 2708 912 2748 agentis
935 2718 1002 2739 non
1026 2709 1204 2740 secundum
1228 2708 1362 2739 eandem

289 2752 462 2783 rationem:
495 2761 570 2792 ergo
599 2758 757 2783 creaturae
787 2753 975 2793 participant
1004 2753 1131 2783 divisim
1158 2760 1233 2789 etc.,
1259 2752 1361 2793 perfe-

291 2796 411 2828 ctiones
435 2806 518 2837 quae
540 2796 574 2826 in
597 2796 667 2827 Deo
694 2796 780 2827 unite
804 2804 887 2828 sunt.
912 2798 998 2839 Ergo
1022 2798 1154 2828 nomina
1176 2794 1362 2828 c'ommunia

290 2840 519 2881 perfectionem
547 2841 769 2881 importantia,
795 2851 870 2872 cum
894 2842 932 2872 de
957 2842 1105 2873 creaturis
1133 2842 1296 2878 dicuntur,
1322 2841 1361 2871 si-

290 2884 441 2926 gnificant
464 2885 584 2926 aliquid
608 2885 793 2916 distinctum
812 2886 851 2916 ab
867 2886 954 2917 aliis:
981 2887 1020 2917 de
1042 2887 1112 2917 Deo
1136 2893 1244 2917 autem
1269 2886 1360 2922 dicta,

290 2939 358 2960 non
381 2929 559 2971 significant
581 2929 702 2970 aliquid
721 2937 757 2961 ut
773 2930 966 2962 distinctum.
991 2931 1077 2971 Ergo
1100 2930 1287 2961 huiusmodi
1304 2940 1362 2960 no—

289 2973 388 3010 mina,
405 2974 487 3005 dicta
511 2975 550 3005 de
573 2974 731 3010 creaturis,
750 2975 1026 3015 comprehendunt
1048 2985 1115 3005 rem
1139 2974 1360 3015 significatam:

291 3018 331 3048 de
354 3018 424 3048 Deo
447 3024 566 3055 autem,
583 3019 768 3059 relinquunt
790 3029 858 3050 rem
874 3019 1081 3060 significatam
1104 3026 1140 3050 ut
1160 3019 1362 3050 excedentem

291 3061 432 3092 nominis
455 3062 728 3103 significationem.
753 3063 839 3104 Ergo
863 3063 1049 3095 huiusmodi
1073 3063 1205 3094 nomina
1228 3074 1295 3094 non
1319 3063 1363 3093 di-

293 3112 408 3137 cuntur
431 3106 470 3137 de
493 3107 562 3138 Deo
586 3114 617 3138 et
639 3107 708 3138 aliis
732 3108 910 3139 secundum
933 3109 1068 3139 eandem
1086 3109 1251 3139 rationem.
1277 3108 1361 3148 Ergo

291 3160 360 3180 non
383 3150 532 3182 dicuntur
554 3152 690 3183 univoce
708 3152 747 3182 de
770 3152 840 3183 Deo
865 3159 896 3184 et
914 3153 1072 3184 creaturis.

346 3189 544 3232 Antecedens
568 3196 742 3227 declaratur
766 3197 912 3237 exemplo
935 3197 1011 3228 solis
1039 3204 1070 3228 et
1092 3197 1294 3228 inferiorum:
1319 3196 1362 3227 ita

292 3239 383 3280 quod
406 3239 573 3270 declaratio
596 3250 664 3271 non
688 3247 734 3271 est
760 3248 826 3272 tam
852 3241 1047 3282 exemplaris,
1065 3252 1164 3282 quam
1181 3240 1362 3281 proportio-

291 3283 382 3314 nalis.
407 3283 454 3313 Ex
473 3293 538 3323 qua
560 3284 655 3315 etiam
677 3285 983 3326 proportionalitate,
1009 3286 1111 3326 prima
1135 3284 1361 3326 consequentia

292 3326 459 3358 manifesta
482 3327 587 3358 relicta
611 3335 666 3365 est,
691 3339 765 3360 cum
784 3331 933 3361 secunda.
957 3330 1066 3361 Tertia
1080 3337 1197 3366 autem,
1218 3340 1292 3360 cum
1315 3339 1361 3359 re-

292 3371 398 3413 liquis,
423 3371 456 3401 in
479 3371 581 3402 littera
603 3379 639 3403 ut
662 3383 718 3414 per
740 3384 774 3404 se
796 3381 873 3405 nota
894 3374 1091 3416 relinquitur,
1116 3384 1155 3404 eo
1179 3374 1268 3415 quod
1285 3384 1303 3404 a
1321 3373 1361 3403 si-

292 3415 446 3458 gnificatis
462 3415 649 3447 formalibus
672 3418 712 3447 ad
728 3418 935 3458 significantia
954 3426 990 3450 ut
1012 3419 1066 3455 sic,
1082 3419 1190 3459 quoad
1207 3418 1361 3449 unitatem

293 3468 325 3492 et
347 3460 561 3501 pluralitatem
584 3460 723 3497 rationis,
747 3462 908 3503 liquidum
926 3470 973 3494 est
991 3473 1177 3503 processum
1196 3473 1263 3493 esse
1279 3462 1360 3503 opti-

293 3515 396 3536 mum.
428 3505 539 3545 Ipsum
566 3510 674 3535 tamen
698 3515 895 3547 consequens
925 3507 1033 3538 tertiae
1063 3506 1307 3548 consequentiae
1331 3513 1362 3537 et

294 3556 440 3591 quartae,
466 3548 640 3579 declaratur
669 3550 886 3590 exemplariter
915 3551 947 3582 in
971 3552 1004 3592 ly
1026 3553 1179 3592 sapiens,
1203 3552 1292 3592 quod
1316 3557 1362 3581 est

293 3604 414 3625 nomen
438 3603 610 3625 commune
634 3593 704 3623 Deo
729 3600 759 3624 et
782 3595 929 3625 creaturis
952 3596 1070 3627 multis.

1469 2219 1520 2249 111.
1542 2218 1633 2250 Circa
1664 2219 1800 2260 primam
1824 2220 2085 2261 consequentiam
2117 2220 2252 2251 occurrit
2275 2231 2333 2260 pro
2358 2221 2484 2252 novitiis

1416 2263 1561 2299 dubium,
1581 2263 1658 2304 quia
1674 2274 1740 2294 non
1759 2264 1883 2295 videtur
1901 2265 2017 2295 valere:
2034 2275 2072 2295 eo
2090 2265 2179 2305 quod
2195 2265 2295 2295 multa
2314 2272 2387 2296 sunt
2404 2266 2484 2296 eius-

1415 2308 1489 2338 dem
1513 2308 1643 2338 rationis
1667 2318 1789 2348 genere,
1814 2309 1863 2339 vel
1887 2309 1999 2339 saltem
2033 2309 2167 2339 univoce
2191 2309 2414 2340 univocatione
2436 2311 2484 2340 lo-

1414 2352 1493 2392 gica,
1514 2352 1553 2382 de
1576 2363 1640 2393 qua
1664 2359 1711 2383 est
1729 2363 1843 2389 sermo,
1869 2353 1901 2383 in
1927 2354 2113 2394 corporibus
2137 2353 2337 2384 inferioribus
2367 2361 2397 2385 et
2420 2365 2485 2385 cae—

1414 2396 1561 2432 lestibus;
1587 2404 1617 2428 et
1640 2404 1747 2428 tamen
1770 2397 1918 2428 inferiora
1940 2398 2017 2428 haec
2041 2405 2264 2438 comparantur
2287 2399 2326 2428 ad
2341 2399 2484 2429 caelestia

1416 2451 1566 2481 corpora,
1587 2448 1622 2472 ut
1645 2441 1685 2471 ad
1701 2452 1809 2472 causas
1830 2442 1916 2472 unite
1931 2442 2078 2473 habentia
2104 2452 2185 2483 quae
2201 2442 2252 2472 hic
2271 2442 2397 2473 divisim
2413 2453 2483 2483 par-

1416 2485 1595 2526 ticipantur.
1610 2504 1629 2508 —
1642 2486 1840 2516 Antecedens
1856 2493 1957 2526 patet:
1985 2487 2176 2530 corporeitas
2192 2486 2277 2517 enim
2301 2493 2332 2517 et
2354 2487 2482 2527 diapha-

1416 2530 1515 2560 neitas
1539 2537 1569 2560 et
1592 2530 1702 2560 lumen
1722 2538 1791 2566 etc.‚
1812 2537 1886 2561 sunt
1909 2531 2052 2561 eiusdem
2074 2530 2203 2561 rationis
2227 2531 2278 2561 hic
2301 2538 2332 2561 et
2354 2531 2408 2562 ibi.

1473 2574 1525 2605 IV.
1546 2574 1597 2604 Ad
1613 2574 1675 2604 hoc
1698 2575 1831 2605 breviter
1847 2574 1969 2611 dicitur,
1987 2575 2074 2615 quod
2091 2575 2143 2605 ina
2159 2575 2298 2606 maxima
2321 2583 2483 2615 assumpta

1415 2618 1448 2648 in
1472 2619 1685 2654 antecedente,
1704 2628 1740 2649 ex
1764 2629 1827 2659 qua
1851 2619 1983 2650 infertur
2006 2619 2166 2650 diversitas
2183 2619 2322 2656 rationis,
2338 2620 2482 2660 intelligi-

1416 2670 1468 2693 tur
1491 2662 1678 2698 formaliter,
1704 2663 1784 2693 idest
1807 2669 1843 2694 ut
1864 2664 1930 2694 sic:
1954 2664 1997 2694 ita
2020 2664 2110 2704 quod
2138 2674 2262 2704 semper
2285 2664 2481 2704 participatio

1417 2707 1543 2737 divisim
1569 2707 1636 2737 eius
1655 2707 1744 2747 quod
1768 2707 1951 2747 simpliciter
1972 2718 2007 2738 ac
2031 2708 2118 2739 unite
2135 2715 2182 2739 est
2204 2708 2237 2738 in
2261 2718 2363 2745 causa,
2382 2709 2484 2739 exclu-

1417 2751 1463 2782 dit
1485 2751 1681 2782 identitatem
1704 2751 1843 2787 rationis,
1869 2752 1964 2783 etiam
1987 2753 2139 2792 logicam,
2166 2753 2204 2783 ab
2228 2752 2281 2783 illa
2303 2763 2336 2783 re
2360 2753 2482 2793 partici-

1416 2802 1505 2836 pata;
1523 2806 1589 2826 non
1612 2802 1721 2826 autem
1744 2796 1782 2826 ab
1806 2796 1884 2832 aliis,
1905 2796 1931 2826 si
1955 2807 2018 2838 qua
2035 2797 2095 2827 alia
2118 2804 2193 2828 sunt
2212 2796 2335 2827 effectui
2358 2804 2389 2828 et
2410 2807 2482 2827 cau-

1417 2850 1468 2871 sae
1493 2840 1678 2871 communia
1703 2850 1769 2870 non
1804 2850 1842 2871 ex
1864 2840 1895 2871 vi
1918 2841 1988 2871 talis
2012 2841 2270 2881 participationis.
2297 2841 2348 2872 Sic
2376 2848 2483 2872 autern

1417 2884 1572 2924 contingit
1593 2885 1627 2915 in
1650 2884 1881 2915 obiectionibus
1909 2885 2020 2916 allatis.
2042 2886 2124 2916 Nam
2150 2885 2373 2926 diaphaneitas‚
2396 2892 2426 2916 et
2441 2885 2483 2916 si-

1416 2929 1513 2965 milia,
1532 2929 1658 2959 divisim
1674 2935 1748 2959 sunt
1762 2928 1795 2959 in
1811 2929 2037 2969 superioribus,
2055 2930 2135 2961 sicut
2154 2937 2186 2960 et
2200 2930 2260 2960 hic.
2279 2929 2482 2970 Corporeitas

1417 2980 1533 3010 autem,
1551 2973 1577 3003 si
1597 2973 1684 3003 unite
1707 2972 1751 3003 ibi
1774 2980 1829 3009 est,
1847 2973 1964 3005 scilicet
1987 2975 2105 3015 absque
2129 2974 2361 3014 compositione
2384 2981 2481 3004 mate-

1416 3018 1479 3049 riae
1496 3024 1526 3048 et
1542 3017 1672 3053 formae,
1690 3024 1726 3048 ut
1748 3024 1841 3058 putat
1862 3020 2018 3049 Averroes
2033 3018 2060 3055 ὓ,
2081 3018 2216 3049 univoce
2234 3028 2300 3048 non
2315 3018 2428 3048 dicitur
2443 3018 2519 3048 de

1416 3062 1478 3092 illis
1502 3069 1532 3093 et
1554 3062 1630 3092 isu's.
1658 3061 1750 3092 Unde
1773 3062 1841 3102 ipse
1855 3064 2011 3093 Averroes
2031 3070 2133 3103 negat,
2151 3073 2247 3102 super
2260 3062 2480 3103 Porphyrio,
2454 3062 2472 3082 *

1417 3117 1532 3147 corpus
1556 3116 1623 3137 esse
1646 3116 1746 3146 genus
1770 3106 2015 3146 praedicamenti
2034 3107 2241 3142 Substantiae,
2259 3113 2290 3137 et
2304 3107 2396 3146 ponit
2412 3117 2482 3137 cor-

1410 3161 1477 3192 pus
1500 3151 1724 3191 compositum,
1749 3157 1807 3182 etc.
1833 3151 1866 3182 Si
1889 3158 1997 3182 autem
2021 3161 2057 3182 ex
2088 3151 2217 3182 materia
2241 3157 2271 3181 et
2301 3150 2405 3181 forma
2435 3161 2482 3182 re-

1417 3196 1512 3226 sultat
1527 3195 1622 3226 etiarn
1637 3195 1690 3231 ibi,
1707 3194 1772 3225 iam
1788 3202 1874 3235 patet
1892 3196 1981 3236 quod
1998 3195 2122 3226 divisim
2138 3195 2233 3226 etiam
2251 3194 2294 3225 ibi
2308 3195 2450 3226 habetur.
2461 3213 2482 3218 —

1415 3241 1585 3280 Propterea
1608 3239 1702 3270 dicito
1719 3240 1809 3279 quod
1832 3250 1966 3280 corpora
1983 3240 2134 3276 caelestia,
2151 3239 2342 3280 inquantum
2365 3239 2482 3270 habent

1416 3284 1536 3325 aliquid
1560 3283 1646 3314 unite
1670 3283 1759 3324 quod
1777 3284 1981 3324 participatur
2006 3284 2056 3314 hic
2079 3283 2214 3320 divisim,
2235 3290 2271 3314 ut
2293 3283 2416 3314 videtur
2442 3284 2480 3314 de

1415 3328 1582 3359 virtutibus
1605 3327 1722 3364 activis,
1740 3338 1877 3368 quarum
1901 3338 2012 3358 omnes
2028 3335 2083 3359 aut
2096 3328 2212 3358 multas
2228 3327 2261 3357 in
2285 3327 2378 3358 unica
2401 3328 2481 3358 lucis

1416 3380 1527 3404 natura
1550 3372 1676 3408 habent,
1696 3372 1775 3402 nihil
1798 3372 1915 3403 habent
1938 3373 2080 3403 eiusdem
2102 3371 2231 3403 rationis
2255 3382 2330 3402 cum
2351 3371 2427 3403 istis.

1472 3418 1510 3447 V.
1537 3416 1628 3447 Circa
1644 3416 1768 3447 tertiam
1792 3416 2051 3458 consequentiam
2074 3416 2239 3447 difficultas
2262 3416 2398 3447 occurrit
2415 3426 2482 3447 non

1415 3472 1519 3502 parva,
1537 3471 1573 3491 ex
1593 3461 1720 3491 duobus
1736 3461 1899 3500 capitibus.
1919 3462 2038 3499 Primo,
2056 3461 2145 3501 quod
2160 3461 2385 3501 consequentia
2404 3460 2482 3490 nihil

1414 3506 1507 3545 valet,
1527 3505 1685 3546 quoniam
1697 3505 1840 3545 procedit
1855 3516 1873 3535 a
1883 3515 1988 3535 rerum
2006 3504 2240 3536 conditionibus
2255 3505 2294 3535 ad
2311 3505 2482 3535 nominum

1416 3550 1624 3581 conditiones.
1650 3549 1784 3580 Constat
1807 3549 1892 3580 enim
1908 3549 2103 3580 intellectum
2125 3555 2281 3585 nostrum,
2306 3559 2323 3579 a
2339 3559 2405 3590 quo
2429 3549 2480 3579 de-

1417 3595 1555 3636 pendent
1571 3593 1711 3630 nomina,
1729 3600 1840 3624 natum
1857 3603 1923 3624 esse
1939 3593 2075 3624 adunata
2091 3593 2245 3630 dividere;
2271 3600 2301 3624 et
2316 3600 2481 3634 propterea

2608 1276 2622 1293 τ

2509 1335 2518 1343 ·
2535 1334 2582 1361 Qu.
2598 1340 2628 1361 tv,
2644 1338 2686 1355 art.
2701 1340 2722 1362 3.

2533 3024 2569 3046 De
2583 3024 2722 3046 Substantia

2512 3051 2589 3078 Orbis,
2601 3057 2652 3079 cap.
2664 3057 2692 3078 11,
2701 3055 2722 3072 et

2473 3068 2630 3132 Ρὶὲἑξές.
2637 3109 2722 3132 ειμι.
