2768 4178
67 599 77 609 ⁶
93 597 129 620 Cf.
144 603 209 619 num.
223 603 255 619 ιιι.

65 642 78 654 ”“
92 642 128 665 Cf.
142 648 206 664 num.
221 648 251 664 rv.

70 1042 81 1053 ¹⁸
96 1041 132 1063 Cf.
147 1046 211 1062 num.
224 1046 241 1062 1.

70 1213 80 1221 '¹
94 1214 146 1234 Art.
161 1217 177 1239 1,
192 1218 215 1238 4.

70 1564 81 1574 ·
96 1562 132 1585 Cf.
146 1568 211 1585 num.
225 1569 242 1584 1.

301 270 376 318 342

990 274 1256 321 QUAESTIO
1287 274 1412 321 XXX,
1442 273 1738 310 ARTICULUS
1770 273 1821 309 lV

987 405 1317 438 Commentaria
1340 405 1588 438 Cardinalis
1610 404 1809 438 Caietam

367 517 474 539 umus
491 507 591 538 clarus
608 514 663 538 est.
674 524 692 530 -
705 507 741 537 In
758 517 890 547 corpore
911 508 967 538 tria
984 507 1072 537 facit:
1096 506 1210 547 primo,
1233 506 1369 537 ostendit

309 521 445 593 Tquid
464 551 593 588 clarum,
611 558 642 582 et
657 551 734 592 quid
751 551 938 591 ambiguum
953 551 1003 581 hic
1023 551 1077 587 sit;
1105 550 1255 586 secundo,
1277 549 1370 581 refert

306 596 442 626 aliorum
459 595 626 636 opiniones
642 595 722 626 circa
737 595 816 626 illud
831 595 1019 635 ambiguum
1032 594 1062 631 *;
1083 594 1185 630 tertio,
1201 595 1371 634 respondet

306 639 450 681 quaesito
474 639 713 670 determinando
727 637 754 670 *.

365 684 402 714 11.
428 683 544 720 Quoad
563 685 722 724 primum,
747 683 805 713 tria
833 683 916 713 dicit.
936 682 1053 718 Primo,
1079 682 1117 712 de
1143 682 1371 712 communitate

307 727 402 758 huius
419 727 568 764 nominis,
585 728 675 768 quod
690 734 736 758 est
751 726 925 757 manifesta.
946 726 987 757 Et
1003 726 1116 766 probat
1131 736 1167 756 ex
1183 726 1253 766 ipso
1270 726 1370 756 modo

307 771 475 812 loquendi:
497 771 631 802 dicimus
648 771 733 802 enim
750 777 815 802 tres
824 780 993 811 personas.
1007 788 1027 792 -
1043 770 1200 806 Secunde,
1217 770 1255 799 de
1270 769 1370 800 modo

309 815 562 852 communitatis,
587 816 676 856 quod
699 822 745 846 est
768 815 862 845 etiarn
885 814 1070 844 manifestus
1098 813 1240 853 negative
1263 813 1372 853 quoad

308 860 444 890 modum
459 859 552 889 illurn
567 869 633 900 quo
658 859 791 890 essentia
808 858 912 889 divina
928 865 974 889 est
991 857 1189 888 communis:
1215 857 1289 897 quia
1305 867 1371 887 non

309 910 355 934 est
378 913 442 933 una
465 913 601 943 persona
631 903 812 934 communis
842 902 940 933 tribus
971 901 1124 942 personis.
1141 919 1161 924 -—
1178 901 1304 937 Tertio,
1333 901 1371 930 de

308 948 409 978 modo
434 947 679 983 communitatis,
704 947 793 987 quod
816 953 909 978 restat
928 946 1105 986 ambiguuS‚
1123 945 1291 986 quomodo
1315 944 1371 975 sci-

307 992 379 1022 licet
397 1001 538 1031 persona
562 991 602 1021 sit
625 990 804 1021 communis
828 990 937 1021 tribus.

364 1035 415 1065 111.
437 1035 553 1072 Quoad
574 1034 748 1065 secundum
764 1034 791 1070 *,
816 1034 897 1064 duae
920 1033 1096 1064 referuntur
1115 1033 1303 1073 opiniones:
1327 1032 1372 1063 al-

309 1086 392 1115 tera,
417 1079 506 1119 quod
529 1085 575 1108 est
598 1077 810 1108 communitas
840 1077 1034 1117 negationis;
1066 1077 1179 1113 altera,
1209 1076 1299 1117 quod
1326 1083 1373 1107 est

310 1122 522 1153 communitas
540 1122 733 1152 intentionis.
759 1121 813 1151 Illa
837 1120 1137 1162 super'definitione
1156 1120 1290 1157 Ricardi,
1314 1121 1373 1151 ista

310 1176 404 1206 super
420 1165 602 1197 definitione
617 1165 719 1196 Boetii
736 1165 866 1196 fundata
882 1172 937 1196 est.
954 1182 972 1188 —
989 1165 1130 1206 Utraque
1144 1172 1250 1195 tamen
1269 1175 1374 1205 repre-

310 1210 459 1240 henditur
477 1219 514 1240 ex
529 1209 816 1250 praedeterminatis
831 1209 864 1239 in
879 1209 1076 1249 praecedenti
1095 1209 1280 1250 quaestione
1291 1209 1318 1245 *,
1334 1209 1372 1239 de

309 1253 535 1294 significatione
553 1262 732 1293 personae:
755 1253 845 1294 quod
864 1253 981 1284 scilicet
998 1260 1045 1284 est
1059 1262 1179 1284 nomen
1195 1252 1372 1293 significans

308 1298 341 1328 in
365 1297 476 1328 divinis
500 1297 684 1328 relationem
707 1307 764 1337 per
785 1298 922 1328 modum
944 1297 1142 1338 hypostasis,
1176 1304 1206 1328 et
1228 1297 1261 1327 in
1286 1307 1373 1327 corn-

309 1341 400 1372 muni
423 1341 631 1372 substantiam
654 1341 792 1381 primam
814 1341 975 1372 rationalis
999 1347 1147 1377 naturae;
1172 1351 1208 1372 ac
1226 1351 1282 1381 per
1299 1341 1371 1378 hoc,

310 1396 367 1416 nec
389 1385 574 1416 intentionis
604 1395 662 1416 nec
690 1385 865 1425 negationis
894 1392 940 1415 est
962 1395 1091 1416 nomen.
1124 1385 1165 1416 Et
1188 1395 1263 1416 cum
1287 1395 1373 1416 corn-

309 1429 448 1460 munitas
472 1429 649 1460 attendatur
671 1439 768 1469 penes
793 1428 1013 1469 significatum,
1038 1429 1180 1470 sequitur
1203 1430 1290 1470 quod
1307 1439 1373 1459 non

311 1474 350 1504 sit
374 1473 586 1504 communitas
609 1473 792 1504 intentionis
816 1480 870 1504 aut
893 1473 1084 1514 negationis,
1114 1473 1168 1503 sed
1190 1473 1234 1504 rei
1258 1472 1373 1513 signifi-

311 1524 407 1549 eatae.

368 1562 421 1592 IV.
438 1561 556 1598 Quoad
579 1562 708 1592 tertium
723 1560 749 1597 *‚
775 1561 938 1591 conclusio
953 1561 1136 1602 responsiva
1152 1561 1295 1601 quaesito
1311 1567 1372 1592 est:

309 1606 437 1636 Nomen
453 1615 615 1645 personae
638 1612 683 1636 est
707 1615 879 1635 commune
902 1605 1002 1636 tribus
1025 1604 1167 1645 personis
1191 1605 1305 1635 divinis
1328 1615 1374 1635 se-

311 1650 453 1680 cundum
476 1649 646 1685 rationem,
670 1659 737 1679 non
760 1648 841 1679 sicut
863 1659 963 1689 genus
986 1649 1036 1679 vel
1059 1649 1191 1690 species,
1217 1649 1271 1679 sed
1295 1649 1375 1679 sicut

310 1693 512 1724 individuum
525 1703 652 1733 vagum.
668 1711 688 1715 -
702 1693 789 1723 Haec
806 1692 969 1723 conclusio
986 1693 1091 1733 primo
1116 1693 1303 1729 declaratur;
1329 1703 1374 1723 se-

311 1738 427 1773 cundo,
452 1737 612 1777 probatur.

367 1781 550 1812 Declaratur
566 1781 696 1822 quidem
713 1791 750 1812 ex
766 1780 937 1812 differentia
960 1780 1040 1812 inter
1056 1780 1298 1821 significationes
1318 1791 1375 1811 no-

1424 507 1548 537 minum
1572 506 1707 547 generici
1731 516 1786 537 seu
1810 506 1955 547 specifici,
1979 506 2133 537 individui
2155 505 2236 546 vagi,
2257 512 2288 536 et
2307 505 2488 546 singularis:

1425 558 1455 581 et
1470 561 1578 582 rursus
1596 561 1632 581 ex
1648 550 1820 581 differentia
1836 551 2034 581 diversorum
2051 550 2222 580 nominum
2237 549 2391 580 individui
2407 550 2487 590 vagi.

1425 595 1509 632 Quia
1532 594 1649 625 scilicet
1671 595 1763 625 homo
1787 605 1843 625 seu
1866 595 1990 625 animal
2019 594 2171 635 significat
2197 594 2301 634 ipsam
2324 601 2488 624 naturam:

1424 639 1542 679 aliquis
1559 639 1664 676 homo,
1682 648 1737 669 seu
1750 648 1894 679 persona
1909 639 2063 676 humana,
2081 637 2234 678 significat
2250 644 2396 668 naturam
2415 648 2490 669 curn

1426 682 1632 713 determinato
1666 683 1764 713 modo
1797 683 1936 713 essendi:
1969 682 2118 713 Socrates
2141 692 2215 712 vero
2249 681 2402 722 significat
2427 682 2492 712 hoc

1425 726 1597 757 subsistens
1612 726 1646 756 in
1662 733 1783 757 natura.
1801 744 1821 749 -·
1837 727 1899 757 Sed
1918 733 1948 757 et
1963 727 2080 767 aliquis
2103 727 2195 757 homo
2215 733 2246 756 et
2263 735 2406 766 persona
2422 735 2489 756 non

1426 770 1540 800 eodem
1563 770 1663 800 modo
1686 770 1772 800 idem
1796 770 1986 810 significant:
2012 770 2167 811 quoniam
2183 780 2327 810 persona
2347 780 2383 800 ex
2403 776 2491 810 parte

1426 814 1533 850 modi,
1567 813 1684 844 scilicet
1713 814 1948 851 subsistentiae;
1981 815 2098 855 aliquis
2124 824 2199 844 vero
2227 815 2320 845 homo
2344 823 2381 844 ex
2403 820 2491 854 parte

1426 864 1570 894 naturae,
1595 857 1906 897 particularizationis
1930 857 2079 889 adiuncto
2103 859 2213 894 modo,
2239 857 2401 898 significat.

1483 901 1638 931 Probatur
1658 907 1765 931 autem
1784 901 1836 932 sic.
1862 902 1939 932 Esse
1963 902 2134 932 subsistens
2154 902 2338 933 distinctum
2354 903 2392 932 ab
2412 901 2490 938 aliis,

1427 954 1600 975 commune
1617 952 1663 975 est
1678 945 1777 975 tribus
1796 945 1938 985 personis
1955 945 2085 976 divinis:
2110 956 2185 986 ergo
2194 956 2357 986 personae
2372 956 2492 976 nomen

1427 995 1473 1019 est
1505 988 1548 1019 eis
1582 988 1625 1019 sic
1653 998 1834 1020 commune.
1866 989 1908 1019 Et
1939 989 1964 1019 si
1995 990 2190 1020 antecedenti
2220 990 2371 1030 adiungas
2402 990 2492 1030 quod

1426 1032 1534 1073 ipsum
1562 1042 1628 1063 non
1658 1043 1690 1063 se
1713 1032 1808 1063 habet
1834 1033 1874 1062 ad
1896 1043 2047 1073 personas
2077 1033 2197 1064 divinas
2225 1041 2260 1064 ut
2287 1034 2406 1074 species
2437 1041 2492 1065 aut

1426 1086 1536 1117 genus,
1557 1077 1611 1107 sed
1635 1083 1670 1107 ut
1692 1076 1894 1107 individuum
1917 1087 2044 1117 vagum,
2067 1077 2218 1108 inferetur
2241 1084 2308 1108 tota
2327 1077 2490 1108 conclusio

1427 1128 1463 1152 ut
1486 1120 1650 1161 proposita
1674 1127 1730 1151 est.

1484 1165 1523 1195 V.
1548 1164 1639 1195 Circa
1662 1164 1819 1205 praedicta
1842 1164 1967 1196 adverte
1995 1165 2099 1205 quod,
2125 1175 2199 1195 cum
2222 1165 2255 1195 in
2279 1164 2393 1195 divinis
2416 1165 2493 1196 dici-

1427 1219 1510 1245 mus,
1534 1209 1633 1239 Pater
1648 1214 1695 1239 est
1716 1209 1816 1246 Deus,
1843 1215 1873 1239 et
1891 1219 2008 1245 rursus,
2033 1209 2131 1239 Pater
2146 1214 2193 1240 est
2209 1218 2354 1250 persona
2369 1208 2492 1246 divina,

1426 1253 1499 1284 licet
1514 1253 1730 1293 praedicatum
1745 1253 1901 1283 secundae
1924 1259 2067 1293 respectu
2091 1252 2260 1293 praedicati
2275 1252 2396 1293 primae
2411 1252 2495 1283 dicat

1428 1297 1564 1327 modum
1593 1297 1694 1333 illius,
1719 1307 1755 1327 ac
1778 1303 1944 1337 propterea
1967 1297 2088 1328 dicatur
2116 1307 2287 1327 commune
2316 1303 2353 1328 ut
2381 1296 2494 1327 indivi-

1428 1342 1531 1371 duum
1545 1350 1678 1381 vagum;
1703 1347 1846 1381 respectu
1865 1348 1971 1371 tamen
1988 1341 2130 1380 subiecti,
2151 1348 2196 1372 est
2212 1341 2428 1381 praedicatum
2447 1350 2494 1371 es-

1428 1385 1567 1416 sentiale.
1585 1385 1674 1415 Tum
1690 1395 1727 1415 ex
1742 1384 1862 1416 ratione
1878 1385 2058 1416 communi:
2079 1385 2154 1426 quia
2170 1385 2287 1416 modus
2305 1384 2494 1417 subsistendi

1428 1428 1599 1462 essentialis
1615 1435 1662 1459 est
1677 1428 1886 1468 singularibus
1901 1429 2104 1460 substantiae.
2129 1430 2217 1460 Tum
2233 1439 2271 1459 ex
2285 1429 2406 1460 ratione
2423 1438 2494 1469 spe-

1429 1473 1516 1504 ciali:
1542 1472 1616 1514 quia
1628 1482 1770 1513 persona
1792 1473 1900 1504 divina
1924 1473 2110 1504 relationem
2127 1472 2288 1514 significat,
2306 1483 2405 1514 quam
2419 1482 2494 1503 con-

1429 1524 1489 1548 stat
1507 1516 1709 1548 essentialiter
1731 1517 1902 1557 praedicari
1926 1517 1964 1547 de
1988 1517 2173 1558 paternitate
2195 1517 2246 1547 vel
2267 1516 2431 1548 filiatione.
2454 1516 2496 1547 Et

1430 1567 1510 1592 esset
1533 1560 1634 1591 simile
1663 1561 1701 1591 de
1725 1561 1831 1591 colore
1855 1568 1998 1601 respectu
2022 1561 2174 1592 albedinis
2203 1568 2234 1592 et
2257 1561 2444 1601 nigredinis,
2468 1559 2495 1591 si

1429 1605 1541 1635 albedo
1559 1611 1590 1635 et
1605 1604 1736 1645 nigredo
1756 1605 1982 1637 constituerent
2004 1605 2161 1645 singulare
2178 1605 2378 1636 substantiae.
2402 1604 2496 1636 Unde

1429 1655 1515 1689 patet
1537 1649 1627 1690 quod
1650 1649 1773 1685 Scotus,
1799 1649 1837 1679 de
1861 1648 2088 1689 significatione
2117 1656 2147 1680 et
2171 1649 2400 1680 communitate
2417 1658 2495 1689 per-

1429 1703 1527 1724 sonae
1545 1693 1579 1723 in
1597 1692 1784 1733 supradictis
1798 1690 1814 1708 '³
1829 1699 1963 1724 tractans
1982 1693 2070 1729 locis,
2088 1700 2118 1724 et
2133 1703 2257 1733 ponens
2281 1693 2495 1724 communita-

1429 1743 1495 1768 tem
1509 1736 1695 1777 negationis,
1720 1743 1775 1767 aut
1798 1737 1924 1777 positivi
1948 1747 2004 1777 per
2019 1737 2156 1768 modum
2179 1737 2310 1778 proprii,
2328 1743 2359 1768 et
2374 1747 2392 1767 a
2408 1746 2497 1778 prae-

1430 1781 1509 1811 senti
1529 1781 1664 1811 deviavit
1682 1780 1841 1817 doctrina,
1867 1788 1897 1812 et
1916 1781 1994 1811 nihil
2013 1781 2159 1821 probavit
2179 1780 2377 1822 oppositum.

2510 1704 2514 1707 -
2521 1693 2534 1704 ⁴
2540 1692 2658 1721 Qnanx,
2664 1695 2706 1714 nrt.
2712 1698 2741 1720 4,

2524 1719 2657 1742 commem.
2667 1724 2689 1741 a.
2698 1724 2743 1741 vn-
