2768 4178
35 645 45 656 ·
61 645 110 673 Qu.
124 650 197 672 nvn,
206 647 248 666 art.

34 677 57 699 2,
71 672 101 693 ad
115 677 134 694 1.

37 1334 237 1365 'mmm-³·

946 245 1214 291 QUAESTIO
1244 219 1708 291 XLIX,'ART1CULUS
1739 247 1787 281 111

278 333 359 358 esse
379 322 533 368 malam,
555 322 643 371 quia
663 322 872 360 combussit
892 323 1051 359 domum
1074 322 1230 359 alicuius
1250 335 1342 371 pau-

275 374 388 423 peris.
405 396 429 402 —
451 375 636 412 Iudicium
668 383 796 413 autem
831 376 879 413 de
907 376 1074 412 bonitate
1103 375 1260 412 alicuius
1290 376 1341 411 rei

276 440 355 464 non
385 436 440 465 est
467 428 732 477 accipiendum
759 429 970 465 secundum
1001 428 1175 465 ordinem
1205 429 1252 464 ad
1281 428 1343 464 ali-

277 480 369 530 quid
396 481 641 530 particulare;
672 482 739 519 sed
772 482 984 518 secundum
1012 482 1192 530 seipsum,
1223 489 1260 518 et
1287 494 1343 518 se-

277 534 448 571 cundum
483 534 659 571 ordinem
688 535 737 571 ad
765 542 888 571 toturn
925 530 1170 581 universum,
1199 534 1237 570 in
1266 546 1343 582 quo

277 587 468 636 quaelibet
496 600 555 624 res
583 599 698 624 suum
717 588 845 624 locum
865 587 1144 624 ordinatissime
1172 594 1283 634 tenet,
1304 595 1345 623 ut

277 652 324 676 ex
353 640 460 677 dictis
479 640 500 662 ‘¹‘
526 647 641 689 patet.

332 693 512 730 Similiter
531 693 658 739 etiam,
680 692 768 740 quia
786 691 799 712 ⁰
827 693 1054 730 invenerunt
1077 693 1241 730 duorum
1262 705 1345 741 par-

276 747 490 784 ticularium
529 746 735 782 effectuum
775 746 1050 783 contrariorum
1089 746 1182 782 duas
1213 759 1344 782 causas

276 799 522 849 particulares
542 798 765 845 contrarias,
787 799 1029 836 nesciverunt
1057 799 1236 836 reducere
1258 812 1344 836 cau-

278 865 338 890 sas
366 852 610 901 particulares
630 852 835 889 contrarias
855 853 894 889 in
914 865 1069 889 causam
1089 852 1343 889 universalem

278 917 541 942 communem.
572 906 621 941 Et
649 905 735 942 ideo
763 918 886 954 usque
916 906 963 943 ad
988 906 1111 954 prima
1136 905 1345 954 principia‘

278 958 582 995 contrarietatem
610 958 648 994 in
678 959 799 996 causis
820 971 902 996 esse
929 959 1203 995 iudicaverunt.
1224 980 1247 985 -
1269 959 1344 996 Sed

278 1024 367 1048 cum
389 1012 519 1049 omnia
540 1012 728 1048 contraria
744 1012 974 1049 conveniant
988 1012 1026 1048 in
1040 1024 1118 1048 uno
1136 1012 1343 1058 communi,

278 1077 434 1102 necesse
456 1072 511 1102 est
524 1065 563 1101 in
580 1065 644 1111 eis,
661 1077 775 1114 supra
791 1078 923 1102 causas
940 1065 1144 1102 contrarias
1159 1064 1343 1113 proprias,

278 1117 441 1155 inveniri
476 1130 595 1166 unam
625 1130 780 1155 causam
810 1130 1080 1155 communem:
1110 1118 1205 1154 sicut
1232 1130 1346 1166 supra

279 1171 476 1220 qualitates
497 1171 703 1208 contrarias
724 1172 1002 1208 elementorum
1023 1170 1214 1207 invenitur
1226 1170 1346 1207 virtus

280 1224 450 1273 corporis
471 1224 652 1261 caelestis.
682 1225 731 1261 Et
750 1225 918 1261 similiter
932 1230 944 1245 ¹
965 1236 1078 1272 supra
1098 1223 1229 1259 omnia
1249 1236 1346 1271 quae

273 1288 526 1326 quocumque
545 1278 664 1314 modo
685 1286 783 1325 sunt,
812 1278 1003 1314 invenitur
1029 1289 1152 1313 unum
1179 1276 1346 1324 primum

278 1331 508 1380 principium
538 1331 700 1378 essendi,
730 1338 772 1368 ut
800 1343 914 1379 supra
932 1330 952 1351 *
980 1337 1177 1366 ostensum
1200 1337 1273 1366 sest.

333 1386 392 1420 An
421 1396 558 1421 prunum
587 1396 685 1422 ERGO
714 1396 898 1421 DtcENDUM
918 1383 1024 1432 quod
1044 1381 1231 1418 contraria
1255 1394 1347 1418 con-

277 1437 438 1475 veniunt
466 1437 503 1474 in
541 1450 680 1486 genere
708 1450 805 1484 uno,
837 1445 872 1473 et
901 1436 1015 1473 etiarn
1051 1435 1283 1472 conveniunt
1309 1435 1346 1472 in

279 1490 425 1528 ratione
446 1491 607 1528 essendi.
629 1492 678 1528 Et
696 1490 797 1536 ideo,
814 1490 900 1526 licet
923 1490 1090 1526 habeant
1110 1501 1242 1525 causas
1262 1501 1346 1537 par-

279 1544 454 1581 ticulares
483 1544 710 1590 contrarias,
737 1551 867 1580 tamen
905 1550 1055 1591 oportet
1084 1541 1263 1579 devenire
1299 1543 1347 1579 ad

278 1609 398 1634 unam
426 1596 591 1646 primam
620 1609 775 1634 causam
805 1607 1065 1632 communem.

332 1652 392 1687 AD
420 1662 611 1687 SECUNDUM
638 1661 823 1687 DICENDUM
852 1649 958 1697 quod
986 1647 1147 1697 privatio
1178 1655 1214 1684 et
1241 1647 1346 1684 habi-

278 1710 340 1740 tus
358 1710 447 1740 nata
466 1711 552 1740 sunt
571 1703 655 1740 fieri
675 1703 773 1740 circa
800 1702 903 1740 idern
921 1701 944 1739 λ.
976 1701 1198 1738 Subiectum
1219 1709 1346 1738 autern

279 1756 502 1806 privationis
539 1764 594 1793 est
622 1769 689 1793 ens
717 1756 756 1793 in
785 1755 971 1805 potentia,
1001 1763 1042 1792 ut
1070 1754 1212 1791 dictum
1242 1762 1297 1790 est
1315 1754 1345 1791 ²¹².

279 1810 404 1857 Unde,
422 1822 510 1846 cum
525 1811 671 1846 malum
691 1810 737 1846 sit
755 1809 916 1858 privatio
933 1808 1024 1845 boni
1035 1814 1064 1851 μ,
1085 1815 1127 1844 ut
1146 1820 1192 1844 ex
1212 1807 1348 1844 dictis*

278 1871 398 1912 patet,
429 1863 478 1899 illi
498 1863 602 1899 bono
624 1862 832 1912 opponitur
851 1862 909 1899 cui
930 1861 1145 1909 adiungitur
1163 1860 1348 1909 potentia:

279 1928 360 1954 non
379 1924 507 1953 autem
526 1929 680 1953 summo
701 1917 805 1953 bono
821 1915 852 1962 ²¹⁸,
884 1914 989 1964 quod
1010 1922 1065 1951 est
1084 1921 1189 1950 actus
1217 1926 1345 1962 purus

333 1971 392 2007 AD
421 1981 581 2007 TERTIUM
609 1981 794 2007 DICENDUM
823 1968 928 2017 quod
962 1967 1266 2015 unumquodque
1295 1967 1350 2003 in-

333 2082 358 2117 θ)
378 2084 450 2116 quia.
467 2097 487 2102 —
505 2083 551 2115 qui
570 2084 598 2108 Ρ.

334 2120 353 2152 ι)
368 2119 461 2151 prima
475 2119 622 2151 principia.
639 2133 658 2137 —
672 2118 790 2150 primam
810 2118 882 2150 GpF.

334 2155 360 2187 κ)
378 2155 511 2180 similiter.
531 2168 546 2173 -
566 2155 628 2179 Om.
647 2154 718 2179 FGa.

334 2189 363 2223 λ)
383 2190 461 2215 idem.
479 2204 498 2210 ·-
517 2190 586 2215 idem
605 2190 749 2215 subiectum
769 2189 800 2214 D.

328 2226 364 2286 lp.)
385 2226 453 2250 boni.
471 2240 490 2244 -
508 2226 570 2250 Om.
589 2226 691 2250 codices
715 2230 740 2249 et
763 2225 813 2249 ab.
832 2238 851 2243 —-
869 2225 932 2249 Post
955 2224 1099 2256 opponitur
1121 2223 1234 2247 ABCDE
1254 2223 1351 2247 addunt

281 2268 326 2286 ma
338 2269 392 2286 um.

335 2298 359 2330 ν)
379 2297 536 2322 intenditur.
554 2310 573 2315 —-
590 2296 742 2321 attenditur
759 2296 791 2320 A.

2336 251 2340 255 '
2382 245 2453 282 503

1396 323 1560 360 tenditur
1586 329 1598 343 ⁹
1632 324 1842 360 secundum
1879 324 2072 374 propriam
2110 324 2306 361 rationem.
2351 324 2456 361 Sicut

1397 384 1523 412 autem
1553 377 1676 413 forma
1705 384 1760 413 est
1787 377 1965 425 perfectio
1996 377 2196 425 quaedam,
2218 377 2268 413 ita
2295 377 2455 425 privatio

1397 437 1452 465 est
1480 429 1671 477 quaedam
1693 429 1863 466 remotio.
1894 430 2004 467 Unde
2033 430 2157 466 omnis
2176 430 2299 466 forma
2319 438 2355 466 et
2372 442 2457 478 per-

1397 482 1507 518 fectio
1529 489 1564 518 et
1591 483 1737 519 bonum
1757 495 1825 530 per
1844 495 2039 519 accessum
2064 483 2112 519 ad
2140 483 2345 519 terminum
2373 495 2456 531 per-

1398 535 1536 571 fectum
1565 535 1768 572 intenditur
1787 533 1815 571 ξε
1844 535 2004 584 privatio
2025 544 2152 572 autem
2173 543 2209 572 et
2226 536 2370 571 malum
2389 547 2457 583 per

1399 600 1591 624 recessum
1620 601 1642 624 a
1660 588 1835 625 termino.
1857 589 1967 626 Unde
1995 601 2073 625 non
2094 588 2227 625 dicitur
2254 589 2398 624 malum
2419 595 2455 624 et

1398 640 1506 689 peius
1532 653 1601 689 per
1628 653 1824 678 accessum
1863 642 1910 678 ad
1948 654 2142 677 summum
2172 641 2334 687 malum,
2364 641 2457 677 sicut

1400 693 1534 735 dicitur
1562 694 1707 730 bonum
1737 702 1774 730 et
1801 694 1935 730 melius
1962 707 2031 743 per
2055 706 2250 730 accessum
2278 694 2326 730 ad
2355 706 2456 730 sum-

1399 759 1507 783 mum
1536 747 1692 783 bonum.

1452 801 1510 836 AD
1541 811 1711 842 QUARTUM
1730 811 1912 836 DICENDUM
1933 799 2038 847 quod
2067 800 2211 836 nullum
2234 811 2299 835 ens
2323 799 2457 835 dicitur

1399 853 1543 888 malum
1572 865 1641 901 per
1668 852 2003 901 participationem,
2025 853 2092 889 sed
2116 865 2184 900 per
2202 852 2456 900 privationem

1399 905 1704 954 participationis.
1743 905 1854 942 Unde
1883 918 1960 942 non
1989 913 2137 953 oportet
2164 905 2246 942 fieri
2274 905 2457 942 reductio-

1401 971 1490 994 nem
1519 959 1566 995 ad
1595 958 1737 1006 aliquid
1766 959 1868 1006 quod
1898 959 1943 995 sit
1973 971 2041 1006 per
2070 958 2269 994 essentiam
2299 959 2455 995 malum.

1453 1013 1511 1047 An
1541 1023 1703 1053 QU1NTUM
1731 1023 1913 1048 D1CENDUM
1942 1012 2046 1059 quod
2066 1012 2209 1047 malum
2238 1023 2315 1047 non
2334 1018 2458 1059 potest

1400 1065 1541 1100 habere
1562 1076 1716 1100 causam
1736 1064 1805 1100 nisi
1821 1077 1889 1112 per
1908 1064 2094 1110 accidens,
2111 1072 2152 1100 ut
2171 1076 2284 1112 supra
2298 1063 2318 1085 '³‘
2333 1071 2458 1100 osten-

1402 1130 1487 1153 sum
1518 1125 1582 1154 est.
1604 1117 1714 1154 Unde
1743 1117 1977 1166 impossibile
2008 1124 2063 1153 est
2090 1117 2171 1153 fieri
2201 1116 2458 1165 reductionem

1402 1170 1450 1207 ad
1479 1170 1620 1218 aliquid
1652 1170 1757 1218 quod
1792 1170 1838 1206 sit
1865 1182 1933 1218 per
1960 1182 1999 1206 se
2029 1182 2142 1206 causa
2175 1169 2276 1215 mali.
2297 1190 2320 1196 —
2342 1169 2457 1216 Quod

1402 1231 1530 1259 autem
1561 1222 1846 1272 dicitur,lquod
1883 1223 2026 1259 malum
2061 1230 2115 1259 est
2141 1230 2183 1259 ut
2210 1222 2247 1258 in
2275 1222 2455 1270 pluribus,

1402 1275 1615 1324 simpliciter
1650 1276 1783 1312 falsum
1820 1283 1885 1312 est.
1925 1276 2027 1312 Nam
2060 1275 2285 1323 generabilia
2315 1282 2350 1311 et
2378 1287 2458 1311 cor-

1403 1328 1603 1377 ruptibilia,
1625 1328 1662 1364 in
1682 1329 1818 1376 quibus
1848 1329 1971 1364 solum
2001 1328 2178 1375 contingit
2207 1341 2286 1364 esse
2315 1329 2458 1364 malum

1403 1390 1579 1427 naturae,
1609 1389 1695 1417 sunt
1722 1381 1872 1417 modica
1901 1386 1913 1401 ⁰
1941 1393 2027 1429 pars
2055 1381 2167 1417 totius
2195 1380 2380 1418 universi.
2411 1382 2459 1417 Et

1401 1435 1537 1472 iterum
1566 1434 1605 1470 in
1632 1446 1860 1483 unaquaque
1890 1434 2013 1482 specie
2035 1434 2201 1470 defectus
2225 1441 2378 1470 naturae
2399 1446 2458 1470 ac-

1402 1488 1490 1525 cidit
1517 1494 1535 1509 ⁷‘
1563 1495 1604 1524 ut
1630 1487 1667 1523 in
1696 1487 1945 1536 paucioribus.
1983 1488 2023 1523 In
2057 1487 2144 1523 solis
2178 1495 2304 1523 autem
2337 1486 2458 1523 homi-

1402 1542 1512 1578 nibus
1541 1541 1685 1577 malum
1713 1540 1862 1577 videtur
1891 1552 1972 1576 esse
1999 1547 2039 1576 ut
2064 1540 2101 1576 in
2120 1540 2289 1588 pluribus
2307 1539 2342 1576 *z
2373 1539 2460 1588 quia

1402 1596 1549 1631 bonum
1578 1593 1743 1630 hominis
1771 1593 1982 1629 secundum
2012 1599 2194 1629 sensum?
2213 1605 2290 1629 non
2319 1600 2373 1629 est
2390 1593 2459 1628 ho-

1402 1647 1515 1684 minis
1555 1647 1780 1694 inquantum
1808 1647 1946 1693 homo,
1982 1646 2078 1683 idest
2110 1646 2320 1683 secundum
2350 1645 2460 1682 ratio-

1403 1713 1512 1746 nem;
1542 1701 1669 1749 plures
1697 1707 1824 1736 autern
1853 1707 2061 1748 sequuntur
2088 1711 2240 1736 sensum
2268 1711 2383 1748 quam
2404 1711 2460 1734 ra-

1402 1762 1558 1790 tionem.
1842 1790 1849 1796 ,

1455 1809 1513 1843 An
1543 1818 1683 1843 513wa
1711 1817 1893 1842 D1CEND1JM
1913 1805 2018 1854 quod
2046 1805 2084 1841 in
2113 1805 2233 1841 causis
2261 1804 2350 1840 mali
2382 1816 2460 1840 non

1404 1867 1460 1896 est
1478 1860 1684 1908 procedere
1699 1859 1736 1895 in
1751 1858 1955 1895 infinitum:
1978 1858 2042 1895 sed
2061 1866 2115 1894 est
2134 1858 2312 1894 reducere
2332 1857 2461 1899 omnia

1403 1914 1504 1950 mala
1532 1913 1570 1949 in
1590 1912 1755 1961 aliquam
1784 1924 1937 1948 causam
1958 1912 2111 1958 bonam,
2134 1923 2178 1947 ex
2198 1923 2273 1959 qua
2293 1910 2461 1958 sequitur

1404 1967 1550 2003 malum
1578 1978 1646 2014 per
1674 1965 1859 2002 accidens.

1458 2078 1480 2112 ξ)
1501 2080 1657 2104 intenditur.
1674 2093 1693 2098 -
1710 2079 1860 2104 attenditur
1880 2079 1907 2103 Ρ.
2339 2103 2347 2109 ,

1458 2116 1483 2147 ο)
1503 2115 1614 2140 modica.
1632 2129 1651 2133 -
1670 2118 1788 2146 respectu
1804 2121 1944 2146 corporum
1963 2120 2045 2145 supra
2059 2113 2208 2138 caelestium
2221 2119 2285 2145 ergo
2303 2113 2340 2137 ad
2358 2112 2462 2145 quanti-

1404 2154 1484 2175 tatem
1504 2154 1530 2175 et
1549 2154 1666 2182 respectu
1686 2150 1841 2183 angelorum
1861 2149 1949 2181 quoad
1968 2149 2162 2174 multitudinem
2182 2148 2250 2172 addit
2268 2149 2299 2172 D.

1458 2187 1487 2218 π)
1506 2186 1613 2211 accidit.
1629 2200 1648 2204 —
1666 2186 1790 2210 accidunt
1809 2184 1970 2209 ACDEFGa.

1457 2222 1481 2254 ρ)
1500 2222 1643 2246 secundum
1663 2228 1775 2245 sensum.
1792 2234 1812 2239 -
1829 2220 1971 2245 secundum
1986 2227 2090 2244 sensum
2103 2219 2223 2250 corporis
2237 2218 2299 2243 Pab.
2312 2232 2331 2237 -
2345 2219 2408 2242 Post
2425 2221 2464 2242 est

1403 2258 1500 2281 addunt
1514 2257 1609 2281 bonum
1629 2256 1743 2285 PFGab;
1762 2261 1820 2280 ante
1834 2256 1910 2280 homo
1926 2255 1969 2279 FG
1984 2255 2080 2279 addunt
2098 2258 2151 2282 est;
2171 2262 2218 2286 pro
2237 2254 2304 2278 idest
2316 2253 2459 2279 secundum

1405 2293 1545 2321 rationem,
1564 2293 1612 2316 sed
1630 2292 1772 2316 secundum
1795 2290 1925 2315 rationem
1945 2291 1972 2315 Ρ.

963 2365 1296 2399 Commentaria
1319 2363 1569 2397 Cardjnalis
1592 2361 1792 2395 Caietam

346 2458 455 2478 rrULth
478 2447 593 2477 directe
617 2446 739 2487 quaerit
762 2446 800 2475 de
825 2455 917 2475 causa
945 2444 1108 2474 efficiente.
1129 2444 1201 2473 -In
1222 2453 1354 2482 corpore

287 2460 414 2523 Tduo
430 2491 521 2522 facit:
542 2491 658 2531 primo,
683 2489 854 2530 respondet
869 2488 1014 2529 quaesito
1039 2488 1132 2518 unica
1149 2487 1354 2517 conclusione

286 2536 444 2577 negative;
457 2535 608 2571 secunde,
618 2534 755 2564 radicem
768 2533 881 2564 erroris
893 2532 980 2563 aliter
993 2531 1194 2572 opinantium
1206 2531 1352 2561 ostendit.

341 2581 378 2611 ΙΙ.
396 2580 513 2616 Quoad
527 2580 681 2619 primum,
696 2577 858 2608 conclusio
874 2585 935 2608 est:
955 2577 1029 2607 Non
1045 2577 1136 2607 datur
1152 2585 1254 2606 unum
1271 2585 1355 2605 sum-

286 2635 379 2656 mum
402 2625 535 2660 malum,
552 2623 692 2663 primum
708 2621 901 2662 principium
918 2621 1065 2651 omnium
1089 2620 1257 2655 malorum,
1275 2619 1355 2649 sicut

287 2680 305 2700 e
329 2676 439 2700 contra
458 2668 549 2698 datur
567 2677 670 2697 unum
693 2675 859 2696 summum
878 2666 1011 2695 bonum.
1029 2683 1050 2687 -
1065 2665 1105 2695 Et
1129 2665 1280 2705 probatur
1304 2663 1355 2693 tri-

287 2713 424 2754 pliciter:
445 2714 565 2752 primo,
582 2711 657 2752 quia
680 2721 747 2741 non
763 2711 855 2741 datur
870 2710 992 2739 malum
1009 2719 1064 2749 per
1079 2709 1256 2744 essentiam,
1276 2708 1355 2738 idest

288 2757 409 2798 aliquid
432 2767 488 2797 per
511 2756 680 2786 essentiam
710 2755 848 2790 malum;
879 2754 1037 2791 secundo,
1063 2753 1138 2793 quia
1168 2762 1233 2782 non
1265 2752 1356 2782 datur

289 2802 412 2832 malurn
435 2810 617 2836 summum,
642 2800 723 2830 idest
749 2799 927 2838 integrum;
952 2799 1064 2835 tertio,
1088 2797 1163 2838 quia
1191 2797 1266 2826 haec
1290 2796 1355 2826 duo

290 2852 477 2886 repugnant,
497 2846 640 2885 primum
662 2844 855 2884 principium
881 2849 911 2873 et
929 2842 1061 2872 malum.
1086 2842 1126 2872 Et
1145 2841 1253 2870 omnia
1277 2841 1356 2870 clare

290 2897 399 2931 patent
421 2890 455 2920 in
478 2889 587 2920 littera.

343 2935 394 2965 111.
407 2934 524 2971 Quoad
533 2932 719 2969 secundum,
732 2938 898 2962 narrantur
913 2939 1046 2966 errores;
1065 2937 1094 2960 et
1107 2929 1310 2960 confutantur
1321 2938 1357 2958 ex

290 2988 356 3009 una
366 2978 532 3008 communi
544 2977 656 3008 radice.
668 2977 819 3007 Errarunt
835 2982 990 3015 ponentes
1001 2975 1066 3004 duo
1077 2974 1179 3013 prima
1195 2972 1356 3013 principia,

291 3024 416 3053 bonum
432 3029 462 3053 et
476 3022 609 3058 malum,
620 3021 652 3051 in
666 3021 808 3051 duobus:
826 3020 966 3060 primum
983 3027 1038 3054 est,
1052 3019 1160 3058 aliqua
1177 3023 1295 3047 natura
1312 3021 1358 3046 est

292 3068 324 3097 in
341 3077 375 3098 se
390 3067 492 3105 mala;
517 3066 694 3097 secundum
711 3072 766 3101 est,
789 3066 899 3105 prima
917 3064 1078 3103 principia
1093 3067 1168 3092 sunt
1182 3062 1356 3092 contraria.

347 3111 441 3142 Ratio
465 3110 560 3151 primi
583 3110 695 3140 erroris
719 3109 788 3145 fuit,
813 3108 887 3149 quia
911 3107 1185 3138 consideraverunt
1213 3112 1358 3135 naturam

291 3155 442 3196 aliquam,
459 3162 536 3195 puta
551 3155 686 3194 igneam,
705 3162 740 3185 ut
755 3153 902 3183 nocivam
918 3152 1002 3182 huic.
1014 3169 1035 3174 —
1049 3150 1234 3181 Confutatio
1252 3156 1358 3180 autem

292 3200 361 3231 eius
385 3206 440 3236 est,
458 3199 534 3240 quia
562 3198 745 3238 simpliciter
769 3198 861 3228 debet
888 3194 1076 3226 considerari
1100 3201 1135 3224 ut
1167 3204 1237 3234 pars
1261 3193 1358 3223 totius

293 3244 447 3275 universi:
472 3243 628 3284 quoniam
642 3243 685 3273 sic
702 3242 806 3273 omnis
830 3251 878 3271 res
895 3239 1124 3271 ordinatissime
1139 3244 1235 3268 suum
1249 3238 1358 3267 locum

293 3288 425 3324 obtinet,
442 3295 538 3328 atque
561 3288 646 3318 bona
670 3293 724 3317 est.

350 3332 443 3362 Ratio
457 3342 533 3362 vero
550 3331 680 3362 secundi
696 3330 807 3361 erroris
825 3329 893 3365 fuit,
907 3327 980 3369 quia
997 3327 1122 3358 effectus
1139 3326 1311 3356 contrarios
1327 3325 1359 3355 in

294 3386 403 3406 causas
431 3383 556 3407 tantum
580 3375 749 3406 contrarias
778 3375 924 3404 reducere
953 3378 1118 3402 noverunt.
1135 3388 1155 3393 —
1173 3369 1359 3401 Confutatio

293 3430 370 3450 vero
394 3420 461 3451 eius
485 3427 540 3456 est,
564 3420 654 3460 quod
677 3418 854 3449 reducenda
877 3424 951 3447 sunt
979 3415 1132 3446 contraria
1159 3415 1192 3444 in
1216 3424 1359 3444 commu-

295 3474 371 3494 nem
393 3472 424 3495 et
447 3464 658 3495 universalem
681 3473 819 3494 causam.
840 3461 939 3499 Quod
961 3461 1130 3500 probatur:
1155 3458 1230 3499 quia
1253 3457 1360 3488 omnia

295 3508 451 3539 contraria
481 3509 676 3539 conveniunt
698 3508 731 3538 in
755 3507 882 3547 aliqu0‚
904 3512 981 3546 puta
1011 3513 1123 3543 genere
1154 3511 1184 3533 et
1208 3502 1359 3532 subiecto.

295 3553 355 3583 Par
378 3552 464 3583 enim
488 3559 534 3584 est
556 3553 711 3583 iudicium
735 3552 773 3582 de
797 3551 916 3581 unitate
940 3549 1061 3579 formae
1086 3555 1115 3578 et
1138 3547 1266 3587 agentis,
1288 3556 1362 3576 cum

1408 2442 1522 2472 similia
1538 2441 1614 2477 sint;
1636 2448 1667 2471 et
1689 2441 1779 2471 activi
1795 2447 1825 2470 et
1841 2440 1964 2480 passivi,
1985 2450 2058 2470 cum
2078 2440 2210 2469 debeant
2232 2439 2408 2479 adaequari.
2424 2439 2464 2468 Et

1408 2485 1625 2515 manifestatur
1647 2485 1679 2514 in
1704 2494 1836 2525 corpore
1860 2483 1981 2514 caelesti
2006 2490 2147 2523 respectu
2170 2483 2364 2513 inferiorum.

1464 2529 1656 2560 Communis
1686 2535 1792 2559 autem
1822 2528 1907 2558 radix
1935 2528 2051 2558 horum
2081 2534 2111 2557 et
2141 2527 2291 2557 similium
2323 2536 2465 2557 errorum

1409 2580 1463 2610 est,
1486 2573 1560 2614 quia
1583 2572 1782 2613 particulares
1814 2582 1931 2608 causas,
1960 2579 1990 2602 et
2019 2582 2083 2602 non
2108 2571 2314 2601 universalem
2339 2581 2464 2601 causam

1409 2618 1530 2648 entium
1546 2617 1578 2647 in
1595 2627 1633 2647 eo
1658 2617 1745 2657 quod
1762 2616 1853 2652 entia,
1870 2616 2047 2655 attigerunt.
2068 2615 2185 2646 Omnia
2204 2615 2287 2645 enim
2304 2615 2343 2644 ad
2362 2624 2464 2644 unum

1409 2662 1531 2692 essendi
1555 2661 1746 2701 principium
1769 2661 1978 2690 reducuntur:
2003 2659 2155 2700 quoniam
2188 2659 2295 2689 omnia
2317 2659 2350 2688 in
2373 2658 2465 2698 parti-

1410 2705 1567 2746 cipatione
1590 2715 1655 2735 esse
1680 2704 1881 2740 conveniunt,
1898 2712 1933 2734 ut
1955 2710 2040 2744 patet
2063 2714 2100 2734 ex
2124 2713 2217 2743 supra
2231 2702 2249 2720 ’κ’
2269 2703 2367 2733 dictis.

1465 2751 1518 2780 IV.
1536 2750 1571 2779 In
1587 2749 1790 2789 responsione
1808 2749 1847 2778 ad
1862 2748 2047 2784 secundum,
2065 2747 2196 2777 dubium
2213 2747 2356 2777 occurrit.
2374 2747 2464 2783 Quo-

1410 2794 1494 2824 niam
1519 2794 1551 2823 in
1581 2793 1713 2823 articulo
1736 2793 1850 2823 ultimo
1881 2792 2092 2832 praecedentis
2115 2791 2325 2832 quaestionis,
2347 2791 2466 2821 dictum

1411 2845 1465 2875 est,
1491 2845 1520 2868 et
1543 2838 1730 2877 probatum,
1755 2837 1843 2877 quod
1866 2836 1987 2866 malurn
2011 2836 2121 2876 culpae
2145 2835 2318 2876 opponitur
2341 2834 2466 2875 proprie

1411 2883 1497 2913 bono
1521 2882 1669 2917 increato,
1688 2891 1752 2911 non
1777 2887 1812 2911 ut
1834 2880 1866 2910 in
1889 2880 1990 2916 nobis,
2008 2881 2062 2910 sed
2082 2886 2117 2910 ut
2139 2879 2171 2909 in
2196 2879 2315 2918 seipso:
2339 2878 2389 2908 hic
2412 2889 2466 2908 au-

1412 2934 1476 2957 tem
1491 2926 1612 2962 dicitur,
1629 2933 1659 2956 et
1674 2926 1834 2965 probatur,
1847 2924 1935 2965 quod
1951 2925 2037 2954 bono
2053 2924 2189 2954 increato
2205 2923 2330 2953 nullum
2346 2923 2467 2952 malum

1412 2970 1595 3011 opponitur.
1612 2970 1686 3000 Non
1710 2969 1854 2999 videntur
1877 2978 1951 3008 ergo
1975 2975 2054 2999 stare
2077 2968 2152 2997 haec
2176 2967 2241 2997 duo
2266 2967 2370 2996 simul.

1467 3015 1517 3045 Ad
1540 3015 1601 3044 hoc
1625 3013 1757 3043 breviter
1780 3012 1906 3048 dicitur,
1932 3012 2019 3053 quod
2043 3012 2164 3042 malum
2187 3010 2307 3050 opponi
2330 3011 2466 3040 increato

1411 3060 1508 3094 bono,
1521 3065 1624 3098 potest
1640 3056 1770 3096 intelligi
1786 3056 1965 3096 dupliciter:
1986 3056 2101 3086 scilicet
2106 3055 2309 3096 formaliter,
2322 3055 2371 3084 vel
2387 3054 2468 3084 obie-

1413 3105 1501 3134 ctive.
1531 3101 1717 3132 Formaliter
1740 3100 1869 3141 quidem
1893 3107 1939 3130 est
1961 3099 2155 3139 impossibile
2188 3099 2308 3128 malum
2339 3098 2469 3138 aliquod

1413 3147 1535 3187 opponi
1559 3146 1666 3176 divino
1697 3146 1783 3175 bono
1796 3168 1803 3181 ,
1823 3151 1952 3184 propter
1974 3144 2128 3174 rationem
2150 3143 2183 3173 in
2211 3143 2310 3173 littera
2338 3149 2466 3178 tactam,

1413 3191 1542 3221 scilicet:
1562 3191 1691 3220 Bonum
1706 3189 1824 3219 habens
1840 3189 1961 3218 malum
1978 3187 2149 3218 formaliter
2164 3187 2358 3226 oppositum,
2377 3186 2469 3225 exigit

1414 3235 1588 3276 potentiam
1605 3234 1684 3264 circa
1707 3243 1804 3273 quam
1827 3233 1920 3262 habet
1935 3231 1999 3262 fieri
2023 3231 2161 3266 malum;
2186 3232 2271 3261 Deus
2293 3238 2399 3261 autem
2423 3237 2470 3260 est

1413 3287 1500 3310 actus
1516 3287 1630 3318 purus;
1656 3287 1740 3317 ergo.
1757 3294 1775 3299 -
1792 3276 1953 3307 Obiective
1969 3282 2075 3306 autern
2098 3275 2219 3305 malum
2241 3275 2350 3314 culpae
2367 3284 2468 3314 oppo-

1414 3324 1498 3354 nitur
1511 3324 1598 3353 bono
1615 3321 1721 3351 divino
1745 3321 1777 3350 in
1794 3320 1908 3361 seipso.
1925 3320 2021 3357 Quod
2036 3319 2155 3359 optime
2175 3319 2326 3359 probatur
2347 3318 2380 3348 in
2395 3318 2468 3348 loco

1414 3368 1565 3406 allegato,
1590 3377 1626 3396 ex
1650 3365 1774 3396 obiecto
1799 3364 1940 3395 caritatis.
1970 3364 2047 3394 Vult
2069 3363 2153 3393 enim
2186 3362 2327 3402 explicite
2356 3362 2406 3392 vel
2424 3362 2469 3391 in-

1414 3411 1610 3451 terpretative
1626 3409 1758 3450 quilibet
1772 3419 1913 3449 peccans,
1933 3415 2088 3448 quantum
2107 3407 2139 3437 in
2156 3417 2188 3437 se
2205 3414 2259 3442 est,
2281 3407 2383 3436 Deum
2404 3416 2469 3436 non

1416 3466 1481 3486 esse
1498 3455 1646 3485 ultimum
1662 3453 1772 3489 finem;
1786 3453 1874 3493 quod
1889 3459 1934 3482 est
1950 3451 2070 3491 opponi
2087 3451 2115 3481 ei
2128 3450 2279 3481 obiective
2295 3450 2469 3480 secundum

1415 3501 1447 3530 id
1470 3499 1558 3540 quod
1581 3499 1614 3528 in
1638 3508 1670 3528 se
1694 3505 1754 3528 est:
1780 3497 1860 3527 sicut
1880 3507 1896 3526 e
1921 3504 2027 3526 contra
2051 3505 2159 3525 amans
2189 3505 2226 3524 ex
2256 3494 2380 3525 caritate
2403 3494 2470 3524 vult

1415 3545 1484 3575 Deo
1501 3542 1658 3583 quidquid
1673 3549 1719 3572 est
1735 3548 1765 3571 et
1788 3541 1815 3571 ei
1832 3541 1970 3571 debetur.
1986 3540 2026 3570 Et
2042 3540 2084 3570 sic
2101 3549 2166 3569 non
2185 3545 2360 3578 repugnant
2379 3538 2469 3568 dicta.

1353 3604 1414 3623 20„-

2483 1072 2492 1081 ''
2507 1072 2558 1095 Art.
2574 1078 2590 1094 1.

2486 1546 2495 1555 ·
2509 1545 2538 1567 D.
2552 1550 2601 1573 295,
2617 1544 2670 1573 839.

2491 2700 2502 2711 ⁴¹
2510 2700 2558 2728 Qu.
2564 2705 2625 2726 xuv,
2633 2702 2676 2720 art.
2683 2705 2702 2720 1.
