2768 4178
24 446 107 496 §.⁶1²³ss
120 452 236 495 ιζἐἒῗὲὖῖ

3 2261 21 2274 ⁴
35 2259 74 2284 Cf.
90 2266 155 2284 num.
169 2266 201 2284 ιν.

945 258 1213 304 QUAESTIO
1243 260 1344 307 xlv,
1373 261 1671 299 ARTlcuLth
1700 263 1787 300 xvi
2387 280 2458 317 197

268 335 393 373 malia.
431 336 583 384 Tertio,
614 345 801 386 quantum
830 336 879 374 ad
909 337 1049 374 finem:
1080 350 1170 374 nam
1200 338 1338 375 intelle·
1393 323 1545 388 tempus
1582 341 1679 378 facit.
1720 343 1824 379 Mala
1851 355 1966 392 ver0,
1996 345 2081 383 licet
2118 347 2166 383 ab
2203 359 2249 384 eo
2278 360 2358 385 non
2386 349 2459 387 sint

267 395 346 426 ctus
377 390 571 438 practicus
607 391 736 441 dzffert
749 392 836 439 fine
864 390 878 416 ς
905 402 929 427 a
966 391 1215 439 speculativo,
1246 391 1339 429 sicut
1393 393 1616 443 operabilia,
1646 403 1776 432 tamen
1805 397 1876 433 sub
1906 398 2119 446 cognitione
2146 400 2313 449 practica
2340 401 2457 451 ipsius

267 442 402 480 dicitur
428 443 466 481 in
496 444 546 481 111
566 444 612 481 de
629 444 771 482 Anima
790 443 821 481 *.
839 444 1052 481 Intellectus
1081 444 1184 482 enim
1203 445 1338 494 practi-

267 509 333 533 cus
355 496 552 534 ordinatur
579 497 628 534 ad
656 498 776 534 finem
811 497 1063 546 operationis:
1093 498 1180 535 finis
1209 506 1337 536 autem

265 549 475 588 intellectus
513 550 737 599 speculativi
774 558 830 587 est
867 548 1121 588 consideratio
1155 552 1335 590 veritatis,

265 603 390 651 Unde,
411 604 440 640 si
460 603 544 653 quis
558 609 573 627 ¹’
596 603 818 642 aedificator
837 603 1053 641 consideret
1071 605 1231 654 qualiter
1248 617 1336 654 pos—

265 664 322 694 set
348 657 432 694 fieri
466 656 593 706 aliqua
622 656 782 704 domus,
811 669 891 694 non
929 657 1110 695 ordinans
1139 659 1188 696 ad
1216 659 1336 696 finem

265 709 517 759 operationis,
547 709 615 747 sed
644 710 694 747 ad
722 711 1037 758 cognoscendum
1065 719 1224 759 tantum,
1256 713 1336 761 erit,

264 771 450 812 quantum
479 762 528 800 ad
555 763 686 810 finem,
717 764 951 813 speculativa
980 765 1253 814 consideratio,
1282 774 1335 804 ta-

263 829 356 854 men
385 815 433 853 de
462 828 502 853 re
531 817 725 865 operabili.
756 839 780 845 -
810 818 976 856 Scientia
1005 818 1115 867 igitur
1148 831 1245 868 quae
1281 828 1337 857 est

263 869 497 919 speculativa
535 869 679 907 ratione
707 870 826 920 ipsius
861 871 914 909 rei
942 872 1076 920 scitae,
1112 881 1168 910 est
1201 886 1335 922 specu-

261 922 377 960 lativa
396 930 555 960 tantum.
587 924 698 971 Quae
725 937 820 962 vero
850 926 1083 974 speculativa
1113 934 1168 963 est
1194 928 1257 964 vel
1278 940 1334 965 se-

264 976 435 1014 cundum
473 977 636 1015 modum
665 979 727 1015 vel
756 979 970 1017 secundum
999 980 1118 1017 finem
1136 977 1162 1027 ⁰,
1192 988 1249 1018 est
1276 994 1334 1018 se-

263 1029 435 1068 cundum
464 1030 556 1079 quid
585 1032 818 1080 speculativa
842 1041 880 1070 et
903 1033 1116 1071 secundum
1137 1034 1229 1082 quid
1248 1047 1333 1083 pra-

261 1083 369 1121 ctica.
391 1084 492 1121 Cum
512 1096 607 1122 vero
637 1085 835 1123 ordinatur
863 1086 911 1124 ad
939 1087 1058 1124 finem
1088 1088 1332 1136 operationis,

262 1144 318 1175 est
346 1137 567 1187 simpliciter
594 1138 772 1188 practica.

315 1191 539 1229 Secundum
559 1192 635 1229 hoc
663 1205 765 1241 ergo,
787 1192 994 1230 dicendum
1019 1200 1074 1230 est
1093 1193 1199 1242 quod
1226 1195 1333 1231 Deus

260 1245 308 1282 de
337 1244 465 1294 seipso
493 1245 610 1283 habet
637 1245 834 1283 scientiam
863 1245 1138 1295 speculativam
1166 1254 1332 1284 tantum:

258 1297 340 1348 ipse
369 1298 472 1336 enim
502 1298 706 1348 operabilis
734 1311 813 1336 non
842 1307 908 1336 est.
939 1300 998 1336 De
1029 1299 1208 1337 omnibus
1236 1313 1331 1338 vero

259 1351 340 1388 aliis
358 1351 476 1389 habet
493 1351 690 1389 scientiam
706 1359 743 1389 et
758 1352 1032 1401 speculativam
1055 1360 1091 1390 et
1110 1353 1330 1402 practicam.

259 1405 546 1454 Speculativam
565 1405 736 1454 quidem,
754 1413 940 1454 quantum
957 1406 1006 1443 ad
1021 1406 1202 1443 modurn:
1222 1406 1331 1456 quid-

258 1457 351 1507 quid
380 1458 483 1496 enim
510 1458 550 1496 in
578 1458 692 1496 rebus
711 1471 782 1496 nos
807 1459 1043 1509 speculative
1065 1460 1330 1509 cognoscimus

257 1510 480 1549 definiendo
510 1519 547 1549 et
564 1518 572 1532 ¹
593 1511 814 1560 dividendo,
834 1513 910 1550 hoc
937 1520 1061 1550 totum
1081 1514 1188 1551 Deus
1207 1515 1328 1552 multo

254 1563 460 1613 perfectius
488 1564 608 1603 novit.
640 1565 718 1603 Sed
747 1565 796 1603 de
817 1566 874 1603 his
894 1578 992 1615 quae
1011 1574 1138 1615 potest
1170 1568 1328 1616 quidem

255 1617 392 1665 facere,
414 1618 484 1656 sed
511 1619 728 1656 secundum
757 1620 904 1656 nullum
933 1627 1085 1669 tempus
1113 1620 1219 1668 facit,
1250 1631 1328 1659 non

254 1670 372 1708 habet
398 1671 607 1721 practicam
636 1672 845 1720 scientiam,
867 1673 1080 1711 secundum
1109 1674 1215 1723 quod
1242 1687 1329 1724 pra-

256 1723 351 1762 ctica
370 1724 527 1763 scientia
555 1725 692 1764 dicitur
710 1739 733 1764 a
752 1727 842 1764 fine.
873 1726 936 1764 Sic
961 1734 1090 1764 autem
1108 1728 1225 1765 habet
1242 1741 1328 1778 pra-

255 1777 392 1816 cticam
422 1779 621 1817 scientiam
651 1780 698 1817 de
731 1780 791 1817 his
810 1793 911 1829 quae
930 1781 1145 1818 secundum
1173 1781 1327 1832 aliquod

306 1893 333 1927 ζ)
345 1894 413 1928 stne.
431 1907 451 1914 —
469 1894 532 1920 Om.
551 1894 629 1925 DFG,
650 1900 710 1927 post
727 1896 892 1927 speculativo
910 1902 1012 1929 ponunt
1029 1897 1127 1922 ABCE.

307 1930 335 1963 η)
358 1929 441 1959 Unde,
461 1930 485 1955 si
502 1930 571 1963 qm’s.
589 1945 607 1950 -
627 1930 659 1955 Si
676 1938 742 1964 ergo
761 1931 864 1956 codices
883 1936 909 1957 et
927 1939 944 1956 a
955 1932 978 1957 b.

1393 446 1534 484 cadunt
1551 447 1583 494 *,
1612 447 1708 486 sicut
1736 456 1773 486 et
1800 449 1914 497 bona,
1944 450 2169 500 inquantum
2196 454 2378 502 permittit
2394 456 2457 492 vel

1392 498 1553 548 impedit
1578 502 1641 538 vel
1670 501 1832 540 ordinat*
1848 515 1913 540 ea:
1943 504 2038 542 sicut
2066 513 2102 542 et
2120 506 2372 555 aegritudines
2396 521 2456 546 ca-

1392 552 1487 590 dunt
1506 554 1576 591 sub
1596 553 1762 603 practica
1781 555 1936 593 scientia
1964 558 2113 607 medici,
2142 559 2368 608 inquantum
2387 574 2457 611 per

1392 613 1512 643 artem
1541 620 1651 645 suam
1681 616 1786 646 curat
1815 621 1891 647 eas.

1444 661 1503 696 An
1533 672 1670 698 PRIMUM
1703 673 1801 699 ERGO
1830 674 2015 700 DtCENDUM
2052 665 2157 712 quod
2194 666 2349 704 scientia
2382 668 2455 705 Dei

1393 719 1448 749 est
1477 725 1607 761 causa,
1638 727 1718 752 non
1745 715 1903 764 quidem
1932 716 1990 753 sui
2018 716 2149 767 ipsius,
2178 719 2245 756 sed
2273 720 2453 758 aliorum:

1391 767 1634 814 quorundam
1663 768 1819 817 quidem
1849 777 1946 817 actu,
1967 770 2108 808 scilicet
2125 784 2261 809 eorum
2281 786 2377 822 quae
2398 787 2454 811 se-

1391 819 1561 857 cundum
1591 821 1748 869 aliquod
1776 829 1928 871 tempus
1956 823 2074 870 fiunt;
2100 826 2343 872 quorundam
2359 839 2452 864 vero

1388 872 1538 921 virtute,
1569 874 1709 912 scilicet
1738 887 1873 912 eorum
1902 888 2001 925 quae
2028 884 2155 926 potest
2177 878 2313 928 facere,
2334 887 2371 917 et
2402 888 2453 918 ta-

1388 937 1480 963 men
1508 939 1708 976 nunquam
1737 929 1845 966 fiunt.

1442 981 1501 1016 AD
1530 992 1720 1019 SECUNDUM
1740 994 1925 1020 D1CENDUM
1945 983 2050 1032 quod
2073 983 2270 1023 scientiam
2291 998 2373 1023 esse
2393 999 2454 1024 ac-

1389 1041 1540 1082 ceptam
1569 1047 1592 1071 a
1620 1035 1734 1073 rebus
1759 1035 1870 1083 scitis,
1892 1049 1971 1073 non
1989 1048 2058 1085 per
2077 1050 2117 1074 se
2138 1039 2317 1076 convenit
2335 1039 2454 1077 scien-

1388 1085 1460 1123 tiae
1480 1088 1748 1137 speculativae,
1768 1089 1837 1127 sed
1854 1102 1925 1139 per
1943 1089 2131 1138 accidens,
2152 1092 2378 1142 inquantum
2398 1101 2455 1131 est

1387 1139 1569 1178 humana.

1440 1193 1503 1230 Ad
1531 1193 1570 1231 id
1597 1206 1691 1232 vero
1721 1196 1827 1244 quod
1855 1196 1893 1234 in
1922 1198 2153 1236 contrarium
2181 1198 2367 1247 obiicitur,
2398 1200 2452 1237 di·

1388 1247 1555 1284 cendum
1593 1248 1697 1296 quod
1728 1249 1775 1286 de
1813 1250 2069 1299 operabilibus
2101 1251 2269 1300 perfecta
2296 1253 2451 1291 scientia

1387 1311 1466 1336 non
1493 1300 1668 1349 habetur,
1697 1302 1768 1339 nisi
1795 1303 1962 1341 sciantur
1988 1304 2215 1353 inquantum
2245 1306 2452 1354 operabilia

1386 1360 1484 1390 sunt.
1506 1354 1556 1390 Et
1573 1353 1672 1402 ideo,
1690 1367 1779 1392 cum
1799 1356 1954 1394 scientia
1969 1358 2042 1394 Dei
2061 1358 2108 1395 sit
2126 1358 2305 1395 omnibus
2325 1359 2451 1397 modis

1384 1406 1571 1455 perfecta,
1601 1416 1752 1457 oportet
1784 1409 1890 1457 quod
1928 1410 2018 1448 sciat
2046 1423 2092 1448 ea
2119 1423 2218 1460 quae
2246 1420 2333 1449 sunt
2360 1425 2382 1449 a
2410 1426 2451 1450 se

1385 1460 1605 1508 operabilia,
1635 1460 1863 1510 inquantum
1891 1463 2124 1512 huiusmodi,
2155 1471 2191 1501 et
2218 1477 2297 1502 non
2325 1466 2450 1504 solum

1384 1513 1598 1551 secundum
1636 1516 1743 1563 quod
1779 1523 1866 1554 sunt
1899 1517 2144 1565 speculabilia
2162 1524 2186 1555 ³².
2217 1518 2294 1556 Sed
2322 1526 2450 1557 tamen

1383 1578 1463 1604 non
1486 1567 1676 1606 receditur
1703 1580 1726 1605 a
1753 1569 1947 1607 nobilitate
1975 1570 2232 1620 speculativae
2252 1571 2447 1610 scientiae:

1383 1621 1473 1671 quia
1508 1621 1638 1658 omnia
1675 1621 1747 1659 alia
1775 1635 1798 1659 a
1826 1635 1866 1660 se
1900 1623 2006 1661 videt
2033 1624 2071 1661 in
2100 1624 2248 1674 seipso,
2282 1625 2449 1675 seipsum

1382 1681 1512 1711 autern
1532 1675 1764 1724 speculative
1786 1677 1998 1725 cognoscit3
2028 1685 2064 1714 et
2083 1677 2136 1715 sic
2155 1678 2194 1715 in
2217 1679 2450 1728 speculativa

1383 1727 1440 1765 sui
1469 1728 1586 1777 ipsius
1615 1727 1780 1776 scientia,
1810 1730 1926 1767 habet
1946 1731 2202 1779 cognitionem
2223 1739 2260 1769 et
2278 1733 2449 1782 specula-

1381 1782 1501 1819 tivam
1531 1789 1567 1819 et
1593 1781 1800 1831 practicam
1829 1783 2004 1821 omnium
2033 1784 2206 1822 aliorum.

1435 1899 1453 1930 ι)
1473 1902 1507 1923 et.
1524 1912 1544 1917 -
1562 1899 1622 1923 Om.
1642 1899 1790 1924 ACDEFG.

1434 1934 1459 1966 κ)
1478 1934 1623 1959 secundum
1642 1934 1714 1967 quod
1731 1937 1795 1960 sunt
1811 1934 1990 1967 speculabilia.
2003 1948 2023 1954 -
2035 1935 2179 1961 secundum
2193 1936 2265 1969 quod
2282 1940 2345 1962 sunt
2356 1944 2447 1970 specu-

307 1963 332 1998 θ)
353 1966 394 1991 vel
411 1966 556 1991 secundum
576 1966 685 1991 modum
705 1967 746 1991 vel
763 1967 907 1992 secundum
920 1967 1014 2001 finem.
1027 1981 1046 1987 —
1058 1968 1203 1993 secundum
1218 1968 1325 1994 modum
1381 1969 1466 1994 latina
1484 1969 1573 1995 FGab.

253 2001 296 2027 vel
312 2001 458 2027 secundum
470 2001 556 2034 finem
575 2001 607 2032 D,
626 2002 771 2027 secundum
791 2002 899 2027 modum
919 2003 959 2028 vel
970 2003 1053 2037 finem
1074 2003 1137 2028 Pub.

933 2090 1267 2124 commentaria
1290 2092 1542 2126 cardinalis
1564 2093 1767 2127 Caietam

312 2180 420 2200 ITULUS
445 2169 556 2200 clarus.
581 2187 602 2192 ·-
627 2169 662 2199 In
686 2179 819 2211 corpore
843 2170 925 2200 duo:
951 2170 1071 2211 primo,
1103 2171 1136 2201 in
1160 2171 1325 2202 communi

254 2182 478 2254 Tdistinguit
493 2213 657 2244 scientiam
676 2214 903 2255 speculativam
920 2222 950 2246 et
966 2215 1150 2256 practicam3
1173 2216 1324 2252 secundo,

251 2258 423 2300 respondet
445 2257 590 2299 quaesito
606 2258 633 2289 *.

311 2304 348 2334 11.
374 2302 492 2341 Quoad
503 2303 660 2343 primum,
677 2302 838 2334 distinctio
854 2309 901 2334 est
915 2303 984 2334 ista.
1010 2303 1145 2334 Scientia
1168 2305 1326 2345 quaedam

253 2355 299 2380 est
315 2347 509 2389 speculativa
531 2353 666 2383 tantum,
682 2347 841 2388 quaedam
865 2347 1000 2388 practica
1015 2355 1151 2385 tantum,
1168 2349 1327 2390 quaedam

253 2393 432 2424 secundum
459 2391 538 2432 quid
561 2391 699 2431 practica
722 2399 752 2422 et
779 2392 957 2423 secundum
980 2392 1059 2434 quid
1087 2393 1290 2433 speculativa.
1306 2411 1326 2416 -

254 2437 439 2468 Declaratur
454 2435 508 2467 sic.
532 2435 672 2467 Scientia
683 2436 798 2468 dicitur
813 2436 1006 2477 speculativa
1022 2437 1191 2477 tripliciter,
1210 2437 1327 2469 scilicet

255 2491 293 2513 ex
315 2481 452 2517 obiecto,
477 2487 532 2511 aut
555 2480 665 2517 modo,
690 2487 746 2511 aut
769 2479 846 2511 fine:
872 2490 947 2521 ergo
971 2482 1130 2522 quaedam
1146 2488 1192 2512 est
1215 2492 1326 2523 specu-

254 2525 349 2557 lativa
364 2532 500 2561 tantum,
518 2531 576 2556 etc.
594 2525 793 2555 Antecedens
810 2525 984 2556 declaratur
999 2526 1226 2566 exemplariter.
1243 2526 1327 2558 Con-

255 2570 421 2611 sequentia
444 2570 613 2610 probatur:
643 2569 718 2610 quia
741 2570 935 2610 speculativa
958 2580 995 2600 ex
1019 2570 1162 2608 obiecto,
1187 2578 1233 2602 est
1257 2581 1326 2612 spe-

257 2614 392 2646 culativa
414 2620 556 2650 tantum;
589 2613 783 2654 speculativa
806 2624 881 2644 vero
913 2624 950 2644 ex
973 2615 1073 2645 modo
1097 2622 1241 2652 tanturn,
1272 2622 1326 2646 aut

254 2657 319 2689 fine
334 2662 469 2693 tanturn,
486 2664 532 2688 est
548 2658 725 2688 secundum
741 2657 820 2698 quid
842 2658 979 2699 practica
1002 2666 1032 2690 et
1055 2660 1232 2691 secundum
1249 2660 1326 2701 quid

255 2702 467 2743 speculativa;
493 2711 575 2743 quae
597 2711 673 2732 vero
698 2702 787 2732 nullo
811 2701 930 2733 horum
944 2703 1119 2735 modorum
1133 2704 1326 2745 speculativa

256 2754 312 2784 est,
330 2746 520 2787 relinquitur
542 2746 633 2786 quod
651 2746 787 2786 practica
806 2753 931 2777 tantum
950 2747 999 2779 sit.

315 2791 367 2822 111.
392 2790 485 2822 Circa
507 2791 588 2821 hanc
611 2797 747 2831 partem,
773 2791 898 2822 adverte
915 2793 1024 2832 primo
1047 2793 1137 2833 quod
1152 2793 1326 2834 practicum

256 2843 288 2867 et
303 2835 536 2877 speculativum
551 2834 603 2866 hic
619 2835 757 2866 sumitur
779 2845 847 2866 non
862 2836 970 2867 solum
986 2843 1022 2867 ut
1038 2844 1113 2868 sunt
1127 2837 1325 2868 conditiones

255 2880 404 2912 scientiae
421 2880 599 2911 secundum
615 2889 657 2915 se,
675 2880 731 2910 sed
750 2879 845 2910 etiarn
868 2890 905 2910 ex
923 2887 1011 2921 parte
1035 2881 1171 2912 scientis.
1196 2882 1236 2912 Et
1253 2891 1326 2922 pro-

255 2932 364 2966 pterea
387 2924 502 2956 dicitur
525 2924 614 2965 quod
639 2934 687 2961 ars
717 2923 931 2956 domifieativa
958 2935 1024 2955 non
1054 2925 1244 2956 intendentis
1269 2926 1325 2956 do-

257 2969 415 3006 mificare,
441 2975 488 3000 est
511 2968 702 3010 speculativa
727 2978 764 2999 ex
786 2967 868 3005 fine,
899 2975 930 3000 et
951 2970 1088 3011 practica
1112 2980 1148 3000 ex
1171 2970 1271 3000 modo
1297 2977 1327 3001 et

257 3013 401 3044 obiecto:
433 3013 641 3053 glossandum
669 3019 715 3043 est
738 3012 824 3043 enim
853 3013 891 3043 de
915 3013 977 3044 fine
1001 3024 1043 3045 ex
1059 3020 1157 3054 parte
1179 3015 1324 3052 scientis,

255 3065 287 3088 et
301 3067 368 3087 non
385 3058 484 3098 ipsius
498 3058 660 3088 scientiae.
686 3057 851 3094 Quoniam
869 3058 895 3088 si
910 3058 1076 3099 loquimur
1095 3059 1133 3089 de
1148 3057 1210 3089 fine
1226 3058 1326 3099 ipsius

256 3101 423 3138 scientiae,
454 3101 523 3143 ipsa
547 3109 593 3133 est
616 3101 712 3132 etiarn
741 3101 877 3142 practica
906 3112 943 3133 ex
965 3101 1046 3133 fine:
1077 3103 1233 3143 quoniam
1255 3102 1326 3133 finis

256 3146 324 3176 eius
340 3145 387 3176 est
402 3145 607 3177 domificatio.
633 3146 673 3177 Et
689 3146 751 3176 hoc
774 3145 800 3176 si
817 3146 995 3183 adverteris,
1013 3148 1143 3178 deludes
1167 3147 1326 3178 irrisiones

256 3190 518 3221 adversariorum.
847 3198 851 3201 ‘

310 3234 446 3265 Adverte
462 3235 602 3266 secundo
619 3235 718 3276 quod,
732 3235 812 3265 sicut
828 3234 1020 3275 speculativa
1035 3242 1082 3266 est
1097 3236 1267 3277 tripliciter,
1283 3236 1326 3267 ita

253 3278 403 3319 practica.
428 3278 534 3309 Prima
557 3289 594 3309 ex
616 3279 752 3316 obiecto,
770 3279 869 3309 modo
886 3286 917 3310 et
931 3278 994 3309 fine
1010 3279 1106 3310 etiam
1129 3280 1270 3311 scientis:
1296 3286 1327 3311 et

256 3323 396 3359 haecest
411 3329 538 3353 tantum
553 3323 698 3363 practica.
724 3324 868 3355 Secunda
884 3333 920 3354 ex
937 3323 1072 3360 obiecto,
1097 3325 1197 3355 modo
1217 3331 1248 3355 et
1263 3323 1326 3355 fine

256 3367 413 3403 scientiae,
439 3376 505 3397 non
520 3367 660 3398 scientis:
686 3375 716 3399 et
738 3368 815 3399 haec
830 3374 876 3398 est
890 3377 962 3398 vere
978 3368 1131 3408 practica,
1157 3369 1211 3399 sed
1227 3368 1259 3399 in
1274 3368 1326 3399 lit·

256 3419 322 3443 tera
346 3411 459 3442 dicitur
478 3412 655 3442 secundum
671 3413 750 3453 quid
765 3412 967 3454 speculativa,
984 3423 1021 3442 ex
1036 3420 1124 3453 parte
1140 3411 1210 3443 finis
1228 3413 1326 3444 scien-

255 3456 305 3487 tis.
331 3455 439 3486 Tertia
456 3465 492 3486 ex
508 3455 644 3492 obiecto,
661 3458 715 3487 sed
739 3467 806 3488 non
829 3457 929 3487 modo
953 3467 1056 3498 neque
1080 3456 1142 3487 fine
1159 3457 1323 3488 scientiae:

257 3507 288 3531 et
311 3499 387 3530 haec
412 3507 458 3530 est
482 3499 576 3530 etiam
600 3501 778 3531 secundum
793 3501 871 3542 quid
892 3501 1036 3542 practica,
1054 3501 1171 3532 scilicet
1186 3511 1223 3532 ex
1238 3508 1326 3542 parte

257 3540 381 3580 obiecti,
407 3551 437 3575 et
460 3544 638 3575 secundum
661 3545 739 3585 quid
763 3546 964 3586 speculativa,
990 3546 1106 3576 scilicet
1127 3556 1163 3576 ex
1179 3547 1279 3576 modo
1296 3552 1326 3576 et

256 3588 319 3619 fine
343 3588 507 3624 scientiae;
533 3588 608 3629 quia
639 3598 672 3619 se
701 3589 972 3626 concomitantur;
999 3600 1073 3621 cum
1097 3590 1182 3621 enim
1206 3589 1326 3631 aliquid

254 3633 391 3674 practice
411 3632 516 3669 scitur,
537 3632 600 3663 iarn
621 3642 657 3663 ex
676 3643 708 3662 se
725 3633 764 3663 ad
788 3643 870 3673 opus
894 3634 1067 3670 ordinatur,
1084 3642 1114 3665 et
1131 3644 1147 3665 e
1161 3644 1323 3665 converso.

1436 2172 1573 2204 Adverte
1597 2174 1701 2211 tertio,
1722 2174 1812 2214 quod
1830 2184 1886 2214 per
1905 2174 2130 2214 speculativam
2145 2184 2182 2205 ex
2196 2176 2294 2206 modo
2310 2182 2445 2209 tantum,

1381 2216 1461 2247 idest
1480 2217 1518 2247 de
1535 2217 1660 2248 obiecto
1677 2218 1829 2258 operabili
1845 2218 1944 2248 modo
1961 2218 2164 2258 speculativo,
2181 2229 2246 2250 non
2262 2219 2447 2260 intelligitur

1382 2260 1509 2291 scientia
1542 2261 1581 2291 de
1612 2261 1765 2302 operabili
1795 2262 1828 2292 in
1858 2262 2045 2293 universali:
2074 2263 2228 2303 quoniam
2258 2264 2385 2295 scientia
2408 2265 2446 2295 de

1381 2305 1550 2345 operabili,
1581 2305 1646 2336 sive
1670 2305 1709 2337 sit
1732 2316 1788 2346 per
1811 2306 1965 2347 principia
1987 2307 2132 2346 proxima
2155 2308 2358 2348 operationis,
2382 2309 2446 2340 sive

1382 2359 1438 2389 per
1453 2349 1607 2391 prIncipia
1624 2358 1746 2381 remota
1769 2357 1799 2381 et
1822 2351 2009 2381 universalia
2032 2351 2234 2391 operationis,
2250 2353 2308 2383 sub
2333 2353 2446 2384 eodem

1381 2394 1527 2424 membro
1544 2394 1635 2425 cadit.
1655 2394 1717 2426 Sed
1735 2394 1919 2435 intelligitur
1934 2395 2062 2426 scientia
2077 2396 2115 2426 de
2130 2396 2290 2436 operabili,
2306 2404 2446 2428 scrutans

1381 2448 1448 2468 non
1472 2439 1640 2479 quomodo
1664 2449 1712 2469 res
1736 2438 1798 2475 fiat,
1816 2440 1871 2470 sed
1894 2439 1972 2480 quid
1995 2446 2050 2476 est,
2068 2446 2135 2476 etc.,
2161 2447 2197 2471 ut
2219 2440 2252 2470 in
2275 2441 2376 2472 littera
2399 2442 2446 2472 di-
2468 2464 2471 2467 ·

1382 2482 1471 2513 citur.
1496 2482 1584 2513 Talis
1601 2483 1686 2513 enim
1710 2483 1850 2523 cognitio
1874 2494 1940 2514 non
1964 2490 2083 2523 spectat
2106 2484 2145 2514 ad
2168 2484 2309 2522 artifices,
2329 2485 2383 2515 sed
2407 2486 2446 2516 ad

1381 2526 1609 2567 philosophos;
1634 2527 1700 2568 qui,
1726 2538 1799 2558 cum
1823 2527 1922 2558 sciant
1944 2527 2022 2568 quid
2045 2534 2091 2558 est
2114 2528 2230 2559 cithara
2249 2536 2303 2560 aut
2319 2530 2444 2566 domus,

1382 2571 1545 2602 scientiam
1568 2578 1673 2602 tamen
1696 2572 1748 2602 illa
1772 2571 1906 2602 faciendi
1929 2582 1995 2602 non
2018 2571 2144 2602 habent.

1437 2615 1490 2646 IV.
1502 2615 1619 2653 Quoad
1633 2616 1808 2647 secundum
1819 2615 1845 2652 *,
1863 2616 1920 2646 tria
1936 2616 2096 2646 dicuntur:
2116 2616 2231 2656 primo,
2246 2625 2447 2658 comparatur

1382 2659 1510 2690 scientia
1525 2659 1584 2690 Dei
1607 2660 1647 2690 ad
1670 2660 1776 2700 ipsum
1793 2660 1899 2690 Deum
1906 2669 1914 2696 ;
1940 2661 2090 2696 secundo,
2107 2661 2147 2691 ad
2163 2660 2222 2691 alia
2236 2671 2254 2691 a
2270 2670 2316 2698 se;
2341 2662 2444 2699 tertio,

1381 2704 1591 2744 respondetur
1610 2703 1737 2735 cuidam
1756 2704 1866 2735 tacitae
1885 2704 2065 2735 obiectioni.
2084 2722 2102 2727 —
2119 2705 2167 2736 De
2179 2706 2299 2745 primo,
2316 2706 2447 2746 ponitur

1381 2748 1560 2779 conclusio:
1586 2748 1722 2779 Scientia
1740 2748 1800 2779 Dei
1819 2749 1857 2779 de
1877 2748 1981 2789 seipso
1998 2755 2044 2780 est
2062 2749 2253 2789 speculativa
2275 2757 2410 2781 tantum.
2426 2769 2443 2774 -

1380 2793 1554 2823 Probatur:
1579 2792 1655 2833 quia
1677 2793 1744 2833 ipse
1768 2803 1834 2823 non
1858 2800 1904 2824 est
1928 2793 2104 2833 operabilis.

1436 2837 1484 2867 De
1507 2837 1657 2874 secundo,
1682 2837 1812 2877 ponitur
1835 2837 2017 2868 conclusio:
2042 2837 2177 2869 Scientia
2200 2838 2239 2868 de
2262 2838 2330 2869 aliis
2354 2849 2372 2869 a
2394 2849 2443 2875 se,

1381 2888 1428 2912 est
1450 2881 1656 2922 speculativa,
1681 2888 1711 2912 et
1734 2881 1870 2921 practica
1892 2882 1988 2912 etiam
2011 2881 2231 2913 diversimode.
2247 2900 2268 2905 ·—
2290 2883 2446 2914 Probatur

1381 2925 1486 2966 primo
1509 2923 1599 2966 quod
1618 2925 1657 2956 sit
1675 2925 1884 2966 speculativa:
1910 2926 1987 2966 quia
2010 2926 2118 2956 omnia
2141 2926 2230 2957 novit
2252 2927 2351 2957 modo
2376 2937 2445 2967 spe-

1382 2969 1534 3006 culativo,
1559 2969 1635 3010 quid
1659 2976 1752 3006 sunt,
1777 2977 1834 3001 etc.
1864 2970 1987 3001 Deinde
2011 2971 2100 3010 quod
2123 2970 2163 3002 sit
2185 2970 2320 3011 practica
2344 2971 2444 3002 diver-

1381 3014 1518 3044 simode:
1536 3013 1611 3054 quia
1633 3014 1671 3044 de
1684 3013 1873 3045 factibilibus
1889 3024 1970 3055 quae
1987 3024 2154 3055 nunquam
2170 3014 2259 3051 fiunt,
2275 3015 2445 3055 practicam

1381 3059 1475 3089 habet
1496 3058 1625 3094 virtute,
1650 3058 1730 3089 idest
1754 3068 1790 3089 ex
1814 3059 1938 3090 obiecto
1963 3065 1993 3089 et
2016 3059 2115 3089 modo
2140 3066 2170 3090 et
2193 3058 2254 3089 fine
2279 3059 2442 3096 scientiae,

1381 3113 1448 3133 non
1470 3101 1533 3132 fine
1557 3102 1699 3139 scientis;
1731 3102 1769 3133 de
1792 3102 1841 3133 his
1864 3113 1940 3133 vero
1964 3113 2046 3144 quae
2077 3103 2115 3133 de
2143 3102 2226 3134 facto
2250 3103 2445 3144 quandoque

1381 3146 1471 3183 fiunt,
1496 3147 1590 3177 habet
1614 3146 1784 3187 practicam
1808 3147 1991 3187 simpliciter
2013 3154 2044 3178 et
2067 3154 2147 3178 actu.

1440 3191 1579 3222 Obiectio
1599 3197 1707 3221 autem
1723 3191 1774 3221 cui
1789 3191 2008 3231 respondetur,
2026 3198 2081 3227 est,
2099 3191 2174 3232 quia
2189 3191 2272 3222 mala
2288 3201 2354 3221 non
2372 3191 2445 3222 facit

1380 3236 1482 3272 Deus,
1507 3245 1610 3275 neque
1634 3242 1708 3266 sunt
1731 3235 1769 3265 de
1793 3245 1927 3266 numero
1957 3235 2145 3266 factibilium
2168 3241 2222 3266 aut
2246 3235 2403 3266 factorum
2426 3246 2444 3266 a

1380 3280 1464 3310 Deo:
1490 3279 1657 3320 quomodo
1682 3289 1756 3319 ergo
1780 3279 1856 3310 haec
1880 3280 1919 3310 ad
1943 3279 2105 3310 scientiam
2131 3279 2300 3319 practicam
2323 3286 2443 3320 specta-

1381 3321 1480 3354 bunt?
1495 3342 1515 3346 -
1530 3324 1754 3363 Respondetur
1776 3324 1874 3364 quod,
1895 3324 1976 3354 sicut
1999 3323 2154 3354 medicina
2178 3330 2224 3354 est
2246 3334 2312 3354 non
2337 3324 2443 3354 solum

1381 3368 1458 3405 sani,
1483 3368 1538 3398 sed
1561 3367 1653 3407 aegri,
1678 3367 1721 3398 ita
1745 3368 1872 3399 scientia
1891 3368 1959 3404 Dei,
1976 3378 2042 3398 non
2066 3367 2220 3404 faciendo,
2238 3368 2293 3398 sed
2315 3368 2443 3408 permit-

1381 3413 1487 3448 tendo,
1512 3411 1702 3450 ordinando,
1725 3411 1940 3453 impediendo,
1965 3419 2022 3442 etc.

1438 3457 1477 3487 V.
1500 3456 1636 3487 Adverte
1660 3456 1726 3492 hic,
1751 3457 1840 3496 quod
1864 3456 1902 3486 de
1926 3455 2054 3486 scientia
2075 3455 2135 3486 Dei
2158 3465 2331 3496 possumus
2353 3456 2443 3497 loqui

1381 3500 1555 3541 dupliciter.
1580 3500 1688 3530 Primo
1712 3500 1875 3537 absolute,
1900 3500 2076 3530 secundum
2098 3500 2187 3540 quod
2210 3500 2242 3530 in
2266 3510 2299 3530 se
2323 3507 2378 3532 est.
2403 3501 2443 3532 Et

1381 3545 1439 3581 sic,
1465 3554 1538 3575 cum
1562 3544 1602 3575 sit
1625 3554 1688 3574 una
1712 3551 1742 3575 et
1765 3544 1910 3584 simplex,
1935 3543 2129 3583 praehabens
2152 3544 2185 3574 in
2209 3554 2241 3574 se
2270 3544 2444 3575 eminenter

1380 3599 1511 3619 omnem
1542 3588 1688 3619 scientiae
1712 3588 1953 3628 perfectionem,
1978 3598 2081 3628 neque
2105 3594 2151 3619 est
2174 3588 2309 3628 practica
2339 3598 2442 3630 neque

1380 3633 1580 3673 speculativa,
1599 3632 1653 3663 sed
1668 3632 1760 3663 altius
1784 3632 1862 3673 quid
1885 3632 2059 3663 eminenter
2078 3631 2242 3663 continens
2258 3639 2440 3674 utrumque,

2485 466 2500 495 '‚
2510 464 2539 486 D·
2552 470 2605 493 4791
2620 471 2664 494 7¹3·

2473 2623 2484 2635 “
2498 2623 2534 2646 Cf.
2549 2629 2613 2645 num.
2627 2630 2647 2646 ι.
