2768 4178
26 2775 29 2782 '
37 2779 50 2793 ⁸
55 2779 117 2803 vtae
124 2779 223 2804 &aare
228 2767 253 2803 ei

155 2823 162 2835 ‚
178 2807 253 2831 Com-

36 2834 253 2914 maseati}

28 2918 250 2990 ἓξὲξ-,ὥς

36 2837 110 2857 flunt.

976 262 1244 308 QUAESTIO
1274 264 1395 312 XLV,
1425 267 1720 306 ARTICULUS
1748 271 1784 307 V

287 341 430 373 secunda
453 345 675 373 assumeretur
695 340 740 371 ad
762 341 933 371 creationis
952 346 1071 378 actum,
1092 347 1172 372 esset
1191 351 1291 372 causa
1307 343 1355 372 in-

285 386 516 418 strumentalis.
545 386 654 423 Quam
682 391 805 416 constat
831 394 898 415 non
922 394 1016 424 posse
1039 384 1185 416 inficiari:
1210 386 1285 426 quia
1309 396 1355 416 se-

286 431 430 462 cundum
458 439 588 466 omnes,
613 426 728 460 creatio
759 435 806 460 est
834 428 965 469 propria
974 438 978 446 ³
992 428 1075 459 actio
1098 429 1198 460 solius
1225 430 1300 466 Dei;
1326 437 1356 461 et

286 484 511 516 quaecumque
533 483 628 504 causa
643 473 815 504 assumitur
829 473 869 503 ad
885 473 1108 513 exequendum
1127 473 1288 514 propriam
1303 484 1354 504 su-

285 519 418 560 perioris
440 518 616 554 actionem,
646 524 769 548 constat
798 517 888 558 quod
917 523 954 547 ut
982 516 1230 548 instrumentalis
1262 527 1355 548 causa

286 562 462 594 adhibetur.
478 580 500 586 —
516 562 639 593 Dicitur
652 561 803 599 secundo,
820 561 909 602 quod
925 560 1020 591 etiam
1043 561 1097 591 illa
1115 561 1294 602 propositio
1310 569 1356 593 est

285 615 376 644 vera;
405 614 443 638 ut
465 613 551 647 patet
579 616 618 637 ex
640 606 703 647 Qq.
726 605 766 636 de
788 606 951 641 Potentia,
981 615 1036 646 qu.
1059 615 1111 641 111,
1137 612 1191 636 art.
1216 616 1275 641 vn,
1300 606 1355 636 ubi

285 651 432 691 angelus,
458 658 489 682 et
512 651 618 681 omnis
640 660 735 681 causa
763 649 916 686 secunda,
941 659 1007 679 non
1031 649 1095 690 agit
1117 649 1178 679 nisi
1205 656 1316 688 agatur
1338 660 1355 680 a

285 696 356 726 Deo
379 695 612 735 multipliciter,
637 701 673 725 ut
696 693 808 724 diffuse
830 693 950 724 ibidem
978 693 1166 725 ostenditur.
1182 711 1203 716 —
1223 694 1289 723 Nec
1311 693 1356 724 in-

286 740 443 776 convenit,
466 739 535 770 imo
551 745 678 779 oportet
700 747 833 768 omnem
848 738 1007 769 actionem
1031 744 1189 769 creaturae
1204 737 1356 777 attingere

285 784 325 815 ad
342 783 489 815 effectum
503 782 577 813 Dei:
602 782 678 823 quia
701 792 826 823 semper
849 782 973 822 attingit
995 782 1035 813 ad
1059 792 1135 819 esse,
1160 782 1250 823 quod
1268 782 1355 812 nulla

286 837 379 859 causa
402 828 455 858 dat
477 827 538 857 nisi
560 826 594 857 in
617 827 732 857 virtute
755 826 876 867 primae
901 835 1028 863 causae;
1053 833 1089 858 ut
1111 826 1178 863 hic,
1204 832 1235 856 et
1257 825 1290 856 in
1314 826 1354 856 111

287 871 409 907 Contra
434 871 538 908 Gent.,
564 881 632 912 cap.
650 881 735 907 ιιινι,
760 871 945 903 ostenditur.

343 916 396 946 Ad
417 915 632 946 obiectionem
648 915 743 946 aliam
758 925 834 946 vero
859 915 1011 951 eiusdem,
1037 915 1152 946 dicitur
1167 914 1265 956 quod,
1283 914 1356 945 licet

284 970 411 1001 semper
425 960 526 1001 possit
549 959 693 991 accidens
707 969 726 990 a
741 959 884 991 subiecto
907 959 1044 1000 separari
1066 959 1100 989 in
1116 969 1210 990 sensu
1234 958 1353 995 diviso;

284 1015 352 1036 non
362 1011 470 1036 tamen
482 1004 708 1045 compossibile
719 1011 766 1036 est
781 1004 871 1045 quod
886 1004 1031 1035 accidens
1046 1010 1208 1045 separetur
1221 1014 1239 1034 a
1255 1004 1356 1034 subie-

285 1056 346 1086 cto,
367 1055 398 1080 et
416 1048 470 1080 fiat
493 1049 531 1079 ab
555 1055 666 1089 agente
690 1049 838 1085 naturali;
862 1048 923 1079 nisi
947 1048 1027 1079 forte
1051 1048 1155 1078 eidem
1170 1048 1203 1078 in
1218 1047 1285 1079 fieri
1301 1048 1355 1079 tri-

283 1095 399 1125 buatur
422 1100 458 1124 ut
480 1099 567 1133 gerat
588 1093 691 1123 vicem
706 1093 848 1129 subiecti,
873 1093 953 1124 sicut
968 1092 1001 1123 in
1017 1092 1221 1123 Sacramento
1240 1092 1355 1123 Altaris

284 1138 419 1169 dicimus
447 1138 537 1179 quod
565 1137 723 1178 quantitas
753 1137 832 1177 gerit
854 1137 958 1168 vicem
983 1136 1175 1168 substantiae
1204 1136 1299 1168 etiam
1322 1137 1355 1167 in

284 1182 498 1223 corruptione.
514 1199 535 1205 —
551 1181 645 1212 Ratio
669 1188 777 1212 autem
801 1181 988 1222 disparitatis
1011 1180 1092 1212 inter
1114 1181 1356 1222 possibilitatem

283 1226 490 1268 separationis
514 1225 681 1257 accidentis
704 1225 737 1256 in
760 1225 827 1256 fieri
850 1232 882 1256 et
903 1225 987 1256 facto
1011 1235 1095 1262 esse,
1120 1232 1167 1256 est
1189 1226 1264 1266 quia
1288 1235 1355 1256 esse

283 1270 453 1309 accidentis
475 1277 542 1301 non
565 1276 612 1301 est
634 1270 736 1300 inesse
755 1270 931 1306 actualiter,
957 1269 1012 1300 sed
1035 1269 1296 1310 aptitudinaliter‚
1320 1270 1355 1300 in

283 1312 442 1347 subiecto:
467 1321 498 1345 et
520 1321 687 1355 propterea
717 1320 778 1346 stat
801 1315 890 1356 quod
921 1319 1099 1354 separetur,
1131 1321 1163 1345 et
1190 1314 1239 1345 sit.
1271 1314 1355 1345 Fieri

283 1366 391 1391 autem
414 1359 482 1390 eius
506 1359 545 1389 ab
569 1365 680 1399 agente
703 1358 849 1398 naturali,
869 1365 915 1389 est
932 1358 1094 1389 actualiter
1117 1358 1209 1389 educi
1233 1359 1272 1390 de
1295 1369 1353 1399 po-

281 1403 395 1435 tentia:
420 1413 486 1434 non
506 1402 592 1434 enim
615 1402 703 1434 aliter
725 1412 820 1443 agens
844 1402 986 1434 naturale
1009 1402 1082 1443 agit,
1107 1402 1167 1434 nisi
1188 1403 1353 1435 educendo

283 1448 323 1479 de
337 1447 481 1489 potentia
495 1446 636 1478 subiecti.
653 1447 695 1478 Et
709 1453 885 1487 propterea,
898 1446 980 1478 sicut
993 1456 1060 1477 non
1076 1453 1136 1478 stat
1151 1447 1248 1479 simul
1265 1448 1354 1488 quod

281 1492 338 1525 fiat
352 1493 392 1524 ab
406 1499 519 1533 agente
537 1491 682 1528 naturali,
699 1497 731 1522 et
745 1501 812 1522 non
828 1491 980 1523 educatur
998 1491 1038 1522 de
1053 1491 1196 1532 potentia
1212 1493 1353 1530 subiecti,

282 1537 359 1580 quia
379 1536 540 1577 implicat3
562 1536 607 1566 ita
622 1545 690 1566 non
705 1542 766 1566 stat
781 1535 878 1567 simul
901 1535 991 1577 quod
1006 1534 1062 1567 fiat
1075 1536 1114 1567 ab
1129 1543 1240 1577 agente
1263 1544 1354 1568 natu-

281 1581 349 1619 rali,
372 1587 404 1612 et
418 1580 459 1612 sit
474 1586 655 1621 separatum
671 1590 689 1610 a
705 1579 858 1611 subiecto.
882 1580 939 1612 Est
954 1579 1040 1623 enim
1059 1581 1226 1612 manifesta
1249 1581 1354 1623 impli-

282 1625 381 1659 catio:
405 1634 505 1666 quam
527 1623 554 1655 si
577 1623 760 1655 advertisset
781 1624 964 1662 Durandus,
989 1625 1070 1656 forte
1093 1625 1249 1657 tacuisset.

338 1668 452 1702 xvm.
469 1668 588 1707 Quoad
602 1673 754 1710 quartum
766 1668 793 1706 *‚
815 1668 998 1700 confutatur
1020 1670 1178 1710 praedicta
1197 1669 1355 1711 opiniot*

233 1711 241 1719 ‘
281 1713 456 1756 specialiter
473 1713 582 1755 quoad
598 1723 725 1754 corpuS.
749 1713 835 1751 Quia
851 1723 948 1744 omne
965 1723 1081 1755 corpus
1096 1714 1161 1755 agit
1174 1715 1352 1756 tangendo:

281 1767 357 1800 ergo
390 1757 621 1799 praeexigendo
653 1757 775 1798 aliquid
806 1767 882 1788 suae
911 1758 1038 1790 actioni.
1076 1759 1213 1790 Nullum
1244 1767 1353 1792 autem

281 1813 390 1835 creans
412 1802 582 1843 praeexigit
605 1801 734 1843 aliquid.
759 1802 845 1842 Ergo
869 1808 928 1834 etc.

339 1847 424 1879 XIX.
449 1846 485 1877 In
507 1846 715 1887 responsione
736 1846 777 1877 ad
799 1846 951 1887 primum,
975 1847 1101 1878 adverte
1124 1849 1214 1889 quod
1237 1849 1352 1880 Scotus

281 1901 353 1924 earn
376 1890 478 1927 refert,
495 1890 551 1922 ubi
567 1901 662 1931 supra
677 1888 702 1927 *,
727 1901 784 1931 per
798 1891 935 1922 modum
949 1891 1080 1922 rationis
1096 1900 1205 1924 contra
1218 1893 1353 1925 Avicen-

280 1946 357 1968 nam
369 1934 398 1973 *,
423 1935 483 1966 sic:
507 1935 701 1976 Participans
725 1941 871 1966 naturam
894 1935 1035 1977 aliquam
1058 1936 1132 1968 facit
1155 1937 1214 1968 sibi
1239 1938 1351 1975 simile,

279 1990 348 2012 non
370 1979 579 2021 producendo
603 1986 750 2010 naturam
773 1979 927 2018 absolute,
945 1980 1000 2011 sed
1016 1980 1206 2022 applicando
1230 1989 1288 2014 etc.
1312 1983 1354 2015 Et

280 2030 390 2058 contra
413 2034 485 2055 eam
507 2023 724 2064 multipliciter
746 2024 859 2064 arguit.

337 2069 457 2105 Primo,
473 2068 550 2109 quia
565 2067 617 2099 hic
639 2075 846 2100 assumuntur
861 2069 927 2100 duo
942 2069 1017 2101 alibi
1031 2069 1050 2088 ⁴*
1073 2070 1268 2111 improbata:
1293 2072 1351 2103 sci-

279 2113 353 2147 licet
375 2113 466 2156 quod
483 2112 585 2143 homo
609 2122 676 2143 non
699 2119 746 2144 est
767 2113 819 2144 hic
841 2113 902 2144 nisi
923 2124 981 2155 per
1003 2114 1168 2146 materiam
1175 2124 1183 2152 ;
1208 2123 1240 2147 et
1262 2116 1352 2158 quod

280 2157 410 2199 angelus
434 2164 480 2189 est
502 2157 554 2188 hic
576 2167 632 2197 per
655 2167 748 2187 suam
770 2156 918 2189 formam.

339 2201 498 2238 Secundo,
523 2201 598 2242 quia
620 2200 675 2231 illa
693 2201 796 2232 maior
818 2209 874 2233 aut
889 2202 1041 2235 fundatur
1063 2214 1159 2245 super
1181 2204 1253 2242 hoc,
1272 2216 1351 2247 pro-

279 2247 411 2278 ductum
434 2250 558 2286 oportet
573 2246 777 2286 participare
795 2248 968 2278 naturam:
992 2254 1023 2279 et
1036 2248 1080 2279 sic
1095 2256 1246 2290 sequetur
1260 2251 1351 2292 quod

280 2301 339 2322 nec
354 2301 372 2322 a
385 2291 456 2322 Deo
471 2296 580 2331 posset
591 2290 687 2320 creari
703 2290 844 2330 angelus.
854 2309 876 2314 —
891 2293 959 2323 Aut
972 2302 1069 2333 super
1083 2293 1155 2330 hoc,
1172 2295 1262 2335 quod
1273 2305 1350 2335 pro-

279 2335 400 2368 ducens
417 2334 557 2376 angelus
565 2335 744 2375 participat
758 2339 922 2367 naturam.
946 2336 988 2367 Et
1002 2337 1047 2368 sic
1061 2337 1141 2368 nihil
1155 2338 1248 2370 valet.
1266 2340 1352 2377 Quia

279 2379 412 2420 angelus
433 2379 614 2421 producens
636 2388 704 2409 non
726 2378 821 2411 habet
842 2380 963 2421 aliquid
985 2383 1267 2423 praesuppositum
1290 2384 1351 2424 ipsi

279 2433 361 2456 esse:
385 2431 460 2464 ergo
483 2433 542 2454 nec
564 2422 598 2453 in
619 2423 828 2463 producendo
852 2424 1022 2466 requiritur
1044 2426 1176 2468 aliquod
1198 2438 1351 2469 praesup-

278 2468 423 2510 positum
445 2467 507 2508 ipsi
529 2475 615 2498 esse:
639 2467 884 2508 producendum
903 2469 990 2500 enim
1012 2477 1140 2512 oportet
1162 2481 1229 2502 esse
1249 2472 1350 2504 simile

279 2511 479 2554 producenti.
1035 2537 1039 2540 .

334 2556 456 2592 Tertio,
476 2561 587 2586 contra
607 2555 696 2586 illam
714 2557 970 2597 propositionem
992 2559 1161 2598 minorem,
1186 2571 1279 2592 omne
1294 2572 1351 2593 ens

280 2605 423 2632 creatum
443 2600 621 2640 participat
643 2605 795 2631 naturam
819 2603 954 2634 essendi.
978 2605 1045 2635 Aut
1060 2614 1127 2636 esse
1146 2605 1351 2647 participatur

278 2652 433 2686 tanquam
452 2650 539 2675 actus
553 2644 711 2684 posterior
733 2646 876 2683 essentia,
891 2653 947 2678 aut
962 2654 1115 2690 tanquam
1137 2649 1223 2680 idem
1247 2661 1350 2682 essen-

278 2689 356 2721 tiae:
381 2688 436 2720 sed
459 2694 573 2719 neutro
596 2689 696 2719 modo
720 2690 922 2722 concluditur
944 2691 1118 2724 intentum:
1144 2704 1229 2735 ergo.

335 2733 404 2764 XX.
428 2733 480 2764 Ad
495 2732 573 2764 haec
591 2733 725 2764 breviter
748 2734 870 2766 dicitur.
895 2736 936 2767 Et
951 2736 991 2767 ad
1008 2737 1158 2777 primum,
1184 2739 1273 2780 quod
1296 2739 1350 2770 illa

279 2777 354 2809 alibi
376 2777 565 2818 improbata,
590 2784 665 2808 sunt
688 2778 782 2809 etiam
805 2779 878 2810 alibi
901 2787 1073 2813 sustentata
1097 2788 1128 2814 et
1149 2783 1307 2815 verificata
1321 2783 1349 2815 θ’.

337 2822 388 2853 Ad
412 2822 591 2853 secundum
619 2832 696 2853 vero
720 2822 834 2854 dicitur
862 2825 968 2865 quod,
998 2832 1034 2857 ut
1056 2826 1089 2857 in
1111 2827 1214 2858 littera
1242 2835 1350 2869 aperte

278 2873 489 2903 monstratur,
519 2866 622 2897 maior
648 2867 718 2907 ipsa
740 2867 932 2906 verificatur,
964 2870 1039 2911 quia
1062 2881 1158 2911 agens
1185 2873 1351 2913 participat

277 2911 367 2942 illam
389 2917 546 2942 naturam.
575 2911 616 2942 Et
639 2911 792 2951 probatur
814 2912 848 2943 in
870 2913 973 2945 littera
995 2915 1113 2952 maior,
1138 2916 1285 2947 ducendo
1309 2917 1350 2948 ad

277 2954 493 2996 impossibile:
518 2954 594 2996 quia
618 2955 751 2992 scilicet,
776 2955 802 2986 si
824 2957 1016 2999 participans
1039 2959 1180 3001 aliquam
1203 2968 1350 2993 naturam

279 3005 420 3031 causaret
441 2999 530 3030 illam
552 3000 712 3037 absolute,
745 3009 775 3031 et
798 3010 864 3031 non
887 3001 921 3032 in
943 3002 1022 3040 hoc,
1053 3011 1238 3045 sequeretur
1260 3005 1364 3047 quod'

278 3050 420 3075 causaret
442 3043 531 3074 illam
552 3044 586 3074 in
605 3043 720 3084 seipso.
745 3044 787 3075 Et
805 3051 891 3077 tenet
912 3048 1054 3088 sequela:
1079 3049 1155 3089 quia
1178 3059 1274 3080 causa
1295 3050 1350 3080 ah-

279 3087 370 3118 cuius
385 3094 514 3118 naturae
529 3088 685 3126 absolute,
703 3095 750 3120 est
764 3099 858 3120 causa
873 3086 958 3122 illius
973 3092 1206 3131 universaliter;
1227 3101 1257 3125 et
1273 3104 1348 3125 con-

278 3138 445 3173 sequenter
463 3132 496 3162 in
511 3142 720 3174 quocumque
735 3139 782 3164 est
797 3134 998 3176 participum
1024 3144 1055 3168 et
1070 3145 1300 3179 consequenter
1315 3139 1348 3170 in

277 3175 393 3217 seipso,
410 3186 447 3206 ex
461 3186 528 3217 quo
543 3176 652 3218 ipsum
675 3188 807 3219 quoque
824 3185 871 3210 est
885 3179 924 3210 de
938 3190 1074 3212 numero
1090 3182 1348 3223 participantium

276 3219 366 3251 illam
381 3226 537 3252 naturam.
554 3238 575 3244 -
590 3222 642 3252 Ad
665 3222 878 3254 obiectionem
894 3234 969 3265 ergo
984 3225 1107 3263 dicitur,
1125 3227 1214 3268 quod
1234 3237 1270 3258 ex
1286 3228 1348 3259 hoc

277 3264 497 3301 antecedente,
521 3266 660 3307 angelus
678 3267 831 3307 producit
853 3268 954 3299 alium
978 3271 1144 3312 angelum,
1171 3279 1348 3312 sequuntur

277 3306 344 3339 duo
368 3308 625 3340 contradictoria:
656 3310 773 3342 scilicet
796 3318 827 3343 et
849 3313 939 3353 quod
961 3314 1092 3355 angelus
1121 3316 1347 3355 producendus

276 3352 372 3384 habet
394 3352 514 3394 aliquid
536 3355 826 3396 praesuppositum,
853 3364 884 3388 et
906 3359 996 3398 quod
1019 3369 1086 3390 non
1109 3359 1213 3391 habet.
1237 3361 1285 3391 Ex
1308 3371 1347 3391 eo

276 3406 416 3438 namque
447 3398 538 3438 quod
560 3405 687 3438 oportet
716 3409 783 3431 esse
806 3400 944 3432 similem
966 3403 1174 3443 producenti,
1204 3404 1348 3445 sequitur

276 3441 366 3482 quod
389 3451 456 3472 non
478 3441 582 3473 habet.
604 3443 652 3473 Ex
671 3453 710 3474 eo
727 3454 804 3475 vero
828 3446 917 3487 quod
940 3447 1118 3487 producens
1143 3455 1190 3479 est
1212 3458 1267 3479 ens
1290 3459 1347 3489 per

275 3484 560 3526 participationem,
581 3487 723 3527 sequitur
738 3489 827 3530 quod
842 3491 1040 3531 producendi
1063 3492 1185 3533 aliquid
1208 3493 1345 3533 praeexi-

276 3536 352 3560 stat:
377 3530 453 3570 quia
469 3529 536 3561 eius
552 3531 634 3561 actio
651 3536 717 3562 non
733 3539 839 3573 potest
862 3544 928 3565 esse
944 3535 1004 3566 nisi
1020 3535 1115 3567 factio
1140 3546 1206 3567 esse
1221 3536 1255 3567 in
1271 3537 1343 3567 hoc.

275 3574 341 3604 Nec
358 3580 405 3605 est
427 3574 546 3605 mirum
568 3574 646 3606 hoc:
671 3575 747 3617 quia
767 3579 953 3610 antecedens
967 3579 1119 3620 implicat.
1143 3581 1236 3611 Unde
1254 3590 1343 3620 argu-

276 3624 422 3649 mentum
445 3618 532 3650 Scoti
555 3618 634 3650 nihil
656 3619 756 3657 valet,
781 3631 818 3652 ex
841 3623 969 3664 sequela
992 3624 1087 3655 unius
1111 3625 1343 3655 contradictorii

418 3675 527 3705 summan
546 3680 647 3705 Tmzox..
667 3681 699 3706 D.
718 3681 833 3707 Tnouaa
851 3682 883 3708 T.
903 3684 921 3709 1.

2392 279 2469 325 473

1409 344 1544 376 inferens
1558 357 1625 377 non
1642 349 1804 389 sequelam
1818 350 1959 382 alterius:
1977 352 2110 384 dicimus
2126 354 2211 384 enim
2227 355 2315 395 quod
2331 357 2472 397 sequitur

1410 395 1591 430 utrumque.
1622 392 1664 422 Et
1686 393 1748 423 hoc
1771 395 1908 426 ostendit
1937 397 2023 436 quod
2053 398 2238 429 antecedens
2268 406 2314 430 est
2337 400 2470 431 omnino

1409 432 1614 472 impossibile.
1639 436 1688 472 Et,
1707 444 1743 467 ut
1758 438 1790 467 in
1814 438 1915 469 littera
1938 440 2060 478 dicitur,
2078 451 2114 472 ex
2130 442 2191 473 hoc
2206 442 2364 474 evidenter
2386 452 2472 485 patet

1409 477 1498 517 quod
1521 478 1609 509 nulla
1632 487 1771 511 creatura
1794 489 1899 522 potest
1922 493 2034 515 creare.

1426 563 1433 569 ·
1468 521 1519 550 Ad
1541 523 1669 553 tertium
1692 532 1799 556 autem
1823 526 1944 564 dicitur,
1968 530 2055 569 quod
2079 530 2156 560 nihil
2179 531 2272 563 refert
2295 532 2334 562 ad
2353 543 2470 574 propo·

1410 570 1506 594 situm
1529 565 1674 597 identitas
1703 576 1758 600 aut
1781 570 1941 601 diversitas
1971 574 2121 604 essentiae
2151 575 2190 605 ab
2213 585 2298 607 esse:
2329 577 2402 607 satis
2426 584 2472 608 est

1410 609 1498 647 quod
1522 609 1583 640 sint
1599 611 1681 641 entia
1700 623 1755 652 per
1778 614 2049 655 participationem
2073 625 2127 649 aut
2149 620 2282 650 omnino
2307 620 2469 661 simplicia,

1410 658 1465 682 aut
1486 652 1733 693 inseparabiliter
1756 659 1941 698 composita,
1966 660 2009 691 sic
2028 662 2116 701 quod
2131 663 2208 693 nihil
2232 674 2344 695 eorum
2366 672 2471 705 potest

1410 698 1624 737 praesupponi
1648 707 1718 730 ante
1735 701 1853 742 aliquid
1869 703 1954 733 aliud
1971 706 2156 737 eorundem.
2181 708 2246 738 Iam
2263 709 2347 739 enirn
2364 717 2470 740 osten-

1410 748 1482 769 sum
1498 747 1545 771 est
1567 743 1654 782 quod
1674 744 1784 781 maior,
1809 756 1883 776 cum
1906 754 1974 778 toto
1998 758 2156 788 processu,
2177 752 2276 782 solida
2300 760 2354 789 est,
2379 754 2469 794 quid-

1409 783 1488 823 quid
1510 784 1627 816 horum
1651 787 1700 818 sit.
1723 806 1744 811 —
1768 790 1866 826 Quod
1889 801 2021 831 arguens
2045 794 2165 831 subdit,
2190 796 2278 836 quod
2302 798 2387 837 apud
2409 808 2468 829 nos

1410 827 1587 859 subiectum
1609 840 1675 861 non
1699 834 1891 873 supponitur
1919 843 2046 876 propter
2069 845 2213 869 naturam
2236 841 2354 880 agentis
2376 843 2469 883 parti-

1411 871 1563 911 cipatam,
1581 875 1635 904 sed
1651 875 1725 916 quia
1741 876 1854 916 forma,
1871 888 1953 919 quae
1969 887 2014 911 est
2030 891 2100 921 pars
2116 890 2244 914 naturae
2259 885 2468 926 participatae,

1411 922 1457 946 est
1479 917 1663 954 materialis;
1688 920 1773 959 ipsae
1792 931 1898 952 rerum
1920 924 2072 962 actiones,
2099 933 2129 957 et
2151 927 2229 958 ratio
2252 928 2285 959 in
2308 929 2408 960 littera
2430 931 2469 961 ad

1410 960 1612 999 probandum
1635 963 1789 994 maiorem
1812 966 1912 1003 allata,
1937 970 2108 1001 ostendunt
2131 972 2208 1002 rude
2228 982 2303 1003 esse.

1469 1005 1552 1036 XXI.
1583 1006 1617 1035 In
1648 1009 1853 1048 responsione
1877 1011 1916 1041 ad
1945 1013 2088 1050 tertium,
2113 1015 2208 1045 habes
2231 1018 2470 1056 responsionem

1409 1047 1641 1098 inquirentibus
1672 1062 1768 1092 quare
1791 1055 1931 1093 potentia
1959 1058 2081 1087 creandi
2110 1069 2175 1089 non
2199 1066 2303 1099 potest
2326 1072 2469 1093 commu-

1409 1102 1505 1122 mearl
1521 1101 1686 1131 creaturae,
1712 1107 1807 1137 quare
1825 1107 1989 1139 repugnat,
2007 1108 2064 1132 etc.
2088 1103 2180 1133 Ratio
2197 1111 2251 1140 est,
2276 1105 2350 1145 quia
2372 1106 2469 1137 virtus

1410 1136 1542 1167 creativa
1566 1145 1612 1169 est
1634 1139 1771 1177 infinita,
1797 1142 1853 1172 etsi
1876 1153 1942 1174 non
1966 1145 2085 1176 ratione
2108 1146 2197 1183 facti,
2221 1155 2327 1179 tamen
2350 1150 2469 1181 ratione

1409 1181 1498 1211 modi
1523 1181 1664 1214 faciendi.
1682 1202 1702 1206 —
1718 1185 1759 1215 Et
1781 1195 1837 1225 per
1853 1187 1915 1217 hoc
1938 1189 2039 1219 solves
2063 1191 2163 1221 multa
2179 1201 2438 1231 argumentorum
2452 1206 2470 1225 a

1409 1224 1569 1265 Capreolo
1593 1227 1803 1266 recitatorum,
1828 1230 1861 1260 in
1885 1231 1926 1267 11,
1952 1233 2021 1264 dist.
2037 1244 2061 1270 1,
2087 1245 2140 1275 qu.
2161 1246 2194 1265 111
2209 1236 2234 1272 *,
2260 1244 2367 1268 contra
2391 1239 2469 1270 hanc
2495 1245 2507 1256 ⁴¹

1409 1270 1660 1301 conclusionem:
1686 1282 1767 1312 quae
1790 1273 1870 1310 vide,
1895 1275 1920 1305 si
1943 1276 1999 1313 vis,
2023 1277 2055 1307 in
2080 1289 2146 1309 eo.-

1466 1313 1682 1346 Veruntamen
1706 1316 1829 1354 Scotus,
1854 1319 1908 1349 ubi
1931 1330 2025 1360 supra
2039 1321 2067 1357 ‘²¹3
2091 1323 2171 1354 hanc
2190 1324 2344 1356 rationem
2367 1327 2467 1358 affert:

1409 1364 1440 1388 et
1455 1359 1601 1399 quamvis
1622 1360 1704 1390 male
1719 1361 1862 1392 videatur
1884 1364 2077 1402 subsumere,
2101 1367 2267 1399 inserendo
2292 1370 2469 1402 distantiam

1408 1403 1568 1442 potentiae
1584 1403 1622 1434 ab
1638 1411 1718 1441 actu,
1735 1405 1951 1444 nihilominus,
1968 1409 2041 1449 quia
2058 1410 2214 1442 evidenter
2232 1421 2360 1453 apparet
2381 1417 2469 1456 quod

1408 1446 1494 1477 hunc
1516 1447 1636 1478 litterae
1659 1459 1788 1489 passum
1811 1451 2035 1491 reprehendere
2050 1454 2167 1491 nititur,
2187 1457 2342 1488 recitanda
2358 1467 2404 1490 est
2418 1470 2468 1490 so-

1408 1491 1489 1522 lutio
1509 1492 1587 1528 eius,
1602 1499 1634 1524 et
1650 1493 1852 1526 confutanda.
1876 1496 1959 1527 Dicit
1981 1507 2055 1538 ergo
2074 1500 2172 1539 quod,
2188 1500 2260 1532 licet
2275 1503 2396 1534 nullius
2407 1514 2467 1544 po-

1409 1537 1527 1566 tentiae
1551 1537 1591 1567 ad
1613 1538 1756 1578 aliquam
1774 1542 1950 1579 potentiam
1976 1543 2062 1573 nulla
2085 1543 2124 1575 sit
2147 1546 2321 1584 proportio,
2338 1555 2468 1587 negatur

1408 1586 1515 1611 tamen
1531 1582 1668 1622 sequela,
1692 1592 1772 1624 ergo
1796 1585 1898 1615 virtus
1913 1595 1995 1625 quae
2003 1592 2109 1626 potest
2123 1597 2220 1628 super
2235 1590 2326 1628 hanc,
2345 1593 2466 1623 nullam

1408 1624 1501 1655 habet
1518 1628 1758 1666 proportionem
1782 1628 1826 1658 ad
1848 1630 1994 1660 virtutem
2021 1641 2103 1671 quae
2119 1638 2225 1672 potest
2247 1644 2344 1674 super
2367 1636 2467 1668 illam.

1408 1669 1449 1700 Et
1471 1669 1551 1700 ratio
1575 1671 1751 1711 negationis
1775 1680 1829 1709 est,
1850 1673 1924 1714 quia
1946 1674 2047 1714 prima
2070 1683 2215 1714 extrema,
2239 1679 2356 1710 scilicet
2378 1681 2467 1711 nulla

1402 1714 1548 1754 potentia
1571 1722 1603 1746 et
1625 1715 1734 1756 aliqua
1751 1719 1911 1756 potentia,
1937 1726 2010 1749 sunt
2032 1719 2112 1751 inter
2134 1731 2215 1761 quae
2238 1732 2303 1753 non
2327 1730 2467 1756 estnata

1408 1767 1475 1788 esse
1498 1759 1675 1799 proportio,
1700 1761 1775 1801 quia
1799 1761 1932 1792 alterum
1955 1773 2020 1793 non
2045 1771 2090 1795 est
2113 1773 2287 1805 quantum:
2311 1768 2371 1798 alia
2392 1778 2467 1799 vero

1407 1809 1554 1840 extrema,
1569 1803 1686 1835 scilicet
1709 1806 1852 1844 virtutes,
1878 1814 1951 1838 sunt
1972 1807 2052 1839 inter
2067 1819 2148 1849 quae
2164 1817 2236 1841 nata
2251 1818 2297 1842 est
2313 1821 2379 1842 esse
2391 1822 2467 1852 pro-

1406 1847 1524 1887 portio,
1548 1847 1624 1889 quia
1646 1849 1757 1880 ambae
1780 1858 1854 1882 sunt
1872 1858 2015 1892 quantae.
2033 1871 2053 1875 —
2070 1853 2110 1884 Et
2126 1854 2216 1885 datur
2232 1857 2411 1896 exemplum
2427 1857 2466 1887 de

1406 1898 1528 1932 puncto
1552 1899 1583 1923 et
1606 1892 1702 1924 linea:
1727 1895 1808 1925 inter
1830 1905 1911 1936 quae
1935 1896 2022 1927 nulla
2045 1905 2090 1928 est
2113 1899 2289 1938 proportio,
2313 1907 2343 1931 et
2361 1907 2466 1931 tamen

1405 1935 1535 1967 virtutes
1559 1944 1704 1977 potentes
1727 1949 1821 1979 super
1835 1939 1905 1976 illis,
1930 1951 1996 1971 non
2020 1948 2093 1972 sunt
2114 1942 2420 1983 improportionales.

1461 1980 1559 2012 XXII.
1584 1982 1635 2012 Ad
1653 1982 1734 2013 hanc
1758 1983 1949 2015 solutionem
1975 1985 2211 2025 confutandam,
2235 1994 2266 2018 et
2287 1988 2467 2020 firmitatem

1406 2024 1535 2056 rationis
1559 2025 1658 2057 factae
1676 2027 1709 2057 in
1724 2027 1834 2064 littera,
1859 2029 1937 2060 scito
1957 2030 2045 2070 quod
2068 2031 2146 2062 ratio
2170 2032 2287 2063 litterae
2310 2043 2376 2063 non
2395 2033 2466 2064 fun-

1406 2069 1498 2100 datur
1520 2071 1658 2110 praecise
1682 2082 1776 2112 supra
1797 2073 2085 2114 improportionem
2113 2076 2291 2115 primorum
2314 2084 2468 2108 extremo-

1405 2124 1495 2150 rum,
1523 2121 1560 2145 ut
1583 2125 1716 2156 arguens
1739 2116 1934 2148 dissimulare
1956 2118 2095 2150 videtur:
2124 2121 2179 2150 sed
2202 2120 2351 2152 fundatur
2374 2132 2468 2162 super

1405 2158 1459 2189 illa
1482 2159 1589 2199 regula
1611 2160 1821 2201 peripatetica,
1839 2163 1927 2202 quod
1946 2164 2074 2204 quando
2091 2171 2165 2195 sunt
2183 2165 2248 2195 duo
2275 2173 2409 2196 extrema
2424 2166 2467 2197 sic

1406 2212 1438 2233 se
1450 2203 1607 2240 habentia,
1624 2205 1713 2245 quod
1725 2213 1881 2246 quantum
1895 2217 1998 2238 unum
2010 2208 2173 2245 minuitur,
2186 2209 2345 2250 reliquum
2361 2210 2468 2241 crescit

1405 2254 1530 2279 tanturn
1553 2249 1840 2289 proportionaliter,
1858 2258 1888 2281 et
1903 2261 1919 2281 e
1936 2261 2103 2288 converso;
2127 2253 2152 2283 si
2169 2260 2340 2295 utrumque
2356 2265 2466 2285 nume-

1404 2292 1509 2323 raliter
1523 2293 1770 2334 multiplicatum
1788 2302 1935 2335 ponatur,
1951 2303 1982 2328 et
1997 2297 2195 2328 combinetur
2209 2298 2251 2329 ita
2267 2299 2355 2339 quod
2372 2309 2467 2339 quae-

1404 2336 1481 2368 libet
1509 2337 1702 2369 combinatio
1733 2346 1855 2370 constet
1878 2350 1915 2370 ex
1937 2350 2003 2371 uno
2028 2341 2138 2378 unius,
2164 2349 2194 2372 et
2216 2343 2313 2373 altero
2341 2343 2467 2374 alterius

1405 2381 1551 2412 extremi:
1575 2382 1602 2412 si
1619 2383 1721 2413 unum
1739 2383 1870 2424 ponitur
1893 2383 2025 2415 diminui
2049 2396 2149 2426 usque
2172 2387 2212 2416 ad
2234 2397 2300 2417 non
2322 2388 2465 2428 gradum,

1405 2435 1502 2456 suum
1525 2436 1656 2468 compar
1678 2428 1786 2460 crescit
1809 2438 1903 2468 supra
1927 2439 2057 2460 omnem
2080 2430 2223 2470 gradum,
2247 2431 2327 2462 idest
2349 2431 2382 2461 in
2397 2431 2466 2461 infi-

1405 2469 1524 2506 nitum;
1555 2481 1591 2501 ac
1613 2481 1670 2512 per
1692 2471 1769 2509 hoc,
1801 2473 1881 2503 sicut
1910 2473 1990 2503 inter
2017 2473 2178 2505 minutum
2207 2485 2309 2516 usque
2337 2476 2376 2505 ad
2399 2485 2465 2506 non

1404 2515 1547 2555 gradum,
1564 2522 1595 2545 et
1609 2515 1795 2547 retinentem
1811 2517 1954 2556 gradum,
1975 2517 2061 2548 nulla
2078 2524 2124 2549 est
2138 2519 2312 2559 proportio,
2329 2520 2371 2550 ita
2386 2520 2466 2550 inter

1405 2559 1525 2600 reliqua
1548 2559 1613 2590 duo
1638 2561 1805 2591 crescentia
1827 2561 1914 2591 nulla
1931 2568 1976 2593 est
1991 2562 2166 2602 proportio.
2191 2563 2286 2594 Verbi
2301 2564 2397 2603 gratia
2421 2562 2465 2606 (et

1405 2610 1451 2635 est
1474 2604 1656 2644 exemplum
1679 2605 1719 2635 ad
1747 2605 1948 2645 propositum
1972 2616 2008 2637 ex
2032 2607 2075 2638 IV
2096 2607 2243 2647 physic„
2268 2614 2340 2639 text.
2358 2619 2395 2649 71
2414 2607 2462 2650 ⁴⁶),

1403 2648 1553 2679 velocitas
1583 2655 1691 2680 motus
1722 2657 1752 2680 et
1781 2650 1976 2690 corpulentia
2006 2651 2097 2691 spatii
2127 2658 2201 2682 sunt
2233 2652 2298 2682 duo
2329 2659 2465 2683 extrema

1404 2702 1496 2734 quae,
1517 2693 1624 2723 ceteris
1646 2693 1783 2734 paribuS,
1802 2693 1845 2725 ita
1860 2704 1892 2724 se
1907 2693 2023 2726 habent
2045 2696 2143 2735 quod,
2168 2703 2287 2736 quanto
2311 2697 2465 2727 minuitur

1405 2737 1610 2778 corpulentia,
1636 2744 1722 2768 tanto
1746 2745 1852 2768 motus
1876 2745 1922 2769 est
1935 2738 2082 2775 velocior,
2108 2746 2143 2770 ut
2162 2746 2247 2780 patet
2270 2741 2310 2770 ad
2325 2751 2463 2772 sensum.

1404 2781 1437 2812 Si
1455 2781 1682 2821 multiplicetur
1704 2789 1884 2823 utrumque,
1903 2789 1933 2814 et
1954 2793 2111 2823 ponamus
2131 2783 2212 2814 duos
2230 2791 2337 2815 motus
2354 2792 2384 2815 et
2398 2785 2463 2815 duo

1404 2826 1520 2866 spatia,
1544 2836 1648 2856 unum
1670 2833 1796 2857 motum
1818 2827 1851 2856 in
1875 2837 1941 2857 uno
1964 2828 2066 2867 spatio
2091 2835 2121 2858 et
2143 2828 2300 2868 reliquum
2327 2829 2360 2858 in
2383 2829 2461 2865 alio;

1405 2877 1435 2901 et
1450 2871 1644 2912 corpulentia
1668 2871 1761 2902 unius
1777 2871 1868 2911 spatii
1883 2871 2045 2902 minuatur
2063 2882 2163 2912 usque
2183 2873 2222 2902 ad
2238 2882 2303 2902 non
2319 2873 2461 2912 gradum,

1403 2915 1483 2946 idest
1506 2915 1595 2955 quod
1616 2915 1742 2946 nullum
1758 2916 1796 2946 sit
1813 2924 1945 2956 corpus:
1971 2922 2096 2956 oportet
2119 2917 2207 2957 quod
2229 2916 2377 2947 velocitas
2393 2927 2461 2947 mo-

1404 2966 1454 2990 tus
1477 2959 1510 2989 in
1533 2959 1588 2989 illo
1612 2959 1713 3000 spatio
1738 2966 1888 2999 augeatur
1909 2959 1942 2990 in
1958 2959 2133 2996 infinitum;
2159 2967 2189 2990 et
2204 2960 2304 3000 qualis
2328 2967 2373 2991 est
2388 2971 2461 3001 pro-

1403 3003 1508 3044 portio
1525 3003 1616 3044 spatii
1639 3003 1705 3033 sine
1729 3013 1860 3044 corpore
1877 3004 1916 3034 ad
1932 3004 2069 3044 spatium
2085 3014 2216 3044 corpore
2234 3004 2375 3044 plenum,
2392 3005 2461 3035 talis

1403 3048 1442 3078 sit
1464 3047 1629 3088 proportio
1645 3047 1817 3078 velocitatis
1836 3047 1925 3078 istius
1941 3049 1980 3078 ad
1996 3047 2193 3079 velocitatem
2215 3048 2309 3079 illius.
2325 3063 2347 3071 —·
2361 3049 2463 3089 Super

1403 3093 1460 3123 hac
1483 3092 1590 3132 regula
1613 3092 1763 3122 fundatur
1785 3101 1950 3132 processus
1972 3092 2157 3132 Philosophi
2180 3092 2307 3128 ibidem,
2332 3093 2371 3122 ad
2386 3103 2460 3132 pro-

1402 3137 1543 3167 bandum
1565 3136 1654 3177 quod
1676 3143 1784 3167 motus
1803 3136 1836 3166 in
1851 3147 1952 3167 vacuo
1977 3143 2007 3167 et
2028 3137 2123 3176 pleno
2147 3143 2221 3166 sunt
2234 3136 2460 3177 improportio-

1402 3181 1496 3211 nales.
1516 3180 1618 3220 Super
1630 3180 1688 3211 hac
1703 3180 1810 3220 regula
1825 3180 1975 3211 fundatur
1989 3190 2153 3220 processus
2169 3180 2302 3211 litterae:
2327 3188 2363 3211 ut
2376 3187 2461 3221 patet

1402 3236 1439 3255 ex
1461 3225 1530 3265 ipsa
1551 3224 1665 3260 littera,
1691 3234 1832 3264 expresse
1863 3232 2040 3256 assumente
2063 3224 2095 3254 in
2118 3224 2219 3264 prima
2241 3224 2460 3264 propositione

1402 3269 1476 3305 duo,
1501 3275 1638 3299 extrema
1661 3268 1786 3305 scilicet,
1811 3275 1841 3299 et
1863 3268 2099 3309 proportionale
2125 3275 2331 3308 augmentum
2354 3275 2385 3299 et
2408 3269 2459 3298 de-

1402 3320 1597 3344 crementum
1620 3322 1741 3349 eorum,
1760 3313 1864 3343 dicens
1884 3313 1980 3353 quod,
2000 3314 2029 3343 si
2050 3317 2139 3342 tanto
2154 3314 2259 3342 maior
2273 3314 2376 3343 virtus
2389 3313 2459 3343 exi-

1400 3359 1491 3398 gitur
1514 3358 1546 3387 in
1572 3362 1705 3398 agente,
1731 3362 1850 3397 quanto
1871 3358 2015 3397 potentia
2044 3357 2226 3397 elongatior
2253 3362 2299 3387 est
2321 3357 2361 3387 ab
2384 3362 2458 3387 actu

1401 3401 1476 3444 (hoc
1496 3401 1580 3431 enim
1604 3401 1848 3431 diminutionem
1870 3398 2049 3442 importat):
2074 3407 2105 3431 et
2122 3401 2332 3440 postmodum
2354 3400 2460 3431 subdit

1401 3446 1533 3476 alterum
1557 3452 1732 3476 extremum
1755 3445 1794 3475 ad
1818 3455 1883 3475 non
1906 3445 2054 3485 gradum:
2078 3450 2214 3484 oportet,
2239 3444 2351 3485 inquit,
2375 3444 2459 3485 quod

1401 3491 1502 3521 virtus
1525 3490 1651 3530 agentis
1676 3499 1718 3519 ex
1740 3489 1831 3519 nulla
1847 3489 2092 3529 praesupposita
2109 3490 2266 3528 potentia,
2286 3490 2327 3520 sit
2342 3490 2458 3529 impro-

1392 3532 1586 3574 portionalis
1609 3539 1665 3564 etc.

1456 3578 1567 3608 XXIII.
1592 3577 1633 3608 Et
1649 3577 1793 3617 quamvis
1811 3577 1897 3612 haec,
1922 3577 2017 3608 etiam
2032 3576 2057 3607 si
2071 3575 2210 3617 fingendi
2227 3576 2352 3607 licentia
2371 3577 2457 3607 dare-

1398 3630 1457 3659 tur,
1482 3632 1547 3652 non
1564 3621 1663 3662 possit
1686 3621 1809 3661 negari;
1834 3627 1937 3661 potest
1960 3628 2065 3651 tamen
2088 3620 2222 3661 probari,
2241 3628 2271 3652 et
2285 3621 2324 3651 ad
2340 3630 2455 3661 propo-

2282 3681 2314 3706 60

2520 1245 2570 1267 Art.
2586 1251 2606 1267 2.

2495 1337 2506 1346 '¹
2521 1336 2557 1358 Cf.
2571 1343 2635 1359 num.
2650 1344 2684 1360 ιιι.

2490 2611 2501 2623 ¹*
2515 2611 2568 2632 Did.
2584 2616 2634 2639 cap.
2646 2617 2701 2638 vm,

2491 2643 2514 2659 n.
2529 2638 2551 2659 8.
