2768 4178
72 970 259 997 ‘Cap.vn,n.2
268 976 287 998 3.

77 1150 86 1160 ⁸
101 1148 137 1170 Cf.
148 1154 211 1170 num.
221 1154 251 1170 ιν.

73 1736 81 1744 ·
99 1733 135 1755 ef.
146 1738 211 1756 num.
220 1739 286 1755 xvm.

76 1784 85 1793 ·
101 1778 136 1800 Cf.
152 1784 264 1801 num.vn.

75 2403 124 2426 'Ca
143 2410 206 2427 ..nn
214 2405 286 2428 -Did.

74 2430 125 2479 ¹l¹ib¹
140 2420 168 2459 V,
179 2437 231 2459 cap.
238 2439 287 2460 xm,

72 3379 80 3386 ¹
96 3376 132 3399 Cf.
147 3383 212 3399 num.
227 3382 256 3399 tv.

313 251 363 287 80

314 331 367 367 sic
395 330 484 367 inde
504 336 534 367 ff.
564 330 688 378 Unde,
719 330 815 367 sicut
842 331 1045 369 multitudo
1075 331 1221 368 infinita
1249 344 1384 369 nurne-

1020 252 1288 298 QUAESTIO
1318 252 1405 299 vn,
1435 252 1734 290 ARTICULUS
1765 253 1816 290 ιν

1439 332 1592 382 positis,
1623 332 1696 369 alia
1723 332 1816 382 poni
1844 345 1923 369 non
1957 333 2003 370 sit
2028 332 2085 369 'eis
2115 333 2356 382 oppositum3
2386 340 2516 370 tamen

315 383 439 420 rabilis
468 390 483 414 Ρ
511 396 590 421 ιιοιι
619 383 810 421 reducitur
846 384 885 421 in
919 392 1046 422 actum
1083 385 1190 434 quod
1225 385 1270 422 sit
1307 392 1385 422 tota
1439 385 1586 423 infinita
1614 385 1707 435 poni
1736 386 1944 436 Opponitur
1973 386 2125 424 cuilibet
2145 386 2284 436 speciei
2309 386 2515 424 multitudi-

315 437 438 484 simul,
468 437 517 474 ita
547 450 618 474 nec
646 437 850 475 multitudo
880 437 1102 486 figurarum.

1441 438 1510 476 nis.
1539 439 1651 477 Unde
1681 452 1759 476 non
1789 446 1846 477 est
1871 439 2052 489 possibile
2083 452 2166 477 esse
2195 439 2364 489 aliquam
2392 440 2516 478 multi-

368 492 427 527 Αι)
456 503 616 528 τΕιιτιυΜ
645 503 830 529 mesanum
859 491 986 540 quod,
1015 491 1120 538 licet,
1152 491 1384 539 quibusdam
1440 492 1613 530 tudinem
1643 500 1728 530 actu
1757 492 1959 531 infinitam.

368 642 398 674 π)
418 645 444 666 et
462 642 500 666 sic
520 641 589 666 inde.
608 654 627 659 -
645 644 672 665 et
689 641 728 666 sic
747 641 869 673 deinceps
889 641 917 670 B,
937 644 962 665 et
980 641 1018 665 sic
1038 640 1063 664 in
1084 640 1218 672 infinitum
1237 640 1268 664 D.

1495 640 1520 674 ρ)
1540 642 1684 667 multitudo
1697 642 1803 675 infinita
1817 642 1999 668 numerabilis.
2011 656 2030 662 -
2045 643 2188 668 multitudo
2204 642 2308 676 infinita
2323 643 2470 668 numeralia
2484 643 2517 669 G.

995 736 1329 768 Commentario.
1352 735 1604 769 cardinalis
1627 737 1830 770 Caietani

346 848 365 868 N
386 837 496 873 titulo,
522 836 698 867 secundum
727 834 967 865 multitudinem
990 844 1233 875 quamcumque,
1259 834 1324 864 sive
1349 834 1387 864 de

318 850 496 922 Igenere
483 880 681 932 quantitatis,
702 880 767 910 sive
791 886 875 910 extra
894 889 1005 919 genus.
1030 879 1071 909 Et
1094 878 1167 909 hinc
1190 884 1277 929 patet
1299 878 1388 919 quod

315 926 375 957 ista
389 925 532 967 quaestio
553 932 599 955 est
622 924 714 955 altior
730 930 760 955 et
777 923 984 954 universalior
1002 933 1101 964 quam
1116 922 1280 963 inquisitio
1305 932 1387 963 quae

315 970 351 1001 fit
370 971 410 1001 111
427 971 556 1011 Physic.
567 969 600 998 *1
626 968 781 1009 quoniam
804 968 846 998 ibi
863 968 902 998 de
921 967 1075 999 materiali
1098 974 1223 998 tantum
1243 966 1386 997 multitu-

316 1015 398 1051 dine,
422 1021 572 1055 sequente
597 1013 786 1043 divisionem
810 1012 963 1048 continui,
987 1022 1092 1042 sermo
1117 1018 1179 1048 est;
1204 1011 1255 1042 hic
1279 1018 1387 1042 autem

315 1060 354 1090 de
377 1058 581 1090 multitudine
606 1057 831 1092 universaliter,
847 1056 911 1087 sive
926 1056 1080 1087 materiali
1096 1056 1160 1086 sive
1177 1055 1386 1086 immateriali.

371 1104 407 1134 ΙΙ.
426 1103 461 1133 In
477 1111 608 1143 corpore
629 1102 708 1132 duo:
729 1101 834 1142 primo
849 1100 942 1132 refert
958 1101 1146 1142 opinionem
1162 1101 1342 1132 Avicennae
1357 1107 1388 1131 et

314 1147 485 1188 Algazelis;
510 1146 661 1181 secundo,
677 1145 891 1186 improbando
907 1155 987 1182 eam,
1004 1145 1175 1186 respondet
1197 1145 1342 1186 quaesito
1356 1143 1384 1176 ’ἢ

371 1192 422 1222 111.
447 1191 566 1229 Quoad
588 1190 746 1232 primum,
772 1190 850 1220 duas
874 1189 1111 1231 propositiones
1134 1189 1244 1226 refert,
1275 1199 1312 1221 ac
1334 1199 1386 1220 eas

315 1236 459 1268 declarat.
484 1235 592 1266 Altera
615 1242 679 1266 est:
705 1234 897 1275 impossibile
920 1240 967 1266 est
990 1244 1058 1266 esse
1081 1236 1114 1265 in
1143 1240 1218 1266 actu
1241 1235 1386 1266 multitu-

314 1282 420 1312 dinem
445 1280 604 1323 infinitam
621 1288 686 1320 per
708 1289 752 1310 se.
777 1279 901 1310 Altera:
919 1279 1073 1320 possibile
1095 1285 1143 1310 est
1166 1289 1236 1311 esse
1258 1281 1291 1310 in
1310 1284 1385 1310 actu

315 1325 550 1357 multitudinem
576 1324 734 1366 infinitam
748 1333 812 1365 per
829 1323 988 1355 accidens.
1006 1341 1024 1347 -
1039 1323 1247 1356 Declarantur
1263 1324 1384 1360 ambae,

315 1369 522 1400 manifestatis
544 1368 606 1399 illis
622 1368 774 1404 terminis,
800 1368 927 1410 infinita
937 1378 1001 1409 per
1018 1378 1053 1399 se
1069 1369 1240 1400 multitudo
1265 1375 1295 1400 et
1313 1368 1386 1410 infi-

315 1416 382 1446 nita
401 1424 464 1456 per
479 1413 636 1445 accidens.
661 1413 839 1444 Probantur
853 1422 945 1443 vero:
971 1413 1046 1454 quia
1061 1423 1229 1455 nunquam
1245 1413 1386 1455 comple-

314 1466 399 1490 retur
418 1468 510 1500 opus,
535 1458 561 1488 si
586 1468 622 1488 ex
645 1457 776 1489 infinitis
798 1467 854 1498 per
878 1467 910 1488 se
934 1457 1139 1499 dependeret;
1165 1468 1255 1489 secus
1278 1465 1385 1489 autem

314 1514 370 1545 per
393 1503 551 1539 accidens;
576 1510 612 1534 ut
634 1509 720 1543 patet
742 1502 775 1532 in
799 1502 944 1543 exemplo
968 1502 1097 1534 litterae.

370 1549 422 1579 1v.
449 1547 567 1586 Quoad
590 1547 782 1583 secundum,
808 1554 882 1578 sunt
906 1547 987 1578 duae
1010 1547 1232 1579 conclusiones
1255 1557 1385 1589 respon-

314 1593 397 1624 sivae
427 1592 589 1634 quaesit0‚
621 1592 800 1624 secundum
831 1590 1044 1624 diversitatem
1074 1599 1162 1624 actus
1191 1602 1209 1623 a
1233 1591 1384 1636 potentia.

313 1638 424 1669 Prima
449 1644 508 1669 est:
534 1637 733 1679 Impossibile
758 1643 804 1668 est
827 1646 894 1668 esse
917 1637 949 1668 in
975 1644 1046 1668 actu
1069 1636 1226 1668 infinitam
1242 1636 1386 1668 multitu-

315 1683 432 1720 dinem,
449 1683 512 1713 sive
527 1692 584 1724 per
598 1693 630 1713 se
650 1682 715 1713 sive
732 1691 788 1723 per
802 1681 956 1713 accidens.
981 1681 1131 1713 Secunda
1146 1688 1208 1713 est:
1232 1681 1386 1712 Possibile

315 1735 361 1759 est
384 1737 451 1758 esse
474 1727 715 1759 multitudinem
737 1725 894 1757 infinitam
917 1727 950 1757 in
974 1726 1116 1768 potentia
1130 1725 1159 1757 ⁴².

370 1773 476 1804 Prima
498 1772 662 1804 conclusio
676 1772 829 1813 probatur
848 1770 1016 1812 dupliciter
1028 1771 1055 1802 *.
1081 1770 1196 1802 Omnis
1211 1771 1386 1803 multitudo

315 1824 386 1849 actu
411 1817 558 1854 existens,
585 1823 631 1848 est
658 1817 691 1847 in
722 1816 830 1857 aliqua
852 1815 956 1857 specie
979 1815 1208 1847 multitudinis:
1241 1825 1316 1856 ergo
1341 1822 1387 1846 est

315 1862 492 1894 secundum
509 1861 649 1903 aliquam
666 1861 805 1902 speciem
821 1860 961 1892 numeri:
983 1870 1058 1901 ergo
1075 1867 1122 1892 est
1137 1859 1234 1892 finita.
1252 1879 1271 1883 -
1288 1863 1386 1892 Ante—

315 1907 428 1938 cedens
443 1913 537 1948 patet.
562 1906 668 1937 Prima
686 1916 761 1936 vero
786 1905 1013 1947 consequentia
1031 1905 1200 1946 probatur:
1226 1905 1301 1947 quia
1318 1915 1386 1946 spe-

315 1951 377 1982 cies
401 1950 615 1982 multitudinis
639 1957 714 1981 sunt
737 1950 915 1982 secundum
939 1949 1058 1990 species
1082 1959 1302 1980 numerorum.
1333 1949 1386 1980 Se-

315 1996 436 2027 cunda:
462 1995 536 2037 quia
560 2005 713 2026 numerus
737 2001 783 2026 est
806 1994 981 2025 multitudo
996 2001 1178 2026 mensurata
1192 2003 1248 2036 per
1271 2003 1384 2025 unum.

370 2041 408 2071 V.
435 2040 525 2071 Circa
549 2040 687 2081 primam
713 2039 975 2080 consequentiam
999 2040 1030 2071 et
1053 2039 1121 2070 eius
1145 2038 1385 2080 probationem,

315 2085 484 2116 dubitatur.
510 2085 595 2123 Quia
619 2083 793 2115 multitudo
818 2091 864 2115 est
887 2083 966 2126 quid
990 2083 1196 2115 communius
1214 2093 1314 2125 quam
1328 2094 1386 2115 nu-

313 2139 430 2166 merus,
456 2137 486 2160 et
510 2126 740 2170 consequenter
764 2129 856 2160 debet
879 2129 994 2160 habere
1018 2128 1136 2170 species
1157 2128 1264 2169 plures
1287 2138 1387 2170 quam

314 2183 484 2205 numerus:
517 2174 659 2224 alioquin
689 2173 920 2204 communioris
943 2172 1099 2204 rationem
1133 2182 1199 2203 non
1230 2172 1385 2204 retineret.

314 2219 389 2249 Non
413 2228 487 2259 ergo
511 2218 630 2260 species
654 2217 868 2249 multitudinis
888 2224 963 2248 sunt
981 2217 1159 2248 secundum
1174 2217 1313 2258 speciem
1328 2227 1386 2248 nu-

315 2263 403 2294 meri.
419 2281 439 2285 -
453 2263 493 2294 Et
517 2261 723 2293 confirmatur
746 2262 825 2293 hoc:
850 2261 926 2303 quia
949 2261 1009 2292 dici
1024 2268 1130 2302 potest
1153 2261 1243 2302 quod
1260 2262 1386 2312 ’species

315 2307 528 2339 multitudinis
559 2306 664 2338 finitae
688 2314 762 2339 sunt
786 2306 964 2338 secundum
995 2306 1114 2347 species
1146 2306 1287 2342 numeri;
1319 2316 1386 2338 non

315 2359 422 2384 autem
439 2352 558 2392 species
582 2351 795 2383 multitudinis
811 2351 1000 2382 absolute·
1016 2350 1058 2381 Et
1071 2357 1235 2382 attestatur
1253 2330 1301 2382 his
1317 2351 1386 2382 Ari-

315 2397 453 2433 stoteles,
478 2396 506 2428 V
530 2396 725 2437 Metaphys.,
746 2395 885 2437 capitulo
909 2395 948 2426 de
976 2395 1145 2433 Quanto,
1120 2393 1135 2409 *
1171 2395 1277 2426 dicens
1297 2396 1387 2446 quod

308 2441 487 2483 pluralitas
499 2441 600 2483 finita
625 2446 671 2472 est
695 2450 866 2472 numerus:
891 2439 982 2482 quasi
1005 2438 1195 2471 infinitatem
1219 2439 1362 2482 excipiat.

370 2486 422 2517 VI.
448 2485 499 2516 Ad
522 2485 584 2516 hoc
607 2485 741 2516 breviter
759 2484 873 2516 dicitur
889 2484 988 2526 quod,
1004 2493 1079 2515 cum
1102 2484 1211 2524 ignota
1227 2494 1263 2515 ex
1281 2485 1384 2516 notio-

314 2531 399 2561 ribus
419 2530 602 2561 naturaliter
625 2539 866 2571 cognoscamus,
884 2536 915 2560 et
933 2528 1132 2570 experiamur
1150 2529 1256 2560 omnis
1280 2529 1387 2561 multi-

314 2575 431 2608 tudinis
447 2575 566 2616 species
581 2585 660 2616 quas
677 2574 838 2610 novimus,
855 2573 1112 2615 proportionales
1135 2583 1202 2604 esse
1223 2574 1386 2615 speciebus

314 2620 455 2655 numeri;
480 2619 552 2650 satis
569 2626 724 2651 consonat
747 2619 804 2650 arti
827 2625 863 2650 ut
885 2618 986 2661 possit
1008 2618 1192 2650 universalis
1209 2618 1386 2660 propositio

314 2664 464 2701 formari,
496 2664 586 2706 quod
609 2664 714 2694 omnis
738 2663 857 2705 species
889 2661 1102 2695 multitudinis
1133 2670 1179 2694 est
1209 2663 1386 2694 secundum

313 2708 453 2750 aliquam
477 2708 615 2749 speciem
640 2708 774 2739 numeri.

369 2753 420 2784 Ad
444 2752 656 2784 obiectionem
686 2759 794 2783 autem
825 2752 954 2789 dicitur,
980 2752 1070 2794 quod
1093 2751 1179 2783 aliud
1203 2758 1250 2783 est
1273 2761 1385 2783 omnes

314 2797 433 2839 species
457 2797 669 2828 multitudinis
693 2807 761 2828 esse
783 2798 903 2837 species
926 2798 1064 2835 numeri,
1081 2796 1171 2837 quod
1190 2795 1306 2828 salsum
1322 2804 1383 2828 est:

314 2849 344 2873 et
367 2842 463 2878 aliud,
479 2851 592 2872 omnes
606 2841 725 2883 species
742 2841 954 2872 multitudinis
977 2851 1044 2872 esse
1066 2841 1243 2873 secundum
1265 2843 1387 2883 species

313 2888 460 2924 numeri,
485 2886 565 2917 idest
589 2886 843 2928 proportionales
866 2885 937 2922 illis,
955 2886 1043 2927 quod
1060 2892 1262 2928 assumptum
1283 2893 1339 2923 est,
1355 2893 1387 2918 et

313 2941 434 2962 verum.
461 2931 553 2962 Unde
572 2930 756 2967 multitudo,
782 2930 856 2971 quia
880 2930 1086 2962 universalius
1110 2930 1188 2972 quid
1212 2938 1267 2967 est,
1291 2930 1386 2963 habet

313 2975 417 3007 multo
449 2975 555 3016 plures
586 2974 705 3017 species
729 2985 828 3016 quam
859 2984 1028 3005 numerus:
1055 2974 1130 3017 quia
1153 2974 1248 3006 habet
1271 2985 1385 3006 omnes

313 3020 432 3061 species
450 3019 584 3056 numeri,
609 3026 640 3051 et
659 3029 771 3050 omnes
786 3019 906 3060 species
929 3019 1141 3050 multitudinis
1158 3019 1383 3056 immaterialis,

313 3075 394 3106 quae
418 3065 545 3105 proprie
568 3074 634 3095 non
659 3072 706 3096 est
729 3073 891 3100 numerus,
917 3071 973 3095 etc.
990 3082 1011 3087 -
1027 3064 1067 3095 Et
1083 3074 1139 3105 per
1157 3063 1220 3095 hoc
1242 3070 1330 3105 patet
1345 3064 1384 3095 ad

315 3109 607 3145 confirmationem,
632 3109 721 3150 quod
749 3108 830 3139 illud
851 3108 1045 3144 voluntarie.
1070 3118 1137 3140 non
1160 3108 1386 3140 rationabiliter

313 3154 476 3185 diceretur.
492 3171 513 3176 —
528 3153 650 3185 Textus
669 3160 778 3184 autem
794 3153 971 3184 Aristotelis
995 3153 1073 3184 nihil
1096 3152 1204 3185 officit.
1229 3153 1384 3192 Quando-

313 3198 443 3239 quidem
467 3197 545 3229 nihil
561 3208 598 3230 ex
613 3197 669 3229 illo
686 3198 726 3228 ad
745 3197 949 3238 propositum
973 3197 1040 3229 elici
1065 3204 1186 3239 potest,
1210 3197 1270 3229 nisi
1294 3197 1384 3240 quod

313 3242 474 3282 pluralitas
498 3241 620 3273 infinita
644 3251 710 3273 non
734 3248 815 3273 esset
838 3251 1006 3273 numerus:
1033 3243 1087 3273 sed
1110 3242 1172 3274 hoc
1196 3251 1262 3273 non
1279 3242 1383 3273 obstat

313 3287 473 3327 processui
497 3286 580 3323 huic,
606 3287 661 3318 sed
684 3286 784 3326 magis
809 3286 975 3318 confirmat
991 3287 1164 3318 secundam
1187 3296 1382 3328 consequen-

312 3331 398 3367 tiam,
425 3338 459 3362 ιιι
482 3338 577 3371 patet.

367 3375 435 3406 Vll.
452 3375 599 3406 Secundo
623 3376 775 3417 probatur
799 3375 910 3406 eadem
934 3375 1098 3406 conclusio
1110 3375 1137 3407 *.
1162 3375 1278 3408 Omnis
1301 3375 1383 3406 rnul-

313 3419 416 3450 titudo
440 3420 472 3450 in
497 3430 602 3451 rerum
621 3427 733 3452 natura
749 3426 820 3451 actu
837 3419 980 3455 existens,
997 3427 1043 3451 est
1057 3426 1172 3451 creata:
1198 3429 1274 3461 ergo
1294 3429 1382 3451 com-

311 3463 515 3504 prehenditur
533 3465 591 3495 sub
612 3464 718 3506 aliqua
738 3471 820 3495 certa
843 3464 1018 3495 intentione
1035 3464 1182 3495 creantis:
1207 3473 1282 3506 ergo
1297 3470 1382 3495 certo

311 3517 457 3538 numero.
490 3508 574 3549 Ergo
602 3508 799 3550 impossibile
823 3515 870 3540 est
892 3508 981 3550 quod
1005 3508 1044 3539 sit
1066 3508 1196 3540 infinita.
1213 3526 1233 3532 —
1248 3510 1382 3540 Antece-

311 3553 388 3583 dens
412 3559 507 3593 patet.
536 3552 641 3583 Prima
665 3563 740 3584 vero
770 3552 995 3594 consequentia
1024 3553 1191 3594 probatur:
1217 3552 1292 3595 quia
1315 3562 1381 3584 non

309 3596 342 3627 in
366 3606 485 3627 vanum
505 3607 599 3638 agens
619 3597 739 3638 aliquid
755 3604 914 3638 operatur.
940 3597 1092 3638 Reliquae
1110 3597 1332 3639 relinquuntur
1346 3603 1382 3628 ut

311 3640 479 3672 evidentes.

1499 834 1582 865 VIII.
1607 834 1700 866 Circa
1723 836 1804 867 hanc
1827 836 1984 867 rationem
2009 838 2188 869 dubitatur:
2214 838 2370 879 quoniam
2394 845 2448 869 aut
2469 849 2515 869 as-

1443 878 1541 909 sumit
1564 878 1700 916 falsum,
1726 887 1780 911 aut
1803 890 1870 911 non
1893 881 1988 913 infert
2010 881 2179 913 intentum.
2209 882 2295 913 Cum
2319 882 2405 913 enim
2429 893 2516 914 assu-

1443 922 1541 953 mitur
1571 924 1661 964 quod
1691 933 1784 955 omne
1814 930 1958 956 creatum
1989 925 2048 957 sub
2078 927 2188 967 aliqua
2222 931 2309 959 certa
2341 928 2518 958 intentione

1442 968 1584 998 creantis
1607 968 1898 1008 comprehenditur,
1915 976 1971 1001 aut
1985 970 2170 1011 intelligitur
2184 971 2223 1002 de
2242 971 2419 1002 intentione
2434 978 2516 1003 certa

1441 1012 1634 1087 εενιιὲἶᾱὶηε
1645 1012 1753 1054 finis‚·
1767 1019 1832 1044 aut
1856 1014 2048 1045 certitudine
2070 1015 2168 1046 medii
2190 1025 2246 1057 per
2269 1016 2360 1057 quod
2380 1016 2516 1058 acquiri-

1441 1063 1493 1087 tur
1561 1067 1587 1087 1s

1495 1101 1528 1132 Si
1547 1101 1738 1133 certitudine
1745 1102 1838 1143 finis,
1854 1109 1930 1133 tunc
1947 1101 2115 1143 dupliciter
2131 1104 2247 1155 exponi
2261 1111 2382 1145 potest:
2403 1111 2458 1136 aut
2474 1105 2517 1136 ita

1441 1145 1554 1187 quod*
1545 1156 1654 1187 ipsum
1674 1153 1815 1178 creatum
1838 1148 1881 1178 sit
1903 1151 2012 1178 certus
2027 1147 2130 1188 finis;
2154 1154 2210 1179 aut
2227 1148 2271 1180 ita
2289 1149 2379 1190 quod
2400 1149 2518 1181 habeat

1441 1195 1564 1222 certum
1577 1190 1695 1232 finem.
1728 1191 1761 1222 Si
1785 1190 1881 1232 igitur
1911 1201 2023 1222 sensus
2046 1197 2109 1228 est,
2134 1193 2224 1233 quod
2254 1202 2352 1225 omne
2375 1200 2517 1226 creatum

1441 1235 1722 1276 comprehenditur
1752 1236 1812 1268 sub
1842 1235 1949 1278 aliqua
1978 1235 2155 1269 intentione
2187 1237 2319 1270 creantis
2349 1244 2387 1270 ut
2413 1235 2517 1271 certus

1440 1279 1528 1316 finis,
1553 1280 1732 1321 propositio
1755 1280 1881 1312 videtur
1906 1280 2072 1312 manifeste
2097 1280 2192 1312 falsa:
2217 1282 2374 1323 quoniam
2397 1281 2518 1324 aliquid

1441 1331 1582 1357 creatum
1605 1335 1662 1356 nec
1687 1331 1733 1356 est
1755 1323 1827 1356 finis
1851 1325 1993 1362 creantis,
2019 1335 2077 1356 nec
2092 1325 2226 1357 alicuius
2245 1325 2373 1358 alterius
2397 1333 2517 1359 creatu—

1440 1379 1501 1406 rae,
1526 1375 1605 1411 puta
1627 1368 1738 1401 infima
1753 1376 1903 1401 creatura.
1921 1387 1939 1393 -
1957 1369 1990 1401 Si
2006 1379 2082 1401 vero
2100 1377 2147 1401 est
2170 1380 2291 1408 sensus,
2309 1371 2399 1413 quod
2418 1379 2516 1404 otnne

1441 1420 1583 1445 creatum
1606 1413 1886 1456 comprehenditur
1909 1414 1968 1445 sub
1992 1414 2099 1456 aliqua
2122 1414 2254 1446 creantis
2277 1415 2454 1447 intentione
2477 1422 2516 1448 ut

1440 1458 1480 1489 ad
1504 1465 1626 1490 certum
1650 1458 1757 1495 finem,
1774 1458 1954 1501 propositio
1970 1465 2017 1490 est
2029 1458 2208 1490 verissima:
2232 1459 2308 1501 quia
2327 1460 2415 1491 Deus
2437 1460 2516 1502 ipae,

1441 1510 1471 1535 et
1494 1503 1694 1545 participatio
1710 1513 1786 1535 suae
1802 1503 1961 1540 bonitatis,
1979 1510 2026 1535 est
2041 1510 2144 1536 certus
2160 1504 2315 1546 cuiusque
2331 1504 2426 1536 creati
2442 1503 2515 1536 finis

1440 1548 1581 1580 intentus
1596 1558 1615 1579 a
1631 1555 1764 1580 creante.
1790 1547 1852 1579 Sed
1867 1555 1945 1580 tunc
1963 1547 2043 1579 nihil
2065 1547 2160 1580 infert
2174 1549 2215 1580 ad
2233 1549 2454 1591 propositum:
2479 1559 2517 1586 ex

1440 1593 1502 1624 hoc
1526 1593 1613 1624 enim
1636 1603 1703 1624 non
1726 1593 1879 1634 sequitur,
1904 1602 1984 1635 ergo
2007 1592 2066 1624 sub
2089 1598 2176 1624 certo
2200 1603 2346 1626 numero.

1496 1636 1529 1668 Si
1553 1643 1661 1669 autem
1685 1647 1795 1669 sensus
1819 1644 1879 1674 est,
1904 1637 1995 1679 quod
2019 1647 2116 1668 omne
2141 1644 2283 1670 creatum
2306 1637 2517 1683 comprehen-

1441 1681 1526 1714 ditur
1540 1683 1600 1713 sub
1616 1682 1722 1734 aliqua
1745 1682 1920 1714 intentione
1943 1681 2086 1719 creantis,
2110 1689 2147 1714 ut
2165 1688 2288 1714 certum
2305 1682 2445 1714 medium
2459 1691 2518 1724 per

1441 1727 1530 1768 quod
1553 1726 1726 1768 acquiritur
1738 1725 1821 1764 finis,
1836 1726 2015 1778 propositio
2040 1726 2165 1758 videtur
2184 1727 2271 1764 falsa,
2296 1734 2327 1759 et
2350 1737 2417 1758 non
2440 1737 2516 1769 pro-

1441 1772 1522 1803 bata.
1555 1771 1654 1803 Falsa
1678 1771 1825 1813 quidem:
1857 1771 1934 1813 quia
1956 1778 2063 1813 potest
2086 1771 2175 1804 aliter
2198 1771 2427 1812 comprehendi
2454 1772 2517 1804 sub

1440 1816 1616 1847 intentione
1640 1816 1782 1853 creantis,
1807 1826 1906 1858 quam
1929 1816 1993 1848 hoc
2015 1816 2126 1847 modo.
2151 1817 2260 1848 Potest
2281 1817 2368 1848 enim
2383 1816 2517 1854 intendi,

1441 1871 1507 1892 non
1531 1867 1567 1893 ut
1590 1867 1712 1893 certum
1728 1860 1872 1892 medium
1890 1860 1936 1892 ad
1959 1860 2189 1902 acquirendum
2208 1859 2316 1898 finem,
2334 1860 2390 1892 sed
2403 1867 2441 1892 ut
2463 1870 2516 1893 co-

1440 1905 1556 1936 mitans
1580 1915 1637 1936 seu
1660 1904 1851 1946 proveniens
1875 1914 1912 1936 ex
1936 1911 2021 1937 certo
2041 1905 2150 1936 medio
2166 1915 2222 1947 per
2237 1906 2327 1947 quod
2344 1904 2517 1948 acquiritur

1441 1948 1527 1981 finis.
1549 1956 1585 1981 ut
1600 1955 1687 1991 patet
1703 1959 1740 1980 ex
1755 1951 1906 1986 Averroe,
1922 1949 1980 1980 XII
1995 1949 2180 1991 Metaphys.
2172 1972 2193 1988 .‚
2210 1957 2384 1982 comment.
2400 1958 2514 1987 xxxvtt,

1441 1989 1496 2025 ubi
1519 1994 1588 2026 vult
1612 1994 1703 2036 quod
1726 1993 1950 2045 intelligentiae
1973 2000 2126 2025 moveant
2140 1994 2233 2026 orbes
2251 2000 2288 2026 ut
2303 1994 2518 2027 assimilentur

1441 2039 1511 2071 Deo
1534 2039 1568 2070 in
1589 2038 1735 2071 faciendo
1751 2039 1849 2075 entim
1873 2045 1904 2070 et
1927 2038 1967 2069 ad
1983 2038 2046 2070 hoc
2062 2038 2206 2080 sequitur
2228 2037 2367 2070 infinitas
2386 2038 2517 2077 circula-

1440 2083 1543 2115 tiones
1568 2093 1635 2116 esse
1654 2090 1796 2115 causatus
1820 2083 1859 2114 ab
1883 2083 1928 2114 eis
1952 2090 1982 2115 et
2005 2082 2146 2114 infinitos
2170 2082 2308 2121 effectus,
2325 2090 2358 2116 et
2379 2082 2518 2117 infinitas
2559 2106 2562 2107 ν

1441 2128 1562 2160 animas
1575 2138 1642 2160 esse
1659 2134 1785 2165 creatas,
1799 2127 1886 2170 apud
1897 2127 2137 2159 Avicennamoe
2152 2127 2226 2159 Non
2235 2128 2376 2170 proheta
2392 2125 2515 2162 autom·

1440 2173 1516 2215 quia
1540 2183 1576 2204 ex
1599 2172 1655 2203 illo
1679 2171 1798 2209 medio,
1815 2172 1940 2203 nullum
1965 2181 2070 2222 agens
2093 2177 2248 2224 operatur
2270 2172 2396 2215 aliquid
2409 2173 2443 2205 in
2460 2182 2516 2205 να·

1441 2227 1531 2255 num,
1545 2216 1624 2248 nihil
1641 2217 1727 2248 aliud
1743 2223 1849 2257 potest
1864 2215 1971 2247 inferri
1986 2216 2055 2253 nisi,
2069 2225 2150 2258 ergo
2165 2217 2236 2258 agit
2245 2222 2383 2258 propter
2393 2217 2516 2258 finem,-

1440 2271 1508 2303 quo
1528 2271 1689 2298 concesso,
1715 2261 1870 2292 diceretur
1884 2261 1975 2302 quod
1990 2260 2166 2292 multitudo
2185 2260 2307 2293 infinita
2323 2265 2371 2293 e'st
2385 2267 2518 2304 propter

1440 2305 1538 2338 finem
1566 2305 1793 2342 extrinsecum,
1819 2305 1936 2337 scilicet
1958 2305 2065 2336 Deum
2089 2312 2120 2336 et
2147 2306 2423 2339 conservationem
2445 2315 2516 2348 per-

1441 2359 1555 2392 petuae
1579 2350 1814 2382 assimilationis
1838 2350 1996 2382 causantis
2019 2349 2123 2391 ipsam
2146 2350 2186 2381 ad
2209 2350 2326 2387 Deum,
2349 2357 2387 2382 ut
2410 2350 2516 2393 philo-

1441 2395 1534 2438 sophi
1559 2395 1677 2427 dicunt.

1494 2440 1548 2472 IX.
1566 2439 1659 2471 Circa
1674 2439 1808 2470 eandem
1822 2449 1930 2470 rursus
1946 2438 2099 2470 rationem
2116 2438 2251 2471 dubium
2267 2439 2418 2471 occurrit:
2439 2439 2516 2482 quia

1441 2484 1599 2516 committi
1622 2484 1655 2515 in
1679 2494 1716 2515 ea
1737 2483 1862 2516 videtur
1885 2483 2049 2525 sophisma
2071 2493 2092 2514 a
2115 2493 2212 2515 sensu
2236 2483 2338 2515 diviso
2361 2483 2406 2516 ad
2427 2493 2512 2516 com-

1434 2530 1593 2571 positum,
1619 2539 1637 2559 a
1660 2528 1804 2570 quolibet
1828 2535 1932 2560 creato
1956 2528 1996 2559 ad
2019 2528 2135 2564 multa,
2160 2528 2263 2559 immo
2287 2527 2422 2566 infinita,
2447 2528 2516 2560 col-

1440 2574 1550 2606 lective
1573 2573 1787 2615 procedendo.
1818 2573 1974 2611 Quamvis
1998 2573 2084 2604 enim
2113 2572 2279 2614 quodlibet
2310 2579 2452 2605 creatum
2474 2573 2516 2606 ait

1439 2618 1594 2650 terminus
1625 2617 1759 2649 alicuius
1792 2624 1893 2649 certae
1923 2617 2107 2649 intentionis
2136 2624 2166 2649 et
2190 2617 2384 2659 operationis
2412 2617 2517 2669 ipsius

1439 2663 1589 2701 creantis,
1622 2658 1723 2694 multa
1746 2669 1852 2694 tamen
1877 2669 1979 2694 creata
2002 2671 2068 2693 non
2092 2668 2220 2703 oportet
2250 2671 2317 2693 esse
2340 2661 2515 2696 terminum

1439 2704 1573 2739 alicuius
1597 2695 1781 2738 intentionis
1805 2714 1836 2738 et
1859 2706 2066 2749 operationis,
2092 2707 2147 2738 sed
2170 2706 2346 2739 multarum
2365 2706 2514 2739 intentio-

1440 2762 1519 2784 num
1543 2759 1574 2784 et
1597 2751 1805 2783 creationum.
1830 2752 1871 2783 Et
1895 2758 2127 2793 consequenter
2148 2750 2270 2783 infinita
2295 2757 2396 2788 creata
2419 2757 2513 2783 erunt

1438 2796 1564 2829 termini
1587 2795 1783 2828 infinitarum
1806 2796 2031 2833 intentionum,
2056 2796 2138 2827 sicut
2160 2802 2191 2827 et
2213 2795 2422 2827 creationum.

1495 2842 1534 2874 X.
1551 2841 1643 2874 Circa
1659 2841 1794 2872 eandem
1809 2841 1914 2873 adhuc
1930 2841 2087 2873 rationem
2102 2840 2238 2872 dubium
2254 2846 2314 2872 est:
2334 2839 2411 2881 quia
2425 2838 2514 2877 radix

1439 2886 1522 2923 eius,
1547 2885 1680 2922 scilicet,
1713 2895 1808 2917 omne
1831 2891 1975 2917 creatum
2001 2885 2282 2936 comprehenditur
2310 2884 2370 2916 sub
2399 2884 2511 2926 aliqua

1438 2936 1527 2963 certa
1552 2931 1726 2963 intentione
1749 2932 1907 2968 creantis,
1934 2930 2006 2962 licet
2029 2929 2068 2961 sit
2091 2938 2164 2960 vera
2186 2928 2220 2960 in
2244 2927 2354 2960 creatis
2371 2937 2436 2970 per
2456 2937 2510 2967 se,

1438 2975 1470 3006 in
1490 2975 1599 3007 creatis
1618 2982 1724 3006 tamen
1734 2985 1799 3016 per
1814 2975 1973 3013 accidens,
1991 2979 2158 3016 negaretur
2176 2973 2215 3004 ab
2232 2972 2403 3004 Avicenna.
2428 2971 2511 3004 Mul·

1437 3019 1542 3051 titudo
1566 3019 1652 3050 enim
1675 3029 1732 3060 per
1755 3019 1898 3051 accidens
1922 3018 2053 3056 infinita,
2073 3027 2140 3049 non
2159 3023 2207 3048 est
2228 3017 2349 3048 intenta
2371 3016 2433 3048 nisi
2455 3025 2515 3058 pet¹

1438 3064 1592 3101 accidens,
1609 3070 1645 3096 ut
1668 3064 1701 3094 in
1724 3064 1826 3095 littera
1843 3063 1971 3095 dicitur:
1997 3070 2028 3095 et
2044 3068 2276 3104 consequenter
2299 3071 2365 3092 non
2389 3068 2515 3094 creatur

1438 3108 1497 3140 nisi
1522 3118 1578 3150 per
1601 3108 1754 3140 accidens.
1787 3108 1928 3140 Vocatur
1952 3114 2059 3140 autem
2090 3113 2231 3139 creatum
2261 3116 2318 3147 per
2345 3106 2510 3144 accidens,

1437 3153 1527 3204 quod
1550 3153 1590 3183 ad
1614 3153 1888 3194 praeparationem
1907 3152 2035 3185 alterius
2058 3161 2141 3193 opus
2169 3157 2215 3182 est
2239 3150 2351 3188 creari;
2377 3157 2413 3183 ut
2435 3160 2512 3183 con-

1436 3197 1529 3238 tingit
1552 3197 1590 3228 de
1615 3196 1720 3228 anima
1743 3197 1942 3234 intellectiva,
1959 3206 2051 3239 quae,
2067 3202 2254 3237 praeparato
2274 3206 2292 3226 a
2311 3202 2423 3227 natura
2442 3204 2512 3226 cor-

1437 3251 1515 3282 pore
1539 3241 1714 3283 disposito,
1746 3251 1871 3284 semper
1895 3248 2028 3274 creatur.
2056 3239 2098 3271 Et
2113 3239 2195 3281 quia
2226 3238 2348 3271 infinita
2376 3248 2511 3282 corpora

1438 3285 1589 3318 fuerunt·
1583 3296 1646 3316 iam
1665 3294 1857 3327 praeparata,
1883 3285 2023 3317 infinitae
2047 3284 2172 3315 animae
2191 3291 2266 3316 sunt
2282 3291 2415 3322 creatae;
2440 3284 2511 3336 qui-

1437 3331 1506 3367 bus,
1523 3337 1558 3362 ut
1577 3330 1631 3367 sic,
1657 3331 1768 3362 accidit
1792 3330 1978 3362 remansisse
1999 3329 2032 3360 in
2049 3335 2131 3365 actu
2157 3329 2231 3371 quia
2255 3327 2510 3370 incorruptibiles

1437 3381 1520 3406 sunt.
1551 3375 1592 3406 Et
1615 3374 1658 3406 sic
1683 3385 1792 3406 earum
1821 3373 1958 3406 infinitas
1987 3383 2053 3404 non
2077 3373 2208 3414 ponitur
2230 3383 2287 3415 per
2310 3382 2343 3404 se
2372 3372 2508 3409 intenta;

1437 3420 1491 3450 sed
1515 3429 1714 3460 consequens
1738 3420 1778 3451 ad
1801 3419 2017 3452 aeternitatem
2039 3417 2252 3458 generationis
2274 3414 2444 3449 humanae.

1491 3463 1545 3494 XI.
1570 3464 1620 3494 Ad
1645 3463 1835 3494 evidentiam
1851 3462 1947 3494 huius
1963 3472 2131 3503 processus
2146 3461 2173 3499 *,
2197 3468 2275 3493 nota
2289 3461 2406 3503 primo,
2419 3462 2509 3503 quod

1435 3507 1466 3548 ly
1483 3513 1626 3539 creatum
1643 3515 1747 3548 potest
1770 3507 1853 3538 sumi
1868 3508 2013 3548 proprie,
2031 3513 2067 3538 ut
2087 3505 2292 3548 distinguitur
2307 3512 2416 3537 contra
2433 3515 2508 3537 cau-

1434 3557 1555 3583 satum:
1580 3558 1610 3583 et
1633 3558 1739 3593 potest
1762 3551 1846 3583 sumi
1870 3552 2094 3590 communiter,
2120 3555 2155 3582 ut
2178 3560 2245 3582 non
2269 3549 2382 3583 referat
2404 3549 2507 3581 dicere

1435 3601 1602 3627 causatum
1620 3602 1675 3628 aut
1691 3601 1844 3628 creatum.
1870 3596 1910 3627 Et
1930 3596 2019 3637 quod
2039 3592 2184 3628 sumatur
2199 3591 2421 3630 communiter.
2437 3595 2507 3626 uni-

1434 3639 1561 3671 versalis
1585 3640 1731 3680 probatio
1755 3640 1874 3671 litterae
1899 3640 2046 3677 insinuat,
2072 3640 2150 3671 dum
2173 3639 2213 3670 ad
2236 3638 2326 3670 iuius
2344 3638 2507 3680 probatio-

2539 3468 2547 3477 ·
2563 3467 2599 3491 ct.
2615 3473 2680 3492 nnn.
2690 3473 2735 3492 m.
