2768 4178
988 221 1257 268 QUAESTIO
1289 222 1322 270 I,
1352 221 1650 260 ARTICULUS
1681 224 1732 259 IX

253 302 361 345 quoad
382 302 451 333 hoc.
477 301 683 343 Quandoque
712 307 820 332 autem
844 310 881 331 ex
904 299 988 331 scitis
1010 301 1218 340 simpliciter:
1241 306 1278 331 ut
1301 299 1327 330 si

254 347 357 378 solvat
372 346 528 378 rationem
543 352 652 377 contra
668 344 840 376 accidentia
854 344 888 374 in
898 344 1102 375 Sacramento
1113 344 1238 381 Altaris,
1251 344 1332 385 quia·

254 391 421 423 accidentis
446 387 513 421 esse
536 400 603 421 non
619 397 666 421 est
686 390 789 420 inesse
805 388 976 425 actualiter,
994 389 1050 419 sed
1068 389 1325 429 aptitudinaliter.

311 436 348 467 In
370 435 547 476 proposito,
572 435 709 466 litteram
731 433 813 464 hanc
835 433 978 474 intelligo
998 433 1036 463 de
1053 433 1214 464 solutione
1237 433 1326 464 theo-

253 480 351 521 logali
367 480 508 511 secundo
525 479 636 510 modo.
655 479 698 509 Et
713 478 739 508 si
754 478 896 514 instetur,
914 477 989 518 quia
1006 477 1192 508 huiusmodi
1208 477 1326 508 solutio

254 535 320 556 non
345 531 392 556 est
414 523 558 565 theologi
581 529 616 554 ut
639 522 810 562 theologus
834 528 890 559 est,
915 521 991 563 quia
1013 532 1081 552 non
1105 531 1142 552 ex
1165 521 1327 562 principiis

253 569 451 610 theologiae:
476 574 609 609 negetur
638 574 859 607 assumptum:
884 566 1041 608 quoniam
1070 566 1232 607 theologia
1260 576 1327 597 non

254 614 363 645 solum
390 613 507 654 gaudet
533 611 687 653 propriis,
713 611 768 642 sed
791 611 888 642 etiam
918 610 992 642 facit
1014 611 1054 641 de
1078 610 1230 642 extraneis
1254 621 1327 652 pro-

253 658 333 699 pria,
354 658 433 688 dum
456 657 496 687 ad
520 655 738 687 defensionem
762 666 855 686 suam
877 655 1012 686 aliarum
1031 655 1234 686 scientiarum
1256 665 1328 695 pro-

253 701 468 744 positionibus
500 701 601 732 utitur
628 707 759 741 propter
782 710 859 736 nos,
891 706 927 731 ut
949 700 982 730 in
1006 700 1139 731 articulo
1166 701 1201 736 5,
1226 700 1265 730 ad
1291 710 1326 736 2,

253 753 375 785 tactum
398 752 454 777 est.
479 745 520 776 Et
543 745 689 787 quamvis
713 755 794 785 pura
816 744 1010 785 theologalia
1029 751 1175 785 oporteat
1191 754 1228 775 ex
1243 744 1328 785 prin-

253 791 344 831 cipiis
367 800 497 821 manare
519 789 772 830 theologalibus;
796 789 990 829 theologalia
1012 796 1118 820 tamen
1143 788 1327 820 ministeria-

252 835 333 872 liter,
350 845 416 866 non
440 841 577 876 oportet,
598 834 653 865 sed
677 841 724 865 sat
747 841 794 865 est
816 834 860 864 eis
885 834 1008 865 servire.
1033 834 1084 865 Sic
1107 841 1215 865 autem
1238 834 1327 865 theo-

252 880 373 921 logales
396 887 471 911 sunt
494 878 681 910 huiusmodi
705 878 892 909 solutiones.

309 925 402 956 Unde
425 924 533 959 minus
556 924 637 954 bene
659 923 807 954 videntur
830 922 954 960 sentire,
979 923 1035 964 qui
1059 923 1181 954 solvere
1204 923 1327 954 theolo-

252 969 322 1010 giae
345 969 504 1008 tribuunt,
528 978 595 999 non
619 967 679 998 nisi
702 978 740 998 ex
763 968 868 1009 aliqua
891 968 1112 1008 propositione
1137 968 1263 999 credita.
1288 968 1329 999 Et

253 1013 377 1055 decepti
400 1020 476 1044 sunt
498 1013 574 1054 quia
597 1022 663 1044 non
687 1012 901 1043 discreverunt
923 1012 1004 1044 inter
1026 1013 1195 1043 solutionis
1211 1019 1242 1043 et
1249 1022 1327 1052 pro-

252 1058 391 1090 bationis
413 1065 552 1089 naturas.
576 1057 726 1088 Probatio
751 1067 891 1099 namque
915 1064 962 1088 est
985 1067 1022 1088 ex
1039 1057 1255 1088 evidentibus:
1280 1067 1329 1087 so-

251 1103 334 1134 lutio
358 1110 467 1135 autem
481 1109 529 1134 est
544 1102 640 1134 etiam
664 1112 700 1133 ex
723 1102 772 1132 his
796 1112 878 1143 quae
898 1112 964 1133 non
984 1108 1137 1142 apparent
1152 1111 1220 1132 esse
1239 1100 1327 1137 falsa,

219 1169 222 1170 ν
253 1148 328 1180 dato
351 1148 443 1189 quod
466 1157 532 1178 non
556 1147 696 1178 sciantur
711 1157 779 1178 esse
793 1157 877 1177 vera.
902 1147 944 1177 Et
966 1153 1134 1187 propterea
1157 1145 1328 1186 theologus

251 1198 359 1235 potest
374 1202 500 1233 semper
519 1192 652 1228 solvere,
668 1201 837 1232 nunquam
859 1198 971 1222 coacto
986 1190 1148 1222 intellectu
1166 1191 1205 1220 ab
1222 1189 1329 1230 aliqua

274 1233 476 1280 ropositione
497 1236 653 1268 contraria
671 1235 719 1266 his
738 1245 821 1277 quae
845 1242 919 1266 sunt
941 1234 1026 1271 fidei,
1043 1234 1190 1276 quamvis
1215 1244 1329 1265 eorum

312 1281 423 1314 'tatem
448 1291 515 1313 non
538 1280 653 1312 videat.

270 1362 273 1364 μ
307 1326 348 1358 V.
372 1326 465 1358 Circa
488 1324 713 1367 probationem
736 1324 844 1355 tertiae
860 1324 1075 1355 conclusionis
1090 1323 1117 1360 *,
1142 1324 1222 1354 scito
1239 1324 1329 1366 quod

216 1373 217 1376 ’
252 1371 341 1403 aliud
356 1377 403 1402 est
426 1370 504 1402 scire
528 1379 642 1401 omnes
665 1369 802 1400 rationes
827 1375 936 1400 contra
959 1368 1057 1399 fidem
1077 1378 1144 1399 esse
1160 1368 1328 1399 solubiles:

251 1423 284 1448 ct
305 1415 394 1449 aliud
417 1422 465 1446 est
486 1414 566 1445 scire
589 1413 711 1444 solvere
728 1423 790 1445 eas.
814 1413 960 1444 Primum
976 1414 1130 1454 probatur
1153 1413 1186 1443 in
1209 1413 1328 1444 littera:

251 1467 284 1494 et
297 1459 446 1502 probatio
470 1458 604 1490 assumit
627 1468 727 1489 unam
745 1457 1003 1499 propositionem
1022 1457 1183 1495 creditam,
1200 1458 1328 1494 scilicet,

250 1505 332 1537 haec
345 1505 495 1536 doctrina
511 1503 663 1534 innititur
679 1504 808 1534 veritati
822 1502 1005 1544 infallibili:
1023 1509 1055 1534 et
1068 1509 1237 1543 propterea
1253 1513 1329 1533 con-

250 1549 353 1582 clusio
376 1549 454 1580 haec
477 1558 545 1579 non
568 1547 661 1578 nobis
684 1547 736 1578 hic
759 1547 888 1578 evidens
912 1554 968 1579 est.
994 1547 1180 1578 Secundum
1195 1557 1272 1578 vero
1296 1547 1329 1577 in

250 1602 323 1627 actu
339 1594 476 1626 exercito
500 1592 659 1624 consistit:
685 1598 716 1623 et
739 1591 817 1623 liber
835 1592 957 1623 Contra
984 1592 1126 1623 Gentiles
1148 1592 1197 1622 his
1215 1592 1330 1633 plenus

188 1661 196 1668 ·
250 1646 308 1672 est.
333 1639 376 1671 Et
398 1638 554 1680 quoniam
577 1637 708 1674 solutio,
726 1643 763 1668 ut
777 1636 900 1668 dictum
916 1636 991 1668 est*
1010 1643 1041 1668 et
1057 1636 1246 1677 experimur,
1262 1646 1329 1667 non

248 1684 382 1727 requirit
404 1681 607 1719 evidentiam,
624 1682 680 1712 sed
695 1682 979 1712 non-coactionem
1001 1682 1193 1718 intellectus;
1219 1688 1249 1712 et
1267 1681 1330 1712 hoc

249 1730 284 1769 in
306 1729 379 1771 ipso
404 1727 552 1760 exercitio
575 1726 746 1758 solutionis
770 1726 979 1763 convincitur,
1004 1727 1084 1757 dum
1107 1726 1187 1757 ratio
1212 1736 1330 1767 cogens

249 1783 318 1807 non
341 1774 446 1805 adest:
471 1772 544 1804 ideo
569 1771 648 1803 scire
671 1771 807 1808 solvere,
833 1781 889 1802 seu
913 1771 1035 1802 solvere
1059 1771 1215 1802 contraria
1233 1770 1329 1802 huius

250 1819 433 1855 doctrinae,
458 1827 526 1849 non
550 1823 597 1848 est
619 1816 761 1853 credere,
787 1822 843 1847 aut
866 1826 903 1846 ex
930 1817 1071 1852 credere,
1103 1816 1163 1846 nisi
1187 1815 1329 1847 occasio-

250 1862 380 1901 naliten
405 1862 563 1904 quoniam
581 1871 619 1892 ex
641 1860 704 1892 hoc
728 1861 818 1902 quod
835 1860 1003 1897 credimus,
1023 1860 1222 1901 applicamus
1238 1860 1330 1891 intel-

248 1909 371 1942 lectum
386 1908 427 1940 ad
440 1906 672 1938 inveniendum
686 1905 828 1937 defectus
842 1905 1005 1936 rationum
1021 1912 1051 1936 et
1067 1905 1330 1946 propositionum

251 1953 493 1987 contrariarum.
517 1952 559 1982 Et
583 1951 665 1981 hanc
681 1950 920 1981 distinctionem
936 1951 1015 1981 bene
1032 1957 1125 1980 nota:
1150 1950 1226 1991 quia
1241 1950 1329 1980 inad-

249 1997 405 2030 vertentia
420 1997 489 2028 eius
505 1996 586 2027 forte
605 1995 765 2036 quosdam
788 1995 822 2025 in
846 1995 904 2026 hac
927 1994 1029 2026 littera
1053 2005 1153 2025 errare
1176 1995 1329 2035 permisit.

308 2043 365 2075 VI.
389 2042 426 2073 In
441 2040 652 2081 responsione
671 2040 711 2070 ad
735 2039 923 2076 secundum,
940 2046 1017 2070 nota
1039 2046 1180 2080 quatuor
1199 2050 1329 2070 enume-

250 2094 335 2125 rata,
369 2086 503 2118 scilicet:
533 2084 736 2116 auctoritates
764 2093 868 2115 sacrae
899 2084 1094 2124 scripturae,
1128 2084 1329 2115 auctoritates

249 2135 437 2164 sanctorum
451 2130 643 2166 Doctorum,
656 2129 795 2159 rationes
811 2129 978 2165 humanas,
996 2135 1026 2160 et
1045 2128 1246 2159 auctoritates
1262 2129 1331 2169 phi-

249 2176 477 2218 losophorum.
501 2175 543 2206 Et
566 2184 603 2205 ex
625 2173 736 2215 primis
753 2173 885 2214 quidem
905 2173 1047 2204 doctrina
1066 2173 1143 2204 haec
1159 2173 1330 2214 procedere

249 2221 366 2254 dicitur
381 2227 417 2252 ut
432 2218 627 2260 exvpropriis
651 2225 683 2249 et
705 2218 906 2249 necessariis:
931 2228 969 2249 ex
992 2218 1139 2248 secundis
1162 2225 1271 2249 autem
1294 2225 1330 2249 ut

248 2276 288 2298 ex
310 2265 459 2307 propriis,
480 2264 536 2295 sed
558 2263 792 2305 probabilibus:
819 2273 856 2294 ex
879 2262 999 2304 quartis
1022 2273 1097 2293 vero
1122 2269 1158 2293 ut
1181 2262 1329 2303 probabi-

249 2311 350 2347 libus,
376 2310 433 2341 sed
455 2309 619 2341 extraneis.
643 2309 685 2339 Et
707 2307 752 2338 sic
775 2307 873 2339 tertiis
897 2307 1006 2339 nullus
1027 2307 1204 2348 assignatur
1226 2307 1328 2338 locus.

250 2356 292 2388 Et
313 2362 483 2397 propterea
507 2353 673 2385 sciendum
697 2359 743 2383 est
767 2353 857 2394 quod
880 2352 960 2383 ratio
985 2351 1127 2383 humana
1143 2352 1182 2383 de
1198 2362 1263 2393 qua
1277 2352 1329 2383 hic

249 2407 298 2432 est
320 2409 427 2432 sermo
441 2423 448 2436 ,
483 2398 562 2429 nihil
585 2397 672 2429 aliud
695 2404 742 2428 est
765 2407 864 2438 quarn
898 2396 1130 2437 argumentatio
1162 2396 1269 2438 aliqua
1293 2407 1330 2427 ex

249 2445 322 2477 solo
346 2443 483 2476 naturali
505 2443 627 2475 lumine
650 2442 749 2473 robur
777 2442 908 2473 habens.
941 2442 983 2473 Et
1006 2449 1052 2473 est
1075 2441 1209 2482 duplex:
1235 2451 1330 2484 quae-

249 2490 326 2521 dam
345 2488 521 2520 necessario
546 2487 751 2523 concludens,
772 2497 855 2528 quae
871 2494 1004 2518 vocatur
1027 2486 1274 2523 demonstratio;
1299 2493 1330 2517 et

250 2534 410 2576 quaedam
435 2532 660 2574 probabiliter,
694 2542 778 2573 quae
811 2541 962 2572 magnam
992 2531 1087 2562 habet
1117 2522 1349 2562 latitudinem.¹

249 2579 394 2620 Utraque
417 2585 526 2610 autem
549 2577 582 2608 in
606 2577 713 2618 aliqua
736 2583 820 2608 certa
843 2575 974 2607 scientia
996 2575 1129 2617 physica
1151 2575 1326 2612 clauditur,

250 2631 282 2656 et
305 2629 538 2664 consequenter
567 2629 712 2652 extranea
741 2628 788 2652 est
811 2631 829 2651 a
851 2630 966 2661 genere
994 2620 1094 2651 scibili
1124 2619 1327 2660 theologico:

250 2678 286 2700 ac
309 2677 366 2708 per
381 2667 454 2704 hoc,
471 2666 636 2706 theologia
659 2665 804 2707 procedit
828 2675 864 2696 ex
888 2665 1010 2696 ratione
1034 2665 1177 2696 humana
1206 2672 1242 2696 ut
1265 2665 1327 2699 sic,

2404 223 2452 259 23

1381 306 1416 331 ut
1440 310 1477 331 ex
1500 301 1662 332 extraneis.
1693 302 1735 332 Et
1758 301 1913 342 quoniam
1940 302 2029 332 nulla
2058 302 2287 333 demonstratio
2318 302 2450 344 physica

1380 351 1486 384 potest
1507 345 1608 376 afferri
1631 346 1671 376 ad
1687 345 1879 385 theologalia
1894 353 1930 377 ut
1949 347 1993 377 sic
2007 345 2178 389 (quoniam
2196 347 2396 387 theologalia,
2414 355 2451 379 ut

1381 389 1424 420 sic
1440 396 1523 426 sunt,
1541 396 1668 430 oportet
1691 390 1805 420 resolvi
1827 390 1860 420 in
1881 391 2036 431 principia
2059 391 2223 427 evidentia,
2244 402 2310 422 non
2329 392 2452 423 lumine

1381 434 1533 470 naturali,
1559 434 1614 465 sed
1637 432 1777 476 divino),
1801 434 1884 471 ideo,
1902 436 2045 466 absolute
2068 433 2244 476 loquendo,
2268 445 2306 466 ex
2328 437 2453 467 ratione

1381 478 1515 509 naturali
1532 478 1675 519 procedit
1698 478 1859 519 theologia
1882 486 1918 510 ut
1941 489 1978 509 ex
2001 480 2152 510 extraneis
2172 487 2203 511 et
2219 481 2450 520 probabilibus;

1381 523 1659 563 quemadmodum
1682 533 1718 554 ex
1742 523 1982 554 auctoritatibus
2007 524 2288 564 philosophorum.
2313 525 2354 556 Et
2376 535 2452 565 pro-

1381 573 1487 607 pterea
1510 568 1599 598 sedes
1623 567 1778 608 assignata
1801 567 2041 599 auctoritatibus
2064 568 2344 609 philosophorum,
2364 569 2454 601 intel-

1381 611 1506 652 ligenda
1530 619 1576 643 est
1599 612 1757 653 assignata
1785 612 1880 643 etiam
1903 612 2018 643 rationi
2046 613 2181 644 naturali
2211 623 2310 654 quam
2333 623 2451 655 cogno-

1381 663 1511 687 verunt:
1536 656 1569 687 in
1593 656 1683 687 cuius
1707 656 1836 697 signum
1858 657 1955 687 simul
1978 658 2128 688 tractabat
2143 664 2326 698 utrumque.
2351 658 2393 689 Et
2407 658 2452 689 sic

1383 700 1492 731 omnia
1517 708 1701 732 enumerata
1724 707 1799 732 sunt
1821 701 1934 732 locata.

1438 745 1506 776 VII.
1531 746 1593 776 Sed
1617 745 1753 776 dubium
1777 745 1827 776 hic
1851 745 1987 776 occurrit
2014 755 2081 776 non
2110 746 2387 777 dissimulandum.
2420 746 2453 777 Si

1382 800 1419 820 ex
1435 789 1610 821 rationibus
1634 790 1830 821 naturalibus
1853 789 2014 830 theologia
2038 790 2180 830 procedit
2195 797 2231 821 ut
2247 800 2284 821 ex
2301 790 2453 821 extraneis

1382 841 1413 865 et
1435 834 1662 875 probabilibus,
1687 844 1743 865 cur
1765 840 1871 865 tantus
1894 834 1985 865 labor
2007 844 2026 864 a
2044 835 2229 866 doctoribus
2252 835 2453 875 speculativis

1382 886 1565 920 assumptus
1588 877 1656 910 est?
1680 879 1846 917 Quorsum
1870 879 1941 910 libri
1960 878 2082 910 Contra
2101 879 2253 917 Gentiles,
2277 879 2454 910 rationibus

1382 924 1578 955 naturalibus
1601 921 1711 964 pleni?
1735 930 1793 954 etc.
1818 926 1885 954 Aut
1908 923 1994 954 enim
2021 923 2055 954 hi
2078 934 2145 954 non
2172 924 2300 954 tradunt
2328 924 2453 955 theolo-

1382 977 1484 1008 giam:
1510 975 1565 999 aut
1587 978 1620 998 in
1644 968 1796 999 extraneis
1820 967 1915 998 nimis
1938 967 2053 999 morati
2077 975 2161 999 sunt.

1438 1013 1521 1044 VIII.
1538 1013 1589 1043 Ad
1607 1013 1670 1043 hoc
1685 1012 1820 1043 breviter
1835 1012 1959 1048 dicitur,
1977 1012 2067 1054 quod
2085 1013 2371 1043 demonstrationes
2388 1022 2453 1043 me-

1381 1057 1561 1098 taphysicae
1586 1064 1616 1088 et
1639 1057 1797 1088 naturales
1821 1067 1903 1098 quae
1928 1056 2101 1088 afferuntur
2123 1057 2156 1087 in
2180 1067 2266 1087 sacra
2290 1057 2452 1094 doctrina,

1382 1101 1566 1142 simpliciter
1589 1101 1721 1143 quidem
1744 1108 1819 1133 sunt
1838 1108 2016 1132 extraneae:
2042 1102 2098 1132 sed
2121 1108 2157 1132 ut
2180 1101 2341 1132 ministrae
2364 1102 2453 1132 theo-

1381 1146 1494 1186 logiae,
1515 1146 1555 1176 ad
1575 1146 1779 1177 destruendas
1803 1146 1979 1186 positiones
2003 1146 2168 1187 oppositas
2191 1146 2453 1177 conclusionibus

1382 1197 1438 1221 aut
1452 1190 1613 1231 principiis
1626 1190 1870 1231 theologalibus,
1884 1197 1939 1221 aut
1954 1191 1995 1220 ad
2010 1190 2176 1221 solvendas
2191 1190 2327 1221 rationes
2344 1197 2454 1222 contra

1383 1235 1576 1275 theologalia
1606 1235 1722 1271 factas,
1748 1242 1803 1266 aut
1826 1235 1866 1265 ad
1894 1234 2079 1266 stabilienda
2102 1245 2138 1265 ea
2161 1235 2200 1265 de
2224 1235 2341 1277 quibus
2364 1235 2453 1266 theo-

1381 1279 1467 1320 logia
1490 1279 1677 1310 secundario
1701 1286 1757 1315 est,
1781 1286 1818 1310 ut
1840 1279 1947 1310 Deum
1970 1289 2046 1315 esse,
2073 1285 2104 1310 et
2125 1289 2229 1310 unum
2249 1289 2324 1315 esse,
2345 1286 2376 1310 et
2394 1279 2454 1310 im-

1382 1324 1569 1360 mortalem,
1595 1330 1671 1360 etc.‚
1696 1333 1762 1354 non
1791 1330 1866 1354 sunt
1894 1330 2075 1360 extraneae;
2100 1324 2155 1354 sed
2178 1334 2215 1354 ex
2245 1323 2289 1354 eis
2312 1324 2456 1364 procedit

1382 1368 1544 1409 theologia
1566 1375 1603 1399 ut
1626 1378 1663 1399 ex
1686 1368 1836 1409 propriis,
1862 1375 1893 1399 et
1916 1368 2112 1409 quandoque
2135 1367 2336 1404 necessariis;
2361 1368 2454 1399 mini-

1382 1413 1545 1445 sterialiter
1568 1420 1696 1449 tamen,
1726 1419 1756 1443 et
1779 1422 1845 1443 non
1869 1413 1990 1443 ratione
2015 1412 2084 1449 sui,
2117 1413 2173 1443 sed
2200 1419 2331 1453 propter
2354 1413 2454 1444 nostri

1382 1458 1560 1489 intellectus
1574 1457 1800 1493 infirmitatem,
1817 1464 1852 1488 ut
1867 1457 1900 1488 in
1916 1457 2049 1488 articulo
2069 1458 2096 1493 5,
2108 1457 2148 1487 ad
2162 1467 2190 1493 2,
2203 1457 2324 1488 dictum
2341 1464 2397 1489 est.
2414 1458 2455 1488 Et

1382 1509 1550 1544 propterea
1573 1502 1671 1533 sancti
1694 1502 1860 1538 Doctores,
1883 1501 1939 1543 qui
1962 1501 2158 1542 speculativo
2175 1501 2303 1542 ingenio
2323 1502 2456 1543 praediti

1382 1547 1530 1584 fuerunt,
1555 1546 1732 1578 intellectus
1755 1546 1890 1576 humani
1918 1545 2055 1577 defectui
2085 1546 2250 1577 subvenire
2274 1547 2453 1587 cupientes,

1382 1592 1520 1623 rationes
1544 1591 1784 1632 philosophicas
1807 1591 1961 1631 plurimas
1985 1591 2089 1621 conati
2109 1598 2184 1622 sunt
2207 1590 2314 1622 afferre
2338 1592 2378 1622 ad
2401 1592 2456 1622 ali-

1382 1637 1473 1678 quod
1496 1637 1615 1667 horum
1638 1636 1751 1672 trium;
1776 1642 1812 1666 ut
1836 1635 1879 1666 sic
1901 1635 1960 1666 viri
1993 1635 2095 1672 docti,
2120 1645 2157 1666 ea
2179 1646 2261 1676 quae
2283 1635 2358 1666 fidei
2382 1642 2457 1667 sunt

1382 1681 1496 1713 rationi
1520 1691 1588 1712 non
1617 1680 1772 1712 contraria
1795 1679 2035 1721 comperientes,
2060 1679 2182 1711 facilius
2205 1680 2254 1710 his
2277 1690 2360 1722 quae
2382 1680 2456 1711 fidei

1382 1733 1457 1758 sunt
1486 1726 1655 1757 adhaerere
1683 1725 1826 1766 possint,
1851 1731 1905 1756 aut
1935 1724 2048 1756 saltem
2077 1735 2113 1756 ea
2142 1735 2208 1755 non
2232 1735 2378 1766 spernere
2401 1732 2456 1756 aut

1383 1771 1535 1802 deridere.

1438 1816 1598 1847 Suadetur
1622 1821 1731 1846 autem
1754 1813 1942 1845 huiusmodi
1966 1813 2113 1850 rationes,
2131 1820 2167 1845 ut
2190 1813 2358 1851 ministras,
2383 1824 2457 1854 pro-

1381 1860 1466 1901 prias
1489 1859 1570 1891 effici
1593 1859 1690 1890 huius
1713 1859 1860 1890 scientiae
1884 1865 2015 1899 propter
2037 1868 2107 1895 nos,
2125 1868 2162 1889 ex
2185 1858 2287 1889 littera
2309 1858 2341 1889 in
2366 1859 2456 1890 tertia

1381 1904 1598 1941 conclusione,
1624 1911 1655 1935 et
1678 1903 1746 1935 eius
1769 1902 2036 1934 manifestatione.
2060 1903 2135 1934 Non
2160 1903 2246 1934 enim
2270 1903 2359 1934 aliter
2381 1913 2455 1944 pos-

1381 1956 1456 1981 sunt
1479 1949 1561 1980 solvi
1584 1948 1785 1982 obiectiones
1813 1948 1980 1988 oppositae
2004 1943 2171 1979 sufficienti
2194 1948 2369 1984 solutione,
2394 1948 2455 1978 nisi

1381 2005 1418 2025 ex
1441 1993 1617 2025 rationibus
1637 1992 1884 2034 philosophicis:
1910 1992 1935 2023 si
1951 2002 2092 2033 namque
2109 2002 2147 2023 ex
2163 1992 2287 2023 creditis
2303 1992 2455 2023 solvenda

1381 2046 1486 2070 essent
1504 2038 1627 2070 obiecta
1646 2037 1926 2079 philosophorum,
1943 2036 2078 2068 ridiculo
2095 2036 2296 2078 philosophis
2312 2036 2455 2078 theologi

1382 2090 1502 2120 essent,
1528 2090 1587 2114 etc.

1438 2128 1491 2159 lx.
1508 2127 1601 2159 Circa
1620 2127 1696 2157 haec
1720 2126 1884 2167 diligenter
1906 2126 2047 2162 adverte,
2072 2127 2162 2167 quod
2185 2126 2272 2158 aliud
2295 2133 2341 2158 est
2363 2127 2455 2170 loqui

1382 2174 1421 2204 de
1436 2172 1559 2204 ratione
1583 2171 1735 2207 humana,
1753 2178 1784 2202 et
1800 2171 1887 2202 aliud
1910 2170 2001 2211 loqui
2024 2171 2063 2201 de
2080 2172 2356 2211 propositionibus
2372 2173 2454 2203 notis

1382 2219 1509 2249 ratione
1531 2217 1686 2248 humana.
1717 2215 1752 2246 In
1775 2215 1891 2251 littera,
1916 2222 1952 2246 ut
1976 2215 2203 2246 declaravimus
2219 2215 2253 2252 *,
2277 2216 2455 2247 insinuatur

1381 2262 1471 2304 quod
1487 2272 1524 2292 ex
1546 2261 1669 2292 ratione
1692 2260 1843 2297 humana,
1861 2260 2006 2291 absolute
2025 2260 2201 2301 loquendo,
2218 2260 2296 2291 haec
2312 2261 2455 2292 doctrina

1381 2306 1524 2348 procedit
1547 2312 1583 2337 ut
1599 2315 1636 2336 ex
1653 2305 1823 2336 extraneis:
1849 2304 2004 2346 quoniam
2027 2304 2263 2345 propositiones
2287 2312 2381 2336 notae
2400 2316 2454 2336 na-

1380 2351 1484 2388 turali,
1501 2360 1566 2381 non
1586 2349 1694 2381 divino
1711 2349 1842 2386 lumine,
1861 2356 1897 2380 ut
1913 2349 1966 2386 sic,
1983 2347 2058 2381 sunt
2074 2356 2246 2380 extraneae.
2270 2349 2332 2380 Sed
2347 2357 2454 2381 tamen

1380 2396 1500 2427 multae
1524 2394 1761 2436 propositiones
1785 2401 1879 2425 notae
1902 2393 2037 2425 naturali
2060 2394 2182 2425 lumine
2207 2401 2238 2425 et
2259 2395 2455 2426 demonstra-

1381 2441 1478 2477 tione,
1492 2440 1671 2471 secundum
1687 2439 1804 2479 seipsas
1821 2445 1977 2479 sumptae,
1991 2445 2065 2469 sunt
2080 2448 2152 2469 vere
2169 2445 2200 2470 et
2218 2439 2346 2479 proprie
2363 2439 2453 2470 theo-

1380 2486 1509 2527 logales,
1527 2485 1586 2515 sub
1603 2484 1666 2514 alio
1690 2491 1796 2514 tamen
1819 2483 1951 2519 lumine,
1968 2490 2004 2514 ut
2026 2483 2059 2513 in
2079 2494 2088 2513 1
2111 2483 2253 2519 articulo,
2270 2483 2303 2513 in
2323 2493 2454 2524 respon-

1381 2530 1470 2561 sione
1487 2530 1527 2560 ad
1545 2539 1574 2565 2,
1591 2535 1692 2568 patet;
1710 2535 1746 2559 ut
1763 2534 1850 2568 patet
1864 2528 1903 2558 de
1917 2527 1993 2564 istis,
2009 2528 2100 2558 Deus
2116 2533 2173 2566 est,
2189 2528 2280 2559 Deus
2296 2533 2342 2559 est
2357 2538 2452 2566 unus,

1380 2576 1471 2606 Deus
1495 2579 1542 2605 est
1564 2573 1676 2611 bonus,
1695 2579 1752 2603 etc.
1778 2572 1880 2608 Unde,
1902 2582 1977 2603 cum
1997 2571 2167 2612 theologus
2191 2572 2294 2613 arguit
2316 2583 2353 2603 ex
2376 2572 2453 2610 istis,

1381 2619 1484 2660 arguit
1514 2629 1550 2649 ex
1581 2617 1736 2658 propriis;
1761 2616 1907 2658 quamvis
1938 2627 2005 2647 non
2035 2617 2166 2657 proprio
2197 2623 2323 2648 tantum
2353 2618 2453 2647 modo

1380 2663 1475 2700 notis,
1493 2673 1551 2704 pro
1568 2668 1689 2704 quanto
1707 2668 1781 2692 sunt
1800 2671 1866 2692 non
1883 2661 1990 2697 solum
2007 2661 2151 2698 revelata,
2170 2662 2225 2692 sed
2249 2662 2344 2692 etiam
2367 2662 2454 2693 scita.

1080 2818 1410 2871 ARTICULUS,
1430 2817 1633 2860 NONUS

756 2922 915 2954 UTRUM
938 2921 1080 2953 SACRA
1104 2921 1348 2953 SCRIPTURA
1372 2920 1546 2951 DEBEAT
1570 2919 1646 2951 UTI
1670 2919 1953 2951 METAPHoms

503 3021 513 3045 1
533 3021 616 3050 Sent„
638 3020 717 3050 Ptol„
737 3024 783 3044 art.
800 3018 813 3044 5
820 3028 828 3051 ;
847 3020 906 3045 dist.
920 3027 1002 3049 xmv,
1023 3027 1067 3052 qu.
1085 3026 1123 3050 111,
1143 3023 1190 3044 art.
1208 3026 1229 3050 1,
1246 3026 1259 3042 2
1266 3026 1274 3050 3
1293 3018 1325 3043 111
1347 3018 1423 3043 Cont.
1440 3018 1527 3047 Germ,
1547 3024 1603 3049 cap.
1618 3024 1689 3049 cm;
1708 3017 1734 3042 in
1752 3018 1827 3043 Boet.
1846 3017 1879 3042 de
1901 3017 1983 3047 Trin.‚
2003 3024 2048 3049 qu.
2060 3024 2087 3046 n.
2107 3021 2154 3042 art.
2168 3025 2194 3049 4.

342 3127 349 3151 ε
375 3140 416 3160 a..
441 3134 443 3136 v
467 3122 490 3147 ι)
519 3121 648 3147 NONUM
677 3120 730 3146 SIC
759 3119 1000 3145 PROCEDITUR.
1030 3107 1190 3145 Videtur
1219 3106 1327 3155 quod

324 3159 331 3166 ’
467 3175 575 3200 sacra
603 3162 798 3211 Scriptura
817 3167 834 3182 α
863 3174 942 3199 non
974 3162 1114 3199 debeat
1131 3160 1185 3198 uti
1206 3168 1325 3197 meta-

251 3329 331 3360 tere
357 3322 447 3360 huic
476 3322 667 3371 scientiae,
697 3335 796 3372 quae
826 3323 923 3360 inter
951 3322 1042 3359 alias
1070 3329 1173 3359 tenet
1196 3322 1341 3358 locum*

253 3388 492 3425 supremum,
512 3383 555 3413 ut
572 3376 650 3414 iarn
671 3376 815 3414 dictum
835 3384 892 3414 est
910 3375 941 3412 ³¹².
962 3375 1178 3412 Procedere
1198 3382 1326 3412 autem

253 3442 324 3479 per
352 3428 618 3467 similitudines
644 3429 772 3467 varias
801 3438 837 3467 et
862 3429 1242 3479 repraesentationes,
1273 3436 1330 3466 est

308 3580 336 3613 α)
357 3581 508 3612 Scriptura.
526 3593 545 3598 -
563 3579 687 3604 doctrina
710 3579 820 3604 codices.
837 3591 857 3600 —·
875 3580 927 3604 Pro
946 3579 1118 3612 metaphoris,
1138 3579 1327 3612 metaphoricis

254 3615 343 3648 stD,
363 3621 388 3641 et
407 3616 441 3641 ita
460 3616 500 3641 ed.
514 3623 531 3640 a
551 3615 662 3648 ubique;
682 3615 857 3640 locutionibus
875 3615 1064 3648 metaphoricis
1083 3616 1112 3640 Β.

1379 3106 1579 3156 proprium
1607 3105 1793 3155 poeticae,
1823 3118 1923 3154 quae
1953 3113 2010 3142 est
2037 3105 2171 3142 infima
2200 3105 2296 3142 inter
2315 3117 2452 3142 omnes

1381 3160 1584 3197 doctrinas.
1621 3160 1724 3207 Ergo
1753 3159 1976 3197 huiusmodi
2005 3158 2311 3196 similitudinibus
2334 3156 2352 3187 Ρ
2379 3158 2450 3207 uti,

1380 3226 1460 3251 non
1489 3220 1544 3250 est
1573 3213 1808 3250 conveniens
1837 3213 1926 3250 huic
1955 3212 2146 3249 scientiae.

1436 3279 1471 3304 2.
1501 3268 1745 3314 PRAETEREA,
1775 3267 1871 3303 haec
1901 3266 2071 3303 doctrina
2098 3265 2250 3303 videtur
2278 3277 2361 3302 esse
2391 3277 2451 3302 or-

1382 3321 1509 3358 dinata
1537 3319 1586 3357 ad
1605 3319 1773 3357 veritatis
1800 3319 2163 3357 manifestationem:
2192 3318 2296 3356 unde
2317 3325 2353 3355 et
2370 3331 2451 3355 rna-

1382 3373 1661 3412 nifestatoribus
1684 3378 1699 3400 ⁷
1726 3373 1804 3410 eius
1832 3372 2048 3422 praemium
2072 3371 2313 3421 promittitur,
2332 3371 2449 3409 Eccli.

1381 3440 1466 3464 xxlv
1479 3427 1516 3464 *ξ
1538 3426 1604 3475 qui
1616 3426 1806 3463 elucidant
1817 3438 1888 3472 me,
1904 3426 2021 3463 vitam
2040 3431 2234 3462 aeternam
2249 3426 2449 3463 habebunt.

1436 3577 1461 3610 β)
1481 3576 1707 3602 similitudinibus.
1724 3590 1743 3595 —
1761 3576 1889 3601 similibus
1907 3576 1937 3600 B.

1434 3614 1460 3647 γ)
1481 3611 1733 3646 manifestatoribus.
1751 3625 1770 3631 —
1788 3610 2046 3645 manifestationibus
2064 3610 2157 3643 BDpC.

2481 2218 2488 2228 “
2506 2217 2577 2239 Num.
2587 2223 2620 2238 vi.

2576 3379 2593 3404 Υ

2503 3432 2570 3454 Vers.
2579 3438 2611 3460 3¹·
