<?xml version="1.0" encoding="UTF-8"?>
<!DOCTYPE html PUBLIC "-//W3C//DTD XHTML 1.0 Transitional//EN"
    "http://www.w3.org/TR/xhtml1/DTD/xhtml1-transitional.dtd">
<html xmlns="http://www.w3.org/1999/xhtml" xml:lang="en" lang="en">
 <head>
  <title>
</title>
<meta http-equiv="Content-Type" content="text/html;charset=utf-8" />
  <meta name='ocr-system' content='tesseract 3.04.00' />
  <meta name='ocr-capabilities' content='ocr_page ocr_carea ocr_par ocr_line ocrx_word'/>
</head>
<body>
  <div class='ocr_page' id='page_1' title='image "./operaomniaiussui04thom_0300.png"; bbox 0 0 2768 4178; ppageno 0'>
   <div class='ocr_carea' id='block_1_1' title="bbox 68 1467 281 1547">
    <p class='ocr_par' dir='ltr' id='par_1_1' title="bbox 68 1467 281 1547">
     <span class='ocr_line' id='line_1_1' title="bbox 68 1467 281 1494; baseline 0 -6"><span class='ocrx_word' id='word_1_1' title='bbox 68 1467 78 1478; x_wconf 64' lang='lat'>⁴*</span> <span class='ocrx_word' id='word_1_2' title='bbox 91 1467 138 1494; x_wconf 91' lang='lat' dir='ltr'>Qu.</span> <span class='ocrx_word' id='word_1_3' title='bbox 146 1473 203 1492; x_wconf 78' lang='lat' dir='ltr'>xxii,</span> <span class='ocrx_word' id='word_1_4' title='bbox 215 1470 281 1493; x_wconf 70' lang='lat' dir='ltr'>arm,</span> 
     </span>
     <span class='ocr_line' id='line_1_2' title="bbox 69 1494 281 1515; baseline 0 0"><span class='ocrx_word' id='word_1_5' title='bbox 69 1494 202 1515; x_wconf 85' lang='lat' dir='ltr'>Comment.</span> <span class='ocrx_word' id='word_1_6' title='bbox 216 1500 281 1515; x_wconf 90' lang='lat' dir='ltr'>num.</span> 
     </span>
     <span class='ocr_line' id='line_1_3' title="bbox 68 1526 143 1547; baseline 0 -6"><span class='ocrx_word' id='word_1_7' title='bbox 68 1526 93 1547; x_wconf 85' lang='lat'>11,</span> <span class='ocrx_word' id='word_1_8' title='bbox 109 1526 143 1542; x_wconf 82' lang='grc' dir='ltr'>ιιι.</span> 
     </span>
    </p>
   </div>
   <div class='ocr_carea' id='block_1_2' title="bbox 67 2240 200 2262">
    <p class='ocr_par' dir='ltr' id='par_1_2' title="bbox 67 2240 200 2262">
     <span class='ocr_line' id='line_1_4' title="bbox 67 2240 200 2262; baseline -0.015 1"><span class='ocrx_word' id='word_1_9' title='bbox 67 2241 77 2251; x_wconf 78' lang='lat'>⁸</span> <span class='ocrx_word' id='word_1_10' title='bbox 93 2240 159 2262; x_wconf 87' lang='lat' dir='ltr'>Vers.</span> <span class='ocrx_word' id='word_1_11' title='bbox 175 2246 200 2262; x_wconf 80' lang='grc' dir='ltr'>ιι.</span> 
     </span>
    </p>
   </div>
   <div class='ocr_carea' id='block_1_3' title="bbox 67 2293 224 2315">
    <p class='ocr_par' dir='ltr' id='par_1_3' title="bbox 67 2293 224 2315">
     <span class='ocr_line' id='line_1_5' title="bbox 67 2293 224 2315; baseline 0 0"><span class='ocrx_word' id='word_1_12' title='bbox 67 2294 78 2305; x_wconf 76' lang='grc'>·“</span> <span class='ocrx_word' id='word_1_13' title='bbox 94 2293 224 2315; x_wconf 82' lang='lat' dir='ltr'>Ordinaria.</span> 
     </span>
    </p>
   </div>
   <div class='ocr_carea' id='block_1_4' title="bbox 69 3091 255 3121">
    <p class='ocr_par' dir='ltr' id='par_1_4' title="bbox 69 3091 255 3121">
     <span class='ocr_line' id='line_1_6' title="bbox 69 3091 255 3121; baseline 0.005 -8"><span class='ocrx_word' id='word_1_14' title='bbox 69 3092 80 3103; x_wconf 75' lang='lat'>¹⁸</span> <span class='ocrx_word' id='word_1_15' title='bbox 95 3091 162 3113; x_wconf 81' lang='lat' dir='ltr'>Vers.</span> <span class='ocrx_word' id='word_1_16' title='bbox 177 3098 206 3121; x_wconf 84' lang='lat'>13,</span> <span class='ocrx_word' id='word_1_17' title='bbox 222 3098 255 3119; x_wconf 81' lang='lat'>¹4-</span> 
     </span>
    </p>
   </div>
   <div class='ocr_carea' id='block_1_5' title="bbox 69 3462 217 3490">
    <p class='ocr_par' dir='ltr' id='par_1_5' title="bbox 69 3462 217 3490">
     <span class='ocr_line' id='line_1_7' title="bbox 69 3462 217 3490; baseline 0 -6"><span class='ocrx_word' id='word_1_18' title='bbox 69 3463 78 3473; x_wconf 86' lang='grc'><em>·</em></span> <span class='ocrx_word' id='word_1_19' title='bbox 94 3462 153 3490; x_wconf 76' lang='lat' dir='ltr'>Cap.</span> <span class='ocrx_word' id='word_1_20' title='bbox 167 3468 217 3484; x_wconf 86' lang='lat' dir='ltr'>xm.</span> 
     </span>
    </p>
   </div>
   <div class='ocr_carea' id='block_1_6' title="bbox 321 285 395 321">
    <p class='ocr_par' dir='ltr' id='par_1_6' title="bbox 321 285 395 321">
     <span class='ocr_line' id='line_1_8' title="bbox 321 285 395 321; baseline 0 0"><span class='ocrx_word' id='word_1_21' title='bbox 321 285 395 321; x_wconf 89' lang='lat'>282</span> 
     </span>
    </p>
   </div>
   <div class='ocr_carea' id='block_1_7' title="bbox 310 363 1387 1568">
    <p class='ocr_par' dir='ltr' id='par_1_7' title="bbox 318 363 1387 488">
     <span class='ocr_line' id='line_1_9' title="bbox 318 363 1386 404; baseline 0.001 -11"><span class='ocrx_word' id='word_1_22' title='bbox 318 370 485 404; x_wconf 89' lang='lat' dir='ltr'>propterea</span> <span class='ocrx_word' id='word_1_23' title='bbox 514 363 564 394; x_wconf 92' lang='lat' dir='ltr'>hic</span> <span class='ocrx_word' id='word_1_24' title='bbox 587 363 698 394; x_wconf 87' lang='lat' dir='ltr'>titulus</span> <span class='ocrx_word' id='word_1_25' title='bbox 722 363 761 394; x_wconf 92' lang='lat' dir='ltr'>de</span> <span class='ocrx_word' id='word_1_26' title='bbox 785 363 971 394; x_wconf 85' lang='lat' dir='ltr'>certitudine</span> <span class='ocrx_word' id='word_1_27' title='bbox 1001 364 1119 394; x_wconf 88' lang='lat' dir='ltr'>ordinis</span> <span class='ocrx_word' id='word_1_28' title='bbox 1144 370 1190 394; x_wconf 91' lang='lat' dir='ltr'>est</span> <span class='ocrx_word' id='word_1_29' title='bbox 1212 364 1386 404; x_wconf 90' lang='lat' dir='ltr'>intelligen-</span> 
     </span>
     <span class='ocr_line' id='line_1_10' title="bbox 318 407 1387 449; baseline 0 -11"><span class='ocrx_word' id='word_1_30' title='bbox 318 408 387 439; x_wconf 87' lang='lat' dir='ltr'>dus.</span> <span class='ocrx_word' id='word_1_31' title='bbox 421 408 466 438; x_wconf 92' lang='lat' dir='ltr'>Ita</span> <span class='ocrx_word' id='word_1_32' title='bbox 489 407 578 448; x_wconf 93' lang='lat' dir='ltr'>quod</span> <span class='ocrx_word' id='word_1_33' title='bbox 607 418 717 438; x_wconf 87' lang='lat' dir='ltr'>sensus</span> <span class='ocrx_word' id='word_1_34' title='bbox 741 414 804 439; x_wconf 89' lang='lat' dir='ltr'>est:</span> <span class='ocrx_word' id='word_1_35' title='bbox 835 411 887 438; x_wconf 88' lang='lat' dir='ltr'>An</span> <span class='ocrx_word' id='word_1_36' title='bbox 910 408 1170 449; x_wconf 86' lang='lat' dir='ltr'>praedestinatio,</span> <span class='ocrx_word' id='word_1_37' title='bbox 1195 408 1387 449; x_wconf 80' lang='lat' dir='ltr'>inquantum</span> 
     </span>
     <span class='ocr_line' id='line_1_11' title="bbox 318 451 1335 488; baseline -0.001 -5"><span class='ocrx_word' id='word_1_38' title='bbox 318 462 421 488; x_wconf 86' lang='lat' dir='ltr'>causa,</span> <span class='ocrx_word' id='word_1_39' title='bbox 446 452 559 482; x_wconf 89' lang='lat' dir='ltr'>habeat</span> <span class='ocrx_word' id='word_1_40' title='bbox 581 451 779 482; x_wconf 85' lang='lat' dir='ltr'>infallibilem</span> <span class='ocrx_word' id='word_1_41' title='bbox 803 452 949 483; x_wconf 89' lang='lat' dir='ltr'>ordinem</span> <span class='ocrx_word' id='word_1_42' title='bbox 973 453 1013 482; x_wconf 91' lang='lat' dir='ltr'>ad</span> <span class='ocrx_word' id='word_1_43' title='bbox 1036 451 1163 482; x_wconf 86' lang='lat' dir='ltr'>effectus</span> <span class='ocrx_word' id='word_1_44' title='bbox 1186 452 1335 483; x_wconf 89' lang='lat' dir='ltr'>intentos.</span> 
     </span>
    </p>

    <p class='ocr_par' dir='ltr' id='par_1_8' title="bbox 313 496 1387 979">
     <span class='ocr_line' id='line_1_12' title="bbox 376 496 1387 536; baseline 0.001 -10"><span class='ocrx_word' id='word_1_45' title='bbox 376 497 413 527; x_wconf 93' lang='grc' dir='ltr'>ΙΙ.</span> <span class='ocrx_word' id='word_1_46' title='bbox 444 497 479 526; x_wconf 92' lang='lat' dir='ltr'>In</span> <span class='ocrx_word' id='word_1_47' title='bbox 508 505 641 536; x_wconf 88' lang='lat' dir='ltr'>corpore</span> <span class='ocrx_word' id='word_1_48' title='bbox 672 506 737 527; x_wconf 89' lang='lat' dir='ltr'>una</span> <span class='ocrx_word' id='word_1_49' title='bbox 764 503 810 527; x_wconf 87' lang='lat' dir='ltr'>est</span> <span class='ocrx_word' id='word_1_50' title='bbox 841 497 1005 527; x_wconf 89' lang='lat' dir='ltr'>conclusio</span> <span class='ocrx_word' id='word_1_51' title='bbox 1034 496 1236 536; x_wconf 84' lang='lat' dir='ltr'>responsiva,</span> <span class='ocrx_word' id='word_1_52' title='bbox 1268 496 1387 527; x_wconf 83' lang='lat' dir='ltr'>habens</span> 
     </span>
     <span class='ocr_line' id='line_1_13' title="bbox 317 540 1386 580; baseline 0.001 -10"><span class='ocrx_word' id='word_1_53' title='bbox 317 547 423 571; x_wconf 89' lang='lat' dir='ltr'>tamen</span> <span class='ocrx_word' id='word_1_54' title='bbox 447 540 526 570; x_wconf 87' lang='lat' dir='ltr'>duas</span> <span class='ocrx_word' id='word_1_55' title='bbox 549 547 671 580; x_wconf 86' lang='lat' dir='ltr'>partes:</span> <span class='ocrx_word' id='word_1_56' title='bbox 705 541 952 571; x_wconf 85' lang='lat' dir='ltr'>Praedestinatio</span> <span class='ocrx_word' id='word_1_57' title='bbox 984 547 1030 571; x_wconf 89' lang='lat' dir='ltr'>est</span> <span class='ocrx_word' id='word_1_58' title='bbox 1053 547 1155 576; x_wconf 67' lang='lat' dir='ltr'>certa—13</span> <span class='ocrx_word' id='word_1_59' title='bbox 1189 550 1256 571; x_wconf 91' lang='lat' dir='ltr'>non</span> <span class='ocrx_word' id='word_1_60' title='bbox 1279 547 1386 571; x_wconf 90' lang='lat' dir='ltr'>tamen</span> 
     </span>
     <span class='ocr_line' id='line_1_14' title="bbox 317 584 1387 626; baseline 0 -11"><span class='ocrx_word' id='word_1_61' title='bbox 317 584 535 615; x_wconf 89' lang='lat' dir='ltr'>necessitatem</span> <span class='ocrx_word' id='word_1_62' title='bbox 558 584 705 624; x_wconf 89' lang='lat' dir='ltr'>imponit.</span> <span class='ocrx_word' id='word_1_63' title='bbox 724 603 742 607; x_wconf 96' lang='lat'>—</span> <span class='ocrx_word' id='word_1_64' title='bbox 757 585 922 622; x_wconf 85' lang='lat' dir='ltr'>Probatur,</span> <span class='ocrx_word' id='word_1_65' title='bbox 948 585 1056 626; x_wconf 88' lang='lat' dir='ltr'>quoad</span> <span class='ocrx_word' id='word_1_66' title='bbox 1079 591 1248 625; x_wconf 88' lang='lat' dir='ltr'>utramque</span> <span class='ocrx_word' id='word_1_67' title='bbox 1264 591 1387 625; x_wconf 88' lang='lat' dir='ltr'>partem</span> 
     </span>
     <span class='ocr_line' id='line_1_15' title="bbox 316 628 1386 670; baseline 0 -11"><span class='ocrx_word' id='word_1_68' title='bbox 316 629 422 665; x_wconf 91' lang='lat' dir='ltr'>simul,</span> <span class='ocrx_word' id='word_1_69' title='bbox 448 628 624 669; x_wconf 88' lang='lat' dir='ltr'>dupliciter.</span> <span class='ocrx_word' id='word_1_70' title='bbox 648 630 768 668; x_wconf 82' lang='lat' dir='ltr'>Primo,</span> <span class='ocrx_word' id='word_1_71' title='bbox 786 639 823 660; x_wconf 87' lang='lat' dir='ltr'>ex</span> <span class='ocrx_word' id='word_1_72' title='bbox 846 636 932 670; x_wconf 86' lang='lat' dir='ltr'>parte</span> <span class='ocrx_word' id='word_1_73' title='bbox 956 628 1182 669; x_wconf 88' lang='lat' dir='ltr'>providentiae,</span> <span class='ocrx_word' id='word_1_74' title='bbox 1200 629 1253 660; x_wconf 87' lang='lat' dir='ltr'>sic.</span> <span class='ocrx_word' id='word_1_75' title='bbox 1278 629 1386 659; x_wconf 91' lang='lat' dir='ltr'>Provi-</span> 
     </span>
     <span class='ocr_line' id='line_1_16' title="bbox 315 673 1385 714; baseline 0 -11"><span class='ocrx_word' id='word_1_76' title='bbox 315 673 439 703; x_wconf 87' lang='lat' dir='ltr'>dentiae</span> <span class='ocrx_word' id='word_1_77' title='bbox 464 673 543 703; x_wconf 90' lang='lat' dir='ltr'>ordo</span> <span class='ocrx_word' id='word_1_78' title='bbox 564 680 610 704; x_wconf 91' lang='lat' dir='ltr'>est</span> <span class='ocrx_word' id='word_1_79' title='bbox 625 673 807 710; x_wconf 83' lang='lat' dir='ltr'>infallibilis,</span> <span class='ocrx_word' id='word_1_80' title='bbox 826 680 856 704; x_wconf 89' lang='lat' dir='ltr'>et</span> <span class='ocrx_word' id='word_1_81' title='bbox 872 680 978 704; x_wconf 88' lang='lat' dir='ltr'>tamen</span> <span class='ocrx_word' id='word_1_82' title='bbox 995 673 1153 714; x_wconf 81' lang='lat' dir='ltr'>quaedam</span> <span class='ocrx_word' id='word_1_83' title='bbox 1169 673 1385 713; x_wconf 90' lang='lat' dir='ltr'>providentiae</span> 
     </span>
     <span class='ocr_line' id='line_1_17' title="bbox 316 717 1385 757; baseline -0.001 -9"><span class='ocrx_word' id='word_1_84' title='bbox 316 717 455 748; x_wconf 90' lang='lat' dir='ltr'>subiecta</span> <span class='ocrx_word' id='word_1_85' title='bbox 470 717 688 757; x_wconf 87' lang='lat' dir='ltr'>contingenter</span> <span class='ocrx_word' id='word_1_86' title='bbox 702 718 860 754; x_wconf 88' lang='lat' dir='ltr'>eveniunt,</span> <span class='ocrx_word' id='word_1_87' title='bbox 875 718 1052 748; x_wconf 91' lang='lat' dir='ltr'>secundum</span> <span class='ocrx_word' id='word_1_88' title='bbox 1065 717 1263 748; x_wconf 90' lang='lat' dir='ltr'>conditiones</span> <span class='ocrx_word' id='word_1_89' title='bbox 1279 727 1385 748; x_wconf 84' lang='lat' dir='ltr'>causa-</span> 
     </span>
     <span class='ocr_line' id='line_1_18' title="bbox 315 761 1385 803; baseline 0 -11"><span class='ocrx_word' id='word_1_90' title='bbox 315 772 388 792; x_wconf 89' lang='lat' dir='ltr'>rum</span> <span class='ocrx_word' id='word_1_91' title='bbox 403 762 638 802; x_wconf 86' lang='lat' dir='ltr'>proximarum:</span> <span class='ocrx_word' id='word_1_92' title='bbox 659 772 734 802; x_wconf 87' lang='lat' dir='ltr'>ergo</span> <span class='ocrx_word' id='word_1_93' title='bbox 752 769 782 793; x_wconf 91' lang='lat' dir='ltr'>et</span> <span class='ocrx_word' id='word_1_94' title='bbox 798 761 1092 803; x_wconf 88' lang='lat' dir='ltr'>praedestinationis</span> <span class='ocrx_word' id='word_1_95' title='bbox 1114 761 1194 792; x_wconf 92' lang='lat' dir='ltr'>ordo</span> <span class='ocrx_word' id='word_1_96' title='bbox 1210 769 1256 792; x_wconf 87' lang='lat' dir='ltr'>est</span> <span class='ocrx_word' id='word_1_97' title='bbox 1272 768 1385 798; x_wconf 82' lang='lat' dir='ltr'>certuS,</span> 
     </span>
     <span class='ocr_line' id='line_1_19' title="bbox 315 805 1384 846; baseline 0 -10"><span class='ocrx_word' id='word_1_98' title='bbox 315 813 346 836; x_wconf 90' lang='lat' dir='ltr'>et</span> <span class='ocrx_word' id='word_1_99' title='bbox 369 813 476 836; x_wconf 91' lang='lat' dir='ltr'>tamen</span> <span class='ocrx_word' id='word_1_100' title='bbox 504 806 797 846; x_wconf 89' lang='lat' dir='ltr'>praedestinationis</span> <span class='ocrx_word' id='word_1_101' title='bbox 827 806 953 836; x_wconf 86' lang='lat' dir='ltr'>effectus</span> <span class='ocrx_word' id='word_1_102' title='bbox 978 806 1196 846; x_wconf 85' lang='lat' dir='ltr'>contingenter</span> <span class='ocrx_word' id='word_1_103' title='bbox 1219 805 1384 842; x_wconf 87' lang='lat' dir='ltr'>eveniunt,</span> 
     </span>
     <span class='ocr_line' id='line_1_20' title="bbox 314 849 1385 890; baseline -0.002 -9"><span class='ocrx_word' id='word_1_104' title='bbox 314 850 400 881; x_wconf 84' lang='lat' dir='ltr'>iuxta</span> <span class='ocrx_word' id='word_1_105' title='bbox 429 850 606 881; x_wconf 89' lang='lat' dir='ltr'>libertatem</span> <span class='ocrx_word' id='word_1_106' title='bbox 629 851 757 881; x_wconf 88' lang='lat' dir='ltr'>arbitrii.</span> <span class='ocrx_word' id='word_1_107' title='bbox 771 869 791 873; x_wconf 87' lang='lat'>-</span> <span class='ocrx_word' id='word_1_108' title='bbox 807 851 1005 881; x_wconf 86' lang='lat' dir='ltr'>Antecedens</span> <span class='ocrx_word' id='word_1_109' title='bbox 1034 857 1120 890; x_wconf 85' lang='lat' dir='ltr'>patet</span> <span class='ocrx_word' id='word_1_110' title='bbox 1142 849 1175 880; x_wconf 91' lang='lat' dir='ltr'>in</span> <span class='ocrx_word' id='word_1_111' title='bbox 1199 849 1385 890; x_wconf 85' lang='lat' dir='ltr'>quaestione</span> 
     </span>
     <span class='ocr_line' id='line_1_21' title="bbox 314 894 1384 936; baseline 0 -12"><span class='ocrx_word' id='word_1_112' title='bbox 314 895 529 935; x_wconf 89' lang='lat' dir='ltr'>praecedente.</span> <span class='ocrx_word' id='word_1_113' title='bbox 560 895 797 936; x_wconf 88' lang='lat' dir='ltr'>Consequentia</span> <span class='ocrx_word' id='word_1_114' title='bbox 827 902 935 925; x_wconf 91' lang='lat' dir='ltr'>autem</span> <span class='ocrx_word' id='word_1_115' title='bbox 959 895 1130 935; x_wconf 91' lang='lat' dir='ltr'>probatur:</span> <span class='ocrx_word' id='word_1_116' title='bbox 1156 894 1232 935; x_wconf 84' lang='lat' dir='ltr'>quia</span> <span class='ocrx_word' id='word_1_117' title='bbox 1255 894 1384 934; x_wconf 80' lang='lat' dir='ltr'>praede-</span> 
     </span>
     <span class='ocr_line' id='line_1_22' title="bbox 313 939 848 979; baseline 0 -10"><span class='ocrx_word' id='word_1_118' title='bbox 313 939 441 970; x_wconf 89' lang='lat' dir='ltr'>stinatio</span> <span class='ocrx_word' id='word_1_119' title='bbox 466 946 513 970; x_wconf 92' lang='lat' dir='ltr'>est</span> <span class='ocrx_word' id='word_1_120' title='bbox 535 949 607 979; x_wconf 90' lang='lat' dir='ltr'>pars</span> <span class='ocrx_word' id='word_1_121' title='bbox 631 939 848 979; x_wconf 90' lang='lat' dir='ltr'>providentiae</span> 
     </span>
    </p>

    <p class='ocr_par' dir='ltr' id='par_1_9' title="bbox 313 981 1384 1112">
     <span class='ocr_line' id='line_1_23' title="bbox 372 981 1384 1022; baseline -0.002 -8"><span class='ocrx_word' id='word_1_122' title='bbox 372 983 529 1022; x_wconf 85' lang='lat' dir='ltr'>Secundo,</span> <span class='ocrx_word' id='word_1_123' title='bbox 555 983 793 1014; x_wconf 86' lang='lat' dir='ltr'>manifestabilis</span> <span class='ocrx_word' id='word_1_124' title='bbox 817 983 930 1014; x_wconf 87' lang='lat' dir='ltr'>dicitur</span> <span class='ocrx_word' id='word_1_125' title='bbox 954 982 1118 1014; x_wconf 88' lang='lat' dir='ltr'>conclusio</span> <span class='ocrx_word' id='word_1_126' title='bbox 1138 993 1175 1013; x_wconf 90' lang='lat' dir='ltr'>ex</span> <span class='ocrx_word' id='word_1_127' title='bbox 1198 981 1384 1022; x_wconf 89' lang='lat' dir='ltr'>supradictis</span> 
     </span>
     <span class='ocr_line' id='line_1_24' title="bbox 313 1026 1384 1063; baseline -0.002 -5"><span class='ocrx_word' id='word_1_128' title='bbox 313 1027 468 1058; x_wconf 83' lang='lat' dir='ltr'>similibus</span> <span class='ocrx_word' id='word_1_129' title='bbox 492 1027 729 1058; x_wconf 88' lang='lat' dir='ltr'>conditionibus</span> <span class='ocrx_word' id='word_1_130' title='bbox 753 1027 900 1059; x_wconf 86' lang='lat' dir='ltr'>scientiae</span> <span class='ocrx_word' id='word_1_131' title='bbox 924 1034 955 1058; x_wconf 90' lang='lat' dir='ltr'>et</span> <span class='ocrx_word' id='word_1_132' title='bbox 976 1027 1149 1058; x_wconf 89' lang='lat' dir='ltr'>voluntatis</span> <span class='ocrx_word' id='word_1_133' title='bbox 1173 1026 1311 1063; x_wconf 87' lang='lat' dir='ltr'>divinae,</span> <span class='ocrx_word' id='word_1_134' title='bbox 1336 1036 1384 1057; x_wconf 85' lang='lat' dir='ltr'>re-</span> 
     </span>
     <span class='ocr_line' id='line_1_25' title="bbox 313 1071 712 1112; baseline 0 -10"><span class='ocrx_word' id='word_1_135' title='bbox 313 1079 423 1112; x_wconf 88' lang='lat' dir='ltr'>spectu</span> <span class='ocrx_word' id='word_1_136' title='bbox 449 1071 712 1111; x_wconf 87' lang='lat' dir='ltr'>contingentium.</span> 
     </span>
    </p>

    <p class='ocr_par' dir='ltr' id='par_1_10' title="bbox 310 1113 1384 1556">
     <span class='ocr_line' id='line_1_26' title="bbox 371 1113 1383 1157; baseline -0.001 -11"><span class='ocrx_word' id='word_1_137' title='bbox 371 1116 422 1146; x_wconf 95' lang='grc' dir='ltr'><strong>ΙΙΙ.</strong></span> <span class='ocrx_word' id='word_1_138' title='bbox 448 1116 585 1146; x_wconf 86' lang='lat' dir='ltr'>Adverte</span> <span class='ocrx_word' id='word_1_139' title='bbox 608 1116 668 1152; x_wconf 90' lang='lat' dir='ltr'>hic,</span> <span class='ocrx_word' id='word_1_140' title='bbox 694 1116 783 1157; x_wconf 91' lang='lat' dir='ltr'>quod</span> <span class='ocrx_word' id='word_1_141' title='bbox 807 1115 973 1146; x_wconf 89' lang='lat' dir='ltr'>manifeste</span> <span class='ocrx_word' id='word_1_142' title='bbox 995 1115 1097 1146; x_wconf 90' lang='lat' dir='ltr'>littera</span> <span class='ocrx_word' id='word_1_143' title='bbox 1121 1115 1277 1156; x_wconf 87' lang='lat' dir='ltr'>adaequat</span> <span class='ocrx_word' id='word_1_144' title='bbox 1296 1113 1383 1145; x_wconf 89' lang='lat' dir='ltr'>certi-</span> 
     </span>
     <span class='ocr_line' id='line_1_27' title="bbox 312 1159 1383 1200; baseline -0.001 -10"><span class='ocrx_word' id='word_1_145' title='bbox 312 1160 456 1190; x_wconf 89' lang='lat' dir='ltr'>tudinem</span> <span class='ocrx_word' id='word_1_146' title='bbox 479 1160 696 1200; x_wconf 87' lang='lat' dir='ltr'>providentiae</span> <span class='ocrx_word' id='word_1_147' title='bbox 720 1159 898 1191; x_wconf 89' lang='lat' dir='ltr'>certitudini</span> <span class='ocrx_word' id='word_1_148' title='bbox 922 1159 1229 1200; x_wconf 85' lang='lat' dir='ltr'>praedestinationis;</span> <span class='ocrx_word' id='word_1_149' title='bbox 1254 1159 1322 1189; x_wconf 89' lang='lat' dir='ltr'>imo</span> <span class='ocrx_word' id='word_1_150' title='bbox 1347 1169 1383 1190; x_wconf 88' lang='lat' dir='ltr'>ex</span> 
     </span>
     <span class='ocr_line' id='line_1_28' title="bbox 311 1203 1383 1245; baseline 0 -11"><span class='ocrx_word' id='word_1_151' title='bbox 311 1204 497 1235; x_wconf 89' lang='lat' dir='ltr'>certitudine</span> <span class='ocrx_word' id='word_1_152' title='bbox 521 1204 640 1235; x_wconf 90' lang='lat' dir='ltr'>ordinis</span> <span class='ocrx_word' id='word_1_153' title='bbox 664 1204 765 1241; x_wconf 89' lang='lat' dir='ltr'>illius,</span> <span class='ocrx_word' id='word_1_154' title='bbox 790 1204 904 1245; x_wconf 90' lang='lat' dir='ltr'>probat</span> <span class='ocrx_word' id='word_1_155' title='bbox 928 1215 946 1234; x_wconf 91' lang='lat' dir='ltr'>a</span> <span class='ocrx_word' id='word_1_156' title='bbox 969 1204 1067 1244; x_wconf 89' lang='lat' dir='ltr'>priori</span> <span class='ocrx_word' id='word_1_157' title='bbox 1091 1210 1213 1235; x_wconf 89' lang='lat' dir='ltr'>certum</span> <span class='ocrx_word' id='word_1_158' title='bbox 1237 1203 1383 1234; x_wconf 90' lang='lat' dir='ltr'>ordinem</span> 
     </span>
     <span class='ocr_line' id='line_1_29' title="bbox 310 1248 1383 1289; baseline -0.001 -10"><span class='ocrx_word' id='word_1_159' title='bbox 310 1248 420 1285; x_wconf 89' lang='lat' dir='ltr'>istius;</span> <span class='ocrx_word' id='word_1_160' title='bbox 445 1248 488 1279; x_wconf 88' lang='lat' dir='ltr'>ita</span> <span class='ocrx_word' id='word_1_161' title='bbox 515 1249 623 1289; x_wconf 91' lang='lat' dir='ltr'>quod,</span> <span class='ocrx_word' id='word_1_162' title='bbox 655 1249 736 1279; x_wconf 87' lang='lat' dir='ltr'>sicut</span> <span class='ocrx_word' id='word_1_163' title='bbox 767 1258 863 1280; x_wconf 90' lang='lat' dir='ltr'>omne</span> <span class='ocrx_word' id='word_1_164' title='bbox 893 1248 1182 1289; x_wconf 88' lang='lat' dir='ltr'>praedestinatum,</span> <span class='ocrx_word' id='word_1_165' title='bbox 1214 1248 1257 1279; x_wconf 90' lang='lat' dir='ltr'>ita</span> <span class='ocrx_word' id='word_1_166' title='bbox 1285 1258 1383 1279; x_wconf 92' lang='lat' dir='ltr'>omne</span> 
     </span>
     <span class='ocr_line' id='line_1_30' title="bbox 311 1292 1383 1333; baseline 0 -10"><span class='ocrx_word' id='word_1_167' title='bbox 311 1292 476 1333; x_wconf 89' lang='lat' dir='ltr'>provisum</span> <span class='ocrx_word' id='word_1_168' title='bbox 499 1292 703 1324; x_wconf 87' lang='lat' dir='ltr'>infallibiliter</span> <span class='ocrx_word' id='word_1_169' title='bbox 732 1293 844 1324; x_wconf 90' lang='lat' dir='ltr'>evenit.</span> <span class='ocrx_word' id='word_1_170' title='bbox 870 1293 974 1324; x_wconf 92' lang='lat' dir='ltr'>Verba</span> <span class='ocrx_word' id='word_1_171' title='bbox 1002 1299 1110 1324; x_wconf 87' lang='lat' dir='ltr'>autem</span> <span class='ocrx_word' id='word_1_172' title='bbox 1133 1304 1157 1324; x_wconf 90' lang='lat' dir='ltr'>s.</span> <span class='ocrx_word' id='word_1_173' title='bbox 1178 1293 1326 1323; x_wconf 91' lang='lat' dir='ltr'>Thomae</span> <span class='ocrx_word' id='word_1_174' title='bbox 1350 1293 1383 1323; x_wconf 91' lang='lat' dir='ltr'>in</span> 
     </span>
     <span class='ocr_line' id='line_1_31' title="bbox 311 1336 1384 1378; baseline -0.001 -10"><span class='ocrx_word' id='word_1_175' title='bbox 311 1337 374 1374; x_wconf 88' lang='lat' dir='ltr'>Qu.</span> <span class='ocrx_word' id='word_1_176' title='bbox 394 1338 434 1368; x_wconf 84' lang='lat' dir='ltr'>de</span> <span class='ocrx_word' id='word_1_177' title='bbox 456 1337 605 1375; x_wconf 86' lang='lat' dir='ltr'>Veritate,</span> <span class='ocrx_word' id='word_1_178' title='bbox 622 1347 677 1378; x_wconf 92' lang='lat' dir='ltr'>qu.</span> <span class='ocrx_word' id='word_1_179' title='bbox 694 1348 735 1374; x_wconf 78' lang='lat' dir='ltr'>w,</span> <span class='ocrx_word' id='word_1_180' title='bbox 753 1344 808 1368; x_wconf 91' lang='lat' dir='ltr'>art.</span> <span class='ocrx_word' id='word_1_181' title='bbox 830 1338 857 1373; x_wconf 87' lang='lat'>3,</span> <span class='ocrx_word' id='word_1_182' title='bbox 876 1347 951 1368; x_wconf 90' lang='lat' dir='ltr'>cum</span> <span class='ocrx_word' id='word_1_183' title='bbox 967 1337 1099 1378; x_wconf 91' lang='lat' dir='ltr'>ponitur</span> <span class='ocrx_word' id='word_1_184' title='bbox 1113 1336 1286 1368; x_wconf 84' lang='lat' dir='ltr'>differentia</span> <span class='ocrx_word' id='word_1_185' title='bbox 1302 1337 1384 1368; x_wconf 91' lang='lat' dir='ltr'>inter</span> 
     </span>
     <span class='ocr_line' id='line_1_32' title="bbox 310 1381 1383 1423; baseline 0 -11"><span class='ocrx_word' id='word_1_186' title='bbox 310 1381 630 1421; x_wconf 84' lang='lat' dir='ltr'>praedestinationem</span> <span class='ocrx_word' id='word_1_187' title='bbox 645 1388 676 1413; x_wconf 91' lang='lat' dir='ltr'>et</span> <span class='ocrx_word' id='word_1_188' title='bbox 691 1381 925 1422; x_wconf 88' lang='lat' dir='ltr'>providentiam</span> <span class='ocrx_word' id='word_1_189' title='bbox 941 1381 973 1412; x_wconf 89' lang='lat' dir='ltr'>in</span> <span class='ocrx_word' id='word_1_190' title='bbox 990 1382 1061 1418; x_wconf 92' lang='lat' dir='ltr'>hoc,</span> <span class='ocrx_word' id='word_1_191' title='bbox 1079 1382 1168 1423; x_wconf 90' lang='lat' dir='ltr'>quod</span> <span class='ocrx_word' id='word_1_192' title='bbox 1184 1381 1383 1422; x_wconf 87' lang='lat' dir='ltr'>providentia</span> 
     </span>
     <span class='ocr_line' id='line_1_33' title="bbox 310 1425 1382 1466; baseline 0 -10"><span class='ocrx_word' id='word_1_193' title='bbox 310 1435 376 1456; x_wconf 90' lang='lat' dir='ltr'>non</span> <span class='ocrx_word' id='word_1_194' title='bbox 400 1433 447 1457; x_wconf 89' lang='lat' dir='ltr'>est</span> <span class='ocrx_word' id='word_1_195' title='bbox 470 1433 552 1457; x_wconf 87' lang='lat' dir='ltr'>certa</span> <span class='ocrx_word' id='word_1_196' title='bbox 570 1433 714 1466; x_wconf 91' lang='lat' dir='ltr'>respectu</span> <span class='ocrx_word' id='word_1_197' title='bbox 739 1433 870 1457; x_wconf 89' lang='lat' dir='ltr'>eventus</span> <span class='ocrx_word' id='word_1_198' title='bbox 886 1425 958 1456; x_wconf 90' lang='lat' dir='ltr'>finis</span> <span class='ocrx_word' id='word_1_199' title='bbox 974 1426 1170 1466; x_wconf 88' lang='lat' dir='ltr'>particularis</span> <span class='ocrx_word' id='word_1_200' title='bbox 1194 1426 1227 1456; x_wconf 92' lang='lat' dir='ltr'>in</span> <span class='ocrx_word' id='word_1_201' title='bbox 1251 1426 1382 1457; x_wconf 87' lang='lat' dir='ltr'>materia</span> 
     </span>
     <span class='ocr_line' id='line_1_34' title="bbox 310 1470 1381 1511; baseline 0 -11"><span class='ocrx_word' id='word_1_202' title='bbox 310 1470 515 1511; x_wconf 87' lang='lat' dir='ltr'>contingenti,</span> <span class='ocrx_word' id='word_1_203' title='bbox 533 1470 777 1511; x_wconf 83' lang='lat' dir='ltr'>praedestinatio</span> <span class='ocrx_word' id='word_1_204' title='bbox 802 1477 910 1502; x_wconf 86' lang='lat' dir='ltr'>autem</span> <span class='ocrx_word' id='word_1_205' title='bbox 927 1477 974 1501; x_wconf 91' lang='lat' dir='ltr'>est</span> <span class='ocrx_word' id='word_1_206' title='bbox 989 1477 1081 1507; x_wconf 87' lang='lat' dir='ltr'>certa,</span> <span class='ocrx_word' id='word_1_207' title='bbox 1102 1480 1169 1501; x_wconf 89' lang='lat' dir='ltr'>non</span> <span class='ocrx_word' id='word_1_208' title='bbox 1189 1477 1263 1501; x_wconf 90' lang='lat' dir='ltr'>sunt</span> <span class='ocrx_word' id='word_1_209' title='bbox 1285 1470 1381 1501; x_wconf 90' lang='lat' dir='ltr'>inter-</span> 
     </span>
     <span class='ocr_line' id='line_1_35' title="bbox 310 1514 1380 1556; baseline 0 -11"><span class='ocrx_word' id='word_1_210' title='bbox 310 1515 461 1554; x_wconf 89' lang='lat' dir='ltr'>pretanda</span> <span class='ocrx_word' id='word_1_211' title='bbox 480 1522 516 1546; x_wconf 91' lang='lat' dir='ltr'>ut</span> <span class='ocrx_word' id='word_1_212' title='bbox 539 1522 662 1552; x_wconf 90' lang='lat' dir='ltr'>sonant,</span> <span class='ocrx_word' id='word_1_213' title='bbox 687 1522 723 1546; x_wconf 93' lang='lat' dir='ltr'>ut</span> <span class='ocrx_word' id='word_1_214' title='bbox 746 1526 783 1546; x_wconf 87' lang='lat' dir='ltr'>ex</span> <span class='ocrx_word' id='word_1_215' title='bbox 798 1515 857 1546; x_wconf 85' lang='lat' dir='ltr'>hac</span> <span class='ocrx_word' id='word_1_216' title='bbox 875 1515 978 1546; x_wconf 88' lang='lat' dir='ltr'>littera</span> <span class='ocrx_word' id='word_1_217' title='bbox 997 1521 1028 1546; x_wconf 92' lang='lat' dir='ltr'>et</span> <span class='ocrx_word' id='word_1_218' title='bbox 1051 1514 1237 1555; x_wconf 88' lang='lat' dir='ltr'>supradictis</span> <span class='ocrx_word' id='word_1_219' title='bbox 1253 1514 1270 1534; x_wconf 95' lang='lat'><em>*</em></span> <span class='ocrx_word' id='word_1_220' title='bbox 1285 1521 1380 1556; x_wconf 88' lang='lat' dir='ltr'>patet.</span> 
     </span>
    </p>

    <p class='ocr_par' dir='ltr' id='par_1_11' title="bbox 372 1557 387 1568">
     <span class='ocr_line' id='line_1_36' title="bbox 372 1557 387 1568; baseline 0 0"><span class='ocrx_word' id='word_1_221' title='bbox 372 1557 387 1568; x_wconf 54' lang='grc' dir='ltr'><strong>Ὁ</strong></span> 
     </span>
    </p>
   </div>
   <div class='ocr_carea' id='block_1_8' title="bbox 989 284 1854 332">
    <p class='ocr_par' dir='ltr' id='par_1_12' title="bbox 989 284 1854 332">
     <span class='ocr_line' id='line_1_37' title="bbox 989 284 1854 332; baseline 0.001 -11"><span class='ocrx_word' id='word_1_222' title='bbox 989 284 1257 331; x_wconf 89' lang='lat' dir='ltr'>QUAESTIO</span> <span class='ocrx_word' id='word_1_223' title='bbox 1287 285 1428 332; x_wconf 82' lang='lat' dir='ltr'>XXIII,</span> <span class='ocrx_word' id='word_1_224' title='bbox 1459 285 1757 322; x_wconf 90' lang='lat' dir='ltr'>ARTICULUS</span> <span class='ocrx_word' id='word_1_225' title='bbox 1786 285 1854 322; x_wconf 93' lang='lat' dir='ltr'>VII</span> 
     </span>
    </p>
   </div>
   <div class='ocr_carea' id='block_1_9' title="bbox 1435 364 2516 1556">
    <p class='ocr_par' dir='ltr' id='par_1_13' title="bbox 1439 364 2516 982">
     <span class='ocr_line' id='line_1_38' title="bbox 1442 364 2516 406; baseline 0.003 -12"><span class='ocrx_word' id='word_1_226' title='bbox 1442 365 1516 395; x_wconf 92' lang='lat' dir='ltr'>Non</span> <span class='ocrx_word' id='word_1_227' title='bbox 1537 364 1622 394; x_wconf 90' lang='lat' dir='ltr'>enim</span> <span class='ocrx_word' id='word_1_228' title='bbox 1638 364 1773 396; x_wconf 91' lang='lat' dir='ltr'>intendit</span> <span class='ocrx_word' id='word_1_229' title='bbox 1787 365 1875 406; x_wconf 92' lang='lat' dir='ltr'>quod</span> <span class='ocrx_word' id='word_1_230' title='bbox 1893 365 2110 405; x_wconf 89' lang='lat' dir='ltr'>providentiae</span> <span class='ocrx_word' id='word_1_231' title='bbox 2129 365 2254 397; x_wconf 87' lang='lat' dir='ltr'>divinae</span> <span class='ocrx_word' id='word_1_232' title='bbox 2269 375 2335 397; x_wconf 91' lang='lat' dir='ltr'>non</span> <span class='ocrx_word' id='word_1_233' title='bbox 2353 365 2516 397; x_wconf 80' lang='lat' dir='ltr'>subiacent</span> 
     </span>
     <span class='ocr_line' id='line_1_39' title="bbox 1442 409 2512 451; baseline 0.002 -12"><span class='ocrx_word' id='word_1_234' title='bbox 1442 409 1519 439; x_wconf 88' lang='lat' dir='ltr'>tales</span> <span class='ocrx_word' id='word_1_235' title='bbox 1543 415 1683 445; x_wconf 90' lang='lat' dir='ltr'>eventus,</span> <span class='ocrx_word' id='word_1_236' title='bbox 1700 419 1757 440; x_wconf 92' lang='lat' dir='ltr'>nec</span> <span class='ocrx_word' id='word_1_237' title='bbox 1774 410 1863 450; x_wconf 92' lang='lat' dir='ltr'>quod</span> <span class='ocrx_word' id='word_1_238' title='bbox 1887 410 2074 450; x_wconf 90' lang='lat' dir='ltr'>oppositum</span> <span class='ocrx_word' id='word_1_239' title='bbox 2091 410 2215 441; x_wconf 91' lang='lat' dir='ltr'>eveniat</span> <span class='ocrx_word' id='word_1_240' title='bbox 2229 410 2348 451; x_wconf 86' lang='lat' dir='ltr'>provisi</span> <span class='ocrx_word' id='word_1_241' title='bbox 2364 417 2512 441; x_wconf 85' lang='lat' dir='ltr'>eventus:</span> 
     </span>
     <span class='ocr_line' id='line_1_40' title="bbox 1442 451 2514 495; baseline 0.003 -12"><span class='ocrx_word' id='word_1_242' title='bbox 1442 453 1495 483; x_wconf 89' lang='lat' dir='ltr'>sed</span> <span class='ocrx_word' id='word_1_243' title='bbox 1515 453 1605 494; x_wconf 92' lang='lat' dir='ltr'>quod</span> <span class='ocrx_word' id='word_1_244' title='bbox 1621 453 1714 484; x_wconf 89' lang='lat' dir='ltr'>multi</span> <span class='ocrx_word' id='word_1_245' title='bbox 1731 454 1856 484; x_wconf 89' lang='lat' dir='ltr'>ordines</span> <span class='ocrx_word' id='word_1_246' title='bbox 1876 454 2062 484; x_wconf 90' lang='lat' dir='ltr'>huiusmodi</span> <span class='ocrx_word' id='word_1_247' title='bbox 2078 464 2245 485; x_wconf 89' lang='lat' dir='ltr'>causarum</span> <span class='ocrx_word' id='word_1_248' title='bbox 2260 451 2514 495; x_wconf 85' lang='lat' dir='ltr'>contingentium</span> 
     </span>
     <span class='ocr_line' id='line_1_41' title="bbox 1442 497 2513 539; baseline 0.003 -12"><span class='ocrx_word' id='word_1_249' title='bbox 1442 498 1480 528; x_wconf 87' lang='lat' dir='ltr'>ad</span> <span class='ocrx_word' id='word_1_250' title='bbox 1505 497 1609 538; x_wconf 83' lang='lat' dir='ltr'>aliqua</span> <span class='ocrx_word' id='word_1_251' title='bbox 1634 497 1749 534; x_wconf 87' lang='lat' dir='ltr'>futura,</span> <span class='ocrx_word' id='word_1_252' title='bbox 1775 499 1834 529; x_wconf 92' lang='lat' dir='ltr'>sub</span> <span class='ocrx_word' id='word_1_253' title='bbox 1859 498 1965 528; x_wconf 91' lang='lat' dir='ltr'>divina</span> <span class='ocrx_word' id='word_1_254' title='bbox 1987 498 2187 539; x_wconf 88' lang='lat' dir='ltr'>providentia</span> <span class='ocrx_word' id='word_1_255' title='bbox 2210 499 2336 535; x_wconf 88' lang='lat' dir='ltr'>cadunt,</span> <span class='ocrx_word' id='word_1_256' title='bbox 2361 505 2391 530; x_wconf 89' lang='lat' dir='ltr'>et</span> <span class='ocrx_word' id='word_1_257' title='bbox 2406 505 2513 530; x_wconf 85' lang='lat' dir='ltr'>tamen</span> 
     </span>
     <span class='ocr_line' id='line_1_42' title="bbox 1440 541 2514 584; baseline 0.002 -12"><span class='ocrx_word' id='word_1_258' title='bbox 1440 542 1494 572; x_wconf 85' lang='lat' dir='ltr'>illa</span> <span class='ocrx_word' id='word_1_259' title='bbox 1509 541 1615 573; x_wconf 89' lang='lat' dir='ltr'>futura</span> <span class='ocrx_word' id='word_1_260' title='bbox 1631 552 1799 584; x_wconf 91' lang='lat' dir='ltr'>nunquam</span> <span class='ocrx_word' id='word_1_261' title='bbox 1815 549 1921 579; x_wconf 87' lang='lat' dir='ltr'>erunt;</span> <span class='ocrx_word' id='word_1_262' title='bbox 1946 549 1983 573; x_wconf 93' lang='lat' dir='ltr'>ut</span> <span class='ocrx_word' id='word_1_263' title='bbox 1997 549 2084 583; x_wconf 85' lang='lat' dir='ltr'>patet</span> <span class='ocrx_word' id='word_1_264' title='bbox 2107 543 2146 573; x_wconf 91' lang='lat' dir='ltr'>de</span> <span class='ocrx_word' id='word_1_265' title='bbox 2169 543 2278 574; x_wconf 91' lang='lat' dir='ltr'>multis</span> <span class='ocrx_word' id='word_1_266' title='bbox 2302 543 2514 583; x_wconf 82' lang='lat' dir='ltr'>praeparatio-</span> 
     </span>
     <span class='ocr_line' id='line_1_43' title="bbox 1440 586 2513 628; baseline 0.001 -12"><span class='ocrx_word' id='word_1_267' title='bbox 1440 586 1534 616; x_wconf 92' lang='lat' dir='ltr'>nibus</span> <span class='ocrx_word' id='word_1_268' title='bbox 1564 586 1751 617; x_wconf 85' lang='lat' dir='ltr'>huiusmodi</span> <span class='ocrx_word' id='word_1_269' title='bbox 1780 597 1966 623; x_wconf 84' lang='lat' dir='ltr'>causarum,</span> <span class='ocrx_word' id='word_1_270' title='bbox 1998 587 2115 628; x_wconf 92' lang='lat' dir='ltr'>quibus</span> <span class='ocrx_word' id='word_1_271' title='bbox 2141 593 2249 618; x_wconf 89' lang='lat' dir='ltr'>tamen</span> <span class='ocrx_word' id='word_1_272' title='bbox 2273 597 2339 617; x_wconf 93' lang='lat' dir='ltr'>non</span> <span class='ocrx_word' id='word_1_273' title='bbox 2363 587 2513 618; x_wconf 87' lang='lat' dir='ltr'>eveniunt</span> 
     </span>
     <span class='ocr_line' id='line_1_44' title="bbox 1439 630 2513 671; baseline 0.001 -11"><span class='ocrx_word' id='word_1_274' title='bbox 1439 630 1569 661; x_wconf 85' lang='lat' dir='ltr'>intenta.</span> <span class='ocrx_word' id='word_1_275' title='bbox 1595 631 1660 661; x_wconf 90' lang='lat' dir='ltr'>Sub</span> <span class='ocrx_word' id='word_1_276' title='bbox 1677 631 1963 671; x_wconf 87' lang='lat' dir='ltr'>praedestinatione</span> <span class='ocrx_word' id='word_1_277' title='bbox 1987 638 2094 662; x_wconf 90' lang='lat' dir='ltr'>autem</span> <span class='ocrx_word' id='word_1_278' title='bbox 2117 631 2225 662; x_wconf 89' lang='lat' dir='ltr'>nullus</span> <span class='ocrx_word' id='word_1_279' title='bbox 2245 631 2327 662; x_wconf 89' lang='lat' dir='ltr'>cadit</span> <span class='ocrx_word' id='word_1_280' title='bbox 2346 631 2426 661; x_wconf 92' lang='lat' dir='ltr'>ordo</span> <span class='ocrx_word' id='word_1_281' title='bbox 2442 641 2513 671; x_wconf 88' lang='lat' dir='ltr'>par-</span> 
     </span>
     <span class='ocr_line' id='line_1_45' title="bbox 1439 674 2512 716; baseline 0.001 -11"><span class='ocrx_word' id='word_1_282' title='bbox 1439 674 1578 705; x_wconf 88' lang='lat' dir='ltr'>ticularis</span> <span class='ocrx_word' id='word_1_283' title='bbox 1594 675 1728 706; x_wconf 89' lang='lat' dir='ltr'>alicuius</span> <span class='ocrx_word' id='word_1_284' title='bbox 1745 675 1784 705; x_wconf 89' lang='lat' dir='ltr'>ad</span> <span class='ocrx_word' id='word_1_285' title='bbox 1800 676 1932 716; x_wconf 90' lang='lat' dir='ltr'>aliquod</span> <span class='ocrx_word' id='word_1_286' title='bbox 1948 675 2102 712; x_wconf 87' lang='lat' dir='ltr'>futurum,</span> <span class='ocrx_word' id='word_1_287' title='bbox 2119 675 2197 716; x_wconf 90' lang='lat' dir='ltr'>quin</span> <span class='ocrx_word' id='word_1_288' title='bbox 2214 675 2310 706; x_wconf 86' lang='lat' dir='ltr'>etiam</span> <span class='ocrx_word' id='word_1_289' title='bbox 2324 676 2383 706; x_wconf 91' lang='lat' dir='ltr'>sub</span> <span class='ocrx_word' id='word_1_290' title='bbox 2400 675 2512 706; x_wconf 83' lang='lat' dir='ltr'>eadem</span> 
     </span>
     <span class='ocr_line' id='line_1_46' title="bbox 1440 718 2511 750; baseline 0.002 -2"><span class='ocrx_word' id='word_1_291' title='bbox 1440 718 1530 749; x_wconf 82' lang='lat' dir='ltr'>cadat</span> <span class='ocrx_word' id='word_1_292' title='bbox 1554 726 1685 750; x_wconf 89' lang='lat' dir='ltr'>eventus</span> <span class='ocrx_word' id='word_1_293' title='bbox 1709 719 1792 750; x_wconf 90' lang='lat' dir='ltr'>illius</span> <span class='ocrx_word' id='word_1_294' title='bbox 1816 719 1924 750; x_wconf 90' lang='lat' dir='ltr'>futuri.</span> <span class='ocrx_word' id='word_1_295' title='bbox 1951 720 1993 750; x_wconf 91' lang='lat' dir='ltr'>Et</span> <span class='ocrx_word' id='word_1_296' title='bbox 2016 720 2155 750; x_wconf 90' lang='lat' dir='ltr'>nascitur</span> <span class='ocrx_word' id='word_1_297' title='bbox 2177 720 2254 750; x_wconf 90' lang='lat' dir='ltr'>haec</span> <span class='ocrx_word' id='word_1_298' title='bbox 2279 719 2451 750; x_wconf 88' lang='lat' dir='ltr'>differentia</span> <span class='ocrx_word' id='word_1_299' title='bbox 2474 730 2511 750; x_wconf 83' lang='lat' dir='ltr'>ex</span> 
     </span>
     <span class='ocr_line' id='line_1_47' title="bbox 1439 762 2512 805; baseline 0.002 -13"><span class='ocrx_word' id='word_1_300' title='bbox 1439 762 1650 802; x_wconf 86' lang='lat' dir='ltr'>amplitudine</span> <span class='ocrx_word' id='word_1_301' title='bbox 1681 764 1818 794; x_wconf 84' lang='lat' dir='ltr'>ambitus</span> <span class='ocrx_word' id='word_1_302' title='bbox 1849 764 2083 804; x_wconf 84' lang='lat' dir='ltr'>providentiae,</span> <span class='ocrx_word' id='word_1_303' title='bbox 2108 765 2183 805; x_wconf 93' lang='lat' dir='ltr'>quia</span> <span class='ocrx_word' id='word_1_304' title='bbox 2214 764 2332 795; x_wconf 91' lang='lat' dir='ltr'>scilicet</span> <span class='ocrx_word' id='word_1_305' title='bbox 2360 764 2419 794; x_wconf 91' lang='lat' dir='ltr'>sub</span> <span class='ocrx_word' id='word_1_306' title='bbox 2442 763 2512 804; x_wconf 88' lang='lat' dir='ltr'>ipsa</span> 
     </span>
     <span class='ocr_line' id='line_1_48' title="bbox 1439 807 2509 844; baseline 0.002 -8"><span class='ocrx_word' id='word_1_307' title='bbox 1439 807 1546 837; x_wconf 89' lang='lat' dir='ltr'>omnis</span> <span class='ocrx_word' id='word_1_308' title='bbox 1570 807 1650 837; x_wconf 94' lang='lat' dir='ltr'>ordo</span> <span class='ocrx_word' id='word_1_309' title='bbox 1675 807 1846 844; x_wconf 81' lang='lat' dir='ltr'>clauditur,</span> <span class='ocrx_word' id='word_1_310' title='bbox 1871 808 1936 839; x_wconf 86' lang='lat' dir='ltr'>sive</span> <span class='ocrx_word' id='word_1_311' title='bbox 1961 819 2036 839; x_wconf 89' lang='lat' dir='ltr'>cum</span> <span class='ocrx_word' id='word_1_312' title='bbox 2058 815 2173 839; x_wconf 89' lang='lat' dir='ltr'>eventu</span> <span class='ocrx_word' id='word_1_313' title='bbox 2198 808 2313 844; x_wconf 85' lang='lat' dir='ltr'>futuri,</span> <span class='ocrx_word' id='word_1_314' title='bbox 2338 807 2402 838; x_wconf 92' lang='lat' dir='ltr'>sive</span> <span class='ocrx_word' id='word_1_315' title='bbox 2427 817 2509 844; x_wconf 89' lang='lat' dir='ltr'>non;</span> 
     </span>
     <span class='ocr_line' id='line_1_49' title="bbox 1439 851 2510 890; baseline 0.002 -10"><span class='ocrx_word' id='word_1_316' title='bbox 1439 851 1498 880; x_wconf 93' lang='lat' dir='ltr'>sub</span> <span class='ocrx_word' id='word_1_317' title='bbox 1519 851 1803 890; x_wconf 87' lang='lat' dir='ltr'>praedestinatione</span> <span class='ocrx_word' id='word_1_318' title='bbox 1820 858 1927 883; x_wconf 90' lang='lat' dir='ltr'>autem</span> <span class='ocrx_word' id='word_1_319' title='bbox 1951 852 2011 883; x_wconf 89' lang='lat' dir='ltr'>soli</span> <span class='ocrx_word' id='word_1_320' title='bbox 2035 853 2161 883; x_wconf 89' lang='lat' dir='ltr'>ordines</span> <span class='ocrx_word' id='word_1_321' title='bbox 2185 853 2336 883; x_wconf 86' lang='lat' dir='ltr'>habentes</span> <span class='ocrx_word' id='word_1_322' title='bbox 2360 859 2510 883; x_wconf 88' lang='lat' dir='ltr'>eventum</span> 
     </span>
     <span class='ocr_line' id='line_1_50' title="bbox 1439 894 2509 937; baseline 0.002 -13"><span class='ocrx_word' id='word_1_323' title='bbox 1439 895 1478 924; x_wconf 88' lang='lat' dir='ltr'>ad</span> <span class='ocrx_word' id='word_1_324' title='bbox 1492 894 1657 925; x_wconf 75' lang='lat' dir='ltr'>intentum</span> <span class='ocrx_word' id='word_1_325' title='bbox 1679 894 1777 925; x_wconf 87' lang='lat' dir='ltr'>finem</span> <span class='ocrx_word' id='word_1_326' title='bbox 1797 895 1892 926; x_wconf 83' lang='lat' dir='ltr'>etiam</span> <span class='ocrx_word' id='word_1_327' title='bbox 1914 896 1948 926; x_wconf 89' lang='lat' dir='ltr'>in</span> <span class='ocrx_word' id='word_1_328' title='bbox 1971 897 2163 937; x_wconf 59' lang='lat' dir='ltr'>particulam</span> <span class='ocrx_word' id='word_1_329' title='bbox 2188 897 2295 927; x_wconf 92' lang='lat' dir='ltr'>nullus</span> <span class='ocrx_word' id='word_1_330' title='bbox 2320 896 2406 927; x_wconf 89' lang='lat' dir='ltr'>enim</span> <span class='ocrx_word' id='word_1_331' title='bbox 2429 896 2509 926; x_wconf 91' lang='lat' dir='ltr'>ordo</span> 
     </span>
     <span class='ocr_line' id='line_1_51' title="bbox 1439 937 2367 982; baseline 0.004 -14"><span class='ocrx_word' id='word_1_332' title='bbox 1439 937 1586 969; x_wconf 89' lang='lat' dir='ltr'>deficiens</span> <span class='ocrx_word' id='word_1_333' title='bbox 1611 949 1629 969; x_wconf 89' lang='lat' dir='ltr'>a</span> <span class='ocrx_word' id='word_1_334' title='bbox 1652 939 1783 979; x_wconf 89' lang='lat' dir='ltr'>proprio</span> <span class='ocrx_word' id='word_1_335' title='bbox 1806 939 1938 976; x_wconf 84' lang='lat' dir='ltr'>intento,</span> <span class='ocrx_word' id='word_1_336' title='bbox 1963 947 2000 971; x_wconf 91' lang='lat' dir='ltr'>ut</span> <span class='ocrx_word' id='word_1_337' title='bbox 2022 940 2076 978; x_wconf 89' lang='lat' dir='ltr'>sic,</span> <span class='ocrx_word' id='word_1_338' title='bbox 2101 942 2159 972; x_wconf 90' lang='lat' dir='ltr'>sub</span> <span class='ocrx_word' id='word_1_339' title='bbox 2182 941 2252 982; x_wconf 87' lang='lat' dir='ltr'>ipsa</span> <span class='ocrx_word' id='word_1_340' title='bbox 2275 941 2367 972; x_wconf 88' lang='lat' dir='ltr'>cadit.</span> 
     </span>
    </p>

    <p class='ocr_par' dir='ltr' id='par_1_14' title="bbox 1435 983 2510 1422">
     <span class='ocr_line' id='line_1_52' title="bbox 1493 983 2510 1022; baseline 0.001 -8"><span class='ocrx_word' id='word_1_341' title='bbox 1493 983 1545 1014; x_wconf 87' lang='lat' dir='ltr'>IV.</span> <span class='ocrx_word' id='word_1_342' title='bbox 1559 983 1777 1014; x_wconf 86' lang='lat' dir='ltr'>Veruntamen</span> <span class='ocrx_word' id='word_1_343' title='bbox 1791 993 1858 1014; x_wconf 88' lang='lat' dir='ltr'>non</span> <span class='ocrx_word' id='word_1_344' title='bbox 1874 991 1949 1015; x_wconf 90' lang='lat' dir='ltr'>sunt</span> <span class='ocrx_word' id='word_1_345' title='bbox 1964 985 2168 1022; x_wconf 87' lang='lat' dir='ltr'>extendenda,</span> <span class='ocrx_word' id='word_1_346' title='bbox 2182 995 2240 1016; x_wconf 88' lang='lat' dir='ltr'>nec</span> <span class='ocrx_word' id='word_1_347' title='bbox 2255 985 2402 1016; x_wconf 83' lang='lat' dir='ltr'>usitanda</span> <span class='ocrx_word' id='word_1_348' title='bbox 2414 984 2510 1015; x_wconf 87' lang='lat' dir='ltr'>verba</span> 
     </span>
     <span class='ocr_line' id='line_1_53' title="bbox 1437 1026 2510 1069; baseline 0.002 -12"><span class='ocrx_word' id='word_1_349' title='bbox 1437 1026 1508 1057; x_wconf 90' lang='lat' dir='ltr'>illa:</span> <span class='ocrx_word' id='word_1_350' title='bbox 1534 1026 1690 1068; x_wconf 87' lang='lat' dir='ltr'>quoniam</span> <span class='ocrx_word' id='word_1_351' title='bbox 1718 1027 1798 1058; x_wconf 93' lang='lat' dir='ltr'>ordo</span> <span class='ocrx_word' id='word_1_352' title='bbox 1829 1027 1976 1058; x_wconf 87' lang='lat' dir='ltr'>deficiens</span> <span class='ocrx_word' id='word_1_353' title='bbox 2007 1038 2025 1058; x_wconf 91' lang='lat' dir='ltr'>a</span> <span class='ocrx_word' id='word_1_354' title='bbox 2047 1029 2178 1069; x_wconf 91' lang='lat' dir='ltr'>proprio</span> <span class='ocrx_word' id='word_1_355' title='bbox 2207 1036 2341 1066; x_wconf 82' lang='lat' dir='ltr'>eventu,</span> <span class='ocrx_word' id='word_1_356' title='bbox 2372 1039 2439 1059; x_wconf 88' lang='lat' dir='ltr'>non</span> <span class='ocrx_word' id='word_1_357' title='bbox 2463 1035 2510 1060; x_wconf 85' lang='lat' dir='ltr'>est</span> 
     </span>
     <span class='ocr_line' id='line_1_54' title="bbox 1437 1070 2507 1114; baseline 0.002 -12"><span class='ocrx_word' id='word_1_358' title='bbox 1437 1070 1585 1112; x_wconf 89' lang='lat' dir='ltr'>provisus</span> <span class='ocrx_word' id='word_1_359' title='bbox 1602 1081 1620 1101; x_wconf 90' lang='lat' dir='ltr'>a</span> <span class='ocrx_word' id='word_1_360' title='bbox 1636 1071 1706 1102; x_wconf 89' lang='lat' dir='ltr'>Deo</span> <span class='ocrx_word' id='word_1_361' title='bbox 1726 1072 1834 1112; x_wconf 92' lang='lat' dir='ltr'>quoad</span> <span class='ocrx_word' id='word_1_362' title='bbox 1854 1078 2013 1109; x_wconf 88' lang='lat' dir='ltr'>eventum,</span> <span class='ocrx_word' id='word_1_363' title='bbox 2031 1072 2086 1103; x_wconf 88' lang='lat' dir='ltr'>sed</span> <span class='ocrx_word' id='word_1_364' title='bbox 2105 1073 2214 1114; x_wconf 89' lang='lat' dir='ltr'>quoad</span> <span class='ocrx_word' id='word_1_365' title='bbox 2228 1073 2336 1114; x_wconf 87' lang='lat' dir='ltr'>ipsum</span> <span class='ocrx_word' id='word_1_366' title='bbox 2351 1073 2507 1109; x_wconf 85' lang='lat' dir='ltr'>ordinem,</span> 
     </span>
     <span class='ocr_line' id='line_1_55' title="bbox 1438 1115 2508 1157; baseline 0.001 -11"><span class='ocrx_word' id='word_1_367' title='bbox 1438 1122 1469 1146; x_wconf 90' lang='lat' dir='ltr'>et</span> <span class='ocrx_word' id='word_1_368' title='bbox 1492 1125 1557 1146; x_wconf 91' lang='lat' dir='ltr'>non</span> <span class='ocrx_word' id='word_1_369' title='bbox 1583 1122 1734 1146; x_wconf 90' lang='lat' dir='ltr'>eventum</span> <span class='ocrx_word' id='word_1_370' title='bbox 1757 1115 1941 1156; x_wconf 88' lang='lat' dir='ltr'>proprium;</span> <span class='ocrx_word' id='word_1_371' title='bbox 1967 1122 1998 1147; x_wconf 91' lang='lat' dir='ltr'>et</span> <span class='ocrx_word' id='word_1_372' title='bbox 2021 1123 2188 1157; x_wconf 83' lang='lat' dir='ltr'>propterea</span> <span class='ocrx_word' id='word_1_373' title='bbox 2210 1117 2291 1148; x_wconf 87' lang='lat' dir='ltr'>nihil</span> <span class='ocrx_word' id='word_1_374' title='bbox 2315 1117 2508 1149; x_wconf 85' lang='lat' dir='ltr'>certitudinis</span> 
     </span>
     <span class='ocr_line' id='line_1_56' title="bbox 1437 1159 2509 1202; baseline 0.002 -12"><span class='ocrx_word' id='word_1_375' title='bbox 1437 1159 1549 1191; x_wconf 91' lang='lat' dir='ltr'>adimit</span> <span class='ocrx_word' id='word_1_376' title='bbox 1567 1159 1784 1200; x_wconf 86' lang='lat' dir='ltr'>providentiae</span> <span class='ocrx_word' id='word_1_377' title='bbox 1806 1159 1994 1191; x_wconf 89' lang='lat' dir='ltr'>huiusmodi</span> <span class='ocrx_word' id='word_1_378' title='bbox 2016 1170 2083 1191; x_wconf 90' lang='lat' dir='ltr'>non</span> <span class='ocrx_word' id='word_1_379' title='bbox 2102 1167 2244 1192; x_wconf 87' lang='lat' dir='ltr'>eventus.</span> <span class='ocrx_word' id='word_1_380' title='bbox 2267 1161 2401 1202; x_wconf 87' lang='lat' dir='ltr'>Propter</span> <span class='ocrx_word' id='word_1_381' title='bbox 2418 1161 2509 1202; x_wconf 89' lang='lat' dir='ltr'>quod</span> 
     </span>
     <span class='ocr_line' id='line_1_57' title="bbox 1437 1204 2506 1246; baseline 0.001 -11"><span class='ocrx_word' id='word_1_382' title='bbox 1437 1204 1574 1235; x_wconf 89' lang='lat' dir='ltr'>diximus</span> <span class='ocrx_word' id='word_1_383' title='bbox 1583 1204 1609 1241; x_wconf 93' lang='lat'>*‚</span> <span class='ocrx_word' id='word_1_384' title='bbox 1627 1211 1659 1235; x_wconf 92' lang='lat' dir='ltr'>et</span> <span class='ocrx_word' id='word_1_385' title='bbox 1674 1204 1819 1241; x_wconf 87' lang='lat' dir='ltr'>dicimus,</span> <span class='ocrx_word' id='word_1_386' title='bbox 1834 1205 1924 1246; x_wconf 92' lang='lat' dir='ltr'>quod</span> <span class='ocrx_word' id='word_1_387' title='bbox 1939 1204 1972 1235; x_wconf 93' lang='lat' dir='ltr'>in</span> <span class='ocrx_word' id='word_1_388' title='bbox 1988 1204 2104 1236; x_wconf 84' lang='lat' dir='ltr'>melius</span> <span class='ocrx_word' id='word_1_389' title='bbox 2119 1205 2215 1236; x_wconf 85' lang='lat' dir='ltr'>verba</span> <span class='ocrx_word' id='word_1_390' title='bbox 2229 1205 2365 1236; x_wconf 84' lang='lat' dir='ltr'>mutavit</span> <span class='ocrx_word' id='word_1_391' title='bbox 2374 1207 2506 1242; x_wconf 86' lang='lat' dir='ltr'>Auctor,</span> 
     </span>
     <span class='ocr_line' id='line_1_58' title="bbox 1437 1248 2508 1289; baseline 0.002 -11"><span class='ocrx_word' id='word_1_392' title='bbox 1437 1248 1621 1289; x_wconf 90' lang='lat' dir='ltr'>simpliciter</span> <span class='ocrx_word' id='word_1_393' title='bbox 1644 1249 1683 1279; x_wconf 92' lang='lat' dir='ltr'>de</span> <span class='ocrx_word' id='word_1_394' title='bbox 1707 1249 1925 1289; x_wconf 84' lang='lat' dir='ltr'>providentiae</span> <span class='ocrx_word' id='word_1_395' title='bbox 1954 1248 2139 1280; x_wconf 90' lang='lat' dir='ltr'>certitudine</span> <span class='ocrx_word' id='word_1_396' title='bbox 2163 1256 2298 1280; x_wconf 88' lang='lat' dir='ltr'>tractans</span> <span class='ocrx_word' id='word_1_397' title='bbox 2321 1249 2386 1286; x_wconf 92' lang='lat' dir='ltr'>hic,</span> <span class='ocrx_word' id='word_1_398' title='bbox 2415 1249 2508 1280; x_wconf 78' lang='lat' dir='ltr'>adae-</span> 
     </span>
     <span class='ocr_line' id='line_1_59' title="bbox 1436 1293 2508 1335; baseline 0.001 -12"><span class='ocrx_word' id='word_1_399' title='bbox 1436 1293 1566 1334; x_wconf 87' lang='lat' dir='ltr'>quando</span> <span class='ocrx_word' id='word_1_400' title='bbox 1591 1303 1662 1323; x_wconf 88' lang='lat' dir='ltr'>eam</span> <span class='ocrx_word' id='word_1_401' title='bbox 1686 1293 1974 1334; x_wconf 88' lang='lat' dir='ltr'>praedestinationi.</span> <span class='ocrx_word' id='word_1_402' title='bbox 2003 1293 2069 1324; x_wconf 90' lang='lat' dir='ltr'>Nec</span> <span class='ocrx_word' id='word_1_403' title='bbox 2091 1293 2224 1324; x_wconf 90' lang='lat' dir='ltr'>illorum</span> <span class='ocrx_word' id='word_1_404' title='bbox 2247 1293 2402 1330; x_wconf 88' lang='lat' dir='ltr'>meminit,</span> <span class='ocrx_word' id='word_1_405' title='bbox 2427 1303 2508 1335; x_wconf 93' lang='lat' dir='ltr'>quo-</span> 
     </span>
     <span class='ocr_line' id='line_1_60' title="bbox 1435 1336 2507 1379; baseline 0.001 -12"><span class='ocrx_word' id='word_1_406' title='bbox 1435 1337 1523 1367; x_wconf 89' lang='lat' dir='ltr'>niam</span> <span class='ocrx_word' id='word_1_407' title='bbox 1546 1347 1632 1368; x_wconf 88' lang='lat' dir='ltr'>nunc</span> <span class='ocrx_word' id='word_1_408' title='bbox 1656 1337 1738 1368; x_wconf 91' lang='lat' dir='ltr'>dicta</span> <span class='ocrx_word' id='word_1_409' title='bbox 1752 1337 1804 1378; x_wconf 91' lang='lat' dir='ltr'>pia</span> <span class='ocrx_word' id='word_1_410' title='bbox 1824 1337 2091 1378; x_wconf 88' lang='lat' dir='ltr'>interpretatione,</span> <span class='ocrx_word' id='word_1_411' title='bbox 2113 1348 2150 1369; x_wconf 87' lang='lat' dir='ltr'>ex</span> <span class='ocrx_word' id='word_1_412' title='bbox 2165 1344 2252 1379; x_wconf 85' lang='lat' dir='ltr'>parte</span> <span class='ocrx_word' id='word_1_413' title='bbox 2276 1347 2393 1374; x_wconf 89' lang='lat' dir='ltr'>rerum,</span> <span class='ocrx_word' id='word_1_414' title='bbox 2414 1336 2507 1377; x_wconf 77' lang='lat' dir='ltr'>susti-</span> 
     </span>
     <span class='ocr_line' id='line_1_61' title="bbox 1436 1381 1873 1422; baseline 0 -10"><span class='ocrx_word' id='word_1_415' title='bbox 1436 1381 1503 1412; x_wconf 90' lang='lat' dir='ltr'>neri</span> <span class='ocrx_word' id='word_1_416' title='bbox 1528 1388 1704 1422; x_wconf 90' lang='lat' dir='ltr'>utcumque</span> <span class='ocrx_word' id='word_1_417' title='bbox 1728 1389 1873 1422; x_wconf 86' lang='lat' dir='ltr'>possunt.</span> 
     </span>
    </p>

    <p class='ocr_par' dir='ltr' id='par_1_15' title="bbox 1435 1425 2508 1556">
     <span class='ocr_line' id='line_1_62' title="bbox 1494 1425 2508 1467; baseline 0 -11"><span class='ocrx_word' id='word_1_418' title='bbox 1494 1425 1607 1457; x_wconf 89' lang='lat' dir='ltr'>Cetera</span> <span class='ocrx_word' id='word_1_419' title='bbox 1633 1432 1739 1456; x_wconf 85' lang='lat' dir='ltr'>autem</span> <span class='ocrx_word' id='word_1_420' title='bbox 1759 1436 1842 1467; x_wconf 85' lang='lat' dir='ltr'>quae</span> <span class='ocrx_word' id='word_1_421' title='bbox 1866 1426 1947 1457; x_wconf 82' lang='lat' dir='ltr'>circa</span> <span class='ocrx_word' id='word_1_422' title='bbox 1970 1426 2190 1458; x_wconf 88' lang='lat' dir='ltr'>certitudinem</span> <span class='ocrx_word' id='word_1_423' title='bbox 2213 1425 2508 1467; x_wconf 85' lang='lat' dir='ltr'>praedestinationis</span> 
     </span>
     <span class='ocr_line' id='line_1_63' title="bbox 1436 1470 2507 1512; baseline 0.002 -12"><span class='ocrx_word' id='word_1_424' title='bbox 1436 1470 1627 1511; x_wconf 88' lang='lat' dir='ltr'>disputanda</span> <span class='ocrx_word' id='word_1_425' title='bbox 1643 1477 1757 1506; x_wconf 85' lang='lat' dir='ltr'>essent,</span> <span class='ocrx_word' id='word_1_426' title='bbox 1770 1470 1834 1501; x_wconf 89' lang='lat' dir='ltr'>iam</span> <span class='ocrx_word' id='word_1_427' title='bbox 1847 1470 1987 1501; x_wconf 88' lang='lat' dir='ltr'>discussa</span> <span class='ocrx_word' id='word_1_428' title='bbox 2000 1470 2119 1502; x_wconf 90' lang='lat' dir='ltr'>suntin</span> <span class='ocrx_word' id='word_1_429' title='bbox 2131 1470 2329 1511; x_wconf 89' lang='lat' dir='ltr'>praecedenti</span> <span class='ocrx_word' id='word_1_430' title='bbox 2349 1470 2507 1512; x_wconf 77' lang='lat' dir='ltr'>quaestio-</span> 
     </span>
     <span class='ocr_line' id='line_1_64' title="bbox 1435 1514 2506 1556; baseline 0.003 -12"><span class='ocrx_word' id='word_1_431' title='bbox 1435 1524 1475 1545; x_wconf 89' lang='lat' dir='ltr'>ne</span> <span class='ocrx_word' id='word_1_432' title='bbox 1495 1515 1534 1545; x_wconf 90' lang='lat' dir='ltr'>de</span> <span class='ocrx_word' id='word_1_433' title='bbox 1552 1514 1765 1546; x_wconf 84' lang='lat' dir='ltr'>Providentia.</span> <span class='ocrx_word' id='word_1_434' title='bbox 1790 1514 1883 1546; x_wconf 91' lang='lat' dir='ltr'>Unde</span> <span class='ocrx_word' id='word_1_435' title='bbox 1907 1525 1974 1546; x_wconf 92' lang='lat' dir='ltr'>non</span> <span class='ocrx_word' id='word_1_436' title='bbox 1998 1521 2125 1556; x_wconf 88' lang='lat' dir='ltr'>oportet</span> <span class='ocrx_word' id='word_1_437' title='bbox 2139 1525 2176 1545; x_wconf 91' lang='lat' dir='ltr'>ea</span> <span class='ocrx_word' id='word_1_438' title='bbox 2195 1515 2333 1556; x_wconf 88' lang='lat' dir='ltr'>amplius</span> <span class='ocrx_word' id='word_1_439' title='bbox 2356 1522 2506 1556; x_wconf 87' lang='lat' dir='ltr'>repetere.</span> 
     </span>
    </p>
   </div>
   <div class='ocr_carea' id='block_1_10' title="bbox 825 1687 1987 1820">
    <p class='ocr_par' dir='ltr' id='par_1_16' title="bbox 825 1687 1987 1820">
     <span class='ocr_line' id='line_1_65' title="bbox 1095 1687 1712 1729; baseline -0.002 0"><span class='ocrx_word' id='word_1_440' title='bbox 1095 1687 1413 1729; x_wconf 90' lang='lat' dir='ltr'>ARTICULUS</span> <span class='ocrx_word' id='word_1_441' title='bbox 1444 1687 1712 1728; x_wconf 84' lang='lat' dir='ltr'>SEPTIMUS</span> 
     </span>
     <span class='ocr_line' id='line_1_66' title="bbox 825 1771 1987 1820; baseline -0.001 0"><span class='ocrx_word' id='word_1_442' title='bbox 825 1789 981 1820; x_wconf 86' lang='lat' dir='ltr'>UTRUM</span> <span class='ocrx_word' id='word_1_443' title='bbox 1004 1789 1214 1820; x_wconf 86' lang='lat' dir='ltr'>NUMERUS</span> <span class='ocrx_word' id='word_1_444' title='bbox 1236 1771 1699 1820; x_wconf 64' lang='lat' dir='ltr'>PRAEDESTINATORUM</span> <span class='ocrx_word' id='word_1_445' title='bbox 1722 1789 1790 1820; x_wconf 79' lang='lat' dir='ltr'>Sir</span> <span class='ocrx_word' id='word_1_446' title='bbox 1814 1788 1987 1820; x_wconf 84' lang='lat' dir='ltr'>CERTUS</span> 
     </span>
    </p>
   </div>
   <div class='ocr_carea' id='block_1_11' title="bbox 1018 1876 1799 1910">
    <p class='ocr_par' dir='ltr' id='par_1_17' title="bbox 1018 1876 1799 1910">
     <span class='ocr_line' id='line_1_67' title="bbox 1018 1876 1799 1910; baseline -0.001 -9"><span class='ocrx_word' id='word_1_447' title='bbox 1018 1877 1027 1902; x_wconf 95' lang='lat'>1</span> <span class='ocrx_word' id='word_1_448' title='bbox 1048 1877 1132 1907; x_wconf 67' lang='lat' dir='ltr'>Sent„</span> <span class='ocrx_word' id='word_1_449' title='bbox 1147 1877 1205 1901; x_wconf 86' lang='lat' dir='ltr'>dist.</span> <span class='ocrx_word' id='word_1_450' title='bbox 1224 1884 1265 1908; x_wconf 87' lang='lat' dir='ltr'>x1.,</span> <span class='ocrx_word' id='word_1_451' title='bbox 1285 1884 1331 1910; x_wconf 85' lang='lat' dir='ltr'>qu.</span> <span class='ocrx_word' id='word_1_452' title='bbox 1349 1883 1391 1907; x_wconf 79' lang='lat' dir='ltr'>u13</span> <span class='ocrx_word' id='word_1_453' title='bbox 1412 1877 1454 1901; x_wconf 86' lang='lat' dir='ltr'>De</span> <span class='ocrx_word' id='word_1_454' title='bbox 1477 1876 1568 1905; x_wconf 73' lang='lat' dir='ltr'>Ver-it„</span> <span class='ocrx_word' id='word_1_455' title='bbox 1589 1884 1633 1909; x_wconf 90' lang='lat' dir='ltr'>qu.</span> <span class='ocrx_word' id='word_1_456' title='bbox 1653 1883 1686 1905; x_wconf 75' lang='lat' dir='ltr'>V1,</span> <span class='ocrx_word' id='word_1_457' title='bbox 1707 1881 1753 1901; x_wconf 86' lang='lat' dir='ltr'>art.</span> <span class='ocrx_word' id='word_1_458' title='bbox 1772 1883 1799 1908; x_wconf 88' lang='lat'>4.</span> 
     </span>
    </p>
   </div>
   <div class='ocr_carea' id='block_1_12' title="bbox 309 1964 1382 3505">
    <p class='ocr_par' dir='ltr' id='par_1_18' title="bbox 309 1964 1382 2482">
     <span class='ocr_line' id='line_1_68' title="bbox 340 1964 1379 2028; baseline -0.001 -26"><span class='ocrx_word' id='word_1_459' title='bbox 340 1981 401 2018; x_wconf 52' lang='lat'>³41⁰</span> <span class='ocrx_word' id='word_1_460' title='bbox 428 1988 497 2028; x_wconf 43' lang='lat' dir='ltr'>fix&lt;</span> <span class='ocrx_word' id='word_1_461' title='bbox 521 1978 544 2002; x_wconf 89' lang='lat' dir='ltr'>D</span> <span class='ocrx_word' id='word_1_462' title='bbox 559 1977 738 2003; x_wconf 80' lang='lat' dir='ltr'>SEPTlMUM</span> <span class='ocrx_word' id='word_1_463' title='bbox 758 1977 811 2002; x_wconf 76' lang='lat' dir='ltr'>sm</span> <span class='ocrx_word' id='word_1_464' title='bbox 831 1977 1070 2002; x_wconf 80' lang='lat' dir='ltr'>PROCED1TUR.</span> <span class='ocrx_word' id='word_1_465' title='bbox 1090 1965 1251 2002; x_wconf 90' lang='lat' dir='ltr'>Videtur</span> <span class='ocrx_word' id='word_1_466' title='bbox 1274 1964 1379 2013; x_wconf 93' lang='lat' dir='ltr'>quod</span> 
     </span>
     <span class='ocr_line' id='line_1_69' title="bbox 334 2008 1380 2079; baseline 0 -24"><span class='ocrx_word' id='word_1_467' title='bbox 334 2008 496 2079; x_wconf 37' lang='lat' dir='ltr'>&#39;QJAQ&#39;Q</span> <span class='ocrx_word' id='word_1_468' title='bbox 522 2031 705 2056; x_wconf 91' lang='lat' dir='ltr'>numerus</span> <span class='ocrx_word' id='word_1_469' title='bbox 724 2019 1093 2068; x_wconf 89' lang='lat' dir='ltr'>praedestinatorum</span> <span class='ocrx_word' id='word_1_470' title='bbox 1122 2030 1202 2055; x_wconf 91' lang='lat' dir='ltr'>non</span> <span class='ocrx_word' id='word_1_471' title='bbox 1227 2017 1273 2055; x_wconf 91' lang='lat' dir='ltr'>sit</span> <span class='ocrx_word' id='word_1_472' title='bbox 1301 2030 1380 2055; x_wconf 92' lang='lat' dir='ltr'>cer-</span> 
     </span>
     <span class='ocr_line' id='line_1_70' title="bbox 325 2056 1378 2129; baseline 0.001 -22"><span class='ocrx_word' id='word_1_473' title='bbox 325 2071 440 2129; x_wconf 39' lang='grc' dir='ltr'>’ργῇνΔ</span> <span class='ocrx_word' id='word_1_474' title='bbox 457 2056 591 2113; x_wconf 62' lang='lat' dir='ltr'>&#39;(“tus.</span> <span class='ocrx_word' id='word_1_475' title='bbox 640 2073 838 2109; x_wconf 89' lang='lat' dir='ltr'>Numerus</span> <span class='ocrx_word' id='word_1_476' title='bbox 883 2072 984 2109; x_wconf 89' lang='lat' dir='ltr'>enim</span> <span class='ocrx_word' id='word_1_477' title='bbox 1028 2072 1088 2109; x_wconf 90' lang='lat' dir='ltr'>cui</span> <span class='ocrx_word' id='word_1_478' title='bbox 1129 2078 1255 2121; x_wconf 91' lang='lat' dir='ltr'>potest</span> <span class='ocrx_word' id='word_1_479' title='bbox 1295 2071 1378 2108; x_wconf 90' lang='lat' dir='ltr'>fieri</span> 
     </span>
     <span class='ocr_line' id='line_1_71' title="bbox 365 2100 1378 2173; baseline 0.002 -13"><span class='ocrx_word' id='word_1_480' title='bbox 365 2100 461 2159; x_wconf 50' lang='grc' dir='ltr'>ἑῖἒῖ)</span> <span class='ocrx_word' id='word_1_481' title='bbox 477 2116 688 2173; x_wconf 49' lang='lat' dir='ltr'>Kaddifio,</span> <span class='ocrx_word' id='word_1_482' title='bbox 718 2138 797 2163; x_wconf 89' lang='lat' dir='ltr'>non</span> <span class='ocrx_word' id='word_1_483' title='bbox 840 2133 896 2163; x_wconf 90' lang='lat' dir='ltr'>est</span> <span class='ocrx_word' id='word_1_484' title='bbox 938 2133 1074 2163; x_wconf 89' lang='lat' dir='ltr'>certus.</span> <span class='ocrx_word' id='word_1_485' title='bbox 1110 2126 1187 2163; x_wconf 90' lang='lat' dir='ltr'>Sed</span> <span class='ocrx_word' id='word_1_486' title='bbox 1215 2137 1378 2162; x_wconf 90' lang='lat' dir='ltr'>numero</span> 
     </span>
     <span class='ocr_line' id='line_1_72' title="bbox 309 2177 1378 2228; baseline 0.001 -14"><span class='ocrx_word' id='word_1_487' title='bbox 309 2177 679 2226; x_wconf 87' lang='lat' dir='ltr'>praedestinatorum</span> <span class='ocrx_word' id='word_1_488' title='bbox 707 2186 834 2228; x_wconf 86' lang='lat' dir='ltr'>potest</span> <span class='ocrx_word' id='word_1_489' title='bbox 861 2179 944 2216; x_wconf 90' lang='lat' dir='ltr'>fieri</span> <span class='ocrx_word' id='word_1_490' title='bbox 973 2179 1128 2227; x_wconf 87' lang='lat' dir='ltr'>additio,</span> <span class='ocrx_word' id='word_1_491' title='bbox 1149 2186 1190 2216; x_wconf 91' lang='lat' dir='ltr'>ut</span> <span class='ocrx_word' id='word_1_492' title='bbox 1207 2179 1378 2216; x_wconf 89' lang='lat' dir='ltr'>videtur:</span> 
     </span>
     <span class='ocr_line' id='line_1_73' title="bbox 310 2230 1379 2269; baseline 0.002 -2"><span class='ocrx_word' id='word_1_493' title='bbox 310 2230 446 2267; x_wconf 87' lang='lat' dir='ltr'>dicitur</span> <span class='ocrx_word' id='word_1_494' title='bbox 465 2231 567 2268; x_wconf 88' lang='lat' dir='ltr'>enim</span> <span class='ocrx_word' id='word_1_495' title='bbox 587 2234 698 2269; x_wconf 86' lang='lat' dir='ltr'>Deut.</span> <span class='ocrx_word' id='word_1_496' title='bbox 720 2244 729 2269; x_wconf 95' lang='lat'>1</span> <span class='ocrx_word' id='word_1_497' title='bbox 749 2232 789 2269; x_wconf 78' lang='lat' dir='ltr'>*t</span> <span class='ocrx_word' id='word_1_498' title='bbox 818 2233 1006 2269; x_wconf 84' lang='lat' dir='ltr'>Dominus</span> <span class='ocrx_word' id='word_1_499' title='bbox 1024 2233 1128 2269; x_wconf 87' lang='lat' dir='ltr'>Deus</span> <span class='ocrx_word' id='word_1_500' title='bbox 1161 2238 1286 2269; x_wconf 80' lang='lat' dir='ltr'>noster</span> <span class='ocrx_word' id='word_1_501' title='bbox 1313 2232 1379 2268; x_wconf 86' lang='lat' dir='ltr'>ad-</span> 
     </span>
     <span class='ocr_line' id='line_1_74' title="bbox 310 2284 1377 2330; baseline 0.002 -10"><span class='ocrx_word' id='word_1_502' title='bbox 310 2284 375 2321; x_wconf 87' lang='lat' dir='ltr'>dat</span> <span class='ocrx_word' id='word_1_503' title='bbox 409 2284 461 2320; x_wconf 84' lang='lat' dir='ltr'>ad</span> <span class='ocrx_word' id='word_1_504' title='bbox 486 2285 586 2322; x_wconf 86' lang='lat' dir='ltr'>hunc</span> <span class='ocrx_word' id='word_1_505' title='bbox 622 2298 823 2323; x_wconf 89' lang='lat' dir='ltr'>numerum</span> <span class='ocrx_word' id='word_1_506' title='bbox 856 2286 974 2322; x_wconf 83' lang='lat' dir='ltr'>multa</span> <span class='ocrx_word' id='word_1_507' title='bbox 1004 2285 1142 2330; x_wconf 88' lang='lat' dir='ltr'>millia;</span> <span class='ocrx_word' id='word_1_508' title='bbox 1175 2285 1313 2322; x_wconf 90' lang='lat' dir='ltr'>Glossa</span> <span class='ocrx_word' id='word_1_509' title='bbox 1340 2284 1377 2321; x_wconf 76' lang='grc' dir='ltr'>*ε</span> 
     </span>
     <span class='ocr_line' id='line_1_75' title="bbox 310 2337 1382 2387; baseline 0.001 -14"><span class='ocrx_word' id='word_1_510' title='bbox 310 2337 403 2374; x_wconf 82' lang='lat' dir='ltr'>idest</span> <span class='ocrx_word' id='word_1_511' title='bbox 428 2337 621 2385; x_wconf 83' lang='lat' dir='ltr'>definitum</span> <span class='ocrx_word' id='word_1_512' title='bbox 658 2339 762 2387; x_wconf 84' lang='lat' dir='ltr'>apud</span> <span class='ocrx_word' id='word_1_513' title='bbox 794 2340 940 2384; x_wconf 87' lang='lat' dir='ltr'>Deum,</span> <span class='ocrx_word' id='word_1_514' title='bbox 971 2338 1037 2387; x_wconf 87' lang='lat' dir='ltr'>qui</span> <span class='ocrx_word' id='word_1_515' title='bbox 1068 2339 1171 2375; x_wconf 78' lang='lat' dir='ltr'>novit</span> <span class='ocrx_word' id='word_1_516' title='bbox 1198 2338 1264 2387; x_wconf 87' lang='lat' dir='ltr'>qui</span> <span class='ocrx_word' id='word_1_517' title='bbox 1294 2344 1382 2375; x_wconf 84' lang='lat' dir='ltr'>sunt</span> 
     </span>
     <span class='ocr_line' id='line_1_76' title="bbox 310 2391 1380 2442; baseline 0.001 -15"><span class='ocrx_word' id='word_1_518' title='bbox 310 2391 400 2427; x_wconf 82' lang='lat' dir='ltr'>eius.</span> <span class='ocrx_word' id='word_1_519' title='bbox 440 2391 542 2439; x_wconf 84' lang='lat' dir='ltr'>Ergo</span> <span class='ocrx_word' id='word_1_520' title='bbox 580 2404 765 2429; x_wconf 91' lang='lat' dir='ltr'>numerus</span> <span class='ocrx_word' id='word_1_521' title='bbox 797 2391 1170 2442; x_wconf 89' lang='lat' dir='ltr'>praedestinatorum</span> <span class='ocrx_word' id='word_1_522' title='bbox 1207 2403 1286 2428; x_wconf 92' lang='lat' dir='ltr'>non</span> <span class='ocrx_word' id='word_1_523' title='bbox 1324 2399 1380 2428; x_wconf 90' lang='lat' dir='ltr'>est</span> 
     </span>
     <span class='ocr_line' id='line_1_77' title="bbox 311 2451 445 2482; baseline 0.007 -1"><span class='ocrx_word' id='word_1_524' title='bbox 311 2451 445 2482; x_wconf 75' lang='lat' dir='ltr'>certus,</span> 
     </span>
    </p>

    <p class='ocr_par' dir='ltr' id='par_1_19' title="bbox 310 2497 1379 2760">
     <span class='ocr_line' id='line_1_78' title="bbox 365 2497 1378 2547; baseline 0.001 -13"><span class='ocrx_word' id='word_1_525' title='bbox 365 2509 400 2534; x_wconf 91' lang='lat'>2.</span> <span class='ocrx_word' id='word_1_526' title='bbox 429 2498 663 2546; x_wconf 61' lang='grc' dir='ltr'>ΡιιΑΕτΕΒΕΑ,</span> <span class='ocrx_word' id='word_1_527' title='bbox 688 2510 768 2535; x_wconf 91' lang='lat' dir='ltr'>non</span> <span class='ocrx_word' id='word_1_528' title='bbox 787 2505 912 2547; x_wconf 89' lang='lat' dir='ltr'>potest</span> <span class='ocrx_word' id='word_1_529' title='bbox 931 2497 1112 2546; x_wconf 88' lang='lat' dir='ltr'>assignari</span> <span class='ocrx_word' id='word_1_530' title='bbox 1145 2497 1240 2535; x_wconf 89' lang='lat' dir='ltr'>ratio</span> <span class='ocrx_word' id='word_1_531' title='bbox 1261 2510 1378 2547; x_wconf 89' lang='lat' dir='ltr'>quare</span> 
     </span>
     <span class='ocr_line' id='line_1_79' title="bbox 310 2550 1379 2601; baseline 0 -13"><span class='ocrx_word' id='word_1_532' title='bbox 310 2550 430 2599; x_wconf 83' lang='lat' dir='ltr'>magis</span> <span class='ocrx_word' id='word_1_533' title='bbox 464 2551 502 2588; x_wconf 90' lang='lat' dir='ltr'>in</span> <span class='ocrx_word' id='word_1_534' title='bbox 529 2552 604 2588; x_wconf 91' lang='lat' dir='ltr'>hoc</span> <span class='ocrx_word' id='word_1_535' title='bbox 632 2563 795 2588; x_wconf 91' lang='lat' dir='ltr'>numero</span> <span class='ocrx_word' id='word_1_536' title='bbox 833 2564 951 2601; x_wconf 89' lang='lat' dir='ltr'>quam</span> <span class='ocrx_word' id='word_1_537' title='bbox 980 2551 1019 2588; x_wconf 93' lang='lat' dir='ltr'>in</span> <span class='ocrx_word' id='word_1_538' title='bbox 1046 2551 1137 2598; x_wconf 84' lang='lat' dir='ltr'>alio,</span> <span class='ocrx_word' id='word_1_539' title='bbox 1177 2552 1282 2588; x_wconf 91' lang='lat' dir='ltr'>Deus</span> <span class='ocrx_word' id='word_1_540' title='bbox 1310 2552 1379 2588; x_wconf 91' lang='lat' dir='ltr'>ho-</span> 
     </span>
     <span class='ocr_line' id='line_1_80' title="bbox 310 2603 1378 2653; baseline 0 -12"><span class='ocrx_word' id='word_1_541' title='bbox 310 2604 431 2641; x_wconf 90' lang='lat' dir='ltr'>mines</span> <span class='ocrx_word' id='word_1_542' title='bbox 459 2604 704 2653; x_wconf 89' lang='lat' dir='ltr'>praeordinet</span> <span class='ocrx_word' id='word_1_543' title='bbox 730 2605 778 2642; x_wconf 91' lang='lat' dir='ltr'>ad</span> <span class='ocrx_word' id='word_1_544' title='bbox 808 2605 980 2642; x_wconf 91' lang='lat' dir='ltr'>salutem.</span> <span class='ocrx_word' id='word_1_545' title='bbox 1012 2604 1090 2641; x_wconf 91' lang='lat' dir='ltr'>Sed</span> <span class='ocrx_word' id='word_1_546' title='bbox 1122 2603 1213 2641; x_wconf 91' lang='lat' dir='ltr'>nihil</span> <span class='ocrx_word' id='word_1_547' title='bbox 1242 2617 1264 2641; x_wconf 90' lang='lat' dir='ltr'>a</span> <span class='ocrx_word' id='word_1_548' title='bbox 1292 2605 1378 2641; x_wconf 91' lang='lat' dir='ltr'>Deo</span> 
     </span>
     <span class='ocr_line' id='line_1_81' title="bbox 310 2657 1379 2707; baseline 0.001 -13"><span class='ocrx_word' id='word_1_549' title='bbox 310 2658 389 2694; x_wconf 89' lang='lat' dir='ltr'>sine</span> <span class='ocrx_word' id='word_1_550' title='bbox 419 2657 562 2694; x_wconf 90' lang='lat' dir='ltr'>ratione</span> <span class='ocrx_word' id='word_1_551' title='bbox 592 2657 815 2707; x_wconf 87' lang='lat' dir='ltr'>disponitur.</span> <span class='ocrx_word' id='word_1_552' title='bbox 846 2659 949 2706; x_wconf 87' lang='lat' dir='ltr'>Ergo</span> <span class='ocrx_word' id='word_1_553' title='bbox 979 2670 1057 2695; x_wconf 92' lang='lat' dir='ltr'>non</span> <span class='ocrx_word' id='word_1_554' title='bbox 1087 2665 1142 2694; x_wconf 90' lang='lat' dir='ltr'>est</span> <span class='ocrx_word' id='word_1_555' title='bbox 1167 2665 1290 2695; x_wconf 86' lang='lat' dir='ltr'>certus</span> <span class='ocrx_word' id='word_1_556' title='bbox 1310 2670 1379 2695; x_wconf 92' lang='lat' dir='ltr'>nu-</span> 
     </span>
     <span class='ocr_line' id='line_1_82' title="bbox 310 2711 1238 2760; baseline 0.001 -13"><span class='ocrx_word' id='word_1_557' title='bbox 310 2723 439 2748; x_wconf 88' lang='lat' dir='ltr'>merus</span> <span class='ocrx_word' id='word_1_558' title='bbox 468 2711 741 2748; x_wconf 87' lang='lat' dir='ltr'>salvandorum</span> <span class='ocrx_word' id='word_1_559' title='bbox 769 2711 1061 2760; x_wconf 89' lang='lat' dir='ltr'>praeordinatus</span> <span class='ocrx_word' id='word_1_560' title='bbox 1089 2724 1111 2748; x_wconf 91' lang='lat' dir='ltr'>a</span> <span class='ocrx_word' id='word_1_561' title='bbox 1140 2711 1238 2748; x_wconf 88' lang='lat' dir='ltr'>Deo.</span> 
     </span>
    </p>

    <p class='ocr_par' dir='ltr' id='par_1_20' title="bbox 309 2764 1381 3388">
     <span class='ocr_line' id='line_1_83' title="bbox 366 2764 1378 2814; baseline 0 -12"><span class='ocrx_word' id='word_1_562' title='bbox 366 2765 400 2802; x_wconf 88' lang='lat'>3.</span> <span class='ocrx_word' id='word_1_563' title='bbox 421 2765 654 2812; x_wconf 75' lang='lat' dir='ltr'>PRAETEREA,</span> <span class='ocrx_word' id='word_1_564' title='bbox 680 2765 850 2813; x_wconf 89' lang='lat' dir='ltr'>operatio</span> <span class='ocrx_word' id='word_1_565' title='bbox 867 2765 939 2808; x_wconf 87' lang='lat' dir='ltr'>Dei</span> <span class='ocrx_word' id='word_1_566' title='bbox 960 2772 1016 2802; x_wconf 91' lang='lat' dir='ltr'>est</span> <span class='ocrx_word' id='word_1_567' title='bbox 1042 2764 1244 2814; x_wconf 88' lang='lat' dir='ltr'>perfectior</span> <span class='ocrx_word' id='word_1_568' title='bbox 1263 2776 1378 2813; x_wconf 88' lang='lat' dir='ltr'>quam</span> 
     </span>
     <span class='ocr_line' id='line_1_84' title="bbox 311 2817 1377 2867; baseline 0 -13"><span class='ocrx_word' id='word_1_569' title='bbox 311 2817 481 2866; x_wconf 89' lang='lat' dir='ltr'>operatio</span> <span class='ocrx_word' id='word_1_570' title='bbox 502 2825 670 2855; x_wconf 89' lang='lat' dir='ltr'>naturae.</span> <span class='ocrx_word' id='word_1_571' title='bbox 693 2818 769 2855; x_wconf 91' lang='lat' dir='ltr'>Sed</span> <span class='ocrx_word' id='word_1_572' title='bbox 789 2818 828 2855; x_wconf 94' lang='lat' dir='ltr'>in</span> <span class='ocrx_word' id='word_1_573' title='bbox 852 2818 1032 2867; x_wconf 89' lang='lat' dir='ltr'>operibus</span> <span class='ocrx_word' id='word_1_574' title='bbox 1052 2825 1208 2855; x_wconf 90' lang='lat' dir='ltr'>naturae</span> <span class='ocrx_word' id='word_1_575' title='bbox 1230 2817 1377 2855; x_wconf 91' lang='lat' dir='ltr'>bonum</span> 
     </span>
     <span class='ocr_line' id='line_1_85' title="bbox 309 2870 1378 2920; baseline 0.001 -13"><span class='ocrx_word' id='word_1_576' title='bbox 309 2870 500 2907; x_wconf 89' lang='lat' dir='ltr'>invenitur</span> <span class='ocrx_word' id='word_1_577' title='bbox 517 2878 559 2908; x_wconf 91' lang='lat' dir='ltr'>ut</span> <span class='ocrx_word' id='word_1_578' title='bbox 578 2871 616 2907; x_wconf 93' lang='lat' dir='ltr'>in</span> <span class='ocrx_word' id='word_1_579' title='bbox 636 2871 818 2920; x_wconf 85' lang='lat' dir='ltr'>pluribus,</span> <span class='ocrx_word' id='word_1_580' title='bbox 841 2871 1009 2908; x_wconf 89' lang='lat' dir='ltr'>defectus</span> <span class='ocrx_word' id='word_1_581' title='bbox 1029 2878 1157 2908; x_wconf 90' lang='lat' dir='ltr'>autem</span> <span class='ocrx_word' id='word_1_582' title='bbox 1178 2878 1213 2908; x_wconf 92' lang='lat' dir='ltr'>et</span> <span class='ocrx_word' id='word_1_583' title='bbox 1233 2872 1378 2908; x_wconf 89' lang='lat' dir='ltr'>malum</span> 
     </span>
     <span class='ocr_line' id='line_1_86' title="bbox 309 2924 1378 2973; baseline 0.001 -13"><span class='ocrx_word' id='word_1_584' title='bbox 309 2931 351 2961; x_wconf 91' lang='lat' dir='ltr'>ut</span> <span class='ocrx_word' id='word_1_585' title='bbox 378 2924 416 2960; x_wconf 89' lang='lat' dir='ltr'>in</span> <span class='ocrx_word' id='word_1_586' title='bbox 444 2924 699 2972; x_wconf 88' lang='lat' dir='ltr'>paucioribus.</span> <span class='ocrx_word' id='word_1_587' title='bbox 731 2924 770 2962; x_wconf 89' lang='lat' dir='ltr'>Si</span> <span class='ocrx_word' id='word_1_588' title='bbox 790 2924 899 2973; x_wconf 85' lang='lat' dir='ltr'>igitur</span> <span class='ocrx_word' id='word_1_589' title='bbox 927 2937 949 2961; x_wconf 86' lang='lat' dir='ltr'>a</span> <span class='ocrx_word' id='word_1_590' title='bbox 976 2926 1062 2962; x_wconf 92' lang='lat' dir='ltr'>Deo</span> <span class='ocrx_word' id='word_1_591' title='bbox 1088 2924 1343 2962; x_wconf 87' lang='lat' dir='ltr'>institueretur</span> <span class='ocrx_word' id='word_1_592' title='bbox 1361 2931 1378 2946; x_wconf 75' lang='lat'><em>²</em></span> 
     </span>
     <span class='ocr_line' id='line_1_87' title="bbox 310 2977 1379 3027; baseline 0 -13"><span class='ocrx_word' id='word_1_593' title='bbox 310 2989 492 3014; x_wconf 89' lang='lat' dir='ltr'>numerus</span> <span class='ocrx_word' id='word_1_594' title='bbox 534 2977 834 3026; x_wconf 84' lang='lat' dir='ltr'>salvandorum,</span> <span class='ocrx_word' id='word_1_595' title='bbox 872 2978 998 3027; x_wconf 88' lang='lat' dir='ltr'>plures</span> <span class='ocrx_word' id='word_1_596' title='bbox 1041 2985 1167 3015; x_wconf 87' lang='lat' dir='ltr'>essent</span> <span class='ocrx_word' id='word_1_597' title='bbox 1208 2977 1379 3016; x_wconf 88' lang='lat' dir='ltr'>salvandi</span> 
     </span>
     <span class='ocr_line' id='line_1_88' title="bbox 310 3031 1379 3078; baseline 0.001 -11"><span class='ocrx_word' id='word_1_598' title='bbox 310 3043 427 3078; x_wconf 89' lang='lat' dir='ltr'>quam</span> <span class='ocrx_word' id='word_1_599' title='bbox 471 3031 690 3069; x_wconf 88' lang='lat' dir='ltr'>damnandi.</span> <span class='ocrx_word' id='word_1_600' title='bbox 736 3031 854 3068; x_wconf 90' lang='lat' dir='ltr'>Cuius</span> <span class='ocrx_word' id='word_1_601' title='bbox 897 3031 1127 3068; x_wconf 88' lang='lat' dir='ltr'>contrarium</span> <span class='ocrx_word' id='word_1_602' title='bbox 1170 3031 1379 3068; x_wconf 91' lang='lat' dir='ltr'>ostenditur</span> 
     </span>
     <span class='ocr_line' id='line_1_89' title="bbox 310 3084 1378 3132; baseline 0.001 -12"><span class='ocrx_word' id='word_1_603' title='bbox 310 3084 418 3120; x_wconf 89' lang='lat' dir='ltr'>Matt.</span> <span class='ocrx_word' id='word_1_604' title='bbox 443 3096 490 3120; x_wconf 86' lang='lat' dir='ltr'>vn</span> <span class='ocrx_word' id='word_1_605' title='bbox 512 3084 549 3131; x_wconf 68' lang='lat'>³⁸,</span> <span class='ocrx_word' id='word_1_606' title='bbox 588 3084 654 3121; x_wconf 93' lang='lat' dir='ltr'>ubi</span> <span class='ocrx_word' id='word_1_607' title='bbox 690 3084 839 3121; x_wconf 88' lang='lat' dir='ltr'>dicitur:</span> <span class='ocrx_word' id='word_1_608' title='bbox 870 3085 946 3122; x_wconf 87' lang='lat' dir='ltr'>lata</span> <span class='ocrx_word' id='word_1_609' title='bbox 979 3091 1016 3121; x_wconf 89' lang='lat' dir='ltr'>et</span> <span class='ocrx_word' id='word_1_610' title='bbox 1044 3085 1208 3132; x_wconf 82' lang='lat' dir='ltr'>spatiosa</span> <span class='ocrx_word' id='word_1_611' title='bbox 1236 3090 1290 3121; x_wconf 87' lang='lat' dir='ltr'>est</span> <span class='ocrx_word' id='word_1_612' title='bbox 1315 3084 1378 3121; x_wconf 77' lang='lat' dir='ltr'>via</span> 
     </span>
     <span class='ocr_line' id='line_1_90' title="bbox 310 3137 1379 3186; baseline 0.001 -13"><span class='ocrx_word' id='word_1_613' title='bbox 310 3149 407 3185; x_wconf 88' lang='lat' dir='ltr'>quae</span> <span class='ocrx_word' id='word_1_614' title='bbox 433 3137 536 3174; x_wconf 87' lang='lat' dir='ltr'>ducit</span> <span class='ocrx_word' id='word_1_615' title='bbox 561 3138 613 3174; x_wconf 88' lang='lat' dir='ltr'>ad</span> <span class='ocrx_word' id='word_1_616' title='bbox 631 3138 895 3186; x_wconf 86' lang='lat' dir='ltr'>perditionem,</span> <span class='ocrx_word' id='word_1_617' title='bbox 924 3143 960 3174; x_wconf 86' lang='lat' dir='ltr'>et</span> <span class='ocrx_word' id='word_1_618' title='bbox 986 3138 1094 3175; x_wconf 89' lang='lat' dir='ltr'>multi</span> <span class='ocrx_word' id='word_1_619' title='bbox 1119 3143 1206 3174; x_wconf 84' lang='lat' dir='ltr'>sunt</span> <span class='ocrx_word' id='word_1_620' title='bbox 1232 3138 1299 3186; x_wconf 86' lang='lat' dir='ltr'>qui</span> <span class='ocrx_word' id='word_1_621' title='bbox 1323 3138 1379 3174; x_wconf 86' lang='lat' dir='ltr'>in-</span> 
     </span>
     <span class='ocr_line' id='line_1_91' title="bbox 310 3191 1376 3242; baseline 0.001 -16"><span class='ocrx_word' id='word_1_622' title='bbox 310 3195 411 3227; x_wconf 83' lang='lat' dir='ltr'>trant</span> <span class='ocrx_word' id='word_1_623' title='bbox 435 3203 508 3239; x_wconf 83' lang='lat' dir='ltr'>per</span> <span class='ocrx_word' id='word_1_624' title='bbox 536 3202 641 3228; x_wconf 85' lang='lat' dir='ltr'>eam:</span> <span class='ocrx_word' id='word_1_625' title='bbox 677 3197 840 3242; x_wconf 82' lang='lat' dir='ltr'>angusta</span> <span class='ocrx_word' id='word_1_626' title='bbox 870 3196 923 3228; x_wconf 82' lang='lat' dir='ltr'>est</span> <span class='ocrx_word' id='word_1_627' title='bbox 944 3196 1075 3239; x_wconf 85' lang='lat' dir='ltr'>porta,</span> <span class='ocrx_word' id='word_1_628' title='bbox 1106 3196 1142 3227; x_wconf 87' lang='lat' dir='ltr'>et</span> <span class='ocrx_word' id='word_1_629' title='bbox 1167 3196 1274 3228; x_wconf 87' lang='lat' dir='ltr'>arcta</span> <span class='ocrx_word' id='word_1_630' title='bbox 1301 3191 1376 3236; x_wconf 79' lang='lat' dir='ltr'>via,</span> 
     </span>
     <span class='ocr_line' id='line_1_92' title="bbox 310 3243 1381 3293; baseline 0 -13"><span class='ocrx_word' id='word_1_631' title='bbox 310 3255 407 3292; x_wconf 84' lang='lat' dir='ltr'>quae</span> <span class='ocrx_word' id='word_1_632' title='bbox 434 3244 536 3280; x_wconf 84' lang='lat' dir='ltr'>ducit</span> <span class='ocrx_word' id='word_1_633' title='bbox 561 3245 614 3281; x_wconf 85' lang='lat' dir='ltr'>ad</span> <span class='ocrx_word' id='word_1_634' title='bbox 638 3245 767 3291; x_wconf 79' lang='lat' dir='ltr'>vitam,</span> <span class='ocrx_word' id='word_1_635' title='bbox 797 3250 833 3281; x_wconf 87' lang='lat' dir='ltr'>et</span> <span class='ocrx_word' id='word_1_636' title='bbox 853 3245 972 3293; x_wconf 80' lang='lat' dir='ltr'>pauci</span> <span class='ocrx_word' id='word_1_637' title='bbox 997 3250 1085 3281; x_wconf 88' lang='lat' dir='ltr'>sunt</span> <span class='ocrx_word' id='word_1_638' title='bbox 1102 3244 1170 3292; x_wconf 84' lang='lat' dir='ltr'>qui</span> <span class='ocrx_word' id='word_1_639' title='bbox 1186 3243 1381 3281; x_wconf 81' lang='lat' dir='ltr'>inveniunt</span> 
     </span>
     <span class='ocr_line' id='line_1_93' title="bbox 310 3297 1378 3347; baseline 0 -14"><span class='ocrx_word' id='word_1_640' title='bbox 310 3309 406 3334; x_wconf 90' lang='lat' dir='ltr'>eam.</span> <span class='ocrx_word' id='word_1_641' title='bbox 436 3298 528 3334; x_wconf 92' lang='lat' dir='ltr'>Non</span> <span class='ocrx_word' id='word_1_642' title='bbox 558 3310 647 3346; x_wconf 89' lang='lat' dir='ltr'>ergo</span> <span class='ocrx_word' id='word_1_643' title='bbox 668 3306 723 3335; x_wconf 90' lang='lat' dir='ltr'>est</span> <span class='ocrx_word' id='word_1_644' title='bbox 741 3297 1029 3347; x_wconf 89' lang='lat' dir='ltr'>praeordinatus</span> <span class='ocrx_word' id='word_1_645' title='bbox 1049 3310 1071 3334; x_wconf 92' lang='lat' dir='ltr'>a</span> <span class='ocrx_word' id='word_1_646' title='bbox 1091 3298 1176 3334; x_wconf 91' lang='lat' dir='ltr'>Deo</span> <span class='ocrx_word' id='word_1_647' title='bbox 1197 3309 1378 3334; x_wconf 91' lang='lat' dir='ltr'>numerus</span> 
     </span>
     <span class='ocr_line' id='line_1_94' title="bbox 310 3350 594 3388; baseline 0.007 -2"><span class='ocrx_word' id='word_1_648' title='bbox 310 3350 594 3388; x_wconf 89' lang='lat' dir='ltr'>salvandorum.</span> 
     </span>
    </p>

    <p class='ocr_par' dir='ltr' id='par_1_21' title="bbox 310 3402 1378 3505">
     <span class='ocr_line' id='line_1_95' title="bbox 365 3402 1377 3452; baseline 0 -13"><span class='ocrx_word' id='word_1_649' title='bbox 365 3403 438 3439; x_wconf 82' lang='lat' dir='ltr'>SED</span> <span class='ocrx_word' id='word_1_650' title='bbox 468 3415 613 3440; x_wconf 78' lang='lat' dir='ltr'>CONTRA</span> <span class='ocrx_word' id='word_1_651' title='bbox 633 3415 699 3441; x_wconf 68' lang='lat' dir='ltr'>asr</span> <span class='ocrx_word' id='word_1_652' title='bbox 718 3403 824 3452; x_wconf 90' lang='lat' dir='ltr'>quod</span> <span class='ocrx_word' id='word_1_653' title='bbox 843 3403 1077 3452; x_wconf 82' lang='lat' dir='ltr'>Augustinus</span> <span class='ocrx_word' id='word_1_654' title='bbox 1102 3403 1202 3451; x_wconf 88' lang='lat' dir='ltr'>dicit,</span> <span class='ocrx_word' id='word_1_655' title='bbox 1223 3402 1262 3440; x_wconf 91' lang='lat' dir='ltr'>in</span> <span class='ocrx_word' id='word_1_656' title='bbox 1280 3402 1377 3439; x_wconf 90' lang='lat' dir='ltr'>libro</span> 
     </span>
     <span class='ocr_line' id='line_1_96' title="bbox 310 3455 1378 3505; baseline 0 -13"><span class='ocrx_word' id='word_1_657' title='bbox 310 3455 356 3492; x_wconf 88' lang='lat' dir='ltr'>de</span> <span class='ocrx_word' id='word_1_658' title='bbox 388 3456 631 3505; x_wconf 82' lang='lat' dir='ltr'>Correptione</span> <span class='ocrx_word' id='word_1_659' title='bbox 659 3463 695 3494; x_wconf 88' lang='lat' dir='ltr'>et</span> <span class='ocrx_word' id='word_1_660' title='bbox 725 3457 858 3494; x_wconf 83' lang='lat' dir='ltr'>Gratia</span> <span class='ocrx_word' id='word_1_661' title='bbox 877 3456 912 3494; x_wconf 74' lang='grc' dir='ltr'>*ε</span> <span class='ocrx_word' id='word_1_662' title='bbox 948 3457 1079 3494; x_wconf 81' lang='lat' dir='ltr'>Certus</span> <span class='ocrx_word' id='word_1_663' title='bbox 1107 3462 1162 3494; x_wconf 86' lang='lat' dir='ltr'>est</span> <span class='ocrx_word' id='word_1_664' title='bbox 1171 3455 1378 3505; x_wconf 79' lang='lat' dir='ltr'>praedesti-</span> 
     </span>
    </p>
   </div>
   <div class='ocr_carea' id='block_1_13' title="bbox 319 1980 510 2167">
    <p class='ocr_par' dir='ltr' id='par_1_22' title="bbox 319 1980 510 2167">
     <span class='ocr_line' id='line_1_97' title="bbox 319 1980 510 2088; baseline 0 0"><span class='ocrx_word' id='word_1_665' title='bbox 319 1980 510 2088; x_wconf 95' lang='lat' dir='ltr'>  </span> 
     </span>
     <span class='ocr_line' id='line_1_98' title="bbox 319 2088 477 2167; baseline 0 2011"><span class='ocrx_word' id='word_1_666' title='bbox 319 2088 477 2167; x_wconf 95' lang='lat' dir='ltr'> </span> 
     </span>
    </p>
   </div>
   <div class='ocr_carea' id='block_1_14' title="bbox 309 3579 1376 3675">
    <p class='ocr_par' dir='ltr' id='par_1_23' title="bbox 309 3579 1376 3675">
     <span class='ocr_line' id='line_1_99' title="bbox 363 3579 1095 3611; baseline 0.001 -8"><span class='ocrx_word' id='word_1_667' title='bbox 363 3579 390 3611; x_wconf 87' lang='grc' dir='ltr'>α)</span> <span class='ocrx_word' id='word_1_668' title='bbox 410 3579 601 3604; x_wconf 77' lang='lat' dir='ltr'>institueretur.</span> <span class='ocrx_word' id='word_1_669' title='bbox 621 3594 638 3598; x_wconf 91' lang='lat'>-</span> <span class='ocrx_word' id='word_1_670' title='bbox 655 3579 860 3604; x_wconf 73' lang='lat' dir='ltr'>substitueretur</span> <span class='ocrx_word' id='word_1_671' title='bbox 879 3579 981 3604; x_wconf 85' lang='lat' dir='ltr'>codices</span> <span class='ocrx_word' id='word_1_672' title='bbox 1001 3585 1026 3604; x_wconf 86' lang='lat' dir='ltr'>et</span> <span class='ocrx_word' id='word_1_673' title='bbox 1044 3580 1095 3604; x_wconf 82' lang='lat' dir='ltr'>ab.</span> 
     </span>
     <span class='ocr_line' id='line_1_100' title="bbox 309 3612 1376 3675; baseline -0.003 -34"><span class='ocrx_word' id='word_1_674' title='bbox 309 3612 396 3675; x_wconf 52' lang='grc' dir='ltr'>κήξ),</span> <span class='ocrx_word' id='word_1_675' title='bbox 408 3615 454 3675; x_wconf 58' lang='lat' dir='ltr'>selstt</span> <span class='ocrx_word' id='word_1_676' title='bbox 461 3618 549 3640; x_wconf 83' lang='lat' dir='ltr'>certus</span> <span class='ocrx_word' id='word_1_677' title='bbox 571 3615 636 3640; x_wconf 80' lang='lat' dir='ltr'>Deo.</span> <span class='ocrx_word' id='word_1_678' title='bbox 653 3628 673 3635; x_wconf 88' lang='lat'>-</span> <span class='ocrx_word' id='word_1_679' title='bbox 691 3615 754 3640; x_wconf 89' lang='lat' dir='ltr'>Om.</span> <span class='ocrx_word' id='word_1_680' title='bbox 767 3615 878 3646; x_wconf 83' lang='lat' dir='ltr'>codices,</span> <span class='ocrx_word' id='word_1_681' title='bbox 892 3620 918 3640; x_wconf 88' lang='lat' dir='ltr'>et</span> <span class='ocrx_word' id='word_1_682' title='bbox 930 3621 991 3648; x_wconf 83' lang='lat' dir='ltr'>post</span> <span class='ocrx_word' id='word_1_683' title='bbox 1010 3615 1188 3640; x_wconf 79' lang='lat' dir='ltr'>materialiter</span> <span class='ocrx_word' id='word_1_684' title='bbox 1205 3614 1303 3639; x_wconf 81' lang='lat' dir='ltr'>addunt</span> <span class='ocrx_word' id='word_1_685' title='bbox 1318 3613 1376 3638; x_wconf 86' lang='lat' dir='ltr'>Deo</span> 
     </span>
    </p>
   </div>
   <div class='ocr_carea' id='block_1_15' title="bbox 1432 1963 2508 3502">
    <p class='ocr_par' dir='ltr' id='par_1_24' title="bbox 1435 1963 2507 2055">
     <span class='ocr_line' id='line_1_101' title="bbox 1435 1963 2507 2014; baseline 0.001 -13"><span class='ocrx_word' id='word_1_686' title='bbox 1435 1970 1613 2001; x_wconf 87' lang='lat' dir='ltr'>natorum</span> <span class='ocrx_word' id='word_1_687' title='bbox 1642 1976 1834 2011; x_wconf 83' lang='lat' dir='ltr'>numerus,</span> <span class='ocrx_word' id='word_1_688' title='bbox 1855 1964 1921 2013; x_wconf 85' lang='lat' dir='ltr'>qui</span> <span class='ocrx_word' id='word_1_689' title='bbox 1938 1976 2060 2013; x_wconf 86' lang='lat' dir='ltr'>neque</span> <span class='ocrx_word' id='word_1_690' title='bbox 2082 1963 2222 2014; x_wconf 84' lang='lat' dir='ltr'>augeri</span> <span class='ocrx_word' id='word_1_691' title='bbox 2232 1969 2366 2012; x_wconf 86' lang='lat' dir='ltr'>potest,</span> <span class='ocrx_word' id='word_1_692' title='bbox 2386 1975 2507 2014; x_wconf 85' lang='lat' dir='ltr'>neque</span> 
     </span>
     <span class='ocr_line' id='line_1_102' title="bbox 1435 2018 1566 2055; baseline 0.008 -1"><span class='ocrx_word' id='word_1_693' title='bbox 1435 2018 1566 2055; x_wconf 89' lang='lat' dir='ltr'>minui.</span> 
     </span>
    </p>

    <p class='ocr_par' dir='ltr' id='par_1_25' title="bbox 1433 2069 2508 2543">
     <span class='ocr_line' id='line_1_103' title="bbox 1489 2069 2507 2120; baseline -0.001 -12"><span class='ocrx_word' id='word_1_694' title='bbox 1489 2072 1727 2108; x_wconf 59' lang='lat' dir='ltr'>Rsssponnsso—</span> <span class='ocrx_word' id='word_1_695' title='bbox 1746 2082 1930 2108; x_wconf 82' lang='lat' dir='ltr'>DICENDUM</span> <span class='ocrx_word' id='word_1_696' title='bbox 1959 2070 2065 2120; x_wconf 92' lang='lat' dir='ltr'>quod</span> <span class='ocrx_word' id='word_1_697' title='bbox 2094 2082 2280 2108; x_wconf 88' lang='lat' dir='ltr'>numerus</span> <span class='ocrx_word' id='word_1_698' title='bbox 2299 2069 2507 2120; x_wconf 85' lang='lat' dir='ltr'>praedesti-</span> 
     </span>
     <span class='ocr_line' id='line_1_104' title="bbox 1434 2123 2506 2172; baseline -0.001 -10"><span class='ocrx_word' id='word_1_699' title='bbox 1434 2131 1612 2162; x_wconf 90' lang='lat' dir='ltr'>natorum</span> <span class='ocrx_word' id='word_1_700' title='bbox 1641 2131 1697 2161; x_wconf 88' lang='lat' dir='ltr'>est</span> <span class='ocrx_word' id='word_1_701' title='bbox 1734 2131 1869 2161; x_wconf 90' lang='lat' dir='ltr'>certus.</span> <span class='ocrx_word' id='word_1_702' title='bbox 1910 2124 1986 2162; x_wconf 91' lang='lat' dir='ltr'>Sed</span> <span class='ocrx_word' id='word_1_703' title='bbox 2022 2124 2180 2172; x_wconf 90' lang='lat' dir='ltr'>quidam</span> <span class='ocrx_word' id='word_1_704' title='bbox 2213 2123 2388 2161; x_wconf 89' lang='lat' dir='ltr'>dixerunt</span> <span class='ocrx_word' id='word_1_705' title='bbox 2415 2135 2506 2161; x_wconf 87' lang='lat' dir='ltr'>eum</span> 
     </span>
     <span class='ocr_line' id='line_1_105' title="bbox 1435 2177 2508 2225; baseline 0 -11"><span class='ocrx_word' id='word_1_706' title='bbox 1435 2190 1517 2215; x_wconf 90' lang='lat' dir='ltr'>esse</span> <span class='ocrx_word' id='word_1_707' title='bbox 1546 2185 1691 2214; x_wconf 90' lang='lat' dir='ltr'>certum</span> <span class='ocrx_word' id='word_1_708' title='bbox 1720 2177 1939 2225; x_wconf 87' lang='lat' dir='ltr'>formaliter,</span> <span class='ocrx_word' id='word_1_709' title='bbox 1970 2177 2039 2215; x_wconf 90' lang='lat' dir='ltr'>sed</span> <span class='ocrx_word' id='word_1_710' title='bbox 2067 2189 2146 2214; x_wconf 93' lang='lat' dir='ltr'>non</span> <span class='ocrx_word' id='word_1_711' title='bbox 2175 2177 2436 2215; x_wconf 86' lang='lat' dir='ltr'>materialiter:</span> <span class='ocrx_word' id='word_1_712' title='bbox 2464 2182 2508 2215; x_wconf 88' lang='lat' dir='ltr'>ut</span> 
     </span>
     <span class='ocr_line' id='line_1_106' title="bbox 1433 2230 2508 2280; baseline 0 -12"><span class='ocrx_word' id='word_1_713' title='bbox 1433 2238 1527 2280; x_wconf 90' lang='lat' dir='ltr'>puta</span> <span class='ocrx_word' id='word_1_714' title='bbox 1552 2230 1581 2268; x_wconf 93' lang='lat' dir='ltr'>si</span> <span class='ocrx_word' id='word_1_715' title='bbox 1610 2230 1826 2268; x_wconf 88' lang='lat' dir='ltr'>diceremus</span> <span class='ocrx_word' id='word_1_716' title='bbox 1847 2238 1993 2267; x_wconf 88' lang='lat' dir='ltr'>certum</span> <span class='ocrx_word' id='word_1_717' title='bbox 2026 2243 2108 2268; x_wconf 89' lang='lat' dir='ltr'>esse</span> <span class='ocrx_word' id='word_1_718' title='bbox 2143 2230 2249 2279; x_wconf 92' lang='lat' dir='ltr'>quod</span> <span class='ocrx_word' id='word_1_719' title='bbox 2270 2238 2424 2268; x_wconf 89' lang='lat' dir='ltr'>centum</span> <span class='ocrx_word' id='word_1_720' title='bbox 2442 2230 2508 2271; x_wconf 80' lang='lat' dir='ltr'>vel</span> 
     </span>
     <span class='ocr_line' id='line_1_107' title="bbox 1434 2283 2507 2332; baseline 0.001 -11"><span class='ocrx_word' id='word_1_721' title='bbox 1434 2284 1537 2321; x_wconf 91' lang='lat' dir='ltr'>mille</span> <span class='ocrx_word' id='word_1_722' title='bbox 1565 2284 1768 2330; x_wconf 82' lang='lat' dir='ltr'>salventur,</span> <span class='ocrx_word' id='word_1_723' title='bbox 1799 2295 1878 2320; x_wconf 92' lang='lat' dir='ltr'>non</span> <span class='ocrx_word' id='word_1_724' title='bbox 1907 2291 2035 2320; x_wconf 89' lang='lat' dir='ltr'>autem</span> <span class='ocrx_word' id='word_1_725' title='bbox 2070 2285 2176 2332; x_wconf 91' lang='lat' dir='ltr'>quod</span> <span class='ocrx_word' id='word_1_726' title='bbox 2194 2284 2233 2320; x_wconf 89' lang='lat' dir='ltr'>hi</span> <span class='ocrx_word' id='word_1_727' title='bbox 2251 2285 2314 2320; x_wconf 90' lang='lat' dir='ltr'>vel</span> <span class='ocrx_word' id='word_1_728' title='bbox 2334 2283 2397 2322; x_wconf 87' lang='lat' dir='ltr'>illi.</span> <span class='ocrx_word' id='word_1_729' title='bbox 2427 2283 2507 2322; x_wconf 82' lang='lat' dir='ltr'>Sed</span> 
     </span>
     <span class='ocr_line' id='line_1_108' title="bbox 1433 2335 2506 2386; baseline 0 -12"><span class='ocrx_word' id='word_1_730' title='bbox 1433 2338 1509 2374; x_wconf 93' lang='lat' dir='ltr'>hoc</span> <span class='ocrx_word' id='word_1_731' title='bbox 1537 2336 1630 2373; x_wconf 89' lang='lat' dir='ltr'>tollit</span> <span class='ocrx_word' id='word_1_732' title='bbox 1658 2335 1921 2373; x_wconf 89' lang='lat' dir='ltr'>certitudinem</span> <span class='ocrx_word' id='word_1_733' title='bbox 1954 2336 2322 2385; x_wconf 87' lang='lat' dir='ltr'>praedestinationis,</span> <span class='ocrx_word' id='word_1_734' title='bbox 2353 2337 2401 2374; x_wconf 91' lang='lat' dir='ltr'>de</span> <span class='ocrx_word' id='word_1_735' title='bbox 2429 2348 2506 2386; x_wconf 83' lang='lat' dir='ltr'>qua</span> 
     </span>
     <span class='ocr_line' id='line_1_109' title="bbox 1434 2389 2504 2440; baseline 0.002 -14"><span class='ocrx_word' id='word_1_736' title='bbox 1434 2390 1509 2427; x_wconf 89' lang='lat' dir='ltr'>iam</span> <span class='ocrx_word' id='word_1_737' title='bbox 1530 2389 1550 2412; x_wconf 77' lang='lat'>&#39;¹¹</span> <span class='ocrx_word' id='word_1_738' title='bbox 1579 2389 1754 2426; x_wconf 87' lang='lat' dir='ltr'>diximus.</span> <span class='ocrx_word' id='word_1_739' title='bbox 1785 2389 1834 2426; x_wconf 87' lang='lat' dir='ltr'>Et</span> <span class='ocrx_word' id='word_1_740' title='bbox 1860 2389 1948 2426; x_wconf 94' lang='lat' dir='ltr'>ideo</span> <span class='ocrx_word' id='word_1_741' title='bbox 1978 2396 2129 2438; x_wconf 92' lang='lat' dir='ltr'>oportet</span> <span class='ocrx_word' id='word_1_742' title='bbox 2152 2389 2277 2427; x_wconf 89' lang='lat' dir='ltr'>dicere</span> <span class='ocrx_word' id='word_1_743' title='bbox 2310 2390 2416 2440; x_wconf 93' lang='lat' dir='ltr'>quod</span> <span class='ocrx_word' id='word_1_744' title='bbox 2434 2401 2504 2428; x_wconf 89' lang='lat' dir='ltr'>nu-</span> 
     </span>
     <span class='ocr_line' id='line_1_110' title="bbox 1434 2441 2504 2492; baseline 0 -12"><span class='ocrx_word' id='word_1_745' title='bbox 1434 2455 1563 2480; x_wconf 90' lang='lat' dir='ltr'>merus</span> <span class='ocrx_word' id='word_1_746' title='bbox 1591 2442 1963 2492; x_wconf 89' lang='lat' dir='ltr'>praedestinatorum</span> <span class='ocrx_word' id='word_1_747' title='bbox 1986 2442 2030 2479; x_wconf 92' lang='lat' dir='ltr'>sit</span> <span class='ocrx_word' id='word_1_748' title='bbox 2050 2450 2174 2480; x_wconf 89' lang='lat' dir='ltr'>certus</span> <span class='ocrx_word' id='word_1_749' title='bbox 2192 2444 2277 2480; x_wconf 91' lang='lat' dir='ltr'>Deo</span> <span class='ocrx_word' id='word_1_750' title='bbox 2297 2441 2315 2472; x_wconf 72' lang='grc' dir='ltr'><em>Ρ</em></span> <span class='ocrx_word' id='word_1_751' title='bbox 2344 2455 2423 2481; x_wconf 93' lang='lat' dir='ltr'>non</span> <span class='ocrx_word' id='word_1_752' title='bbox 2443 2455 2504 2480; x_wconf 93' lang='lat' dir='ltr'>so-</span> 
     </span>
     <span class='ocr_line' id='line_1_111' title="bbox 1434 2495 2289 2543; baseline -0.001 -9"><span class='ocrx_word' id='word_1_753' title='bbox 1434 2497 1514 2534; x_wconf 89' lang='lat' dir='ltr'>lum</span> <span class='ocrx_word' id='word_1_754' title='bbox 1542 2495 1765 2543; x_wconf 88' lang='lat' dir='ltr'>formaliter,</span> <span class='ocrx_word' id='word_1_755' title='bbox 1795 2496 1864 2533; x_wconf 90' lang='lat' dir='ltr'>sed</span> <span class='ocrx_word' id='word_1_756' title='bbox 1893 2495 2006 2533; x_wconf 85' lang='lat' dir='ltr'>etiam</span> <span class='ocrx_word' id='word_1_757' title='bbox 2036 2495 2289 2533; x_wconf 90' lang='lat' dir='ltr'>materialiter.</span> 
     </span>
    </p>

    <p class='ocr_par' dir='ltr' id='par_1_26' title="bbox 1434 2549 2506 2854">
     <span class='ocr_line' id='line_1_112' title="bbox 1488 2549 2505 2598; baseline 0 -12"><span class='ocrx_word' id='word_1_758' title='bbox 1488 2549 1567 2587; x_wconf 91' lang='lat' dir='ltr'>Sed</span> <span class='ocrx_word' id='word_1_759' title='bbox 1594 2549 1873 2587; x_wconf 89' lang='lat' dir='ltr'>advertendum</span> <span class='ocrx_word' id='word_1_760' title='bbox 1909 2557 1965 2586; x_wconf 92' lang='lat' dir='ltr'>est</span> <span class='ocrx_word' id='word_1_761' title='bbox 2001 2549 2107 2597; x_wconf 89' lang='lat' dir='ltr'>quod</span> <span class='ocrx_word' id='word_1_762' title='bbox 2135 2561 2318 2586; x_wconf 89' lang='lat' dir='ltr'>numerus</span> <span class='ocrx_word' id='word_1_763' title='bbox 2346 2549 2505 2598; x_wconf 87' lang='lat' dir='ltr'>praede-</span> 
     </span>
     <span class='ocr_line' id='line_1_113' title="bbox 1434 2601 2504 2649; baseline 0 -9"><span class='ocrx_word' id='word_1_764' title='bbox 1434 2603 1658 2640; x_wconf 89' lang='lat' dir='ltr'>stinatorum</span> <span class='ocrx_word' id='word_1_765' title='bbox 1679 2610 1802 2639; x_wconf 89' lang='lat' dir='ltr'>certus</span> <span class='ocrx_word' id='word_1_766' title='bbox 1831 2603 1916 2639; x_wconf 91' lang='lat' dir='ltr'>Deo</span> <span class='ocrx_word' id='word_1_767' title='bbox 1938 2601 2083 2649; x_wconf 88' lang='lat' dir='ltr'>dicitur,</span> <span class='ocrx_word' id='word_1_768' title='bbox 2105 2614 2184 2639; x_wconf 91' lang='lat' dir='ltr'>non</span> <span class='ocrx_word' id='word_1_769' title='bbox 2213 2603 2338 2639; x_wconf 89' lang='lat' dir='ltr'>solum</span> <span class='ocrx_word' id='word_1_770' title='bbox 2359 2601 2504 2640; x_wconf 87' lang='lat' dir='ltr'>ratione</span> 
     </span>
     <span class='ocr_line' id='line_1_114' title="bbox 1435 2654 2506 2705; baseline 0.001 -13"><span class='ocrx_word' id='word_1_771' title='bbox 1435 2655 1675 2704; x_wconf 88' lang='lat' dir='ltr'>cognitionis,</span> <span class='ocrx_word' id='word_1_772' title='bbox 1706 2655 1796 2704; x_wconf 90' lang='lat' dir='ltr'>quia</span> <span class='ocrx_word' id='word_1_773' title='bbox 1824 2655 1965 2692; x_wconf 92' lang='lat' dir='ltr'>scilicet</span> <span class='ocrx_word' id='word_1_774' title='bbox 1993 2656 2063 2692; x_wconf 92' lang='lat' dir='ltr'>scit</span> <span class='ocrx_word' id='word_1_775' title='bbox 2091 2663 2185 2705; x_wconf 90' lang='lat' dir='ltr'>quot</span> <span class='ocrx_word' id='word_1_776' title='bbox 2213 2663 2301 2693; x_wconf 92' lang='lat' dir='ltr'>sunt</span> <span class='ocrx_word' id='word_1_777' title='bbox 2333 2654 2506 2695; x_wconf 79' lang='lat' dir='ltr'>salvandi</span> 
     </span>
     <span class='ocr_line' id='line_1_115' title="bbox 1434 2708 2505 2758; baseline -0.001 -11"><span class='ocrx_word' id='word_1_778' title='bbox 1434 2709 1502 2757; x_wconf 86' lang='lat' dir='ltr'>(sic</span> <span class='ocrx_word' id='word_1_779' title='bbox 1531 2709 1632 2747; x_wconf 89' lang='lat' dir='ltr'>enim</span> <span class='ocrx_word' id='word_1_780' title='bbox 1661 2709 1746 2746; x_wconf 93' lang='lat' dir='ltr'>Deo</span> <span class='ocrx_word' id='word_1_781' title='bbox 1767 2714 1781 2735; x_wconf 82' lang='lat'>⁷</span> <span class='ocrx_word' id='word_1_782' title='bbox 1811 2716 1933 2746; x_wconf 91' lang='lat' dir='ltr'>certus</span> <span class='ocrx_word' id='word_1_783' title='bbox 1963 2717 2019 2746; x_wconf 90' lang='lat' dir='ltr'>est</span> <span class='ocrx_word' id='word_1_784' title='bbox 2047 2708 2161 2746; x_wconf 89' lang='lat' dir='ltr'>etiam</span> <span class='ocrx_word' id='word_1_785' title='bbox 2182 2721 2365 2746; x_wconf 88' lang='lat' dir='ltr'>numerus</span> <span class='ocrx_word' id='word_1_786' title='bbox 2384 2716 2505 2758; x_wconf 84' lang='lat' dir='ltr'>gutta-</span> 
     </span>
     <span class='ocr_line' id='line_1_116' title="bbox 1435 2762 2504 2811; baseline 0 -11"><span class='ocrx_word' id='word_1_787' title='bbox 1435 2774 1520 2800; x_wconf 91' lang='lat' dir='ltr'>rum</span> <span class='ocrx_word' id='word_1_788' title='bbox 1548 2762 1713 2811; x_wconf 87' lang='lat' dir='ltr'>pluviae,</span> <span class='ocrx_word' id='word_1_789' title='bbox 1745 2770 1781 2799; x_wconf 92' lang='lat' dir='ltr'>et</span> <span class='ocrx_word' id='word_1_790' title='bbox 1809 2774 1947 2799; x_wconf 89' lang='lat' dir='ltr'>arenae</span> <span class='ocrx_word' id='word_1_791' title='bbox 1974 2762 2124 2809; x_wconf 89' lang='lat' dir='ltr'>maris);</span> <span class='ocrx_word' id='word_1_792' title='bbox 2155 2762 2222 2799; x_wconf 91' lang='lat' dir='ltr'>sed</span> <span class='ocrx_word' id='word_1_793' title='bbox 2255 2762 2400 2801; x_wconf 86' lang='lat' dir='ltr'>ratione</span> <span class='ocrx_word' id='word_1_794' title='bbox 2430 2762 2504 2800; x_wconf 82' lang='lat' dir='ltr'>ele·</span> 
     </span>
     <span class='ocr_line' id='line_1_117' title="bbox 1435 2813 2167 2854; baseline -0.001 0"><span class='ocrx_word' id='word_1_795' title='bbox 1435 2816 1570 2854; x_wconf 86' lang='lat' dir='ltr'>ctionis</span> <span class='ocrx_word' id='word_1_796' title='bbox 1597 2823 1634 2852; x_wconf 90' lang='lat' dir='ltr'>et</span> <span class='ocrx_word' id='word_1_797' title='bbox 1662 2815 1892 2852; x_wconf 90' lang='lat' dir='ltr'>definitionis</span> <span class='ocrx_word' id='word_1_798' title='bbox 1912 2813 1926 2837; x_wconf 65' lang='grc' dir='ltr'><em>ὃ</em></span> <span class='ocrx_word' id='word_1_799' title='bbox 1954 2815 2167 2853; x_wconf 90' lang='lat' dir='ltr'>cuiusdam.</span> 
     </span>
    </p>

    <p class='ocr_par' dir='ltr' id='par_1_27' title="bbox 1432 2868 2504 3502">
     <span class='ocr_line' id='line_1_118' title="bbox 1487 2868 2502 2917; baseline -0.001 -10"><span class='ocrx_word' id='word_1_800' title='bbox 1487 2869 1550 2907; x_wconf 93' lang='lat' dir='ltr'>Ad</span> <span class='ocrx_word' id='word_1_801' title='bbox 1569 2868 1675 2905; x_wconf 93' lang='lat' dir='ltr'>cuius</span> <span class='ocrx_word' id='word_1_802' title='bbox 1699 2868 1944 2916; x_wconf 87' lang='lat' dir='ltr'>evidentiam,</span> <span class='ocrx_word' id='word_1_803' title='bbox 1966 2876 2021 2906; x_wconf 91' lang='lat' dir='ltr'>est</span> <span class='ocrx_word' id='word_1_804' title='bbox 2040 2868 2238 2906; x_wconf 89' lang='lat' dir='ltr'>sciendum</span> <span class='ocrx_word' id='word_1_805' title='bbox 2261 2868 2366 2917; x_wconf 88' lang='lat' dir='ltr'>quod</span> <span class='ocrx_word' id='word_1_806' title='bbox 2386 2880 2502 2906; x_wconf 89' lang='lat' dir='ltr'>omne</span> 
     </span>
     <span class='ocr_line' id='line_1_119' title="bbox 1434 2921 2504 2972; baseline -0.002 -12"><span class='ocrx_word' id='word_1_807' title='bbox 1434 2935 1549 2971; x_wconf 87' lang='lat' dir='ltr'>agens</span> <span class='ocrx_word' id='word_1_808' title='bbox 1578 2922 1736 2959; x_wconf 90' lang='lat' dir='ltr'>intendit</span> <span class='ocrx_word' id='word_1_809' title='bbox 1763 2922 1886 2958; x_wconf 88' lang='lat' dir='ltr'>facere</span> <span class='ocrx_word' id='word_1_810' title='bbox 1906 2930 1917 2946; x_wconf 62' lang='grc' dir='ltr'>ε</span> <span class='ocrx_word' id='word_1_811' title='bbox 1945 2921 2085 2972; x_wconf 88' lang='lat' dir='ltr'>aliquid</span> <span class='ocrx_word' id='word_1_812' title='bbox 2113 2921 2276 2968; x_wconf 87' lang='lat' dir='ltr'>finitum,</span> <span class='ocrx_word' id='word_1_813' title='bbox 2306 2928 2348 2958; x_wconf 90' lang='lat' dir='ltr'>ut</span> <span class='ocrx_word' id='word_1_814' title='bbox 2376 2933 2422 2958; x_wconf 89' lang='lat' dir='ltr'>ex</span> <span class='ocrx_word' id='word_1_815' title='bbox 2442 2933 2504 2959; x_wconf 92' lang='lat' dir='ltr'>su-</span> 
     </span>
     <span class='ocr_line' id='line_1_120' title="bbox 1433 2974 2503 3026; baseline -0.001 -13"><span class='ocrx_word' id='word_1_816' title='bbox 1433 2975 1611 3026; x_wconf 88' lang='lat' dir='ltr'>pradictis</span> <span class='ocrx_word' id='word_1_817' title='bbox 1632 2975 1679 3013; x_wconf 93' lang='lat' dir='ltr'>de</span> <span class='ocrx_word' id='word_1_818' title='bbox 1699 2975 1847 3012; x_wconf 89' lang='lat' dir='ltr'>infinito</span> <span class='ocrx_word' id='word_1_819' title='bbox 1867 2975 1887 2997; x_wconf 83' lang='lat'>*</span> <span class='ocrx_word' id='word_1_820' title='bbox 1907 2982 2076 3025; x_wconf 91' lang='lat' dir='ltr'>apparet.</span> <span class='ocrx_word' id='word_1_821' title='bbox 2102 2974 2348 3023; x_wconf 90' lang='lat' dir='ltr'>Quicumque</span> <span class='ocrx_word' id='word_1_822' title='bbox 2373 2982 2503 3012; x_wconf 88' lang='lat' dir='ltr'>autem</span> 
     </span>
     <span class='ocr_line' id='line_1_121' title="bbox 1433 3027 2502 3077; baseline 0 -11"><span class='ocrx_word' id='word_1_823' title='bbox 1433 3029 1594 3066; x_wconf 91' lang='lat' dir='ltr'>intendit</span> <span class='ocrx_word' id='word_1_824' title='bbox 1621 3028 1788 3077; x_wconf 90' lang='lat' dir='ltr'>aliquam</span> <span class='ocrx_word' id='word_1_825' title='bbox 1818 3028 2109 3066; x_wconf 88' lang='lat' dir='ltr'>determinatam</span> <span class='ocrx_word' id='word_1_826' title='bbox 2129 3039 2352 3064; x_wconf 90' lang='lat' dir='ltr'>mensuram</span> <span class='ocrx_word' id='word_1_827' title='bbox 2373 3027 2412 3065; x_wconf 93' lang='lat' dir='ltr'>in</span> <span class='ocrx_word' id='word_1_828' title='bbox 2431 3040 2502 3066; x_wconf 92' lang='lat' dir='ltr'>suo</span> 
     </span>
     <span class='ocr_line' id='line_1_122' title="bbox 1435 3081 2503 3131; baseline 0 -12"><span class='ocrx_word' id='word_1_829' title='bbox 1435 3082 1588 3129; x_wconf 87' lang='lat' dir='ltr'>effectu,</span> <span class='ocrx_word' id='word_1_830' title='bbox 1619 3081 1804 3130; x_wconf 88' lang='lat' dir='ltr'>excogitat</span> <span class='ocrx_word' id='word_1_831' title='bbox 1832 3082 1998 3131; x_wconf 89' lang='lat' dir='ltr'>aliquem</span> <span class='ocrx_word' id='word_1_832' title='bbox 2031 3093 2237 3118; x_wconf 91' lang='lat' dir='ltr'>numerum</span> <span class='ocrx_word' id='word_1_833' title='bbox 2266 3081 2305 3118; x_wconf 92' lang='lat' dir='ltr'>in</span> <span class='ocrx_word' id='word_1_834' title='bbox 2332 3081 2503 3131; x_wconf 88' lang='lat' dir='ltr'>partibus</span> 
     </span>
     <span class='ocr_line' id='line_1_123' title="bbox 1434 3134 2503 3184; baseline 0 -12"><span class='ocrx_word' id='word_1_835' title='bbox 1434 3135 1696 3172; x_wconf 90' lang='lat' dir='ltr'>essentialibus</span> <span class='ocrx_word' id='word_1_836' title='bbox 1730 3135 1830 3182; x_wconf 90' lang='lat' dir='ltr'>eius,</span> <span class='ocrx_word' id='word_1_837' title='bbox 1861 3147 1959 3184; x_wconf 90' lang='lat' dir='ltr'>quae</span> <span class='ocrx_word' id='word_1_838' title='bbox 1992 3146 2061 3184; x_wconf 91' lang='lat' dir='ltr'>per</span> <span class='ocrx_word' id='word_1_839' title='bbox 2097 3146 2137 3171; x_wconf 92' lang='lat' dir='ltr'>se</span> <span class='ocrx_word' id='word_1_840' title='bbox 2175 3134 2418 3183; x_wconf 87' lang='lat' dir='ltr'>requiruntur</span> <span class='ocrx_word' id='word_1_841' title='bbox 2454 3134 2503 3172; x_wconf 89' lang='lat' dir='ltr'>ad</span> 
     </span>
     <span class='ocr_line' id='line_1_124' title="bbox 1432 3187 2503 3237; baseline 0.001 -12"><span class='ocrx_word' id='word_1_842' title='bbox 1432 3189 1708 3237; x_wconf 88' lang='lat' dir='ltr'>perfectionem</span> <span class='ocrx_word' id='word_1_843' title='bbox 1736 3188 1862 3225; x_wconf 87' lang='lat' dir='ltr'>totius.</span> <span class='ocrx_word' id='word_1_844' title='bbox 1893 3189 1985 3226; x_wconf 92' lang='lat' dir='ltr'>Non</span> <span class='ocrx_word' id='word_1_845' title='bbox 2014 3187 2116 3224; x_wconf 88' lang='lat' dir='ltr'>enirn</span> <span class='ocrx_word' id='word_1_846' title='bbox 2145 3199 2215 3236; x_wconf 91' lang='lat' dir='ltr'>per</span> <span class='ocrx_word' id='word_1_847' title='bbox 2242 3199 2283 3224; x_wconf 88' lang='lat' dir='ltr'>se</span> <span class='ocrx_word' id='word_1_848' title='bbox 2312 3187 2412 3236; x_wconf 88' lang='lat' dir='ltr'>eligit</span> <span class='ocrx_word' id='word_1_849' title='bbox 2438 3188 2503 3226; x_wconf 91' lang='lat' dir='ltr'>ali-</span> 
     </span>
     <span class='ocr_line' id='line_1_125' title="bbox 1434 3240 2502 3290; baseline 0 -12"><span class='ocrx_word' id='word_1_850' title='bbox 1434 3254 1550 3290; x_wconf 89' lang='lat' dir='ltr'>quem</span> <span class='ocrx_word' id='word_1_851' title='bbox 1576 3254 1782 3278; x_wconf 88' lang='lat' dir='ltr'>numerum</span> <span class='ocrx_word' id='word_1_852' title='bbox 1811 3241 1849 3279; x_wconf 93' lang='lat' dir='ltr'>in</span> <span class='ocrx_word' id='word_1_853' title='bbox 1877 3242 1936 3278; x_wconf 93' lang='lat' dir='ltr'>his</span> <span class='ocrx_word' id='word_1_854' title='bbox 1955 3253 2054 3290; x_wconf 90' lang='lat' dir='ltr'>quae</span> <span class='ocrx_word' id='word_1_855' title='bbox 2073 3252 2152 3277; x_wconf 91' lang='lat' dir='ltr'>non</span> <span class='ocrx_word' id='word_1_856' title='bbox 2171 3240 2428 3290; x_wconf 88' lang='lat' dir='ltr'>principaliter</span> <span class='ocrx_word' id='word_1_857' title='bbox 2447 3253 2502 3278; x_wconf 88' lang='lat' dir='ltr'>re-</span> 
     </span>
     <span class='ocr_line' id='line_1_126' title="bbox 1433 3293 2501 3344; baseline 0.001 -13"><span class='ocrx_word' id='word_1_858' title='bbox 1433 3294 1644 3344; x_wconf 88' lang='lat' dir='ltr'>quiruntur,</span> <span class='ocrx_word' id='word_1_859' title='bbox 1666 3294 1732 3332; x_wconf 91' lang='lat' dir='ltr'>sed</span> <span class='ocrx_word' id='word_1_860' title='bbox 1753 3295 1877 3332; x_wconf 88' lang='lat' dir='ltr'>solum</span> <span class='ocrx_word' id='word_1_861' title='bbox 1897 3301 2053 3344; x_wconf 86' lang='lat' dir='ltr'>propter</span> <span class='ocrx_word' id='word_1_862' title='bbox 2081 3293 2203 3331; x_wconf 87' lang='lat' dir='ltr'>aliud:</span> <span class='ocrx_word' id='word_1_863' title='bbox 2233 3294 2302 3331; x_wconf 90' lang='lat' dir='ltr'>sed</span> <span class='ocrx_word' id='word_1_864' title='bbox 2329 3294 2368 3331; x_wconf 92' lang='lat' dir='ltr'>in</span> <span class='ocrx_word' id='word_1_865' title='bbox 2396 3301 2501 3332; x_wconf 88' lang='lat' dir='ltr'>tanto</span> 
     </span>
     <span class='ocr_line' id='line_1_127' title="bbox 1433 3347 2501 3396; baseline -0.001 -11"><span class='ocrx_word' id='word_1_866' title='bbox 1433 3360 1596 3385; x_wconf 89' lang='lat' dir='ltr'>numero</span> <span class='ocrx_word' id='word_1_867' title='bbox 1625 3348 1761 3396; x_wconf 87' lang='lat' dir='ltr'>accipit</span> <span class='ocrx_word' id='word_1_868' title='bbox 1794 3347 2035 3394; x_wconf 89' lang='lat' dir='ltr'>huiusmodi,</span> <span class='ocrx_word' id='word_1_869' title='bbox 2066 3347 2292 3396; x_wconf 87' lang='lat' dir='ltr'>inquantum</span> <span class='ocrx_word' id='word_1_870' title='bbox 2322 3355 2409 3384; x_wconf 92' lang='lat' dir='ltr'>sunt</span> <span class='ocrx_word' id='word_1_871' title='bbox 2436 3359 2501 3384; x_wconf 88' lang='lat' dir='ltr'>ne-</span> 
     </span>
     <span class='ocr_line' id='line_1_128' title="bbox 1434 3400 2502 3450; baseline 0 -12"><span class='ocrx_word' id='word_1_872' title='bbox 1434 3401 1594 3438; x_wconf 88' lang='lat' dir='ltr'>cessaria</span> <span class='ocrx_word' id='word_1_873' title='bbox 1621 3409 1777 3450; x_wconf 90' lang='lat' dir='ltr'>propter</span> <span class='ocrx_word' id='word_1_874' title='bbox 1804 3401 1922 3443; x_wconf 64' lang='lat' dir='ltr'>aliud.</span> <span class='ocrx_word' id='word_1_875' title='bbox 1949 3400 2054 3437; x_wconf 91' lang='lat' dir='ltr'>Sicut</span> <span class='ocrx_word' id='word_1_876' title='bbox 2077 3400 2298 3437; x_wconf 89' lang='lat' dir='ltr'>aedificator</span> <span class='ocrx_word' id='word_1_877' title='bbox 2318 3400 2502 3448; x_wconf 88' lang='lat' dir='ltr'>excogitat</span> 
     </span>
     <span class='ocr_line' id='line_1_129' title="bbox 1433 3452 2500 3502; baseline -0.001 -11"><span class='ocrx_word' id='word_1_878' title='bbox 1433 3454 1724 3492; x_wconf 88' lang='lat' dir='ltr'>determinatam</span> <span class='ocrx_word' id='word_1_879' title='bbox 1753 3465 1973 3491; x_wconf 88' lang='lat' dir='ltr'>mensuram</span> <span class='ocrx_word' id='word_1_880' title='bbox 2002 3453 2153 3502; x_wconf 87' lang='lat' dir='ltr'>domus,</span> <span class='ocrx_word' id='word_1_881' title='bbox 2175 3460 2212 3490; x_wconf 92' lang='lat' dir='ltr'>et</span> <span class='ocrx_word' id='word_1_882' title='bbox 2236 3453 2350 3490; x_wconf 91' lang='lat' dir='ltr'>etiam</span> <span class='ocrx_word' id='word_1_883' title='bbox 2378 3452 2500 3490; x_wconf 90' lang='lat' dir='ltr'>deter-</span> 
     </span>
    </p>
   </div>
   <div class='ocr_carea' id='block_1_16' title="bbox 1483 3576 2462 3680">
    <p class='ocr_par' dir='ltr' id='par_1_28' title="bbox 1483 3576 2462 3680">
     <span class='ocr_line' id='line_1_130' title="bbox 1484 3576 2123 3610; baseline -0.002 -8"><span class='ocrx_word' id='word_1_884' title='bbox 1484 3578 1510 3610; x_wconf 86' lang='grc' dir='ltr'>γ)</span> <span class='ocrx_word' id='word_1_885' title='bbox 1532 3577 1597 3602; x_wconf 89' lang='lat' dir='ltr'>Deo.</span> <span class='ocrx_word' id='word_1_886' title='bbox 1614 3590 1635 3597; x_wconf 88' lang='lat'><em>-</em></span> <span class='ocrx_word' id='word_1_887' title='bbox 1652 3577 1714 3601; x_wconf 90' lang='lat' dir='ltr'>Om.</span> <span class='ocrx_word' id='word_1_888' title='bbox 1726 3576 1780 3601; x_wconf 85' lang='lat' dir='ltr'>FG.</span> <span class='ocrx_word' id='word_1_889' title='bbox 1799 3590 1818 3596; x_wconf 97' lang='lat'><em>-</em></span> <span class='ocrx_word' id='word_1_890' title='bbox 1835 3576 1915 3602; x_wconf 81' lang='lat' dir='ltr'>etiam</span> <span class='ocrx_word' id='word_1_891' title='bbox 1934 3584 1988 3601; x_wconf 89' lang='lat' dir='ltr'>om.</span> <span class='ocrx_word' id='word_1_892' title='bbox 2002 3577 2123 3602; x_wconf 84' lang='lat' dir='ltr'>ABCDE.</span> 
     </span>
     <span class='ocr_line' id='line_1_131' title="bbox 1483 3610 2462 3644; baseline -0.002 -7"><span class='ocrx_word' id='word_1_893' title='bbox 1483 3611 1508 3644; x_wconf 85' lang='grc' dir='ltr'>ὃ)</span> <span class='ocrx_word' id='word_1_894' title='bbox 1528 3612 1662 3637; x_wconf 76' lang='lat' dir='ltr'>electionis</span> <span class='ocrx_word' id='word_1_895' title='bbox 1681 3615 1707 3636; x_wconf 88' lang='lat' dir='ltr'>et</span> <span class='ocrx_word' id='word_1_896' title='bbox 1725 3611 1895 3644; x_wconf 72' lang='lat' dir='ltr'>definitionis.</span> <span class='ocrx_word' id='word_1_897' title='bbox 1913 3625 1932 3630; x_wconf 97' lang='lat'>—</span> <span class='ocrx_word' id='word_1_898' title='bbox 1950 3612 2130 3637; x_wconf 80' lang='lat' dir='ltr'>distinctionis</span> <span class='ocrx_word' id='word_1_899' title='bbox 2147 3615 2174 3637; x_wconf 87' lang='lat' dir='ltr'>et</span> <span class='ocrx_word' id='word_1_900' title='bbox 2192 3610 2327 3637; x_wconf 68' lang='lat' dir='ltr'>electionis</span> <span class='ocrx_word' id='word_1_901' title='bbox 2341 3610 2462 3635; x_wconf 80' lang='lat' dir='ltr'>ABCDE.</span> 
     </span>
     <span class='ocr_line' id='line_1_132' title="bbox 1483 3646 2444 3680; baseline -0.002 -8"><span class='ocrx_word' id='word_1_902' title='bbox 1483 3648 1506 3680; x_wconf 84' lang='grc' dir='ltr'>ε)</span> <span class='ocrx_word' id='word_1_903' title='bbox 1519 3647 1622 3680; x_wconf 80' lang='lat' dir='ltr'>facere.</span> <span class='ocrx_word' id='word_1_904' title='bbox 1639 3661 1657 3666; x_wconf 99' lang='lat'>-</span> <span class='ocrx_word' id='word_1_905' title='bbox 1676 3648 1737 3672; x_wconf 90' lang='lat' dir='ltr'>Om.</span> <span class='ocrx_word' id='word_1_906' title='bbox 1756 3647 1878 3672; x_wconf 83' lang='lat' dir='ltr'>ABCDE.</span> <span class='ocrx_word' id='word_1_907' title='bbox 1895 3661 1915 3666; x_wconf 95' lang='lat'><em>-</em></span> <span class='ocrx_word' id='word_1_908' title='bbox 1934 3647 1984 3672; x_wconf 86' lang='lat' dir='ltr'>Pro</span> <span class='ocrx_word' id='word_1_909' title='bbox 2003 3647 2119 3680; x_wconf 73' lang='lat' dir='ltr'>aliquid,</span> <span class='ocrx_word' id='word_1_910' title='bbox 2138 3647 2249 3680; x_wconf 75' lang='lat' dir='ltr'>aliquod</span> <span class='ocrx_word' id='word_1_911' title='bbox 2266 3646 2444 3672; x_wconf 79' lang='lat' dir='ltr'>ABCDEFab.</span> 
     </span>
    </p>
   </div>
   <div class='ocr_carea' id='block_1_17' title="bbox 2534 1211 2680 1235">
    <p class='ocr_par' dir='ltr' id='par_1_29' title="bbox 2534 1211 2680 1235">
     <span class='ocr_line' id='line_1_133' title="bbox 2534 1211 2680 1235; baseline -0.014 1"><span class='ocrx_word' id='word_1_912' title='bbox 2534 1212 2544 1223; x_wconf 87' lang='lat'>&#39;</span> <span class='ocrx_word' id='word_1_913' title='bbox 2559 1212 2624 1235; x_wconf 74' lang='lat' dir='ltr'>Loco</span> <span class='ocrx_word' id='word_1_914' title='bbox 2639 1211 2680 1235; x_wconf 78' lang='lat' dir='ltr'>eit.</span> 
     </span>
    </p>
   </div>
   <div class='ocr_carea' id='block_1_18' title="bbox 2530 2403 2734 2432">
    <p class='ocr_par' dir='ltr' id='par_1_30' title="bbox 2530 2403 2734 2432">
     <span class='ocr_line' id='line_1_134' title="bbox 2530 2403 2734 2432; baseline 0 -6"><span class='ocrx_word' id='word_1_915' title='bbox 2530 2403 2543 2415; x_wconf 73' lang='lat'>&#39;⁸</span> <span class='ocrx_word' id='word_1_916' title='bbox 2557 2403 2610 2426; x_wconf 76' lang='lat' dir='ltr'>Art.</span> <span class='ocrx_word' id='word_1_917' title='bbox 2625 2404 2734 2432; x_wconf 72' lang='lat' dir='ltr'>praeced.</span> 
     </span>
    </p>
   </div>
   <div class='ocr_carea' id='block_1_19' title="bbox 2630 2443 2646 2479">
    <p class='ocr_par' dir='ltr' id='par_1_31' title="bbox 2630 2443 2646 2479">
     <span class='ocr_line' id='line_1_135' title="bbox 2630 2443 2646 2479; baseline 0 0"><span class='ocrx_word' id='word_1_918' title='bbox 2630 2443 2646 2479; x_wconf 80' lang='grc' dir='ltr'><strong>β</strong></span> 
     </span>
    </p>
   </div>
   <div class='ocr_carea' id='block_1_20' title="bbox 2529 2983 2743 3012">
    <p class='ocr_par' dir='ltr' id='par_1_32' title="bbox 2529 2983 2743 3012">
     <span class='ocr_line' id='line_1_136' title="bbox 2529 2983 2743 3012; baseline 0 -6"><span class='ocrx_word' id='word_1_919' title='bbox 2529 2986 2539 2995; x_wconf 75' lang='lat'>&#39;</span> <span class='ocrx_word' id='word_1_920' title='bbox 2556 2983 2606 3012; x_wconf 86' lang='lat' dir='ltr'>Qu.</span> <span class='ocrx_word' id='word_1_921' title='bbox 2615 2988 2656 3012; x_wconf 77' lang='lat' dir='ltr'>vn,</span> <span class='ocrx_word' id='word_1_922' title='bbox 2667 2987 2710 3007; x_wconf 76' lang='lat' dir='ltr'>m.</span> <span class='ocrx_word' id='word_1_923' title='bbox 2718 2990 2743 3011; x_wconf 86' lang='grc'>4.</span> 
     </span>
    </p>
   </div>
  </div>
 </body>
</html>
