2768 4178
78 677 87 686 ·
103 675 172 697 Vers.
186 682 222 702 24.

82 1596 94 1607 ⁸
109 1595 146 1617 cf.
160 1601 224 1617 num.
240 1601 275 1617 ιιι.

81 1815 92 1826 ¹⁵
109 1816 167 1844 Cap.
180 1822 195 1844 1,
211 1822 234 1838 n.
246 1823 268 1844 7.

84 2392 96 2403 ¹*
112 2392 148 2415 ef.
163 2399 226 2415 num.
243 2399 258 2415 ι.

316 276 391 312 3ιο

315 363 512 392 ostensum
542 361 617 391 est:
646 355 750 392 unde
778 355 942 391 verbum
971 356 1185 404 procedens
1214 356 1387 405 procedit

314 416 355 444 ut
384 408 554 445 eiusdem
593 415 749 445 naturae
787 407 1006 445 subsistens.
1046 409 1095 445 Et
1127 416 1283 457 propter
1311 410 1386 445 hoc

315 461 468 510 proprie
499 460 633 498 dicitur
671 460 840 509 genitum
870 469 906 498 et
943 461 1070 499 Filius.
1110 462 1222 499 Unde
1258 469 1294 498 et
1330 462 1386 498 his

317 526 414 563 quae
443 514 632 563 pertinent
655 515 702 552 ad
723 515 1008 562 generationem
1026 515 1252 561 viventium,
1273 514 1388 551 utitur

318 567 511 615 Scriptura
540 568 587 604 ad
617 567 903 615 significandam
929 568 1216 616 processionem
1237 567 1387 605 divinae

318 620 545 669 sapientiae,
577 621 716 658 scilicet
744 621 982 669 conceptione
1010 629 1046 657 et
1077 627 1219 669 partu:
1253 621 1388 658 dicitur

319 673 420 710 enim
439 685 483 710 ex
498 686 666 722 persona
681 674 832 711 divinae
849 673 1068 722 sapientiae,
1084 675 1264 711 Proverb.
1275 685 1335 711 vm
1350 674 1386 710 *ε

319 726 486 763 nondum
515 733 624 764 erant
651 727 790 776 abyssi,
819 733 854 763 et
871 739 942 776 ego
963 727 1040 764 iam
1061 733 1238 776 concepta
1259 739 1389 771 eram,-

318 785 405 816 ante
432 780 543 818 colles
570 793 642 831 ego
656 780 913 829 parturiebar.
944 780 1021 817 Sed
1046 780 1084 816 in
1105 780 1292 817 intellectu
1321 792 1389 816 no-

319 839 396 870 stro
415 833 560 870 utimur
579 834 736 871 nomine
757 834 1016 881 conceptionis,
1042 833 1254 870 secundum
1284 832 1390 881 quod

319 885 357 922 in
389 887 512 923 verbo
551 887 669 924 nostri
706 887 916 923 intellectus
954 886 1145 923 invenitur
1183 886 1389 922 similitudo

319 939 373 975 rei
400 939 621 987 intellectae,
651 940 736 976 licet
761 951 840 976 non
867 939 1083 977 inveniatur
1102 947 1260 977 naturae
1285 939 1390 976 iden-

318 991 402 1029 titas
428 992 452 1028 ς.

373 1047 431 1082 AD
452 1057 612 1082 TERTIUM
627 1058 818 1084 mcaNDUM.
828 1045 934 1094 quod
953 1058 1033 1083 non
1053 1057 1170 1083 omne
1190 1052 1390 1093 acceptum

371 1179 396 1212 ζ)
413 1181 507 1207 licet...
522 1180 658 1206 identitas.
676 1194 695 1199 —
713 1183 739 1205 et
758 1187 809 1204 non
831 1183 946 1204 naturae
965 1179 1092 1204 identitas
1107 1179 1182 1210 CDE,
1202 1179 1263 1204 licet
1277 1186 1329 1204 non
1344 1185 1391 1203 na-

320 1219 398 1240 turae
417 1216 544 1241 identitas
564 1215 718 1240 inveniatur
734 1215 825 1245 FGsA,
845 1215 906 1240 licet
925 1218 953 1240 et
971 1221 1022 1239 non
1043 1218 1158 1240 naturae
1177 1214 1328 1239 identitatis
1343 1215 1391 1247 pA,

319 1254 345 1276 et
364 1251 436 1283 (licet
455 1252 501 1284 sB)
522 1259 573 1276 non
595 1255 710 1276 naturae
730 1251 880 1275 identitatis
898 1251 928 1275 B.

1002 276 1270 323 QUAESTIO
1300 276 1463 323 XXVII,
1493 276 1790 313 ARTICULUS
1822 277 1852 312 II

1441 363 1496 392 est
1534 363 1729 404 receptum
1767 355 1806 393 in
1839 355 1967 404 aliquo
2006 355 2198 393 subiecto:
2235 357 2403 408 alioquin
2431 371 2511 395 non

1440 417 1570 458 posset
1600 409 1672 446 dici
1707 409 1812 458 quod
1846 416 1925 445 tota
1960 409 2169 446 substantia
2206 410 2261 446 rei
2290 418 2437 448 creatae
2466 412 2512 448 sit

1441 469 1596 511 accepta
1625 474 1647 498 a
1675 463 1782 509 Deo,
1813 474 1901 499 cum
1936 462 2050 499 totius
2088 462 2319 500 substantiae
2353 476 2432 501 non
2466 465 2513 502 sit

1441 515 1597 564 aliquod
1617 514 1830 552 subiectum
1852 515 2101 564 receptivum.
2133 515 2196 552 Sic
2219 515 2330 564 igitur
2349 516 2389 559 id
2408 518 2513 566 quod

1443 576 1498 605 est
1525 568 1696 616 genitum
1725 568 1763 605 in
1792 568 1942 616 divinis,
1971 569 2108 618 accipit
2136 581 2219 606 esse
2249 581 2271 606 a
2294 578 2511 618 generante,

1443 634 1523 658 non
1550 629 1734 670 tanquam
1772 621 1864 659 illud
1903 635 1986 659 esse
2021 622 2067 659 sit
2095 630 2292 671 receptum
2321 622 2362 660 in
2387 623 2514 672 aliqua

1442 675 1602 711 materia
1620 676 1682 712 vel
1712 675 1883 712 subiecto
1905 676 2027 724 (quod
2045 683 2232 724 repugnat
2249 676 2513 713 subsistentiae

1444 727 1561 764 divini
1591 730 1706 774 esse);
1736 729 1802 765 sed
1832 730 2045 767 secundum
2072 730 2148 766 hoc
2178 729 2313 766 dicitur
2341 741 2424 766 esse
2453 742 2513 767 ac-

1444 788 1610 829 ceptum,
1626 780 1853 829 inquantum
1873 782 2087 830 procedens
2103 791 2117 814 ⁷¹
2138 783 2186 820 ab
2207 782 2280 819 alio
2300 782 2416 820 habet
2431 795 2513 820 esse

1445 833 1632 880 divinum,
1658 846 1737 870 non
1756 834 1863 882 quasi
1883 835 1985 872 aliud
2005 836 2053 872 ab
2078 848 2162 873 esse
2187 835 2318 873 divino
2340 836 2512 874 existens.

1445 887 1488 922 In
1517 886 1599 935 ipsa
1629 886 1733 923 enirn
1771 888 2005 935 perfectione
2040 888 2158 926 divini
2187 901 2270 926 esse
2300 889 2515 927 continetur

1446 946 1483 975 et
1506 939 1672 976 verbum
1692 939 1969 987 intelligibiliter
1985 942 2211 990 procedens,
2229 950 2265 979 et
2282 942 2514 993 principium

1444 991 1571 1038 verbi;
1597 991 1693 1029 sicut
1713 1000 1750 1029 et
1769 1004 2037 1043 quaecumque
2066 994 2115 1031 ad
2142 995 2221 1032 eius
2239 995 2514 1045 perfectionem

1447 1044 1646 1094 pertinent,
1676 1053 1717 1082 ut
1744 1058 1860 1094 supra
1878 1045 1898 1068 ’³‘
1928 1046 2069 1084 dictum
2099 1055 2165 1085 est.

1500 1179 1525 1212 η)
1540 1179 1699 1212 procedens.
1716 1193 1735 1198 —
1754 1179 1815 1204 Om.
1831 1179 1861 1204 C.
1878 1193 1898 1200 -
1912 1179 1966 1205 Pro
1985 1187 2037 1204 non
2052 1180 2129 1212 quasi
2147 1180 2223 1206 aliud
2235 1181 2268 1206 ab
2282 1188 2338 1207 esse
2352 1181 2443 1208 divino
2456 1183 2516 1211 exi-

1444 1217 1524 1244 stens,
1545 1222 1597 1239 non
1618 1214 1696 1247 quasi
1714 1214 1791 1239 aliud
1809 1215 1842 1240 ab
1862 1221 1917 1240 esse
1935 1214 2027 1240 divino
2045 1215 2175 1241 existeret
2193 1216 2226 1241 G.

1003 1337 1335 1370 Commentaria
1359 1336 1610 1370 Car-dinalis
1632 1337 1833 1371 Caietam

382 1427 489 1447 1TULus
520 1418 558 1447 de
588 1417 790 1457 generatione
827 1416 1000 1448 formaliter
1031 1417 1183 1448 intendit:
1217 1424 1246 1447 et
1278 1417 1391 1447 clarior

324 1429 440 1492 Terit
463 1461 495 1491 in
521 1471 663 1501 corpore.

378 1506 413 1535 In
426 1515 558 1546 corpore
571 1506 636 1536 duo
654 1505 741 1536 facit:
759 1506 874 1546 primo,
887 1505 1051 1545 distinguit
1066 1505 1283 1546 praedicatum
1299 1515 1393 1546 quae-

321 1549 381 1586 siti,
399 1550 479 1580 idest
500 1551 764 1590 generationem;
788 1550 939 1586 secundo,
955 1549 1126 1589 respondet
1141 1549 1286 1590 quaesito
1311 1549 1391 1580 affir-

322 1594 437 1624 mative
453 1593 481 1624 ’ἦ

380 1638 416 1669 11.
443 1638 560 1675 Quoad
582 1639 748 1679 primum,
780 1638 964 1678 distinguit,
998 1637 1144 1669 describit
1171 1644 1201 1668 et
1229 1645 1392 1678 comparat

321 1682 568 1722 generationem.
593 1682 762 1714 Distinctio
786 1689 848 1713 est:
880 1682 1040 1722 generatio
1069 1682 1250 1723 dupliciter,
1276 1682 1393 1714 scilicet

322 1728 544 1764 communiter,
566 1734 596 1757 et
613 1728 751 1768 propria
768 1727 953 1758 viventibus.
970 1744 991 1749 -
1006 1725 1184 1766 Descriptio
1199 1736 1274 1757 vero
1291 1737 1391 1757 mem-

322 1771 454 1801 brorum
470 1778 532 1802 est:
560 1770 730 1802 Generatio
755 1770 937 1802 communis
962 1770 1122 1807 omnibus,
1139 1777 1185 1801 est
1201 1771 1336 1802 mutatio
1354 1771 1392 1802 de

322 1825 388 1845 non
409 1825 475 1845 esse
500 1815 539 1845 ad
563 1825 639 1851 esse,
664 1822 700 1846 ut
723 1822 808 1855 patet
831 1815 859 1846 V
883 1815 1054 1856 Physic.*:
1079 1815 1240 1855 generatio
1263 1815 1391 1856 propria

321 1859 509 1896 viventibus,
526 1869 608 1900 quae
626 1861 776 1891 nativitas
797 1859 923 1900 proprie
947 1859 1070 1895 dicitur,
1087 1866 1134 1890 est
1149 1861 1242 1900 origo
1258 1861 1393 1891 viventis

322 1914 342 1934 a
368 1905 491 1934 vivente
514 1905 694 1941 coniuncto,
718 1904 893 1934 secundum
917 1904 1159 1934 similitudinem
1177 1904 1317 1935 eiusdem
1334 1914 1391 1935 na-

323 1954 426 1978 turae.
443 1966 461 1971 —
481 1947 688 1988 Comparatio
716 1948 847 1978 demum
875 1955 922 1979 est
943 1948 1052 1989 quoad
1076 1948 1338 1988 separabilitatem
1362 1955 1393 1979 et

324 1992 582 2024 coniunctionem
607 1992 781 2032 utriusque.
811 1992 897 2023 Cum
924 1992 1009 2023 enim
1033 1999 1155 2023 constet
1178 1993 1267 2033 quod
1290 1993 1393 2033 prima

323 2044 484 2077 separatur
508 2047 526 2067 a
554 2037 705 2072 secunda;
738 2043 768 2067 et
795 2047 902 2067 rursus
928 2037 1017 2077 quod
1043 2036 1077 2066 in
1101 2036 1279 2067 viventibus
1310 2047 1392 2078 quae

323 2081 409 2120 apud
432 2091 491 2111 nos
516 2088 606 2117 sunt,
631 2088 764 2121 utraque
789 2080 885 2111 simul
909 2080 1083 2117 concurrit,
1109 2091 1144 2111 ea
1168 2081 1289 2111 ratione
1317 2081 1392 2122 quia

324 2131 438 2155 exeunt
452 2125 491 2155 de
508 2125 650 2165 potentia
673 2125 712 2155 ad
732 2132 855 2161 actum;
880 2125 919 2155 de
935 2125 1119 2155 necessitate
1133 2124 1276 2166 sequitur
1292 2126 1391 2166 quod,

324 2169 349 2199 si
362 2169 494 2209 aliquod
505 2170 612 2200 vivens
625 2170 763 2200 nascitur
775 2170 894 2210 absque
910 2169 993 2200 exitu
1010 2170 1048 2200 de
1062 2169 1204 2209 potentia
1218 2170 1258 2200 ad
1275 2177 1392 2207 actum,

325 2213 414 2254 quod
436 2213 479 2243 ibi
502 2214 662 2252 generatio
687 2214 825 2244 secunda
849 2221 1010 2253 separatur
1033 2224 1051 2244 a
1074 2213 1186 2254 prima.

384 2256 474 2289 Circa
491 2256 709 2288 definitionem
733 2258 910 2293 nativitatis,
928 2258 996 2288 sola
1019 2258 1071 2288 illa
1095 2258 1248 2298 particula
1262 2260 1391 2290 coniun-

326 2306 375 2331 cto
400 2301 533 2331 obscura
553 2301 728 2342 aliqualiter
752 2308 813 2332 est:
839 2301 906 2332 eius
929 2308 1036 2332 tamen
1060 2301 1294 2342 expositionem
1319 2313 1392 2343 pro-

325 2345 421 2375 lixam
444 2346 540 2376 habes
563 2345 596 2376 in
622 2345 664 2376 IV
691 2345 814 2376 Contra
839 2345 945 2383 Gent.,
965 2355 1032 2385 cap.
1050 2356 1090 2376 ιιι.

385 2390 437 2420 111.
454 2390 571 2427 Quoad
593 2390 768 2420 secundum
785 2389 813 2426 ⁴⁹,
839 2389 1002 2420 conclusio
1022 2390 1206 2430 responsiva
1229 2398 1291 2422 est:
1316 2391 1393 2422 Pro-

327 2433 427 2464 cessio
442 2433 530 2464 verbi
544 2434 576 2464 in
593 2433 707 2464 divinis
730 2434 824 2464 habet
842 2434 999 2465 rationem
1013 2434 1234 2473 generationis,
1252 2435 1393 2466 secundo

327 2478 437 2509 modo.
454 2494 473 2501 -
490 2478 530 2508 Et
553 2479 714 2518 probatur,
735 2478 915 2518 singillatim
940 2478 1105 2518 probando
1130 2478 1183 2509 tali
1199 2479 1394 2518 processioni

327 2522 494 2552 convenire
522 2529 660 2563 quatuor
687 2522 886 2553 conditiones
914 2522 1103 2562 integrantes
1131 2523 1286 2554 rationem
1315 2523 1394 2554 nati-

326 2566 438 2597 vitatis.
465 2566 563 2603 Quod
588 2566 673 2597 enim
703 2566 743 2597 sit
773 2566 916 2606 operatio
940 2566 1060 2603 vitalis,
1093 2574 1178 2606 patet
1206 2577 1243 2597 ex
1271 2567 1394 2598 actione

326 2610 524 2650 intelligibili.
556 2611 654 2648 Quod
681 2620 757 2641 vero
787 2620 806 2641 a
836 2610 993 2651 principio
1025 2610 1216 2647 coniuncto,
1248 2619 1334 2651 patet
1358 2622 1394 2643 ex

326 2655 459 2685 articulo
488 2654 711 2695 praecedente,
742 2662 773 2686 et
801 2655 969 2695 praecipue
998 2655 1031 2685 in
1062 2655 1269 2695 responsione
1298 2657 1337 2686 ad
1363 2666 1392 2688 2.

327 2699 426 2736 Quod
453 2705 560 2730 autem
588 2699 627 2730 sit
653 2699 830 2730 secundum
858 2699 1014 2730 rationem
1039 2699 1263 2736 similitudinis,
1281 2702 1395 2740 proba-

327 2750 394 2774 tur:
420 2743 495 2783 quia
523 2743 689 2784 conceptio
720 2743 896 2775 intellectus
927 2743 1102 2775 similitudo
1134 2751 1180 2774 est
1203 2744 1247 2775 rei
1274 2745 1394 2776 intelle-

328 2794 404 2818 ctae.
435 2787 533 2824 Quod
557 2788 688 2818 demum
716 2787 755 2818 sit
778 2788 810 2818 in
834 2788 945 2818 eadem
969 2795 1098 2824 natura,
1123 2788 1294 2828 probatur:
1319 2789 1395 2830 quia

328 2831 360 2861 in
384 2831 453 2862 Deo
477 2831 563 2862 idem
594 2839 639 2863 est
668 2831 839 2872 intelligere
863 2839 893 2863 et
921 2842 998 2863 esse.
1023 2850 1043 2854 -
1066 2832 1106 2862 Et
1130 2832 1173 2864 sic
1197 2842 1263 2863 non
1287 2833 1394 2864 solum

327 2875 461 2906 infertur
484 2875 667 2912 conclusio,
699 2876 753 2906 sed
777 2876 872 2907 etiam
895 2876 994 2917 ipsius
1022 2875 1245 2907 corollarium:
1278 2876 1395 2909 scilicet

328 2919 417 2960 quod
440 2921 574 2950 verbum
598 2920 772 2960 procedens
796 2921 828 2950 in
853 2920 966 2951 divinis
989 2928 1036 2951 est
1060 2921 1169 2951 Filius.

387 2964 439 2995 IV.
465 2964 556 2995 Circa
575 2964 730 2995 rationem
754 2964 858 2995 ultimi
883 2965 955 2996 dicti
980 2965 1012 2995 in
1035 2965 1147 3002 littera,
1173 2964 1289 2996 scilicet
1305 2967 1394 3008 quod

328 3008 400 3038 ideo
416 3009 550 3039 verbum
565 3008 711 3039 divinum
735 3009 876 3048 procedit
899 3016 935 3039 ut
950 3019 999 3040 res
1015 3009 1158 3040 eiusdem
1174 3016 1304 3040 naturae
1320 3021 1395 3042 cum

328 3052 408 3088 Deo,
424 3052 500 3093 quia
523 3052 566 3083 ibi
588 3052 760 3093 intelligere
784 3060 830 3083 est
853 3063 930 3090 esse,
954 3053 1079 3084 adverte
1103 3055 1191 3094 quod
1209 3053 1285 3085 haec
1305 3055 1394 3092 ratio,

329 3096 445 3136 pluries
461 3096 494 3127 in
510 3096 571 3128 hoc
588 3107 683 3137 opere
700 3097 840 3137 repetita,
858 3097 890 3127 in
908 3097 948 3128 IV
969 3098 1090 3128 Contra
1109 3097 1260 3134 Gentiles,
1276 3108 1343 3140 cap.
1353 3109 1394 3135 xx,

329 3140 505 3180 exponitur.
530 3140 571 3172 Et
595 3141 708 3172 dicitur
731 3141 819 3181 quod
843 3148 928 3172 tenet
951 3152 1010 3182 pro
1034 3149 1133 3178 tanto,
1153 3142 1238 3183 quia,
1255 3141 1287 3173 in
1308 3152 1395 3173 com-

329 3185 419 3215 muni
439 3185 612 3226 loquendo,
638 3195 705 3216 esse
730 3192 913 3225 conceptus,
939 3195 993 3216 seu
1018 3186 1114 3223 verbi,
1131 3194 1178 3217 est
1193 3187 1339 3227 intelligi:
1364 3194 1395 3218 et

329 3236 494 3268 propterea
518 3229 713 3270 ubicumque
737 3229 918 3270 intelligere,
935 3231 1024 3270 quod
1047 3230 1257 3262 identificatur
1272 3231 1331 3271 ipsi
1347 3231 1395 3262 in-

329 3273 440 3313 telligi,
465 3280 511 3304 est
534 3273 692 3310 accidens,
716 3273 824 3314 ipsum
847 3284 979 3314 quoque
1002 3275 1135 3305 verbum
1164 3282 1210 3306 est
1233 3275 1395 3312 accidens;

330 3317 383 3347 ubi
403 3324 510 3348 autern
529 3317 701 3358 intelligere
725 3324 770 3348 est
794 3328 861 3348 esse
885 3318 1096 3355 substantiale,
1123 3318 1165 3349 ibi
1182 3329 1313 3360 quoque
1330 3329 1395 3349 ver—

330 3361 408 3391 bum
424 3368 470 3392 est
485 3362 667 3394 substantia.
692 3362 733 3392 Et
747 3362 821 3403 quia
838 3361 881 3392 sic
903 3369 948 3392 est
972 3362 1004 3393 in
1026 3362 1149 3399 divinis,
1174 3363 1246 3394 ideo
1263 3364 1395 3394 verbum

331 3404 474 3435 divinum
498 3413 543 3436 est
567 3406 739 3436 substantia
771 3406 891 3436 divina:
921 3414 1093 3447 conceptus
1117 3414 1223 3438 autern
1247 3407 1395 3438 omnium

331 3455 542 3480 creaturarum
565 3450 826 3481 intellectualium
850 3457 924 3481 sunt
947 3451 1128 3482 accidentia.

388 3493 426 3523 V.
452 3493 513 3523 Sed
530 3493 609 3524 circa
627 3494 706 3524 hanc
726 3495 880 3525 rationem
905 3495 1039 3526 dubium
1060 3496 1195 3526 occurrit
1214 3506 1250 3526 ex
1277 3495 1395 3536 duplici

331 3536 440 3576 capite.
466 3537 591 3574 Primo,
617 3548 652 3568 ex
677 3548 714 3568 eo
746 3539 834 3579 quod
858 3539 989 3579 intelligi
1019 3539 1095 3570 nihil
1119 3540 1210 3580 ponit
1237 3539 1269 3570 in
1293 3550 1326 3570 re
1349 3539 1396 3569 in-

331 3580 468 3611 tellecta:
494 3588 523 3612 et
543 3589 773 3622 consequenter
797 3593 862 3613 non
887 3590 991 3623 potest
1015 3594 1081 3613 esse
1105 3584 1187 3615 reale
1211 3594 1277 3614 esse
1296 3583 1395 3624 ipsius

331 3632 513 3665 conceptus.
530 3643 548 3647 —
565 3625 725 3662 Secundo,
751 3627 825 3667 quia
857 3634 944 3657 actus
975 3627 1169 3667 intelligendi
1194 3627 1397 3668 distinguitur

1446 1416 1568 1447 realiter
1583 1427 1601 1446 a
1617 1424 1790 1457 conceptu;
1815 1423 1845 1447 et
1861 1417 2037 1448 secundum
2054 1417 2135 1448 hanc
2151 1418 2245 1455 viam,
2264 1426 2310 1450 est
2325 1419 2432 1460 ipsum
2449 1430 2516 1452 esse

1445 1460 1622 1491 intellectus
1645 1461 1678 1490 in
1702 1468 1773 1491 actu
1797 1461 1948 1501 perfecto.
1980 1461 2077 1502 Igitur
2101 1472 2166 1492 non
2190 1470 2296 1503 potest
2319 1473 2386 1495 esse
2408 1464 2517 1505 ipsum

1446 1514 1513 1535 esse
1537 1512 1720 1545 conceptus.

1504 1549 1556 1580 VI.
1582 1550 1633 1580 Ad
1661 1549 1851 1580 evidentiam
1880 1550 2014 1586 horum,
2041 1550 2206 1582 sciendum
2230 1558 2276 1583 est
2308 1553 2416 1593 quod,
2441 1553 2517 1594 quia

1445 1594 1588 1629 verbum,
1609 1600 1645 1624 ut
1660 1594 1802 1630 verbum,
1821 1601 1867 1625 est
1882 1594 1990 1634 ipsum
2007 1595 2203 1626 intellectum
2226 1596 2259 1626 in
2283 1603 2354 1627 actu
2374 1596 2515 1634 interius,

1445 1638 1540 1668 habet
1555 1638 1622 1669 tria.
1646 1638 1693 1668 Ex
1712 1648 1751 1668 eo
1767 1638 1853 1669 enim
1871 1640 1961 1679 quod
1985 1646 2031 1670 est
2054 1639 2250 1672 intellectum
2263 1640 2296 1671 in
2313 1635 2396 1679 a'ctu,
2411 1641 2516 1684 sequi-

1446 1689 1514 1726 tur:
1540 1692 1614 1722 ergo
1632 1692 1699 1713 esse
1724 1682 1801 1719 eius,
1819 1690 1855 1713 ut
1879 1683 1932 1719 sic,
1960 1691 2007 1715 est
2029 1684 2177 1724 intelligi;
2203 1691 2239 1715 ut
2253 1691 2340 1725 patet
2355 1685 2516 1720 inductiva

1447 1727 1485 1757 de
1508 1726 1576 1757 viso
1600 1726 1632 1757 in
1653 1733 1734 1763 actu,
1752 1734 1783 1758 et
1801 1727 1939 1768 reliquiS.
1956 1745 1976 1750 —
1992 1728 2039 1758 Ex
2055 1738 2094 1758 eo
2111 1738 2186 1759 vero
2203 1729 2293 1770 quod
2315 1736 2362 1760 est
2384 1729 2516 1762 interius

1445 1770 1662 1807 intellectum,
1694 1771 1775 1802 idest
1804 1770 1837 1801 in
1867 1781 1933 1812 quo
1962 1782 2011 1802 res
2034 1772 2191 1804 intellecta
2222 1780 2293 1804 actu
2321 1773 2516 1814 intelligendi

1447 1814 1647 1855 exprimitur,
1677 1815 1838 1855 sequitur:
1868 1824 1942 1855 ergo
1967 1826 2034 1846 esse
2058 1816 2125 1846 eius
2154 1823 2200 1847 est
2227 1818 2274 1848 sic
2297 1817 2455 1859 intelligi,
2481 1825 2517 1850 ut

1446 1859 1563 1890 scilicet
1585 1859 1715 1890 interius
1731 1859 1764 1889 in
1780 1869 1857 1900 quo,
1874 1866 1931 1891 etc.
1956 1859 2008 1891 Sic
2029 1867 2139 1891 autem
2161 1860 2293 1901 intelligi
2316 1868 2364 1892 est
2385 1862 2521 1903 aliquod

1447 1913 1514 1934 esse
1530 1903 1627 1934 reale:
1652 1904 1808 1944 quoniam
1823 1911 1870 1935 est
1886 1914 1954 1935 esse
1976 1914 2156 1944 expressam
2179 1912 2252 1936 actu
2275 1905 2519 1939 similitudinem

1447 1947 1573 1978 obiecti.
1590 1966 1609 1970 -
1626 1948 1672 1978 Ex
1688 1958 1727 1978 eo
1743 1957 1817 1978 vero
1838 1949 1927 1989 quod
1950 1956 1997 1980 est
2020 1949 2063 1979 sic
2083 1949 2245 1980 obiectum
2263 1949 2297 1980 in
2316 1957 2398 1987 actu,
2421 1950 2519 1983 habet

1447 1992 1537 2033 quod
1560 1992 1600 2023 sit
1623 2002 1726 2023 unum
1757 1993 1795 2023 de
1824 1993 2084 2024 concurrentibus
2108 1994 2148 2024 ad
2172 1993 2400 2034 perfectionem
2428 2001 2516 2026 actus

1447 2035 1658 2076 intelligendi:
1692 2044 1722 2067 et
1753 2044 1983 2078 consequenter
2017 2037 2107 2078 quod
2139 2037 2328 2075 intellectio,
2360 2048 2442 2080 quae
2471 2045 2518 2070 est

1447 2080 1555 2121 ipsum
1572 2091 1638 2111 esse
1656 2080 1833 2112 intellectus
1857 2081 1889 2112 in
1913 2088 1995 2118 actu,
2020 2092 2054 2112 ac
2074 2091 2131 2122 per
2146 2082 2207 2114 hoc
2224 2089 2271 2114 est
2286 2093 2353 2114 esse
2369 2082 2522 2114 omnium'

1448 2125 1705 2156 concurrentium
1730 2126 1769 2156 ad
1785 2125 2013 2166 perfectionem
2037 2126 2214 2158 intellectus
2236 2127 2270 2158 in
2294 2134 2376 2164 actu,
2394 2127 2434 2159 sit
2449 2133 2519 2159 esse

1447 2169 1547 2209 ipsius
1570 2169 1665 2200 verbi.

1506 2214 1573 2244 VII.
1599 2214 1692 2245 Unde
1715 2214 1755 2244 ad
1779 2214 1916 2254 primam
1933 2214 2146 2246 obiectionem
2161 2215 2178 2234 *
2201 2215 2316 2247 dicitur
2330 2216 2430 2257 quod,
2445 2216 2519 2248 licet

1447 2257 1579 2297 intelligi
1603 2257 1681 2288 nihil
1710 2265 1809 2298 ponat
1836 2258 1869 2288 in
1892 2268 1925 2288 re
1953 2258 2129 2295 intellecta,
2160 2259 2291 2300 intelligi
2320 2267 2427 2292 tamen
2449 2262 2516 2300 sic,

1448 2301 1527 2332 idest
1543 2307 1579 2332 ut
1595 2301 1762 2341 proprium
1785 2301 1916 2332 interius
1940 2302 2144 2339 intellectum,
2169 2303 2290 2344 aliquid
2312 2305 2394 2335 reale
2415 2304 2516 2346 ponit,

1449 2355 1515 2376 non
1538 2346 1571 2376 in
1595 2355 1627 2376 re
1650 2345 1807 2376 intellecta
1831 2346 2061 2383 universaliter,
2087 2347 2142 2377 sed
2164 2347 2197 2378 in
2221 2357 2254 2378 re
2276 2347 2433 2380 intellecta
2456 2348 2515 2386 sic,

1448 2390 1529 2421 idest
1552 2390 1729 2420 secundum
1753 2399 1820 2420 esse
1843 2391 1932 2431 quod
1956 2391 2050 2422 habet
2073 2391 2204 2422 interius
2227 2392 2260 2422 in
2285 2399 2452 2433 conceptu.

1507 2435 1558 2465 Ad
1582 2434 1755 2465 secundam
1778 2444 1853 2465 vero
1877 2434 2001 2471 dicitur,
2025 2435 2115 2476 quod
2138 2435 2309 2467 intellectio
2332 2443 2378 2468 est
2400 2446 2468 2468 esse
2486 2443 2518 2469 et

1449 2478 1626 2509 intellectus
1654 2485 1686 2509 et
1719 2478 1833 2518 speciei
1865 2478 2069 2519 intelligibilis
2104 2486 2135 2511 et
2167 2480 2272 2517 verbi,
2306 2480 2517 2513 diversimode

1450 2530 1575 2553 tamen:
1605 2522 1681 2563 quia
1703 2522 1880 2553 intellectus
1904 2530 1934 2554 et
1957 2523 2072 2563 speciei
2096 2531 2142 2554 est
2165 2534 2232 2555 esse
2261 2531 2297 2556 ut
2323 2524 2515 2566 intelligere,

1448 2567 1535 2598 verbi
1552 2574 1659 2599 autem
1674 2567 1707 2597 in
1719 2566 1737 2584 “
1753 2567 1897 2608 intelligi;
1922 2567 2052 2598 illorum
2068 2568 2159 2609 quasi
2174 2568 2415 2610 principiorum,
2427 2568 2518 2600 istius

1450 2618 1486 2642 ut
1509 2610 1653 2647 termini;
1677 2611 1807 2641 illorum
1838 2611 1928 2652 quasi
1955 2611 2049 2642 unius
2073 2613 2224 2653 completi
2256 2612 2404 2650 subiecti,
2427 2613 2518 2644 istius

1450 2663 1486 2686 ut
1509 2655 1633 2686 obiecti.
1666 2655 1758 2686 Unde
1782 2656 1909 2686 nullum
1931 2655 2158 2687 inconveniens
2181 2657 2336 2698 sequitur,
2362 2657 2422 2688 nisi
2445 2657 2519 2699 quis

1450 2707 1540 2740 putet
1556 2700 1670 2730 eodem
1687 2710 1754 2730 esse
1770 2710 1836 2730 non
1853 2710 1946 2740 posse
1962 2700 2108 2732 distincta
2122 2701 2245 2732 realiter
2260 2701 2404 2733 existere:
2428 2702 2519 2743 quod

1450 2744 1568 2776 falsum
1583 2754 1650 2774 esse
1666 2751 1752 2785 patet
1767 2744 1800 2774 in
1817 2744 1957 2781 materia,
1975 2744 2079 2776 forma
2095 2752 2125 2777 et
2145 2745 2336 2787 composito.

1508 2788 1590 2820 V111.
1615 2787 1706 2820 Circa
1722 2788 1877 2820 rationem
1901 2789 2112 2829 generationis
2131 2790 2306 2831 applicatae
2321 2790 2361 2820 ad
2378 2789 2519 2822 divinam

1450 2832 1687 2874 processionem
1701 2832 1727 2869 *‚
1748 2832 1883 2863 dubium
1898 2833 2036 2865 occurn‘t
2051 2843 2087 2864 ex
2103 2834 2256 2870 Aureolo,
2274 2834 2359 2875 apud
2379 2834 2518 2875 Capreo-

1449 2878 1528 2914 lum,
1553 2877 1585 2908 in
1601 2887 1631 2907 ix
1648 2876 1847 2908 distinctione
1871 2877 1968 2908 Primi
1982 2877 2010 2908 *.
2035 2877 2149 2918 Arguit
2172 2877 2258 2909 enim
2281 2877 2333 2909 sic.
2359 2878 2392 2909 Si
2413 2878 2518 2909 divina

1450 2920 1610 2962 processio
1633 2921 1792 2961 praedicta
1814 2921 1934 2952 ratione
1952 2922 2106 2953 diceretur
2121 2922 2291 2962 generatio,
2311 2929 2519 2963 sequerentur

1450 2967 1515 2996 duo
1539 2965 1757 3006 impossibilia.
1789 2965 1934 2996 Primum
1957 2973 2020 3003 est,
2049 2966 2138 3007 quod
2161 2966 2260 2998 Filius
2282 2976 2350 2997 non
2373 2974 2455 2998 esset
2474 2977 2518 3000 eo

1449 3010 1591 3040 Verbum
1614 3020 1680 3051 quo
1705 3009 1814 3046 Filius,
1833 3017 1863 3040 et
1887 3021 1903 3040 e
1923 3018 2048 3047 contra;
2074 3017 2183 3042 contra
2206 3010 2435 3050 Augustinum,
2459 3011 2518 3044 Vll

1449 3054 1487 3085 de
1509 3054 1610 3092 Trin„
1629 3064 1697 3095 cap.
1714 3065 1746 3085 n.
1763 3054 1803 3085 Et
1820 3061 1904 3085 tenet
1920 3055 2063 3096 sequela:
2088 3054 2163 3095 quia
2179 3064 2236 3085 nec
2255 3054 2414 3095 generatio
2431 3054 2518 3087 verbi

1449 3098 1480 3128 in
1506 3098 1597 3129 nobis
1621 3105 1668 3129 est
1690 3098 1850 3139 generatio
1868 3098 2059 3130 substantiae
2082 3098 2180 3135 vivae,
2205 3108 2262 3130 nec
2285 3099 2446 3139 generatio
2461 3098 2518 3131 filii

1450 3142 1534 3182 apud
1565 3152 1623 3172 nos
1647 3148 1694 3173 est
1718 3142 1878 3182 generatio
1901 3143 1997 3174 verbi.
2013 3160 2034 3166 -
2051 3142 2235 3174 Secundum
2260 3150 2316 3179 est,
2333 3144 2423 3186 quod
2442 3152 2518 3184 pro-

1450 3187 1548 3217 cessio
1572 3186 1706 3226 Spiritus
1725 3187 1830 3218 Sancti
1847 3194 1927 3218 esset
1946 3186 2116 3228 generatio.
2140 3187 2181 3218 Et
2199 3188 2352 3227 probatur
2374 3188 2517 3229 sequela:

1450 3231 1525 3271 quia
1548 3230 1605 3261 sibi
1631 3231 1784 3271 competit
1807 3238 1873 3262 tota
1896 3231 1949 3262 illa
1973 3230 2124 3262 definitio.

1509 3274 1571 3306 Sed
1594 3276 1635 3305 ad
1658 3275 1735 3306 haec
1759 3274 1858 3306 facilis
1887 3282 1933 3307 est
1961 3275 2145 3316 responsio,
2174 3276 2320 3315 negando
2349 3283 2517 3317 utramque

1450 3319 1720 3360 consequentiam.
1745 3319 1811 3350 Nec
1827 3319 1973 3360 probatio
1998 3319 2118 3360 primae
2134 3319 2254 3361 aliquid
2269 3320 2367 3351 valet:
2393 3319 2465 3361 quia
2482 3319 2516 3350 in

1450 3363 1542 3393 nobis
1561 3362 1645 3394 filius
1669 3363 1811 3404 procedit
1835 3373 1891 3404 per
1913 3362 2070 3395 actionem
2094 3370 2320 3401 transeuntem,
2338 3371 2369 3395 et
2383 3363 2517 3394 verbum

1450 3417 1506 3447 per
1529 3407 1748 3447 operationem
1772 3417 1854 3448 quae
1878 3415 1925 3438 est
1947 3407 2107 3444 accidens;
2138 3408 2171 3438 in
2203 3409 2272 3439 Deo
2303 3415 2411 3439 autem
2438 3407 2517 3438 nihil

1450 3451 1567 3482 horum
1590 3452 1699 3482 locum
1724 3452 1826 3482 habet.
1857 3451 1963 3489 Quare
1987 3459 2095 3483 autern
2122 3453 2298 3493 proprietas
2321 3452 2393 3483 Filii
2415 3451 2516 3491 expri-

1451 3502 1555 3526 matur
1570 3495 1664 3526 etiam
1679 3496 1774 3526 Verbi
1791 3495 1931 3531 nomine,
1945 3495 1977 3526 in
1994 3506 2084 3526 xxxiv
2095 3507 2161 3537 qu„
2173 3503 2228 3527 art.
2243 3506 2271 3532 2,
2289 3496 2328 3527 ad
2346 3497 2374 3532 3,
2389 3502 2484 3535 patet.
2495 3513 2516 3517 —

1450 3539 1597 3570 Probatio
1617 3549 1748 3580 quoque
1773 3541 1929 3570 secundae
1953 3541 2197 3581 consequentiae
2221 3540 2336 3572 falsum
2366 3539 2514 3570 assumit:

1450 3583 1614 3624 quoniam,
1640 3590 1675 3614 ut
1702 3583 1734 3613 in
1759 3590 1814 3614 art.
1832 3593 1854 3623 4
1869 3594 1905 3614 ex
1928 3585 2094 3625 proposito
2121 3583 2311 3621 tractabitur,
2337 3582 2440 3615 deficit
2461 3583 2518 3613 illa

1451 3627 1592 3658 conditio
1611 3637 1674 3667 per
1698 3628 1826 3658 modum
1850 3629 1974 3659 similis.

2543 1050 2552 1060 ·
2569 1049 2618 1077 Qu.
2627 1055 2658 1077 xv,
2672 1052 2716 1073 art.
2725 1054 2748 1071 2-

2544 2225 2554 2235 ·
2570 2223 2608 2247 Cf.
2620 2230 2684 2247 num.
2693 2230 2721 2246 v.

2545 2578 2555 2587 ·
2569 2578 2614 2600 ne?

2546 2843 2554 2852 ·
2572 2840 2609 2864 Cf.
2622 2846 2687 2864 num.
2701 2847 2735 2863 m.

2545 2887 2555 2896 ⁶
2569 2887 2621 2908 An.
2636 2892 2657 2914 ι,
2677 2889 2764 2908 contr.

2545 2913 2622 2935 couci.
2633 2918 2649 2935 ι.
