<?xml version="1.0" encoding="UTF-8"?>
<!DOCTYPE html PUBLIC "-//W3C//DTD XHTML 1.0 Transitional//EN"
    "http://www.w3.org/TR/xhtml1/DTD/xhtml1-transitional.dtd">
<html xmlns="http://www.w3.org/1999/xhtml" xml:lang="en" lang="en">
 <head>
  <title>
</title>
<meta http-equiv="Content-Type" content="text/html;charset=utf-8" />
  <meta name='ocr-system' content='tesseract 3.04.00' />
  <meta name='ocr-capabilities' content='ocr_page ocr_carea ocr_par ocr_line ocrx_word'/>
</head>
<body>
  <div class='ocr_page' id='page_1' title='image "./operaomniaiussui04thom/operaomniaiussui04thom_0153.png"; bbox 0 0 2768 4178; ppageno 0'>
   <div class='ocr_carea' id='block_1_1' title="bbox 17 303 231 411">
    <p class='ocr_par' dir='ltr' id='par_1_1' title="bbox 17 303 231 411">
     <span class='ocr_line' id='line_1_1' title="bbox 18 303 231 326; baseline -0.005 0"><span class='ocrx_word' id='word_1_1' title='bbox 18 306 28 315; x_wconf 85' lang='lat'>&#39;</span> <span class='ocrx_word' id='word_1_2' title='bbox 44 304 130 326; x_wconf 75' lang='lat' dir='ltr'>Glossa</span> <span class='ocrx_word' id='word_1_3' title='bbox 141 303 192 326; x_wconf 88' lang='lat' dir='ltr'>ord.</span> <span class='ocrx_word' id='word_1_4' title='bbox 202 309 231 325; x_wconf 80' lang='lat' dir='ltr'>ex</span> 
     </span>
     <span class='ocr_line' id='line_1_2' title="bbox 17 329 231 379; baseline -0.005 -27"><span class='ocrx_word' id='word_1_5' title='bbox 17 337 46 379; x_wconf 51' lang='grc' dir='ltr'>ᾖ</span> <span class='ocrx_word' id='word_1_6' title='bbox 53 330 139 378; x_wconf 67' lang='grc' dir='ltr'><strong>6τῖ3.,</strong></span> <span class='ocrx_word' id='word_1_7' title='bbox 155 329 231 352; x_wconf 83' lang='lat' dir='ltr'>xvm</span> 
     </span>
     <span class='ocr_line' id='line_1_3' title="bbox 18 362 231 411; baseline 0 -6"><span class='ocrx_word' id='word_1_8' title='bbox 18 362 183 411; x_wconf 67' lang='lat' dir='ltr'>‹.1‘.&#39;⁷.‘.².;v?.¹‚¹.&#39;·</span> <span class='ocrx_word' id='word_1_9' title='bbox 193 362 231 378; x_wconf 58' lang='lat' dir='ltr'>“v</span> 
     </span>
    </p>
   </div>
   <div class='ocr_carea' id='block_1_2' title="bbox 18 676 138 703">
    <p class='ocr_par' dir='ltr' id='par_1_2' title="bbox 18 676 138 703">
     <span class='ocr_line' id='line_1_4' title="bbox 18 676 138 703; baseline 0 -5"><span class='ocrx_word' id='word_1_10' title='bbox 18 676 30 688; x_wconf 82' lang='lat'>⁸</span> <span class='ocrx_word' id='word_1_11' title='bbox 43 677 98 698; x_wconf 80' lang='lat' dir='ltr'>Art.</span> <span class='ocrx_word' id='word_1_12' title='bbox 113 682 138 703; x_wconf 81' lang='lat'>4.</span> 
     </span>
    </p>
   </div>
   <div class='ocr_carea' id='block_1_3' title="bbox 17 945 198 975">
    <p class='ocr_par' dir='ltr' id='par_1_3' title="bbox 17 945 198 975">
     <span class='ocr_line' id='line_1_5' title="bbox 17 945 198 975; baseline -0.006 -7"><span class='ocrx_word' id='word_1_13' title='bbox 17 949 28 958; x_wconf 90' lang='lat'>·</span> <span class='ocrx_word' id='word_1_14' title='bbox 41 945 72 968; x_wconf 80' lang='lat' dir='ltr'>D.</span> <span class='ocrx_word' id='word_1_15' title='bbox 84 951 135 975; x_wconf 69' lang='lat'>354,</span> <span class='ocrx_word' id='word_1_16' title='bbox 149 951 198 974; x_wconf 78' lang='lat'>7⁵²·</span> 
     </span>
    </p>
   </div>
   <div class='ocr_carea' id='block_1_4' title="bbox 0 1716 232 4178">
    <p class='ocr_par' dir='ltr' id='par_1_4' title="bbox 0 1716 232 4178">
     <span class='ocr_line' id='line_1_6' title="bbox 0 1716 232 4178; baseline 0 0"><span class='ocrx_word' id='word_1_17' title='bbox 0 1716 232 4178; x_wconf 95' lang='lat' dir='ltr'> </span> 
     </span>
    </p>
   </div>
   <div class='ocr_carea' id='block_1_5' title="bbox 964 217 1755 265">
    <p class='ocr_par' dir='ltr' id='par_1_5' title="bbox 964 217 1755 265">
     <span class='ocr_line' id='line_1_7' title="bbox 964 217 1755 265; baseline -0.003 -9"><span class='ocrx_word' id='word_1_18' title='bbox 964 218 1231 265; x_wconf 90' lang='lat' dir='ltr'>QUAESTIO</span> <span class='ocrx_word' id='word_1_19' title='bbox 1261 218 1349 265; x_wconf 92' lang='lat' dir='ltr'>XII,</span> <span class='ocrx_word' id='word_1_20' title='bbox 1379 217 1675 254; x_wconf 90' lang='lat' dir='ltr'>ARTICULUS</span> <span class='ocrx_word' id='word_1_21' title='bbox 1704 219 1755 254; x_wconf 92' lang='lat' dir='ltr'>XI</span> 
     </span>
    </p>
   </div>
   <div class='ocr_carea' id='block_1_6' title="bbox 258 297 1335 2158">
    <p class='ocr_par' dir='ltr' id='par_1_6' title="bbox 258 297 1335 507">
     <span class='ocr_line' id='line_1_8' title="bbox 258 297 1334 339; baseline -0.004 -3"><span class='ocrx_word' id='word_1_22' title='bbox 258 298 397 336; x_wconf 80' lang='lat' dir='ltr'>videbit</span> <span class='ocrx_word' id='word_1_23' title='bbox 422 310 484 335; x_wconf 91' lang='lat' dir='ltr'>me</span> <span class='ocrx_word' id='word_1_24' title='bbox 510 299 624 336; x_wconf 86' lang='lat' dir='ltr'>homo</span> <span class='ocrx_word' id='word_1_25' title='bbox 650 305 687 336; x_wconf 91' lang='lat' dir='ltr'>et</span> <span class='ocrx_word' id='word_1_26' title='bbox 707 299 816 336; x_wconf 76' lang='lat' dir='ltr'>vivet.</span> <span class='ocrx_word' id='word_1_27' title='bbox 839 298 976 335; x_wconf 91' lang='lat' dir='ltr'>Glossa</span> <span class='ocrx_word' id='word_1_28' title='bbox 997 297 1038 334; x_wconf 75' lang='grc' dir='ltr'>*ε</span> <span class='ocrx_word' id='word_1_29' title='bbox 1069 297 1244 339; x_wconf 87' lang='lat' dir='ltr'>Quandiu</span> <span class='ocrx_word' id='word_1_30' title='bbox 1273 297 1334 333; x_wconf 88' lang='lat' dir='ltr'>hic</span> 
     </span>
     <span class='ocr_line' id='line_1_9' title="bbox 259 349 1335 399; baseline -0.002 -11"><span class='ocrx_word' id='word_1_31' title='bbox 259 351 469 389; x_wconf 81' lang='lat' dir='ltr'><em>mortaliter</em></span> <span class='ocrx_word' id='word_1_32' title='bbox 499 352 658 398; x_wconf 75' lang='lat' dir='ltr'>vivitur,</span> <span class='ocrx_word' id='word_1_33' title='bbox 687 351 809 389; x_wconf 78' lang='lat' dir='ltr'>videri</span> <span class='ocrx_word' id='word_1_34' title='bbox 832 363 907 399; x_wconf 85' lang='lat' dir='ltr'>per</span> <span class='ocrx_word' id='word_1_35' title='bbox 934 351 1117 399; x_wconf 88' lang='lat' dir='ltr'>quasdam</span> <span class='ocrx_word' id='word_1_36' title='bbox 1147 349 1335 399; x_wconf 81' lang='lat' dir='ltr'><strong><em>imagines</em></strong></span> 
     </span>
     <span class='ocr_line' id='line_1_10' title="bbox 259 402 1333 454; baseline -0.003 -12"><span class='ocrx_word' id='word_1_37' title='bbox 259 406 364 442; x_wconf 89' lang='lat' dir='ltr'>Deus</span> <span class='ocrx_word' id='word_1_38' title='bbox 379 410 516 453; x_wconf 87' lang='lat' dir='ltr'>potest‚·</span> <span class='ocrx_word' id='word_1_39' title='bbox 534 405 600 442; x_wconf 87' lang='lat' dir='ltr'>sed</span> <span class='ocrx_word' id='word_1_40' title='bbox 619 417 693 454; x_wconf 83' lang='lat' dir='ltr'>per</span> <span class='ocrx_word' id='word_1_41' title='bbox 720 405 840 454; x_wconf 83' lang='lat' dir='ltr'><em>ipsam</em></span> <span class='ocrx_word' id='word_1_42' title='bbox 868 409 1029 440; x_wconf 89' lang='lat' dir='ltr'>naturae</span> <span class='ocrx_word' id='word_1_43' title='bbox 1055 415 1147 440; x_wconf 88' lang='lat' dir='ltr'>suae</span> <span class='ocrx_word' id='word_1_44' title='bbox 1173 402 1333 451; x_wconf 86' lang='lat' dir='ltr'>speciem</span> 
     </span>
     <span class='ocr_line' id='line_1_11' title="bbox 260 464 1044 507; baseline 0 -12"><span class='ocrx_word' id='word_1_45' title='bbox 260 470 335 495; x_wconf 89' lang='lat' dir='ltr'>non</span> <span class='ocrx_word' id='word_1_46' title='bbox 358 464 490 507; x_wconf 85' lang='lat' dir='ltr'>potest.</span> <span class='ocrx_word' id='word_1_47' title='bbox 1028 494 1044 501; x_wconf 27' lang='lat' dir='ltr'>N</span> 
     </span>
    </p>

    <p class='ocr_par' dir='ltr' id='par_1_7' title="bbox 259 508 1335 1774">
     <span class='ocr_line' id='line_1_12' title="bbox 319 508 1333 557; baseline -0.004 -8"><span class='ocrx_word' id='word_1_48' title='bbox 319 513 546 549; x_wconf 79' lang='lat' dir='ltr'>RESPONDEO</span> <span class='ocrx_word' id='word_1_49' title='bbox 585 521 769 548; x_wconf 65' lang='lat' dir='ltr'>memnon</span> <span class='ocrx_word' id='word_1_50' title='bbox 811 509 916 557; x_wconf 93' lang='lat' dir='ltr'>quod</span> <span class='ocrx_word' id='word_1_51' title='bbox 954 509 1002 546; x_wconf 94' lang='lat' dir='ltr'>ab</span> <span class='ocrx_word' id='word_1_52' title='bbox 1040 508 1198 546; x_wconf 91' lang='lat' dir='ltr'>homine</span> <span class='ocrx_word' id='word_1_53' title='bbox 1234 520 1333 557; x_wconf 92' lang='lat' dir='ltr'>puro</span> 
     </span>
     <span class='ocr_line' id='line_1_13' title="bbox 261 561 1334 613; baseline -0.004 -11"><span class='ocrx_word' id='word_1_54' title='bbox 261 565 367 602; x_wconf 92' lang='lat' dir='ltr'>Deus</span> <span class='ocrx_word' id='word_1_55' title='bbox 386 564 507 602; x_wconf 87' lang='lat' dir='ltr'>videri</span> <span class='ocrx_word' id='word_1_56' title='bbox 525 575 595 613; x_wconf 92' lang='lat' dir='ltr'>per</span> <span class='ocrx_word' id='word_1_57' title='bbox 623 562 826 600; x_wconf 87' lang='lat' dir='ltr'>essentiam</span> <span class='ocrx_word' id='word_1_58' title='bbox 846 574 926 599; x_wconf 92' lang='lat' dir='ltr'>non</span> <span class='ocrx_word' id='word_1_59' title='bbox 945 569 1082 611; x_wconf 91' lang='lat' dir='ltr'>potest,</span> <span class='ocrx_word' id='word_1_60' title='bbox 1103 561 1174 599; x_wconf 90' lang='lat' dir='ltr'>nisi</span> <span class='ocrx_word' id='word_1_61' title='bbox 1193 562 1242 598; x_wconf 90' lang='lat' dir='ltr'>ab</span> <span class='ocrx_word' id='word_1_62' title='bbox 1262 562 1334 599; x_wconf 92' lang='lat' dir='ltr'>hac</span> 
     </span>
     <span class='ocr_line' id='line_1_14' title="bbox 260 614 1335 665; baseline -0.004 -10"><span class='ocrx_word' id='word_1_63' title='bbox 260 617 339 655; x_wconf 89' lang='lat' dir='ltr'>vita</span> <span class='ocrx_word' id='word_1_64' title='bbox 358 617 509 655; x_wconf 88' lang='lat' dir='ltr'>mortali</span> <span class='ocrx_word' id='word_1_65' title='bbox 528 623 735 665; x_wconf 85' lang='lat' dir='ltr'><strong>separetur.</strong></span> <span class='ocrx_word' id='word_1_66' title='bbox 767 614 886 652; x_wconf 90' lang='lat' dir='ltr'>Cuius</span> <span class='ocrx_word' id='word_1_67' title='bbox 915 615 1011 652; x_wconf 92' lang='lat' dir='ltr'>ratio</span> <span class='ocrx_word' id='word_1_68' title='bbox 1033 623 1088 652; x_wconf 93' lang='lat' dir='ltr'>est</span> <span class='ocrx_word' id='word_1_69' title='bbox 1117 614 1219 664; x_wconf 90' lang='lat' dir='ltr'>quia,</span> <span class='ocrx_word' id='word_1_70' title='bbox 1241 615 1335 652; x_wconf 91' lang='lat' dir='ltr'>sicut</span> 
     </span>
     <span class='ocr_line' id='line_1_15' title="bbox 261 668 1333 720; baseline -0.003 -12"><span class='ocrx_word' id='word_1_71' title='bbox 261 683 377 720; x_wconf 89' lang='lat' dir='ltr'>supra</span> <span class='ocrx_word' id='word_1_72' title='bbox 394 670 415 692; x_wconf 82' lang='lat'>&#39;¹‘</span> <span class='ocrx_word' id='word_1_73' title='bbox 443 670 587 708; x_wconf 90' lang='lat' dir='ltr'>dictum</span> <span class='ocrx_word' id='word_1_74' title='bbox 615 676 683 716; x_wconf 89' lang='lat' dir='ltr'>est,</span> <span class='ocrx_word' id='word_1_75' title='bbox 708 668 850 706; x_wconf 90' lang='lat' dir='ltr'>modus</span> <span class='ocrx_word' id='word_1_76' title='bbox 879 668 1103 717; x_wconf 88' lang='lat' dir='ltr'>cognitionis</span> <span class='ocrx_word' id='word_1_77' title='bbox 1131 668 1301 716; x_wconf 92' lang='lat' dir='ltr'>sequitur</span> <span class='ocrx_word' id='word_1_78' title='bbox 1318 674 1333 692; x_wconf 81' lang='lat'>⁷¹</span> 
     </span>
     <span class='ocr_line' id='line_1_16' title="bbox 261 722 1331 770; baseline -0.002 -9"><span class='ocrx_word' id='word_1_79' title='bbox 261 724 423 761; x_wconf 91' lang='lat' dir='ltr'>modum</span> <span class='ocrx_word' id='word_1_80' title='bbox 453 730 612 760; x_wconf 90' lang='lat' dir='ltr'>naturae</span> <span class='ocrx_word' id='word_1_81' title='bbox 642 722 694 759; x_wconf 92' lang='lat' dir='ltr'>rei</span> <span class='ocrx_word' id='word_1_82' title='bbox 722 722 999 770; x_wconf 88' lang='lat' dir='ltr'>cognoscentis.</span> <span class='ocrx_word' id='word_1_83' title='bbox 1034 722 1175 759; x_wconf 90' lang='lat' dir='ltr'>Anima</span> <span class='ocrx_word' id='word_1_84' title='bbox 1203 729 1331 759; x_wconf 88' lang='lat' dir='ltr'>autem</span> 
     </span>
     <span class='ocr_line' id='line_1_17' title="bbox 261 774 1331 825; baseline -0.002 -11"><span class='ocrx_word' id='word_1_85' title='bbox 261 783 402 823; x_wconf 90' lang='lat' dir='ltr'>nostra,</span> <span class='ocrx_word' id='word_1_86' title='bbox 432 775 603 825; x_wconf 90' lang='lat' dir='ltr'>quandiu</span> <span class='ocrx_word' id='word_1_87' title='bbox 631 774 671 812; x_wconf 93' lang='lat' dir='ltr'>in</span> <span class='ocrx_word' id='word_1_88' title='bbox 696 775 769 812; x_wconf 90' lang='lat' dir='ltr'>hac</span> <span class='ocrx_word' id='word_1_89' title='bbox 795 776 875 812; x_wconf 92' lang='lat' dir='ltr'>vita</span> <span class='ocrx_word' id='word_1_90' title='bbox 901 775 1083 823; x_wconf 88' lang='lat' dir='ltr'>vivimus,</span> <span class='ocrx_word' id='word_1_91' title='bbox 1113 776 1230 812; x_wconf 89' lang='lat' dir='ltr'>habet</span> <span class='ocrx_word' id='word_1_92' title='bbox 1249 788 1331 812; x_wconf 92' lang='lat' dir='ltr'>esse</span> 
     </span>
     <span class='ocr_line' id='line_1_18' title="bbox 259 828 1333 878; baseline 0 -12"><span class='ocrx_word' id='word_1_93' title='bbox 259 829 298 866; x_wconf 93' lang='lat' dir='ltr'>in</span> <span class='ocrx_word' id='word_1_94' title='bbox 317 828 477 866; x_wconf 91' lang='lat' dir='ltr'>materia</span> <span class='ocrx_word' id='word_1_95' title='bbox 496 828 701 878; x_wconf 90' lang='lat' dir='ltr'>corporali:</span> <span class='ocrx_word' id='word_1_96' title='bbox 721 828 825 865; x_wconf 90' lang='lat' dir='ltr'>unde</span> <span class='ocrx_word' id='word_1_97' title='bbox 853 828 1071 866; x_wconf 86' lang='lat' dir='ltr'>naturaliter</span> <span class='ocrx_word' id='word_1_98' title='bbox 1093 841 1172 866; x_wconf 92' lang='lat' dir='ltr'>non</span> <span class='ocrx_word' id='word_1_99' title='bbox 1193 841 1333 877; x_wconf 91' lang='lat' dir='ltr'>cogno-</span> 
     </span>
     <span class='ocr_line' id='line_1_19' title="bbox 261 881 1330 932; baseline 0 -13"><span class='ocrx_word' id='word_1_100' title='bbox 261 882 330 919; x_wconf 90' lang='lat' dir='ltr'>scit</span> <span class='ocrx_word' id='word_1_101' title='bbox 357 882 484 932; x_wconf 90' lang='lat' dir='ltr'>aliqua</span> <span class='ocrx_word' id='word_1_102' title='bbox 511 881 582 919; x_wconf 89' lang='lat' dir='ltr'>nisi</span> <span class='ocrx_word' id='word_1_103' title='bbox 610 894 710 930; x_wconf 91' lang='lat' dir='ltr'>quae</span> <span class='ocrx_word' id='word_1_104' title='bbox 738 882 882 919; x_wconf 92' lang='lat' dir='ltr'>habent</span> <span class='ocrx_word' id='word_1_105' title='bbox 909 883 1072 919; x_wconf 88' lang='lat' dir='ltr'>formam</span> <span class='ocrx_word' id='word_1_106' title='bbox 1098 882 1137 919; x_wconf 91' lang='lat' dir='ltr'>in</span> <span class='ocrx_word' id='word_1_107' title='bbox 1155 883 1330 931; x_wconf 89' lang='lat' dir='ltr'>materia,</span> 
     </span>
     <span class='ocr_line' id='line_1_20' title="bbox 259 935 1332 985; baseline 0 -12"><span class='ocrx_word' id='word_1_108' title='bbox 259 935 323 974; x_wconf 89' lang='lat' dir='ltr'>vel</span> <span class='ocrx_word' id='word_1_109' title='bbox 352 947 451 985; x_wconf 91' lang='lat' dir='ltr'>quae</span> <span class='ocrx_word' id='word_1_110' title='bbox 478 947 548 984; x_wconf 92' lang='lat' dir='ltr'>per</span> <span class='ocrx_word' id='word_1_111' title='bbox 566 935 788 973; x_wconf 90' lang='lat' dir='ltr'>huiusmodi</span> <span class='ocrx_word' id='word_1_112' title='bbox 808 936 989 984; x_wconf 88' lang='lat' dir='ltr'>cognosci</span> <span class='ocrx_word' id='word_1_113' title='bbox 1007 943 1169 985; x_wconf 90' lang='lat' dir='ltr'>possunt</span> <span class='ocrx_word' id='word_1_114' title='bbox 1186 936 1217 973; x_wconf 66' lang='lat'>³¹⁸.</span> <span class='ocrx_word' id='word_1_115' title='bbox 1248 937 1332 973; x_wconf 91' lang='lat' dir='ltr'>Ma-</span> 
     </span>
     <span class='ocr_line' id='line_1_21' title="bbox 261 988 1331 1039; baseline -0.001 -12"><span class='ocrx_word' id='word_1_116' title='bbox 261 988 440 1027; x_wconf 83' lang='lat' dir='ltr'>nifestum</span> <span class='ocrx_word' id='word_1_117' title='bbox 465 996 521 1026; x_wconf 92' lang='lat' dir='ltr'>est</span> <span class='ocrx_word' id='word_1_118' title='bbox 540 996 670 1026; x_wconf 91' lang='lat' dir='ltr'>autem</span> <span class='ocrx_word' id='word_1_119' title='bbox 698 989 803 1038; x_wconf 90' lang='lat' dir='ltr'>quod</span> <span class='ocrx_word' id='word_1_120' title='bbox 831 1002 901 1039; x_wconf 90' lang='lat' dir='ltr'>per</span> <span class='ocrx_word' id='word_1_121' title='bbox 920 997 1073 1026; x_wconf 91' lang='lat' dir='ltr'>naturas</span> <span class='ocrx_word' id='word_1_122' title='bbox 1101 1002 1230 1026; x_wconf 91' lang='lat' dir='ltr'>rerum</span> <span class='ocrx_word' id='word_1_123' title='bbox 1250 1002 1331 1026; x_wconf 89' lang='lat' dir='ltr'>ma-</span> 
     </span>
     <span class='ocr_line' id='line_1_22' title="bbox 259 1042 1330 1091; baseline -0.001 -11"><span class='ocrx_word' id='word_1_124' title='bbox 259 1042 447 1080; x_wconf 85' lang='lat' dir='ltr'>terialium</span> <span class='ocrx_word' id='word_1_125' title='bbox 487 1042 616 1080; x_wconf 91' lang='lat' dir='ltr'>divina</span> <span class='ocrx_word' id='word_1_126' title='bbox 653 1042 816 1080; x_wconf 87' lang='lat' dir='ltr'>essentia</span> <span class='ocrx_word' id='word_1_127' title='bbox 854 1043 1034 1091; x_wconf 88' lang='lat' dir='ltr'>cognosci</span> <span class='ocrx_word' id='word_1_128' title='bbox 1068 1055 1147 1080; x_wconf 92' lang='lat' dir='ltr'>non</span> <span class='ocrx_word' id='word_1_129' title='bbox 1183 1049 1330 1091; x_wconf 88' lang='lat' dir='ltr'>potest:</span> 
     </span>
     <span class='ocr_line' id='line_1_23' title="bbox 261 1095 1332 1145; baseline -0.001 -12"><span class='ocrx_word' id='word_1_130' title='bbox 261 1102 459 1134; x_wconf 89' lang='lat' dir='ltr'>ostensum</span> <span class='ocrx_word' id='word_1_131' title='bbox 494 1103 549 1133; x_wconf 91' lang='lat' dir='ltr'>est</span> <span class='ocrx_word' id='word_1_132' title='bbox 583 1095 686 1133; x_wconf 91' lang='lat' dir='ltr'>enim</span> <span class='ocrx_word' id='word_1_133' title='bbox 724 1108 839 1145; x_wconf 91' lang='lat' dir='ltr'>supra</span> <span class='ocrx_word' id='word_1_134' title='bbox 866 1096 887 1118; x_wconf 71' lang='lat'>&#39;¹‘</span> <span class='ocrx_word' id='word_1_135' title='bbox 919 1097 1026 1144; x_wconf 91' lang='lat' dir='ltr'>quod</span> <span class='ocrx_word' id='word_1_136' title='bbox 1059 1095 1221 1144; x_wconf 89' lang='lat' dir='ltr'>cognitio</span> <span class='ocrx_word' id='word_1_137' title='bbox 1260 1095 1332 1132; x_wconf 91' lang='lat' dir='ltr'>Dei</span> 
     </span>
     <span class='ocr_line' id='line_1_24' title="bbox 259 1147 1333 1199; baseline -0.001 -13"><span class='ocrx_word' id='word_1_138' title='bbox 259 1161 330 1199; x_wconf 89' lang='lat' dir='ltr'>per</span> <span class='ocrx_word' id='word_1_139' title='bbox 357 1161 645 1198; x_wconf 89' lang='lat' dir='ltr'>quamcumque</span> <span class='ocrx_word' id='word_1_140' title='bbox 664 1147 677 1169; x_wconf 81' lang='lat'><strong><em>⁰</em></strong></span> <span class='ocrx_word' id='word_1_141' title='bbox 706 1149 990 1187; x_wconf 87' lang='lat' dir='ltr'>similitudinem</span> <span class='ocrx_word' id='word_1_142' title='bbox 1027 1156 1215 1195; x_wconf 89' lang='lat' dir='ltr'>creatam,</span> <span class='ocrx_word' id='word_1_143' title='bbox 1253 1161 1333 1186; x_wconf 93' lang='lat' dir='ltr'>non</span> 
     </span>
     <span class='ocr_line' id='line_1_25' title="bbox 262 1201 1333 1252; baseline -0.002 -12"><span class='ocrx_word' id='word_1_144' title='bbox 262 1210 318 1240; x_wconf 91' lang='lat' dir='ltr'>est</span> <span class='ocrx_word' id='word_1_145' title='bbox 344 1202 441 1240; x_wconf 91' lang='lat' dir='ltr'>visio</span> <span class='ocrx_word' id='word_1_146' title='bbox 471 1203 658 1245; x_wconf 87' lang='lat' dir='ltr'>essentiae</span> <span class='ocrx_word' id='word_1_147' title='bbox 693 1202 821 1252; x_wconf 90' lang='lat' dir='ltr'>ipsius.</span> <span class='ocrx_word' id='word_1_148' title='bbox 859 1202 971 1240; x_wconf 91' lang='lat' dir='ltr'>Unde</span> <span class='ocrx_word' id='word_1_149' title='bbox 1006 1201 1242 1251; x_wconf 89' lang='lat' dir='ltr'>impossibile</span> <span class='ocrx_word' id='word_1_150' title='bbox 1277 1210 1333 1238; x_wconf 90' lang='lat' dir='ltr'>est</span> 
     </span>
     <span class='ocr_line' id='line_1_26' title="bbox 259 1254 1331 1302; baseline -0.003 -8"><span class='ocrx_word' id='word_1_151' title='bbox 259 1255 608 1294; x_wconf 29' lang='lat' dir='ltr'>animaeff‘hominis</span> <span class='ocrx_word' id='word_1_152' title='bbox 638 1256 852 1293; x_wconf 88' lang='lat' dir='ltr'>secundum</span> <span class='ocrx_word' id='word_1_153' title='bbox 879 1256 979 1292; x_wconf 91' lang='lat' dir='ltr'>hanc</span> <span class='ocrx_word' id='word_1_154' title='bbox 1010 1254 1129 1292; x_wconf 88' lang='lat' dir='ltr'>vitam</span> <span class='ocrx_word' id='word_1_155' title='bbox 1157 1255 1331 1302; x_wconf 88' lang='lat' dir='ltr'>viventis,</span> 
     </span>
     <span class='ocr_line' id='line_1_27' title="bbox 263 1307 1331 1356; baseline -0.003 -9"><span class='ocrx_word' id='word_1_156' title='bbox 263 1309 468 1347; x_wconf 88' lang='lat' dir='ltr'>essentiam</span> <span class='ocrx_word' id='word_1_157' title='bbox 495 1309 568 1347; x_wconf 92' lang='lat' dir='ltr'>Dei</span> <span class='ocrx_word' id='word_1_158' title='bbox 595 1309 728 1346; x_wconf 86' lang='lat' dir='ltr'>videre</span> <span class='ocrx_word' id='word_1_159' title='bbox 744 1310 775 1345; x_wconf 66' lang='lat'>³⁶.</span> <span class='ocrx_word' id='word_1_160' title='bbox 805 1329 829 1336; x_wconf 89' lang='lat'><em>-</em></span> <span class='ocrx_word' id='word_1_161' title='bbox 859 1309 909 1345; x_wconf 89' lang='lat' dir='ltr'>Et</span> <span class='ocrx_word' id='word_1_162' title='bbox 936 1307 1048 1345; x_wconf 92' lang='lat' dir='ltr'>huius</span> <span class='ocrx_word' id='word_1_163' title='bbox 1077 1307 1229 1356; x_wconf 89' lang='lat' dir='ltr'>signum</span> <span class='ocrx_word' id='word_1_164' title='bbox 1259 1316 1331 1356; x_wconf 90' lang='lat' dir='ltr'>est,</span> 
     </span>
     <span class='ocr_line' id='line_1_28' title="bbox 262 1361 1334 1413; baseline -0.002 -13"><span class='ocrx_word' id='word_1_165' title='bbox 262 1363 367 1413; x_wconf 92' lang='lat' dir='ltr'>quod</span> <span class='ocrx_word' id='word_1_166' title='bbox 396 1362 525 1400; x_wconf 86' lang='lat' dir='ltr'>anima</span> <span class='ocrx_word' id='word_1_167' title='bbox 552 1369 694 1409; x_wconf 90' lang='lat' dir='ltr'>nostra,</span> <span class='ocrx_word' id='word_1_168' title='bbox 723 1370 867 1410; x_wconf 90' lang='lat' dir='ltr'>quanto</span> <span class='ocrx_word' id='word_1_169' title='bbox 887 1361 1008 1410; x_wconf 90' lang='lat' dir='ltr'>magis</span> <span class='ocrx_word' id='word_1_170' title='bbox 1028 1373 1051 1398; x_wconf 92' lang='lat' dir='ltr'>a</span> <span class='ocrx_word' id='word_1_171' title='bbox 1071 1361 1334 1410; x_wconf 85' lang='lat' dir='ltr'>corporalibus</span> 
     </span>
     <span class='ocr_line' id='line_1_29' title="bbox 261 1414 1335 1463; baseline -0.002 -9"><span class='ocrx_word' id='word_1_172' title='bbox 261 1415 505 1462; x_wconf 85' lang='lat' dir='ltr'>abstrahitur,</span> <span class='ocrx_word' id='word_1_173' title='bbox 534 1422 639 1452; x_wconf 90' lang='lat' dir='ltr'>tanto</span> <span class='ocrx_word' id='word_1_174' title='bbox 667 1414 951 1463; x_wconf 87' lang='lat' dir='ltr'>intelligibilium</span> <span class='ocrx_word' id='word_1_175' title='bbox 986 1415 1263 1452; x_wconf 89' lang='lat' dir='ltr'>abstractorum</span> <span class='ocrx_word' id='word_1_176' title='bbox 1291 1416 1335 1452; x_wconf 93' lang='lat' dir='ltr'>fit</span> 
     </span>
     <span class='ocr_line' id='line_1_30' title="bbox 262 1467 1334 1520; baseline -0.003 -12"><span class='ocrx_word' id='word_1_177' title='bbox 262 1469 447 1520; x_wconf 81' lang='lat' dir='ltr'>capacior.</span> <span class='ocrx_word' id='word_1_178' title='bbox 469 1468 579 1507; x_wconf 87' lang='lat' dir='ltr'>Unde</span> <span class='ocrx_word' id='word_1_179' title='bbox 594 1468 634 1505; x_wconf 92' lang='lat' dir='ltr'>in</span> <span class='ocrx_word' id='word_1_180' title='bbox 653 1467 812 1505; x_wconf 87' lang='lat' dir='ltr'>somniis</span> <span class='ocrx_word' id='word_1_181' title='bbox 833 1475 890 1505; x_wconf 85' lang='lat' dir='ltr'>et‘</span> <span class='ocrx_word' id='word_1_182' title='bbox 910 1468 1198 1506; x_wconf 90' lang='lat' dir='ltr'>alienationibus</span> <span class='ocrx_word' id='word_1_183' title='bbox 1213 1481 1235 1505; x_wconf 89' lang='lat' dir='ltr'>a</span> <span class='ocrx_word' id='word_1_184' title='bbox 1250 1481 1334 1506; x_wconf 90' lang='lat' dir='ltr'>sen-</span> 
     </span>
     <span class='ocr_line' id='line_1_31' title="bbox 261 1521 1335 1572; baseline -0.001 -12"><span class='ocrx_word' id='word_1_185' title='bbox 261 1522 366 1560; x_wconf 89' lang='lat' dir='ltr'>sibus</span> <span class='ocrx_word' id='word_1_186' title='bbox 394 1521 578 1572; x_wconf 90' lang='lat' dir='ltr'>corporis,</span> <span class='ocrx_word' id='word_1_187' title='bbox 603 1522 725 1570; x_wconf 86' lang='lat' dir='ltr'>magis</span> <span class='ocrx_word' id='word_1_188' title='bbox 754 1521 905 1559; x_wconf 90' lang='lat' dir='ltr'>divinae</span> <span class='ocrx_word' id='word_1_189' title='bbox 935 1522 1188 1559; x_wconf 86' lang='lat' dir='ltr'>revelationes</span> <span class='ocrx_word' id='word_1_190' title='bbox 1215 1522 1335 1571; x_wconf 90' lang='lat' dir='ltr'>perci-</span> 
     </span>
     <span class='ocr_line' id='line_1_32' title="bbox 259 1575 1334 1626; baseline -0.001 -13"><span class='ocrx_word' id='word_1_191' title='bbox 259 1575 426 1626; x_wconf 90' lang='lat' dir='ltr'>piuntur,</span> <span class='ocrx_word' id='word_1_192' title='bbox 461 1582 499 1612; x_wconf 94' lang='lat' dir='ltr'>et</span> <span class='ocrx_word' id='word_1_193' title='bbox 530 1575 792 1624; x_wconf 88' lang='lat' dir='ltr'>praevisiones</span> <span class='ocrx_word' id='word_1_194' title='bbox 829 1575 1057 1612; x_wconf 80' lang='lat' dir='ltr'>futurorum.</span> <span class='ocrx_word' id='word_1_195' title='bbox 1097 1575 1215 1622; x_wconf 93' lang='lat' dir='ltr'>Quod</span> <span class='ocrx_word' id='word_1_196' title='bbox 1244 1588 1334 1624; x_wconf 89' lang='lat' dir='ltr'>ergo</span> 
     </span>
     <span class='ocr_line' id='line_1_33' title="bbox 261 1628 1333 1678; baseline -0.002 -11"><span class='ocrx_word' id='word_1_197' title='bbox 261 1629 390 1667; x_wconf 85' lang='lat' dir='ltr'>anima</span> <span class='ocrx_word' id='word_1_198' title='bbox 405 1629 576 1667; x_wconf 79' lang='lat' dir='ltr'>elevetur</span> <span class='ocrx_word' id='word_1_199' title='bbox 589 1641 713 1678; x_wconf 89' lang='lat' dir='ltr'>usque</span> <span class='ocrx_word' id='word_1_200' title='bbox 728 1628 778 1666; x_wconf 92' lang='lat' dir='ltr'>ad</span> <span class='ocrx_word' id='word_1_201' title='bbox 793 1638 1020 1678; x_wconf 87' lang='lat' dir='ltr'>supremum</span> <span class='ocrx_word' id='word_1_202' title='bbox 1035 1628 1333 1677; x_wconf 83' lang='lat' dir='ltr'>intelligibilium,</span> 
     </span>
     <span class='ocr_line' id='line_1_34' title="bbox 261 1682 1335 1732; baseline 0 -12"><span class='ocrx_word' id='word_1_203' title='bbox 261 1682 368 1732; x_wconf 90' lang='lat' dir='ltr'>quod</span> <span class='ocrx_word' id='word_1_204' title='bbox 387 1689 444 1720; x_wconf 88' lang='lat' dir='ltr'>est</span> <span class='ocrx_word' id='word_1_205' title='bbox 463 1682 626 1719; x_wconf 88' lang='lat' dir='ltr'>essentia</span> <span class='ocrx_word' id='word_1_206' title='bbox 646 1682 788 1730; x_wconf 89' lang='lat' dir='ltr'>divina,</span> <span class='ocrx_word' id='word_1_207' title='bbox 815 1695 897 1719; x_wconf 92' lang='lat' dir='ltr'>esse</span> <span class='ocrx_word' id='word_1_208' title='bbox 918 1695 997 1719; x_wconf 91' lang='lat' dir='ltr'>non</span> <span class='ocrx_word' id='word_1_209' title='bbox 1015 1690 1141 1731; x_wconf 92' lang='lat' dir='ltr'>potest</span> <span class='ocrx_word' id='word_1_210' title='bbox 1165 1682 1335 1731; x_wconf 85' lang='lat' dir='ltr'>quandiu</span> 
     </span>
     <span class='ocr_line' id='line_1_35' title="bbox 261 1735 810 1774; baseline -0.004 0"><span class='ocrx_word' id='word_1_211' title='bbox 261 1736 334 1774; x_wconf 88' lang='lat' dir='ltr'>hac</span> <span class='ocrx_word' id='word_1_212' title='bbox 361 1735 514 1773; x_wconf 86' lang='lat' dir='ltr'>mortali</span> <span class='ocrx_word' id='word_1_213' title='bbox 540 1735 619 1773; x_wconf 91' lang='lat' dir='ltr'>vita</span> <span class='ocrx_word' id='word_1_214' title='bbox 645 1735 762 1772; x_wconf 90' lang='lat' dir='ltr'>utitur</span> <span class='ocrx_word' id='word_1_215' title='bbox 785 1743 810 1772; x_wconf 64' lang='grc' dir='ltr'>χ.</span> 
     </span>
    </p>

    <p class='ocr_par' dir='ltr' id='par_1_8' title="bbox 260 1788 1335 2158">
     <span class='ocr_line' id='line_1_36' title="bbox 315 1788 1334 1838; baseline -0.001 -12"><span class='ocrx_word' id='word_1_216' title='bbox 315 1791 374 1827; x_wconf 83' lang='lat' dir='ltr'>An</span> <span class='ocrx_word' id='word_1_217' title='bbox 393 1801 531 1826; x_wconf 78' lang='lat' dir='ltr'>PRIMUM</span> <span class='ocrx_word' id='word_1_218' title='bbox 550 1800 649 1826; x_wconf 80' lang='lat' dir='ltr'>ERGO</span> <span class='ocrx_word' id='word_1_219' title='bbox 669 1801 853 1826; x_wconf 72' lang='lat' dir='ltr'>mcaNDUM</span> <span class='ocrx_word' id='word_1_220' title='bbox 873 1788 991 1838; x_wconf 92' lang='lat' dir='ltr'>quod,</span> <span class='ocrx_word' id='word_1_221' title='bbox 1008 1788 1222 1826; x_wconf 92' lang='lat' dir='ltr'>secundum</span> <span class='ocrx_word' id='word_1_222' title='bbox 1242 1788 1334 1825; x_wconf 92' lang='lat' dir='ltr'>Dio-</span> 
     </span>
     <span class='ocr_line' id='line_1_37' title="bbox 261 1841 1335 1892; baseline -0.002 -12"><span class='ocrx_word' id='word_1_223' title='bbox 261 1842 430 1892; x_wconf 86' lang='lat' dir='ltr'>nysium,</span> <span class='ocrx_word' id='word_1_224' title='bbox 456 1854 491 1879; x_wconf 82' lang='lat' dir='ltr'>iv</span> <span class='ocrx_word' id='word_1_225' title='bbox 511 1854 593 1891; x_wconf 92' lang='lat' dir='ltr'>cap.</span> <span class='ocrx_word' id='word_1_226' title='bbox 619 1842 720 1879; x_wconf 91' lang='lat' dir='ltr'>Cael.</span> <span class='ocrx_word' id='word_1_227' title='bbox 746 1842 873 1888; x_wconf 66' lang='lat' dir='ltr'>Hier„</span> <span class='ocrx_word' id='word_1_228' title='bbox 902 1841 954 1879; x_wconf 92' lang='lat' dir='ltr'>sic</span> <span class='ocrx_word' id='word_1_229' title='bbox 981 1841 1020 1878; x_wconf 92' lang='lat' dir='ltr'>in</span> <span class='ocrx_word' id='word_1_230' title='bbox 1050 1841 1251 1891; x_wconf 90' lang='lat' dir='ltr'>Scripturis</span> <span class='ocrx_word' id='word_1_231' title='bbox 1280 1842 1335 1879; x_wconf 89' lang='lat' dir='ltr'>di-</span> 
     </span>
     <span class='ocr_line' id='line_1_38' title="bbox 261 1894 1334 1945; baseline -0.001 -12"><span class='ocrx_word' id='word_1_232' title='bbox 261 1895 358 1933; x_wconf 90' lang='lat' dir='ltr'>citur</span> <span class='ocrx_word' id='word_1_233' title='bbox 385 1895 520 1945; x_wconf 90' lang='lat' dir='ltr'>aliquis</span> <span class='ocrx_word' id='word_1_234' title='bbox 534 1894 546 1917; x_wconf 78' lang='lat'>²</span> <span class='ocrx_word' id='word_1_235' title='bbox 565 1896 695 1932; x_wconf 91' lang='lat' dir='ltr'>Deum</span> <span class='ocrx_word' id='word_1_236' title='bbox 718 1895 872 1942; x_wconf 89' lang='lat' dir='ltr'>vidisse,</span> <span class='ocrx_word' id='word_1_237' title='bbox 893 1894 1120 1944; x_wconf 90' lang='lat' dir='ltr'>inquantum</span> <span class='ocrx_word' id='word_1_238' title='bbox 1148 1895 1334 1932; x_wconf 89' lang='lat' dir='ltr'>formatae</span> 
     </span>
     <span class='ocr_line' id='line_1_39' title="bbox 261 1947 1334 1998; baseline -0.002 -11"><span class='ocrx_word' id='word_1_239' title='bbox 261 1956 350 1987; x_wconf 90' lang='lat' dir='ltr'>sunt</span> <span class='ocrx_word' id='word_1_240' title='bbox 377 1949 524 1998; x_wconf 89' lang='lat' dir='ltr'>aliquae</span> <span class='ocrx_word' id='word_1_241' title='bbox 553 1949 716 1997; x_wconf 87' lang='lat' dir='ltr'>figurae,</span> <span class='ocrx_word' id='word_1_242' title='bbox 744 1949 808 1985; x_wconf 92' lang='lat' dir='ltr'>vel</span> <span class='ocrx_word' id='word_1_243' title='bbox 837 1947 1034 1985; x_wconf 89' lang='lat' dir='ltr'>sensibiles</span> <span class='ocrx_word' id='word_1_244' title='bbox 1062 1949 1124 1985; x_wconf 91' lang='lat' dir='ltr'>vel</span> <span class='ocrx_word' id='word_1_245' title='bbox 1153 1948 1334 1996; x_wconf 88' lang='lat' dir='ltr'>imagina-</span> 
     </span>
     <span class='ocr_line' id='line_1_40' title="bbox 261 2001 1335 2051; baseline -0.002 -11"><span class='ocrx_word' id='word_1_246' title='bbox 261 2002 352 2050; x_wconf 86' lang='lat' dir='ltr'>riae,</span> <span class='ocrx_word' id='word_1_247' title='bbox 373 2002 588 2039; x_wconf 89' lang='lat' dir='ltr'>secundum</span> <span class='ocrx_word' id='word_1_248' title='bbox 612 2001 780 2051; x_wconf 90' lang='lat' dir='ltr'>aliquam</span> <span class='ocrx_word' id='word_1_249' title='bbox 800 2001 1083 2038; x_wconf 87' lang='lat' dir='ltr'>similitudinem</span> <span class='ocrx_word' id='word_1_250' title='bbox 1107 2001 1262 2050; x_wconf 92' lang='lat' dir='ltr'>aliquod</span> <span class='ocrx_word' id='word_1_251' title='bbox 1282 2002 1335 2039; x_wconf 91' lang='lat' dir='ltr'>di-</span> 
     </span>
     <span class='ocr_line' id='line_1_41' title="bbox 260 2054 1333 2105; baseline -0.001 -12"><span class='ocrx_word' id='word_1_252' title='bbox 260 2055 397 2094; x_wconf 85' lang='lat' dir='ltr'>vinum</span> <span class='ocrx_word' id='word_1_253' title='bbox 426 2062 766 2105; x_wconf 89' lang='lat' dir='ltr'>repraesentantes.</span> <span class='ocrx_word' id='word_1_254' title='bbox 806 2054 925 2102; x_wconf 91' lang='lat' dir='ltr'>Quod</span> <span class='ocrx_word' id='word_1_255' title='bbox 954 2067 1044 2103; x_wconf 88' lang='lat' dir='ltr'>ergo</span> <span class='ocrx_word' id='word_1_256' title='bbox 1079 2054 1168 2092; x_wconf 90' lang='lat' dir='ltr'>dicit</span> <span class='ocrx_word' id='word_1_257' title='bbox 1196 2056 1333 2103; x_wconf 91' lang='lat' dir='ltr'>Iacob,</span> 
     </span>
     <span class='ocr_line' id='line_1_42' title="bbox 260 2108 1334 2158; baseline -0.002 -11"><span class='ocrx_word' id='word_1_258' title='bbox 260 2109 340 2147; x_wconf 79' lang='lat' dir='ltr'>vidi</span> <span class='ocrx_word' id='word_1_259' title='bbox 357 2110 482 2147; x_wconf 91' lang='lat' dir='ltr'>Deum</span> <span class='ocrx_word' id='word_1_260' title='bbox 497 2109 610 2158; x_wconf 85' lang='lat' dir='ltr'>facie</span> <span class='ocrx_word' id='word_1_261' title='bbox 637 2109 690 2145; x_wconf 86' lang='lat' dir='ltr'>ad</span> <span class='ocrx_word' id='word_1_262' title='bbox 704 2108 871 2157; x_wconf 90' lang='lat' dir='ltr'>faciem,</span> <span class='ocrx_word' id='word_1_263' title='bbox 902 2108 1146 2146; x_wconf 90' lang='lat' dir='ltr'>referendum</span> <span class='ocrx_word' id='word_1_264' title='bbox 1167 2115 1234 2155; x_wconf 91' lang='lat' dir='ltr'>est,</span> <span class='ocrx_word' id='word_1_265' title='bbox 1254 2121 1334 2145; x_wconf 92' lang='lat' dir='ltr'>non</span> 
     </span>
    </p>
   </div>
   <div class='ocr_carea' id='block_1_7' title="bbox 227 2161 1333 2212">
    <p class='ocr_par' dir='ltr' id='par_1_9' title="bbox 227 2161 1333 2212">
     <span class='ocr_line' id='line_1_43' title="bbox 227 2161 1333 2212; baseline -0.002 -12"><span class='ocrx_word' id='word_1_266' title='bbox 227 2185 234 2192; x_wconf 94' lang='lat'><strong>·</strong></span> <span class='ocrx_word' id='word_1_267' title='bbox 261 2163 312 2201; x_wconf 90' lang='lat' dir='ltr'>ad</span> <span class='ocrx_word' id='word_1_268' title='bbox 339 2162 462 2212; x_wconf 89' lang='lat' dir='ltr'>ipsam</span> <span class='ocrx_word' id='word_1_269' title='bbox 493 2161 662 2199; x_wconf 92' lang='lat' dir='ltr'>divinam</span> <span class='ocrx_word' id='word_1_270' title='bbox 693 2161 896 2198; x_wconf 89' lang='lat' dir='ltr'>essentiam</span> <span class='ocrx_word' id='word_1_271' title='bbox 924 2161 960 2208; x_wconf 80' lang='lat'>*,</span> <span class='ocrx_word' id='word_1_272' title='bbox 995 2162 1064 2199; x_wconf 91' lang='lat' dir='ltr'>sed</span> <span class='ocrx_word' id='word_1_273' title='bbox 1092 2161 1142 2198; x_wconf 91' lang='lat' dir='ltr'>ad</span> <span class='ocrx_word' id='word_1_274' title='bbox 1169 2161 1333 2209; x_wconf 87' lang='lat' dir='ltr'>figuram</span> 
     </span>
    </p>
   </div>
   <div class='ocr_carea' id='block_1_8' title="bbox 261 2214 1334 2265">
    <p class='ocr_par' dir='ltr' id='par_1_10' title="bbox 261 2214 1334 2265">
     <span class='ocr_line' id='line_1_44' title="bbox 261 2214 1334 2265; baseline -0.003 -11"><span class='ocrx_word' id='word_1_275' title='bbox 261 2216 301 2254; x_wconf 91' lang='lat' dir='ltr'>in</span> <span class='ocrx_word' id='word_1_276' title='bbox 328 2228 406 2265; x_wconf 90' lang='lat' dir='ltr'>qua</span> <span class='ocrx_word' id='word_1_277' title='bbox 433 2215 791 2264; x_wconf 88' lang='lat' dir='ltr'>repraesentabatur</span> <span class='ocrx_word' id='word_1_278' title='bbox 808 2215 927 2252; x_wconf 91' lang='lat' dir='ltr'>Deus.</span> <span class='ocrx_word' id='word_1_279' title='bbox 958 2214 1008 2251; x_wconf 91' lang='lat' dir='ltr'>Et</span> <span class='ocrx_word' id='word_1_280' title='bbox 1035 2215 1110 2252; x_wconf 90' lang='lat' dir='ltr'>hoc</span> <span class='ocrx_word' id='word_1_281' title='bbox 1137 2214 1265 2264; x_wconf 89' lang='lat' dir='ltr'>ipsum</span> <span class='ocrx_word' id='word_1_282' title='bbox 1285 2214 1334 2252; x_wconf 91' lang='lat' dir='ltr'>ad</span> 
     </span>
    </p>
   </div>
   <div class='ocr_carea' id='block_1_9' title="bbox 262 2382 1335 2737">
    <p class='ocr_par' dir='ltr' id='par_1_11' title="bbox 314 2382 1291 2418">
     <span class='ocr_line' id='line_1_45' title="bbox 314 2382 1291 2418; baseline -0.002 -9"><span class='ocrx_word' id='word_1_283' title='bbox 314 2383 343 2417; x_wconf 80' lang='grc' dir='ltr'>η)</span> <span class='ocrx_word' id='word_1_284' title='bbox 361 2384 491 2418; x_wconf 77' lang='lat' dir='ltr'>sequitur.</span> <span class='ocrx_word' id='word_1_285' title='bbox 508 2397 528 2403; x_wconf 96' lang='lat'>-</span> <span class='ocrx_word' id='word_1_286' title='bbox 544 2383 716 2415; x_wconf 77' lang='lat' dir='ltr'>consequitur</span> <span class='ocrx_word' id='word_1_287' title='bbox 733 2382 857 2408; x_wconf 82' lang='lat' dir='ltr'>ABCDE.</span> <span class='ocrx_word' id='word_1_288' title='bbox 873 2397 893 2402; x_wconf 89' lang='lat'>-</span> <span class='ocrx_word' id='word_1_289' title='bbox 910 2383 1093 2416; x_wconf 76' lang='lat' dir='ltr'>cognoscentis</span> <span class='ocrx_word' id='word_1_290' title='bbox 1112 2391 1166 2407; x_wconf 90' lang='lat' dir='ltr'>om.</span> <span class='ocrx_word' id='word_1_291' title='bbox 1179 2382 1291 2407; x_wconf 81' lang='lat' dir='ltr'>codices.</span> 
     </span>
    </p>

    <p class='ocr_par' dir='ltr' id='par_1_12' title="bbox 316 2418 1160 2454">
     <span class='ocr_line' id='line_1_46' title="bbox 316 2418 1160 2454; baseline -0.002 -9"><span class='ocrx_word' id='word_1_292' title='bbox 316 2418 342 2454; x_wconf 77' lang='grc' dir='ltr'>θ)</span> <span class='ocrx_word' id='word_1_293' title='bbox 360 2426 562 2453; x_wconf 77' lang='lat' dir='ltr'>quamcumque.</span> <span class='ocrx_word' id='word_1_294' title='bbox 579 2433 598 2438; x_wconf 93' lang='lat'>-</span> <span class='ocrx_word' id='word_1_295' title='bbox 615 2419 751 2452; x_wconf 83' lang='lat' dir='ltr'>quandam</span> <span class='ocrx_word' id='word_1_296' title='bbox 771 2419 828 2449; x_wconf 87' lang='lat' dir='ltr'>AG,</span> <span class='ocrx_word' id='word_1_297' title='bbox 846 2422 1088 2451; x_wconf 84' lang='lat' dir='ltr'>quantamcumque</span> <span class='ocrx_word' id='word_1_298' title='bbox 1107 2418 1160 2443; x_wconf 71' lang='grc' dir='ltr'>(ΣΕ.</span> 
     </span>
    </p>

    <p class='ocr_par' dir='ltr' id='par_1_13' title="bbox 317 2452 1333 2489">
     <span class='ocr_line' id='line_1_47' title="bbox 317 2452 1333 2489; baseline -0.003 -8"><span class='ocrx_word' id='word_1_299' title='bbox 317 2456 336 2489; x_wconf 89' lang='grc' dir='ltr'>ι)</span> <span class='ocrx_word' id='word_1_300' title='bbox 354 2459 390 2481; x_wconf 81' lang='lat' dir='ltr'>et.</span> <span class='ocrx_word' id='word_1_301' title='bbox 406 2469 426 2476; x_wconf 92' lang='lat'>-</span> <span class='ocrx_word' id='word_1_302' title='bbox 443 2458 470 2480; x_wconf 86' lang='lat' dir='ltr'>et</span> <span class='ocrx_word' id='word_1_303' title='bbox 488 2455 515 2480; x_wconf 83' lang='lat' dir='ltr'>in</span> <span class='ocrx_word' id='word_1_304' title='bbox 534 2454 694 2479; x_wconf 81' lang='lat' dir='ltr'>ACDEGab.</span> <span class='ocrx_word' id='word_1_305' title='bbox 712 2468 731 2473; x_wconf 91' lang='lat'>-</span> <span class='ocrx_word' id='word_1_306' title='bbox 749 2454 813 2479; x_wconf 80' lang='lat' dir='ltr'>Post</span> <span class='ocrx_word' id='word_1_307' title='bbox 833 2454 1023 2486; x_wconf 78' lang='lat' dir='ltr'>percipiuntur</span> <span class='ocrx_word' id='word_1_308' title='bbox 1040 2455 1062 2478; x_wconf 90' lang='lat' dir='ltr'>B</span> <span class='ocrx_word' id='word_1_309' title='bbox 1082 2454 1152 2478; x_wconf 87' lang='lat' dir='ltr'>addit</span> <span class='ocrx_word' id='word_1_310' title='bbox 1170 2454 1211 2479; x_wconf 82' lang='lat' dir='ltr'>vel</span> <span class='ocrx_word' id='word_1_311' title='bbox 1236 2452 1333 2478; x_wconf 84' lang='lat' dir='ltr'>intelli-</span> 
     </span>
    </p>

    <p class='ocr_par' dir='ltr' id='par_1_14' title="bbox 262 2495 1251 2560">
     <span class='ocr_line' id='line_1_48' title="bbox 301 2495 374 2518; baseline -0.027 0"><span class='ocrx_word' id='word_1_312' title='bbox 301 2495 374 2518; x_wconf 77' lang='lat' dir='ltr'>ntur.</span> 
     </span>
     <span class='ocr_line' id='line_1_49' title="bbox 262 2499 1251 2560; baseline -0.004 -7"><span class='ocrx_word' id='word_1_313' title='bbox 262 2499 300 2526; x_wconf 57' lang='lat' dir='ltr'>eu</span> <span class='ocrx_word' id='word_1_314' title='bbox 317 2527 343 2560; x_wconf 76' lang='grc' dir='ltr'>ιι)</span> <span class='ocrx_word' id='word_1_315' title='bbox 362 2526 413 2552; x_wconf 83' lang='lat' dir='ltr'>hac</span> <span class='ocrx_word' id='word_1_316' title='bbox 430 2525 540 2551; x_wconf 79' lang='lat' dir='ltr'>mortali</span> <span class='ocrx_word' id='word_1_317' title='bbox 558 2525 615 2550; x_wconf 83' lang='lat' dir='ltr'>vita</span> <span class='ocrx_word' id='word_1_318' title='bbox 634 2525 729 2550; x_wconf 86' lang='lat' dir='ltr'>utitur.</span> <span class='ocrx_word' id='word_1_319' title='bbox 747 2539 766 2544; x_wconf 92' lang='lat'><em>-</em></span> <span class='ocrx_word' id='word_1_320' title='bbox 784 2525 810 2550; x_wconf 84' lang='lat' dir='ltr'>in</span> <span class='ocrx_word' id='word_1_321' title='bbox 830 2524 881 2550; x_wconf 85' lang='lat' dir='ltr'>hac</span> <span class='ocrx_word' id='word_1_322' title='bbox 899 2526 1009 2551; x_wconf 80' lang='lat' dir='ltr'>mortali</span> <span class='ocrx_word' id='word_1_323' title='bbox 1027 2525 1084 2550; x_wconf 81' lang='lat' dir='ltr'>vita</span> <span class='ocrx_word' id='word_1_324' title='bbox 1102 2524 1203 2550; x_wconf 85' lang='lat' dir='ltr'>vivitur</span> <span class='ocrx_word' id='word_1_325' title='bbox 1221 2525 1251 2549; x_wconf 91' lang='grc' dir='ltr'>Β.</span> 
     </span>
    </p>

    <p class='ocr_par' dir='ltr' id='par_1_15' title="bbox 316 2560 759 2596">
     <span class='ocr_line' id='line_1_50' title="bbox 316 2560 759 2596; baseline -0.007 -8"><span class='ocrx_word' id='word_1_326' title='bbox 316 2561 345 2596; x_wconf 84' lang='grc' dir='ltr'>λ)</span> <span class='ocrx_word' id='word_1_327' title='bbox 365 2562 470 2594; x_wconf 79' lang='lat' dir='ltr'>aliquis.</span> <span class='ocrx_word' id='word_1_328' title='bbox 488 2575 507 2580; x_wconf 93' lang='lat'><em>-</em></span> <span class='ocrx_word' id='word_1_329' title='bbox 524 2561 628 2594; x_wconf 82' lang='lat' dir='ltr'>aliquos</span> <span class='ocrx_word' id='word_1_330' title='bbox 647 2560 759 2585; x_wconf 90' lang='lat' dir='ltr'>codices.</span> 
     </span>
    </p>

    <p class='ocr_par' dir='ltr' id='par_1_16' title="bbox 263 2593 1334 2667">
     <span class='ocr_line' id='line_1_51' title="bbox 317 2593 1334 2632; baseline -0.003 -10"><span class='ocrx_word' id='word_1_331' title='bbox 317 2598 347 2632; x_wconf 85' lang='grc' dir='ltr'>μ.)</span> <span class='ocrx_word' id='word_1_332' title='bbox 362 2604 482 2630; x_wconf 82' lang='lat' dir='ltr'>persona</span> <span class='ocrx_word' id='word_1_333' title='bbox 500 2593 563 2621; x_wconf 79' lang='lat' dir='ltr'>Dei&#39;</span> <span class='ocrx_word' id='word_1_334' title='bbox 571 2596 711 2628; x_wconf 81' lang='lat' dir='ltr'>loquentis.</span> <span class='ocrx_word' id='word_1_335' title='bbox 730 2610 750 2615; x_wconf 91' lang='lat'><em>-</em></span> <span class='ocrx_word' id='word_1_336' title='bbox 767 2596 876 2628; x_wconf 84' lang='lat' dir='ltr'>loquens</span> <span class='ocrx_word' id='word_1_337' title='bbox 895 2596 968 2622; x_wconf 85' lang='lat' dir='ltr'>Deus</span> <span class='ocrx_word' id='word_1_338' title='bbox 987 2596 1068 2627; x_wconf 78' lang='lat' dir='ltr'>ACE,</span> <span class='ocrx_word' id='word_1_339' title='bbox 1088 2603 1207 2628; x_wconf 81' lang='lat' dir='ltr'>persona</span> <span class='ocrx_word' id='word_1_340' title='bbox 1226 2595 1279 2620; x_wconf 86' lang='lat' dir='ltr'>Dei</span> <span class='ocrx_word' id='word_1_341' title='bbox 1296 2595 1334 2619; x_wconf 88' lang='lat' dir='ltr'>lo-</span> 
     </span>
     <span class='ocr_line' id='line_1_52' title="bbox 263 2631 751 2667; baseline -0.006 -8"><span class='ocrx_word' id='word_1_342' title='bbox 263 2633 370 2667; x_wconf 80' lang='lat' dir='ltr'>quentis</span> <span class='ocrx_word' id='word_1_343' title='bbox 388 2633 429 2658; x_wconf 71' lang='lat' dir='ltr'>vel</span> <span class='ocrx_word' id='word_1_344' title='bbox 446 2633 555 2664; x_wconf 81' lang='lat' dir='ltr'>loquens</span> <span class='ocrx_word' id='word_1_345' title='bbox 575 2632 648 2657; x_wconf 82' lang='lat' dir='ltr'>Deus</span> <span class='ocrx_word' id='word_1_346' title='bbox 667 2631 751 2656; x_wconf 82' lang='lat' dir='ltr'>PFab.</span> 
     </span>
    </p>

    <p class='ocr_par' dir='ltr' id='par_1_17' title="bbox 265 2666 1335 2737">
     <span class='ocr_line' id='line_1_53' title="bbox 317 2666 1335 2701; baseline -0.003 -7"><span class='ocrx_word' id='word_1_347' title='bbox 317 2668 342 2701; x_wconf 89' lang='grc' dir='ltr'>ν)</span> <span class='ocrx_word' id='word_1_348' title='bbox 366 2667 570 2701; x_wconf 76' lang='lat' dir='ltr'>designandam.</span> <span class='ocrx_word' id='word_1_349' title='bbox 593 2681 612 2686; x_wconf 94' lang='lat'><em>-</em></span> <span class='ocrx_word' id='word_1_350' title='bbox 635 2667 831 2701; x_wconf 80' lang='lat' dir='ltr'>designandum</span> <span class='ocrx_word' id='word_1_351' title='bbox 856 2667 1012 2693; x_wconf 82' lang='lat' dir='ltr'>ABDEFab.</span> <span class='ocrx_word' id='word_1_352' title='bbox 1034 2681 1053 2687; x_wconf 93' lang='lat'><em>-</em></span> <span class='ocrx_word' id='word_1_353' title='bbox 1074 2667 1126 2692; x_wconf 85' lang='lat' dir='ltr'>Pro</span> <span class='ocrx_word' id='word_1_354' title='bbox 1149 2666 1335 2700; x_wconf 83' lang='lat' dir='ltr'>intelligibilis,</span> 
     </span>
     <span class='ocr_line' id='line_1_54' title="bbox 265 2702 1128 2737; baseline 0 -8"><span class='ocrx_word' id='word_1_355' title='bbox 265 2703 456 2737; x_wconf 75' lang='lat' dir='ltr'>intelligibilem</span> <span class='ocrx_word' id='word_1_356' title='bbox 475 2703 538 2728; x_wconf 83' lang='lat' dir='ltr'>Pab.</span> <span class='ocrx_word' id='word_1_357' title='bbox 555 2716 575 2722; x_wconf 89' lang='lat'>-</span> <span class='ocrx_word' id='word_1_358' title='bbox 593 2702 644 2727; x_wconf 86' lang='lat' dir='ltr'>Pro</span> <span class='ocrx_word' id='word_1_359' title='bbox 662 2710 837 2732; x_wconf 85' lang='lat' dir='ltr'>communem,</span> <span class='ocrx_word' id='word_1_360' title='bbox 857 2710 961 2728; x_wconf 84' lang='lat' dir='ltr'>omnem</span> <span class='ocrx_word' id='word_1_361' title='bbox 980 2702 1128 2729; x_wconf 77' lang='lat' dir='ltr'>ACDEFG.</span> 
     </span>
    </p>
   </div>
   <div class='ocr_carea' id='block_1_10' title="bbox 2384 220 2454 257">
    <p class='ocr_par' dir='ltr' id='par_1_18' title="bbox 2384 220 2454 257">
     <span class='ocr_line' id='line_1_55' title="bbox 2384 220 2454 257; baseline 0.014 -1"><span class='ocrx_word' id='word_1_362' title='bbox 2384 220 2454 257; x_wconf 88' lang='lat'>135</span> 
     </span>
    </p>
   </div>
   <div class='ocr_carea' id='block_1_11' title="bbox 1385 296 2456 984">
    <p class='ocr_par' dir='ltr' id='par_1_19' title="bbox 1388 296 2455 612">
     <span class='ocr_line' id='line_1_56' title="bbox 1391 296 2455 348; baseline 0.004 -16"><span class='ocrx_word' id='word_1_363' title='bbox 1391 296 1586 345; x_wconf 88' lang='lat' dir='ltr'>quandam</span> <span class='ocrx_word' id='word_1_364' title='bbox 1614 296 1837 345; x_wconf 89' lang='lat' dir='ltr'>prophetiae</span> <span class='ocrx_word' id='word_1_365' title='bbox 1868 298 2112 335; x_wconf 88' lang='lat' dir='ltr'>eminentiam</span> <span class='ocrx_word' id='word_1_366' title='bbox 2139 299 2312 348; x_wconf 88' lang='lat' dir='ltr'>pertinet,</span> <span class='ocrx_word' id='word_1_367' title='bbox 2336 306 2378 336; x_wconf 90' lang='lat' dir='ltr'>ut</span> <span class='ocrx_word' id='word_1_368' title='bbox 2399 299 2455 336; x_wconf 94' lang='lat' dir='ltr'>vi-</span> 
     </span>
     <span class='ocr_line' id='line_1_57' title="bbox 1391 350 2454 400; baseline 0.003 -14"><span class='ocrx_word' id='word_1_369' title='bbox 1391 350 1524 386; x_wconf 78' lang='lat' dir='ltr'>deatur</span> <span class='ocrx_word' id='word_1_370' title='bbox 1550 362 1716 399; x_wconf 89' lang='lat' dir='ltr'>persona</span> <span class='ocrx_word' id='word_1_371' title='bbox 1744 350 1816 386; x_wconf 90' lang='lat' dir='ltr'>Dei</span> <span class='ocrx_word' id='word_1_372' title='bbox 1845 350 2033 398; x_wconf 89' lang='lat' dir='ltr'>loquentis</span> <span class='ocrx_word' id='word_1_373' title='bbox 2052 357 2090 398; x_wconf 53' lang='grc' dir='ltr'>θ’,</span> <span class='ocrx_word' id='word_1_374' title='bbox 2120 352 2204 389; x_wconf 91' lang='lat' dir='ltr'>licet</span> <span class='ocrx_word' id='word_1_375' title='bbox 2231 352 2454 400; x_wconf 85' lang='lat' dir='ltr'>imaginaria</span> 
     </span>
     <span class='ocr_line' id='line_1_58' title="bbox 1389 402 2455 453; baseline 0.004 -14"><span class='ocrx_word' id='word_1_376' title='bbox 1389 402 1554 449; x_wconf 90' lang='lat' dir='ltr'>visione;</span> <span class='ocrx_word' id='word_1_377' title='bbox 1583 410 1625 440; x_wconf 93' lang='lat' dir='ltr'>ut</span> <span class='ocrx_word' id='word_1_378' title='bbox 1652 402 1782 439; x_wconf 77' lang='lat' dir='ltr'>infra*</span> <span class='ocrx_word' id='word_1_379' title='bbox 1799 404 1954 451; x_wconf 89' lang='lat' dir='ltr'>patebit,</span> <span class='ocrx_word' id='word_1_380' title='bbox 1984 416 2071 441; x_wconf 91' lang='lat' dir='ltr'>cum</span> <span class='ocrx_word' id='word_1_381' title='bbox 2092 404 2138 442; x_wconf 92' lang='lat' dir='ltr'>de</span> <span class='ocrx_word' id='word_1_382' title='bbox 2158 405 2337 453; x_wconf 89' lang='lat' dir='ltr'>gradibus</span> <span class='ocrx_word' id='word_1_383' title='bbox 2361 406 2455 442; x_wconf 93' lang='lat' dir='ltr'>Pro-</span> 
     </span>
     <span class='ocr_line' id='line_1_59' title="bbox 1388 456 2454 505; baseline 0.004 -13"><span class='ocrx_word' id='word_1_384' title='bbox 1388 456 1538 505; x_wconf 92' lang='lat' dir='ltr'>phetiae</span> <span class='ocrx_word' id='word_1_385' title='bbox 1567 457 1782 505; x_wconf 90' lang='lat' dir='ltr'>loquemur.</span> <span class='ocrx_word' id='word_1_386' title='bbox 1803 477 1827 483; x_wconf 99' lang='lat'>-</span> <span class='ocrx_word' id='word_1_387' title='bbox 1852 456 1923 493; x_wconf 92' lang='lat' dir='ltr'>Vel</span> <span class='ocrx_word' id='word_1_388' title='bbox 1950 457 2025 493; x_wconf 90' lang='lat' dir='ltr'>hoc</span> <span class='ocrx_word' id='word_1_389' title='bbox 2054 457 2141 494; x_wconf 90' lang='lat' dir='ltr'>dicit</span> <span class='ocrx_word' id='word_1_390' title='bbox 2170 458 2283 495; x_wconf 89' lang='lat' dir='ltr'>Iacob</span> <span class='ocrx_word' id='word_1_391' title='bbox 2312 458 2362 495; x_wconf 92' lang='lat' dir='ltr'>ad</span> <span class='ocrx_word' id='word_1_392' title='bbox 2390 458 2454 495; x_wconf 90' lang='lat' dir='ltr'>de-</span> 
     </span>
     <span class='ocr_line' id='line_1_60' title="bbox 1388 509 2454 559; baseline 0.002 -13"><span class='ocrx_word' id='word_1_393' title='bbox 1388 509 1613 557; x_wconf 90' lang='lat' dir='ltr'>signandam</span> <span class='ocrx_word' id='word_1_394' title='bbox 1646 515 1657 529; x_wconf 71' lang='lat'><strong>⁹</strong></span> <span class='ocrx_word' id='word_1_395' title='bbox 1695 510 1890 558; x_wconf 91' lang='lat' dir='ltr'>quandam</span> <span class='ocrx_word' id='word_1_396' title='bbox 1933 509 2179 548; x_wconf 87' lang='lat' dir='ltr'>eminentiam</span> <span class='ocrx_word' id='word_1_397' title='bbox 2217 511 2454 559; x_wconf 90' lang='lat' dir='ltr'>intelligibilis</span> 
     </span>
     <span class='ocr_line' id='line_1_61' title="bbox 1389 562 2335 612; baseline 0.002 -13"><span class='ocrx_word' id='word_1_398' title='bbox 1389 562 1731 612; x_wconf 88' lang='lat' dir='ltr'>contemplationis,</span> <span class='ocrx_word' id='word_1_399' title='bbox 1762 574 1877 611; x_wconf 92' lang='lat' dir='ltr'>supra</span> <span class='ocrx_word' id='word_1_400' title='bbox 1906 574 2155 600; x_wconf 91' lang='lat' dir='ltr'>communem</span> <span class='ocrx_word' id='word_1_401' title='bbox 2183 571 2335 601; x_wconf 90' lang='lat' dir='ltr'>statum.</span> 
     </span>
    </p>

    <p class='ocr_par' dir='ltr' id='par_1_20' title="bbox 1385 614 2456 984">
     <span class='ocr_line' id='line_1_62' title="bbox 1442 614 2455 664; baseline 0.002 -11"><span class='ocrx_word' id='word_1_402' title='bbox 1442 618 1499 653; x_wconf 81' lang='lat' dir='ltr'>An</span> <span class='ocrx_word' id='word_1_403' title='bbox 1519 628 1709 653; x_wconf 77' lang='lat' dir='ltr'>SECUNDUM</span> <span class='ocrx_word' id='word_1_404' title='bbox 1728 627 1911 653; x_wconf 81' lang='lat' dir='ltr'>mCENDUM</span> <span class='ocrx_word' id='word_1_405' title='bbox 1931 616 2037 664; x_wconf 90' lang='lat' dir='ltr'>quod</span> <span class='ocrx_word' id='word_1_406' title='bbox 2051 614 2075 663; x_wconf 61' lang='grc' dir='ltr'>ε,</span> <span class='ocrx_word' id='word_1_407' title='bbox 2102 617 2196 654; x_wconf 91' lang='lat' dir='ltr'>sicut</span> <span class='ocrx_word' id='word_1_408' title='bbox 2214 618 2320 654; x_wconf 91' lang='lat' dir='ltr'>Deus</span> <span class='ocrx_word' id='word_1_409' title='bbox 2344 617 2455 654; x_wconf 89' lang='lat' dir='ltr'>mira-</span> 
     </span>
     <span class='ocr_line' id='line_1_63' title="bbox 1388 669 2454 719; baseline 0.001 -13"><span class='ocrx_word' id='word_1_410' title='bbox 1388 670 1516 706; x_wconf 91' lang='lat' dir='ltr'>culose</span> <span class='ocrx_word' id='word_1_411' title='bbox 1555 669 1695 718; x_wconf 90' lang='lat' dir='ltr'>aliquid</span> <span class='ocrx_word' id='word_1_412' title='bbox 1733 669 2067 718; x_wconf 89' lang='lat' dir='ltr'>supernaturaliter</span> <span class='ocrx_word' id='word_1_413' title='bbox 2101 669 2139 707; x_wconf 90' lang='lat' dir='ltr'>in</span> <span class='ocrx_word' id='word_1_414' title='bbox 2167 670 2281 707; x_wconf 90' lang='lat' dir='ltr'>rebus</span> <span class='ocrx_word' id='word_1_415' title='bbox 2319 683 2454 719; x_wconf 94' lang='lat' dir='ltr'>corpo-</span> 
     </span>
     <span class='ocr_line' id='line_1_64' title="bbox 1387 722 2455 773; baseline 0.002 -14"><span class='ocrx_word' id='word_1_416' title='bbox 1387 722 1458 759; x_wconf 91' lang='lat' dir='ltr'>reis</span> <span class='ocrx_word' id='word_1_417' title='bbox 1478 730 1667 771; x_wconf 90' lang='lat' dir='ltr'>operatur,</span> <span class='ocrx_word' id='word_1_418' title='bbox 1683 722 1735 759; x_wconf 92' lang='lat' dir='ltr'>ita</span> <span class='ocrx_word' id='word_1_419' title='bbox 1749 722 1863 759; x_wconf 90' lang='lat' dir='ltr'>etiam</span> <span class='ocrx_word' id='word_1_420' title='bbox 1880 730 1916 759; x_wconf 93' lang='lat' dir='ltr'>et</span> <span class='ocrx_word' id='word_1_421' title='bbox 1931 723 2275 771; x_wconf 87' lang='lat' dir='ltr'>supernaturaliter,</span> <span class='ocrx_word' id='word_1_422' title='bbox 2297 731 2332 760; x_wconf 88' lang='lat' dir='ltr'>et</span> <span class='ocrx_word' id='word_1_423' title='bbox 2345 736 2455 773; x_wconf 90' lang='lat' dir='ltr'>prae-</span> 
     </span>
     <span class='ocr_line' id='line_1_65' title="bbox 1387 775 2456 826; baseline 0.002 -14"><span class='ocrx_word' id='word_1_424' title='bbox 1387 783 1443 812; x_wconf 91' lang='lat' dir='ltr'>ter</span> <span class='ocrx_word' id='word_1_425' title='bbox 1462 787 1712 813; x_wconf 90' lang='lat' dir='ltr'>communem</span> <span class='ocrx_word' id='word_1_426' title='bbox 1731 775 1919 822; x_wconf 91' lang='lat' dir='ltr'>ordinem,</span> <span class='ocrx_word' id='word_1_427' title='bbox 1936 783 2085 813; x_wconf 90' lang='lat' dir='ltr'>mentes</span> <span class='ocrx_word' id='word_1_428' title='bbox 2100 776 2316 826; x_wconf 90' lang='lat' dir='ltr'>aliquorum</span> <span class='ocrx_word' id='word_1_429' title='bbox 2331 777 2368 814; x_wconf 93' lang='lat' dir='ltr'>in</span> <span class='ocrx_word' id='word_1_430' title='bbox 2383 777 2456 814; x_wconf 86' lang='lat' dir='ltr'>hac</span> 
     </span>
     <span class='ocr_line' id='line_1_66' title="bbox 1387 828 2454 876; baseline 0.001 -11"><span class='ocrx_word' id='word_1_431' title='bbox 1387 841 1501 866; x_wconf 91' lang='lat' dir='ltr'>carne</span> <span class='ocrx_word' id='word_1_432' title='bbox 1529 828 1761 876; x_wconf 90' lang='lat' dir='ltr'>viventium,</span> <span class='ocrx_word' id='word_1_433' title='bbox 1790 828 1858 866; x_wconf 92' lang='lat' dir='ltr'>sed</span> <span class='ocrx_word' id='word_1_434' title='bbox 1887 841 1965 866; x_wconf 93' lang='lat' dir='ltr'>non</span> <span class='ocrx_word' id='word_1_435' title='bbox 1994 829 2167 866; x_wconf 90' lang='lat' dir='ltr'>sensibus</span> <span class='ocrx_word' id='word_1_436' title='bbox 2197 829 2318 867; x_wconf 88' lang='lat' dir='ltr'>carnis</span> <span class='ocrx_word' id='word_1_437' title='bbox 2345 837 2454 867; x_wconf 91' lang='lat' dir='ltr'>uten-</span> 
     </span>
     <span class='ocr_line' id='line_1_67' title="bbox 1386 881 2453 931; baseline 0.001 -12"><span class='ocrx_word' id='word_1_438' title='bbox 1386 882 1480 919; x_wconf 92' lang='lat' dir='ltr'>tium</span> <span class='ocrx_word' id='word_1_439' title='bbox 1494 882 1526 930; x_wconf 86' lang='lat'>*,</span> <span class='ocrx_word' id='word_1_440' title='bbox 1546 894 1669 931; x_wconf 89' lang='lat' dir='ltr'>usque</span> <span class='ocrx_word' id='word_1_441' title='bbox 1685 882 1733 919; x_wconf 89' lang='lat' dir='ltr'>ad</span> <span class='ocrx_word' id='word_1_442' title='bbox 1747 881 1938 919; x_wconf 87' lang='lat' dir='ltr'>visionem</span> <span class='ocrx_word' id='word_1_443' title='bbox 1958 895 2049 919; x_wconf 92' lang='lat' dir='ltr'>suae</span> <span class='ocrx_word' id='word_1_444' title='bbox 2069 883 2253 920; x_wconf 91' lang='lat' dir='ltr'>essentiae</span> <span class='ocrx_word' id='word_1_445' title='bbox 2273 883 2453 930; x_wconf 80' lang='lat' dir='ltr'>elevavit3</span> 
     </span>
     <span class='ocr_line' id='line_1_68' title="bbox 1385 935 2452 984; baseline 0 -11"><span class='ocrx_word' id='word_1_446' title='bbox 1385 943 1427 973; x_wconf 92' lang='lat' dir='ltr'>ut</span> <span class='ocrx_word' id='word_1_447' title='bbox 1455 935 1544 973; x_wconf 92' lang='lat' dir='ltr'>dicit</span> <span class='ocrx_word' id='word_1_448' title='bbox 1571 935 1820 984; x_wconf 88' lang='lat' dir='ltr'>Augustinus,</span> <span class='ocrx_word' id='word_1_449' title='bbox 1849 937 1920 973; x_wconf 92' lang='lat' dir='ltr'>XII</span> <span class='ocrx_word' id='word_1_450' title='bbox 1948 948 2061 984; x_wconf 84' lang='lat' dir='ltr'>super</span> <span class='ocrx_word' id='word_1_451' title='bbox 2092 936 2224 974; x_wconf 87' lang='lat' dir='ltr'>Genes.</span> <span class='ocrx_word' id='word_1_452' title='bbox 2253 936 2305 973; x_wconf 83' lang='lat' dir='ltr'>ad</span> <span class='ocrx_word' id='word_1_453' title='bbox 2331 936 2393 973; x_wconf 90' lang='lat' dir='ltr'>litt.</span> <span class='ocrx_word' id='word_1_454' title='bbox 2415 936 2452 983; x_wconf 76' lang='lat'>²¹²,</span> 
     </span>
    </p>
   </div>
   <div class='ocr_carea' id='block_1_12' title="bbox 1388 989 2491 1038">
    <p class='ocr_par' dir='ltr' id='par_1_21' title="bbox 1388 989 2491 1038">
     <span class='ocr_line' id='line_1_69' title="bbox 1388 989 2491 1038; baseline 0 -12"><span class='ocrx_word' id='word_1_455' title='bbox 1388 997 1424 1026; x_wconf 92' lang='lat' dir='ltr'>et</span> <span class='ocrx_word' id='word_1_456' title='bbox 1451 990 1489 1026; x_wconf 91' lang='lat' dir='ltr'>in</span> <span class='ocrx_word' id='word_1_457' title='bbox 1518 989 1614 1026; x_wconf 93' lang='lat' dir='ltr'>libro</span> <span class='ocrx_word' id='word_1_458' title='bbox 1647 989 1694 1026; x_wconf 85' lang='lat' dir='ltr'>de</span> <span class='ocrx_word' id='word_1_459' title='bbox 1728 989 1892 1026; x_wconf 86' lang='lat' dir='ltr'>Videndo</span> <span class='ocrx_word' id='word_1_460' title='bbox 1912 990 2046 1026; x_wconf 74' lang='lat' dir='ltr'>&#39;Deum</span> <span class='ocrx_word' id='word_1_461' title='bbox 2074 989 2095 1011; x_wconf 79' lang='lat'>’¹‘</span> <span class='ocrx_word' id='word_1_462' title='bbox 2123 990 2171 1027; x_wconf 92' lang='lat' dir='ltr'>de</span> <span class='ocrx_word' id='word_1_463' title='bbox 2199 990 2358 1038; x_wconf 89' lang='lat' dir='ltr'>Moyse,</span> <span class='ocrx_word' id='word_1_464' title='bbox 2388 989 2452 1038; x_wconf 92' lang='lat' dir='ltr'>qui</span> <span class='ocrx_word' id='word_1_465' title='bbox 2481 998 2491 1007; x_wconf 82' lang='lat'>&#39;</span> 
     </span>
    </p>
   </div>
   <div class='ocr_carea' id='block_1_13' title="bbox 1386 1042 2456 2263">
    <p class='ocr_par' dir='ltr' id='par_1_22' title="bbox 1386 1042 2454 1198">
     <span class='ocr_line' id='line_1_70' title="bbox 1387 1042 2454 1092; baseline 0 -13"><span class='ocrx_word' id='word_1_466' title='bbox 1387 1043 1456 1079; x_wconf 86' lang='lat' dir='ltr'>fuit</span> <span class='ocrx_word' id='word_1_467' title='bbox 1484 1043 1661 1090; x_wconf 88' lang='lat' dir='ltr'>magister</span> <span class='ocrx_word' id='word_1_468' title='bbox 1689 1042 1932 1090; x_wconf 89' lang='lat' dir='ltr'>Iudaeorum,</span> <span class='ocrx_word' id='word_1_469' title='bbox 1963 1050 1999 1079; x_wconf 91' lang='lat' dir='ltr'>et</span> <span class='ocrx_word' id='word_1_470' title='bbox 2025 1043 2159 1090; x_wconf 91' lang='lat' dir='ltr'>Paulo,</span> <span class='ocrx_word' id='word_1_471' title='bbox 2185 1042 2249 1092; x_wconf 93' lang='lat' dir='ltr'>qui</span> <span class='ocrx_word' id='word_1_472' title='bbox 2277 1042 2346 1079; x_wconf 85' lang='lat' dir='ltr'>fuit</span> <span class='ocrx_word' id='word_1_473' title='bbox 2372 1055 2454 1080; x_wconf 87' lang='lat' dir='ltr'>ma-</span> 
     </span>
     <span class='ocr_line' id='line_1_71' title="bbox 1386 1095 2451 1145; baseline 0.001 -13"><span class='ocrx_word' id='word_1_474' title='bbox 1386 1096 1499 1144; x_wconf 88' lang='lat' dir='ltr'>gister</span> <span class='ocrx_word' id='word_1_475' title='bbox 1527 1095 1708 1133; x_wconf 90' lang='lat' dir='ltr'>Gentium</span> <span class='ocrx_word' id='word_1_476' title='bbox 1727 1095 1758 1132; x_wconf 69' lang='lat'>³¹⁸.</span> <span class='ocrx_word' id='word_1_477' title='bbox 1789 1097 1838 1132; x_wconf 92' lang='lat' dir='ltr'>Et</span> <span class='ocrx_word' id='word_1_478' title='bbox 1866 1096 1912 1133; x_wconf 91' lang='lat' dir='ltr'>de</span> <span class='ocrx_word' id='word_1_479' title='bbox 1942 1096 2017 1132; x_wconf 92' lang='lat' dir='ltr'>hoc</span> <span class='ocrx_word' id='word_1_480' title='bbox 2043 1096 2192 1145; x_wconf 91' lang='lat' dir='ltr'>plenius</span> <span class='ocrx_word' id='word_1_481' title='bbox 2220 1095 2451 1144; x_wconf 89' lang='lat' dir='ltr'>tractabitur,</span> 
     </span>
     <span class='ocr_line' id='line_1_72' title="bbox 1388 1148 1976 1198; baseline -0.002 -12"><span class='ocrx_word' id='word_1_482' title='bbox 1388 1162 1477 1186; x_wconf 90' lang='lat' dir='ltr'>curn</span> <span class='ocrx_word' id='word_1_483' title='bbox 1506 1149 1554 1186; x_wconf 92' lang='lat' dir='ltr'>de</span> <span class='ocrx_word' id='word_1_484' title='bbox 1583 1150 1709 1198; x_wconf 91' lang='lat' dir='ltr'>Raptu</span> <span class='ocrx_word' id='word_1_485' title='bbox 1728 1154 1740 1169; x_wconf 84' lang='lat'><em>⁰</em></span> <span class='ocrx_word' id='word_1_486' title='bbox 1769 1161 1926 1197; x_wconf 87' lang='lat' dir='ltr'>agemus</span> <span class='ocrx_word' id='word_1_487' title='bbox 1945 1148 1976 1186; x_wconf 70' lang='lat'>²¹².</span> 
     </span>
    </p>

    <p class='ocr_par' dir='ltr' id='par_1_23' title="bbox 1387 1201 2456 1943">
     <span class='ocr_line' id='line_1_73' title="bbox 1440 1201 2454 1251; baseline 0 -13"><span class='ocrx_word' id='word_1_488' title='bbox 1440 1203 1499 1239; x_wconf 83' lang='lat' dir='ltr'>An</span> <span class='ocrx_word' id='word_1_489' title='bbox 1527 1214 1686 1239; x_wconf 80' lang='lat' dir='ltr'>TERTlUM</span> <span class='ocrx_word' id='word_1_490' title='bbox 1714 1202 1898 1239; x_wconf 65' lang='lat' dir='ltr'>DICEND‘UM</span> <span class='ocrx_word' id='word_1_491' title='bbox 1927 1203 2031 1251; x_wconf 93' lang='lat' dir='ltr'>quod</span> <span class='ocrx_word' id='word_1_492' title='bbox 2052 1201 2183 1239; x_wconf 91' lang='lat' dir='ltr'>omnia</span> <span class='ocrx_word' id='word_1_493' title='bbox 2202 1201 2396 1239; x_wconf 75' lang='lat' dir='ltr'>dicimur⁷‘</span> <span class='ocrx_word' id='word_1_494' title='bbox 2415 1201 2454 1239; x_wconf 92' lang='lat' dir='ltr'>in</span> 
     </span>
     <span class='ocr_line' id='line_1_74' title="bbox 1387 1254 2454 1304; baseline 0.001 -13"><span class='ocrx_word' id='word_1_495' title='bbox 1387 1256 1473 1292; x_wconf 93' lang='lat' dir='ltr'>Deo</span> <span class='ocrx_word' id='word_1_496' title='bbox 1505 1254 1657 1301; x_wconf 87' lang='lat' dir='ltr'>videre,</span> <span class='ocrx_word' id='word_1_497' title='bbox 1698 1262 1733 1291; x_wconf 91' lang='lat' dir='ltr'>et</span> <span class='ocrx_word' id='word_1_498' title='bbox 1770 1255 1984 1292; x_wconf 89' lang='lat' dir='ltr'>seeundum</span> <span class='ocrx_word' id='word_1_499' title='bbox 2021 1255 2148 1304; x_wconf 91' lang='lat' dir='ltr'>ipsum</span> <span class='ocrx_word' id='word_1_500' title='bbox 2188 1255 2235 1292; x_wconf 91' lang='lat' dir='ltr'>de</span> <span class='ocrx_word' id='word_1_501' title='bbox 2273 1254 2454 1292; x_wconf 91' lang='lat' dir='ltr'>omnibus</span> 
     </span>
     <span class='ocr_line' id='line_1_75' title="bbox 1387 1307 2455 1357; baseline -0.001 -12"><span class='ocrx_word' id='word_1_502' title='bbox 1387 1308 1554 1346; x_wconf 89' lang='lat' dir='ltr'>iudicare</span> <span class='ocrx_word' id='word_1_503' title='bbox 1573 1307 1605 1355; x_wconf 74' lang='lat'>²¹⁵,</span> <span class='ocrx_word' id='word_1_504' title='bbox 1630 1307 1856 1357; x_wconf 90' lang='lat' dir='ltr'>inquantum</span> <span class='ocrx_word' id='word_1_505' title='bbox 1883 1320 1952 1356; x_wconf 92' lang='lat' dir='ltr'>per</span> <span class='ocrx_word' id='word_1_506' title='bbox 1979 1307 2306 1357; x_wconf 88' lang='lat' dir='ltr'>participationem</span> <span class='ocrx_word' id='word_1_507' title='bbox 2325 1308 2382 1345; x_wconf 89' lang='lat' dir='ltr'>sui</span> <span class='ocrx_word' id='word_1_508' title='bbox 2400 1308 2455 1345; x_wconf 92' lang='lat' dir='ltr'>lu-</span> 
     </span>
     <span class='ocr_line' id='line_1_76' title="bbox 1389 1360 2456 1409; baseline 0.001 -11"><span class='ocrx_word' id='word_1_509' title='bbox 1389 1361 1502 1399; x_wconf 89' lang='lat' dir='ltr'>minis</span> <span class='ocrx_word' id='word_1_510' title='bbox 1517 1360 1648 1398; x_wconf 88' lang='lat' dir='ltr'>omnia</span> <span class='ocrx_word' id='word_1_511' title='bbox 1668 1361 1935 1409; x_wconf 90' lang='lat' dir='ltr'>cognoscimus</span> <span class='ocrx_word' id='word_1_512' title='bbox 1954 1368 1991 1398; x_wconf 88' lang='lat' dir='ltr'>et</span> <span class='ocrx_word' id='word_1_513' title='bbox 2009 1361 2282 1398; x_wconf 87' lang='lat' dir='ltr'>diiudicamus:</span> <span class='ocrx_word' id='word_1_514' title='bbox 2308 1373 2399 1398; x_wconf 90' lang='lat' dir='ltr'>nam</span> <span class='ocrx_word' id='word_1_515' title='bbox 2420 1369 2456 1399; x_wconf 90' lang='lat' dir='ltr'>et</span> 
     </span>
     <span class='ocr_line' id='line_1_77' title="bbox 1388 1414 2455 1464; baseline 0 -12"><span class='ocrx_word' id='word_1_516' title='bbox 1388 1415 1515 1464; x_wconf 87' lang='lat' dir='ltr'>ipsum</span> <span class='ocrx_word' id='word_1_517' title='bbox 1542 1415 1671 1452; x_wconf 90' lang='lat' dir='ltr'>lumen</span> <span class='ocrx_word' id='word_1_518' title='bbox 1699 1414 1868 1453; x_wconf 88' lang='lat' dir='ltr'>naturale</span> <span class='ocrx_word' id='word_1_519' title='bbox 1898 1414 2052 1451; x_wconf 89' lang='lat' dir='ltr'>rationis</span> <span class='ocrx_word' id='word_1_520' title='bbox 2079 1414 2315 1463; x_wconf 88' lang='lat' dir='ltr'>participatio</span> <span class='ocrx_word' id='word_1_521' title='bbox 2341 1426 2455 1463; x_wconf 91' lang='lat' dir='ltr'>quae·</span> 
     </span>
     <span class='ocr_line' id='line_1_78' title="bbox 1389 1467 2455 1514; baseline -0.002 -8"><span class='ocrx_word' id='word_1_522' title='bbox 1389 1469 1480 1506; x_wconf 87' lang='lat' dir='ltr'>dam</span> <span class='ocrx_word' id='word_1_523' title='bbox 1501 1476 1557 1505; x_wconf 91' lang='lat' dir='ltr'>est</span> <span class='ocrx_word' id='word_1_524' title='bbox 1576 1467 1694 1505; x_wconf 90' lang='lat' dir='ltr'>divini</span> <span class='ocrx_word' id='word_1_525' title='bbox 1722 1467 1895 1514; x_wconf 90' lang='lat' dir='ltr'>luminis;</span> <span class='ocrx_word' id='word_1_526' title='bbox 1926 1467 2019 1504; x_wconf 90' lang='lat' dir='ltr'>sicut</span> <span class='ocrx_word' id='word_1_527' title='bbox 2038 1467 2183 1505; x_wconf 74' lang='lat' dir='ltr'>etiam?</span> <span class='ocrx_word' id='word_1_528' title='bbox 2212 1467 2342 1505; x_wconf 90' lang='lat' dir='ltr'>omnia</span> <span class='ocrx_word' id='word_1_529' title='bbox 2371 1480 2455 1505; x_wconf 93' lang='lat' dir='ltr'>sen-</span> 
     </span>
     <span class='ocr_line' id='line_1_79' title="bbox 1389 1520 2456 1570; baseline -0.001 -11"><span class='ocrx_word' id='word_1_530' title='bbox 1389 1522 1509 1559; x_wconf 91' lang='lat' dir='ltr'>sibilia</span> <span class='ocrx_word' id='word_1_531' title='bbox 1528 1521 1690 1559; x_wconf 89' lang='lat' dir='ltr'>dicimus</span> <span class='ocrx_word' id='word_1_532' title='bbox 1708 1521 1839 1558; x_wconf 88' lang='lat' dir='ltr'>videre</span> <span class='ocrx_word' id='word_1_533' title='bbox 1860 1528 1896 1558; x_wconf 92' lang='lat' dir='ltr'>et</span> <span class='ocrx_word' id='word_1_534' title='bbox 1915 1520 2082 1558; x_wconf 89' lang='lat' dir='ltr'>iudicare</span> <span class='ocrx_word' id='word_1_535' title='bbox 2101 1521 2140 1558; x_wconf 92' lang='lat' dir='ltr'>in</span> <span class='ocrx_word' id='word_1_536' title='bbox 2159 1521 2251 1568; x_wconf 90' lang='lat' dir='ltr'>sole,</span> <span class='ocrx_word' id='word_1_537' title='bbox 2274 1521 2370 1558; x_wconf 90' lang='lat' dir='ltr'>idest</span> <span class='ocrx_word' id='word_1_538' title='bbox 2386 1533 2456 1570; x_wconf 91' lang='lat' dir='ltr'>per</span> 
     </span>
     <span class='ocr_line' id='line_1_80' title="bbox 1389 1574 2455 1622; baseline -0.002 -10"><span class='ocrx_word' id='word_1_539' title='bbox 1389 1576 1521 1612; x_wconf 91' lang='lat' dir='ltr'>lumen</span> <span class='ocrx_word' id='word_1_540' title='bbox 1549 1575 1649 1612; x_wconf 86' lang='lat' dir='ltr'>solis.</span> <span class='ocrx_word' id='word_1_541' title='bbox 1679 1574 1790 1612; x_wconf 91' lang='lat' dir='ltr'>Unde</span> <span class='ocrx_word' id='word_1_542' title='bbox 1816 1574 1903 1611; x_wconf 90' lang='lat' dir='ltr'>dicit</span> <span class='ocrx_word' id='word_1_543' title='bbox 1921 1574 2165 1622; x_wconf 90' lang='lat' dir='ltr'>Augustinus,</span> <span class='ocrx_word' id='word_1_544' title='bbox 2196 1576 2210 1611; x_wconf 96' lang='lat' dir='ltr'>I</span> <span class='ocrx_word' id='word_1_545' title='bbox 2235 1574 2455 1622; x_wconf 85' lang='lat' dir='ltr'>Soliloquio-</span> 
     </span>
     <span class='ocr_line' id='line_1_81' title="bbox 1390 1627 2456 1676; baseline -0.002 -10"><span class='ocrx_word' id='word_1_546' title='bbox 1390 1641 1476 1666; x_wconf 90' lang='lat' dir='ltr'>rum</span> <span class='ocrx_word' id='word_1_547' title='bbox 1495 1628 1531 1665; x_wconf 78' lang='lat' dir='ltr'>*z</span> <span class='ocrx_word' id='word_1_548' title='bbox 1559 1627 1856 1676; x_wconf 84' lang='lat' dir='ltr'>Disciplinarum</span> <span class='ocrx_word' id='word_1_549' title='bbox 1884 1628 2113 1676; x_wconf 82' lang='lat' dir='ltr'>spectamina</span> <span class='ocrx_word' id='word_1_550' title='bbox 2131 1628 2253 1665; x_wconf 74' lang='lat' dir='ltr'>videri</span> <span class='ocrx_word' id='word_1_551' title='bbox 2271 1640 2345 1664; x_wconf 90' lang='lat' dir='ltr'>non</span> <span class='ocrx_word' id='word_1_552' title='bbox 2369 1635 2456 1676; x_wconf 79' lang='lat' dir='ltr'>pos-</span> 
     </span>
     <span class='ocr_line' id='line_1_82' title="bbox 1388 1681 2455 1730; baseline -0.001 -11"><span class='ocrx_word' id='word_1_553' title='bbox 1388 1687 1484 1728; x_wconf 86' lang='lat' dir='ltr'>sunt,</span> <span class='ocrx_word' id='word_1_554' title='bbox 1505 1681 1578 1719; x_wconf 87' lang='lat' dir='ltr'>nisi</span> <span class='ocrx_word' id='word_1_555' title='bbox 1594 1681 1720 1730; x_wconf 85' lang='lat' dir='ltr'>aliquo</span> <span class='ocrx_word' id='word_1_556' title='bbox 1739 1681 1841 1718; x_wconf 77' lang='lat' dir='ltr'>velut</span> <span class='ocrx_word' id='word_1_557' title='bbox 1855 1693 1923 1718; x_wconf 91' lang='lat' dir='ltr'>suo</span> <span class='ocrx_word' id='word_1_558' title='bbox 1945 1687 1958 1701; x_wconf 75' lang='lat'>⁹</span> <span class='ocrx_word' id='word_1_559' title='bbox 1982 1681 2058 1718; x_wconf 91' lang='lat' dir='ltr'>sole</span> <span class='ocrx_word' id='word_1_560' title='bbox 2082 1681 2321 1727; x_wconf 84' lang='lat' dir='ltr'>illustrentur,</span> <span class='ocrx_word' id='word_1_561' title='bbox 2350 1681 2455 1718; x_wconf 91' lang='lat' dir='ltr'>vide-</span> 
     </span>
     <span class='ocr_line' id='line_1_83' title="bbox 1389 1734 2454 1783; baseline -0.001 -11"><span class='ocrx_word' id='word_1_562' title='bbox 1389 1735 1475 1772; x_wconf 90' lang='lat' dir='ltr'>licet</span> <span class='ocrx_word' id='word_1_563' title='bbox 1502 1735 1599 1772; x_wconf 90' lang='lat' dir='ltr'>Deo.</span> <span class='ocrx_word' id='word_1_564' title='bbox 1630 1734 1734 1772; x_wconf 92' lang='lat' dir='ltr'>Sicut</span> <span class='ocrx_word' id='word_1_565' title='bbox 1763 1746 1852 1782; x_wconf 89' lang='lat' dir='ltr'>ergo</span> <span class='ocrx_word' id='word_1_566' title='bbox 1872 1735 1921 1772; x_wconf 92' lang='lat' dir='ltr'>ad</span> <span class='ocrx_word' id='word_1_567' title='bbox 1939 1734 2152 1772; x_wconf 91' lang='lat' dir='ltr'>videndum</span> <span class='ocrx_word' id='word_1_568' title='bbox 2178 1734 2319 1783; x_wconf 89' lang='lat' dir='ltr'>aliquid</span> <span class='ocrx_word' id='word_1_569' title='bbox 2339 1734 2454 1771; x_wconf 89' lang='lat' dir='ltr'>sensi-</span> 
     </span>
     <span class='ocr_line' id='line_1_84' title="bbox 1389 1787 2455 1837; baseline -0.002 -11"><span class='ocrx_word' id='word_1_570' title='bbox 1389 1788 1522 1835; x_wconf 91' lang='lat' dir='ltr'>biliter,</span> <span class='ocrx_word' id='word_1_571' title='bbox 1552 1800 1632 1826; x_wconf 89' lang='lat' dir='ltr'>non</span> <span class='ocrx_word' id='word_1_572' title='bbox 1652 1795 1708 1825; x_wconf 89' lang='lat' dir='ltr'>est</span> <span class='ocrx_word' id='word_1_573' title='bbox 1726 1800 1883 1825; x_wconf 92' lang='lat' dir='ltr'>necesse</span> <span class='ocrx_word' id='word_1_574' title='bbox 1912 1787 2018 1837; x_wconf 92' lang='lat' dir='ltr'>quod</span> <span class='ocrx_word' id='word_1_575' title='bbox 2044 1787 2220 1825; x_wconf 89' lang='lat' dir='ltr'>videatur</span> <span class='ocrx_word' id='word_1_576' title='bbox 2248 1788 2455 1824; x_wconf 88' lang='lat' dir='ltr'>substantia</span> 
     </span>
     <span class='ocr_line' id='line_1_85' title="bbox 1389 1840 2454 1890; baseline -0.002 -11"><span class='ocrx_word' id='word_1_577' title='bbox 1389 1842 1495 1890; x_wconf 90' lang='lat' dir='ltr'>solis,</span> <span class='ocrx_word' id='word_1_578' title='bbox 1516 1841 1566 1878; x_wconf 90' lang='lat' dir='ltr'>ita</span> <span class='ocrx_word' id='word_1_579' title='bbox 1584 1841 1634 1878; x_wconf 90' lang='lat' dir='ltr'>ad</span> <span class='ocrx_word' id='word_1_580' title='bbox 1651 1841 1864 1879; x_wconf 89' lang='lat' dir='ltr'>videndum</span> <span class='ocrx_word' id='word_1_581' title='bbox 1885 1841 2027 1889; x_wconf 89' lang='lat' dir='ltr'>aliquid</span> <span class='ocrx_word' id='word_1_582' title='bbox 2045 1840 2320 1889; x_wconf 88' lang='lat' dir='ltr'>intelligibiliter</span> <span class='ocrx_word' id='word_1_583' title='bbox 2333 1846 2359 1886; x_wconf 72' lang='lat'>³,</span> <span class='ocrx_word' id='word_1_584' title='bbox 2376 1853 2454 1878; x_wconf 92' lang='lat' dir='ltr'>non</span> 
     </span>
     <span class='ocr_line' id='line_1_86' title="bbox 1389 1893 2363 1943; baseline -0.002 -11"><span class='ocrx_word' id='word_1_585' title='bbox 1389 1903 1445 1932; x_wconf 91' lang='lat' dir='ltr'>est</span> <span class='ocrx_word' id='word_1_586' title='bbox 1463 1894 1721 1932; x_wconf 91' lang='lat' dir='ltr'>necessarium</span> <span class='ocrx_word' id='word_1_587' title='bbox 1741 1894 1846 1943; x_wconf 92' lang='lat' dir='ltr'>quod</span> <span class='ocrx_word' id='word_1_588' title='bbox 1865 1893 2040 1932; x_wconf 90' lang='lat' dir='ltr'>videatur</span> <span class='ocrx_word' id='word_1_589' title='bbox 2061 1894 2222 1931; x_wconf 90' lang='lat' dir='ltr'>essentia</span> <span class='ocrx_word' id='word_1_590' title='bbox 2242 1894 2314 1930; x_wconf 93' lang='lat' dir='ltr'>Dei</span> <span class='ocrx_word' id='word_1_591' title='bbox 2332 1893 2363 1930; x_wconf 81' lang='grc'>*.</span> 
     </span>
    </p>

    <p class='ocr_par' dir='ltr' id='par_1_24' title="bbox 1389 1946 2455 2263">
     <span class='ocr_line' id='line_1_87' title="bbox 1443 1946 2454 1996; baseline -0.001 -11"><span class='ocrx_word' id='word_1_592' title='bbox 1443 1950 1500 1985; x_wconf 83' lang='lat' dir='ltr'>AD</span> <span class='ocrx_word' id='word_1_593' title='bbox 1527 1960 1701 1991; x_wconf 79' lang='lat' dir='ltr'><strong>QUARTUM</strong></span> <span class='ocrx_word' id='word_1_594' title='bbox 1728 1959 1911 1985; x_wconf 65' lang='lat' dir='ltr'>monimum</span> <span class='ocrx_word' id='word_1_595' title='bbox 1940 1947 2045 1996; x_wconf 92' lang='lat' dir='ltr'>quod</span> <span class='ocrx_word' id='word_1_596' title='bbox 2071 1947 2167 1984; x_wconf 90' lang='lat' dir='ltr'>visio</span> <span class='ocrx_word' id='word_1_597' title='bbox 2197 1946 2454 1984; x_wconf 88' lang='lat' dir='ltr'>intellectualis</span> 
     </span>
     <span class='ocr_line' id='line_1_88' title="bbox 1389 2001 2455 2050; baseline -0.001 -12"><span class='ocrx_word' id='word_1_598' title='bbox 1389 2009 1445 2038; x_wconf 92' lang='lat' dir='ltr'>est</span> <span class='ocrx_word' id='word_1_599' title='bbox 1471 2013 1605 2038; x_wconf 87' lang='lat' dir='ltr'>eorum</span> <span class='ocrx_word' id='word_1_600' title='bbox 1634 2013 1733 2049; x_wconf 92' lang='lat' dir='ltr'>quae</span> <span class='ocrx_word' id='word_1_601' title='bbox 1762 2008 1849 2038; x_wconf 92' lang='lat' dir='ltr'>sunt</span> <span class='ocrx_word' id='word_1_602' title='bbox 1875 2001 1914 2038; x_wconf 93' lang='lat' dir='ltr'>in</span> <span class='ocrx_word' id='word_1_603' title='bbox 1939 2001 2066 2038; x_wconf 88' lang='lat' dir='ltr'>anima</span> <span class='ocrx_word' id='word_1_604' title='bbox 2093 2013 2163 2050; x_wconf 91' lang='lat' dir='ltr'>per</span> <span class='ocrx_word' id='word_1_605' title='bbox 2191 2012 2300 2037; x_wconf 91' lang='lat' dir='ltr'>suam</span> <span class='ocrx_word' id='word_1_606' title='bbox 2329 2012 2455 2038; x_wconf 90' lang='lat' dir='ltr'>essen-</span> 
     </span>
     <span class='ocr_line' id='line_1_89' title="bbox 1389 2053 2454 2102; baseline -0.002 -10"><span class='ocrx_word' id='word_1_607' title='bbox 1389 2055 1480 2092; x_wconf 89' lang='lat' dir='ltr'>tiam</span> <span class='ocrx_word' id='word_1_608' title='bbox 1519 2054 1614 2091; x_wconf 88' lang='lat' dir='ltr'>sieut</span> <span class='ocrx_word' id='word_1_609' title='bbox 1645 2054 1886 2102; x_wconf 90' lang='lat' dir='ltr'>intelligibilia</span> <span class='ocrx_word' id='word_1_610' title='bbox 1918 2054 1957 2091; x_wconf 94' lang='lat' dir='ltr'>in</span> <span class='ocrx_word' id='word_1_611' title='bbox 1989 2054 2188 2090; x_wconf 92' lang='lat' dir='ltr'>intellectu.</span> <span class='ocrx_word' id='word_1_612' title='bbox 2229 2053 2291 2090; x_wconf 88' lang='lat' dir='ltr'>Sic</span> <span class='ocrx_word' id='word_1_613' title='bbox 2325 2061 2454 2090; x_wconf 91' lang='lat' dir='ltr'>autem</span> 
     </span>
     <span class='ocr_line' id='line_1_90' title="bbox 1389 2107 2455 2154; baseline -0.002 -9"><span class='ocrx_word' id='word_1_614' title='bbox 1389 2109 1496 2145; x_wconf 91' lang='lat' dir='ltr'>Deus</span> <span class='ocrx_word' id='word_1_615' title='bbox 1537 2115 1593 2144; x_wconf 91' lang='lat' dir='ltr'>est</span> <span class='ocrx_word' id='word_1_616' title='bbox 1630 2107 1668 2143; x_wconf 91' lang='lat' dir='ltr'>in</span> <span class='ocrx_word' id='word_1_617' title='bbox 1703 2107 1831 2144; x_wconf 91' lang='lat' dir='ltr'>anima</span> <span class='ocrx_word' id='word_1_618' title='bbox 1867 2107 2092 2154; x_wconf 89' lang='lat' dir='ltr'>beatorum,</span> <span class='ocrx_word' id='word_1_619' title='bbox 2136 2119 2215 2144; x_wconf 93' lang='lat' dir='ltr'>non</span> <span class='ocrx_word' id='word_1_620' title='bbox 2251 2113 2380 2143; x_wconf 87' lang='lat' dir='ltr'>autem</span> <span class='ocrx_word' id='word_1_621' title='bbox 2417 2107 2455 2143; x_wconf 92' lang='lat' dir='ltr'>in</span> 
     </span>
     <span class='ocr_line' id='line_1_91' title="bbox 1389 2159 2454 2209; baseline -0.002 -11"><span class='ocrx_word' id='word_1_622' title='bbox 1389 2161 1518 2198; x_wconf 89' lang='lat' dir='ltr'>anima</span> <span class='ocrx_word' id='word_1_623' title='bbox 1554 2167 1704 2206; x_wconf 82' lang='lat' dir='ltr'>nostra3</span> <span class='ocrx_word' id='word_1_624' title='bbox 1735 2160 1803 2197; x_wconf 93' lang='lat' dir='ltr'>sed</span> <span class='ocrx_word' id='word_1_625' title='bbox 1830 2172 1899 2209; x_wconf 91' lang='lat' dir='ltr'>per</span> <span class='ocrx_word' id='word_1_626' title='bbox 1925 2160 2200 2209; x_wconf 87' lang='lat' dir='ltr'>praesentiam,</span> <span class='ocrx_word' id='word_1_627' title='bbox 2232 2159 2454 2206; x_wconf 89' lang='lat' dir='ltr'>essentiam,</span> 
     </span>
     <span class='ocr_line' id='line_1_92' title="bbox 1392 2213 1677 2263; baseline -0.004 -12"><span class='ocrx_word' id='word_1_628' title='bbox 1392 2222 1428 2251; x_wconf 92' lang='lat' dir='ltr'>et</span> <span class='ocrx_word' id='word_1_629' title='bbox 1455 2213 1677 2263; x_wconf 89' lang='lat' dir='ltr'>potentiam.</span> 
     </span>
    </p>
   </div>
   <div class='ocr_carea' id='block_1_14' title="bbox 1389 2380 2457 2734">
    <p class='ocr_par' dir='ltr' id='par_1_25' title="bbox 1389 2380 2456 2448">
     <span class='ocr_line' id='line_1_93' title="bbox 1443 2380 2456 2414; baseline 0.001 -8"><span class='ocrx_word' id='word_1_630' title='bbox 1443 2380 1466 2414; x_wconf 79' lang='grc' dir='ltr'>ξ)</span> <span class='ocrx_word' id='word_1_631' title='bbox 1481 2382 1562 2413; x_wconf 82' lang='lat' dir='ltr'>quod.</span> <span class='ocrx_word' id='word_1_632' title='bbox 1576 2395 1594 2400; x_wconf 89' lang='lat'>-</span> <span class='ocrx_word' id='word_1_633' title='bbox 1607 2381 1679 2414; x_wconf 85' lang='lat' dir='ltr'>quod</span> <span class='ocrx_word' id='word_1_634' title='bbox 1697 2381 1799 2414; x_wconf 85' lang='lat' dir='ltr'>aliquid</span> <span class='ocrx_word' id='word_1_635' title='bbox 1813 2381 1871 2406; x_wconf 90' lang='lat' dir='ltr'>edd.</span> <span class='ocrx_word' id='word_1_636' title='bbox 1887 2388 1904 2406; x_wconf 86' lang='lat' dir='ltr'>a</span> <span class='ocrx_word' id='word_1_637' title='bbox 1914 2382 1937 2406; x_wconf 72' lang='lat'>1⁷.</span> <span class='ocrx_word' id='word_1_638' title='bbox 1952 2395 1970 2400; x_wconf 96' lang='lat'><em>-</em></span> <span class='ocrx_word' id='word_1_639' title='bbox 1985 2381 2035 2406; x_wconf 86' lang='lat' dir='ltr'>Pro</span> <span class='ocrx_word' id='word_1_640' title='bbox 2053 2381 2164 2413; x_wconf 80' lang='lat' dir='ltr'>aliquid,</span> <span class='ocrx_word' id='word_1_641' title='bbox 2179 2385 2205 2406; x_wconf 87' lang='lat' dir='ltr'>et</span> <span class='ocrx_word' id='word_1_642' title='bbox 2218 2381 2247 2410; x_wconf 86' lang='grc' dir='ltr'>Β,</span> <span class='ocrx_word' id='word_1_643' title='bbox 2262 2388 2295 2406; x_wconf 86' lang='lat' dir='ltr'>ac</span> <span class='ocrx_word' id='word_1_644' title='bbox 2308 2381 2367 2406; x_wconf 92' lang='lat' dir='ltr'>edd.</span> <span class='ocrx_word' id='word_1_645' title='bbox 2379 2388 2397 2406; x_wconf 89' lang='lat' dir='ltr'>a</span> <span class='ocrx_word' id='word_1_646' title='bbox 2407 2381 2456 2407; x_wconf 77' lang='lat'>17.-</span> 
     </span>
     <span class='ocr_line' id='line_1_94' title="bbox 1389 2417 1898 2448; baseline -0.002 -6"><span class='ocrx_word' id='word_1_647' title='bbox 1389 2417 1440 2442; x_wconf 87' lang='lat' dir='ltr'>Pro</span> <span class='ocrx_word' id='word_1_648' title='bbox 1458 2417 1539 2442; x_wconf 86' lang='lat' dir='ltr'>etiam</span> <span class='ocrx_word' id='word_1_649' title='bbox 1559 2420 1592 2446; x_wconf 80' lang='lat' dir='ltr'>et,</span> <span class='ocrx_word' id='word_1_650' title='bbox 1611 2420 1638 2442; x_wconf 81' lang='lat' dir='ltr'>et</span> <span class='ocrx_word' id='word_1_651' title='bbox 1651 2417 1702 2448; x_wconf 89' lang='lat' dir='ltr'>BC,</span> <span class='ocrx_word' id='word_1_652' title='bbox 1717 2417 1797 2442; x_wconf 79' lang='lat' dir='ltr'>etiam</span> <span class='ocrx_word' id='word_1_653' title='bbox 1813 2417 1898 2442; x_wconf 84' lang='lat' dir='ltr'>ceteri.</span> 
     </span>
    </p>

    <p class='ocr_par' dir='ltr' id='par_1_26' title="bbox 1443 2452 1968 2485">
     <span class='ocr_line' id='line_1_95' title="bbox 1443 2452 1968 2485; baseline -0.002 -8"><span class='ocrx_word' id='word_1_654' title='bbox 1443 2452 1468 2485; x_wconf 93' lang='grc' dir='ltr'>ο)</span> <span class='ocrx_word' id='word_1_655' title='bbox 1489 2452 1522 2477; x_wconf 82' lang='lat' dir='ltr'>de</span> <span class='ocrx_word' id='word_1_656' title='bbox 1541 2452 1642 2484; x_wconf 82' lang='lat' dir='ltr'>Raptu.</span> <span class='ocrx_word' id='word_1_657' title='bbox 1660 2465 1680 2472; x_wconf 90' lang='lat'>-—</span> <span class='ocrx_word' id='word_1_658' title='bbox 1698 2452 1731 2477; x_wconf 84' lang='lat' dir='ltr'>de</span> <span class='ocrx_word' id='word_1_659' title='bbox 1749 2455 1830 2484; x_wconf 82' lang='lat' dir='ltr'>raptu</span> <span class='ocrx_word' id='word_1_660' title='bbox 1850 2452 1906 2477; x_wconf 85' lang='lat' dir='ltr'>eius</span> <span class='ocrx_word' id='word_1_661' title='bbox 1924 2452 1968 2476; x_wconf 83' lang='lat' dir='ltr'>Pb.</span> 
     </span>
    </p>

    <p class='ocr_par' dir='ltr' id='par_1_27' title="bbox 1442 2487 1957 2520">
     <span class='ocr_line' id='line_1_96' title="bbox 1442 2487 1957 2520; baseline -0.002 -8"><span class='ocrx_word' id='word_1_662' title='bbox 1442 2487 1472 2520; x_wconf 87' lang='grc' dir='ltr'>π)</span> <span class='ocrx_word' id='word_1_663' title='bbox 1492 2488 1616 2513; x_wconf 79' lang='lat' dir='ltr'>dicimur.</span> <span class='ocrx_word' id='word_1_664' title='bbox 1633 2502 1653 2507; x_wconf 92' lang='lat'><em>-</em></span> <span class='ocrx_word' id='word_1_665' title='bbox 1671 2487 1783 2513; x_wconf 81' lang='lat' dir='ltr'>dicimus</span> <span class='ocrx_word' id='word_1_666' title='bbox 1801 2487 1957 2512; x_wconf 84' lang='lat' dir='ltr'>ABCDEab.</span> 
     </span>
    </p>

    <p class='ocr_par' dir='ltr' id='par_1_28' title="bbox 1390 2522 2454 2584">
     <span class='ocr_line' id='line_1_97' title="bbox 1441 2522 2454 2556; baseline 0 -8"><span class='ocrx_word' id='word_1_667' title='bbox 1441 2524 1466 2556; x_wconf 86' lang='grc' dir='ltr'>ρ)</span> <span class='ocrx_word' id='word_1_668' title='bbox 1486 2524 1556 2549; x_wconf 79' lang='lat' dir='ltr'>sicut</span> <span class='ocrx_word' id='word_1_669' title='bbox 1573 2523 1663 2548; x_wconf 85' lang='lat' dir='ltr'>etiam.</span> <span class='ocrx_word' id='word_1_670' title='bbox 1676 2537 1695 2542; x_wconf 98' lang='lat'>-</span> <span class='ocrx_word' id='word_1_671' title='bbox 1708 2523 1747 2548; x_wconf 85' lang='lat' dir='ltr'>sic</span> <span class='ocrx_word' id='word_1_672' title='bbox 1765 2523 1846 2548; x_wconf 83' lang='lat' dir='ltr'>etiam</span> <span class='ocrx_word' id='word_1_673' title='bbox 1864 2522 1985 2552; x_wconf 85' lang='lat' dir='ltr'>ABCDE,</span> <span class='ocrx_word' id='word_1_674' title='bbox 2000 2522 2025 2547; x_wconf 85' lang='lat' dir='ltr'>si</span> <span class='ocrx_word' id='word_1_675' title='bbox 2042 2522 2123 2547; x_wconf 86' lang='lat' dir='ltr'>etiam</span> <span class='ocrx_word' id='word_1_676' title='bbox 2138 2522 2179 2547; x_wconf 90' lang='lat' dir='ltr'>ed.</span> <span class='ocrx_word' id='word_1_677' title='bbox 2194 2522 2218 2547; x_wconf 82' lang='lat' dir='ltr'>b.</span> <span class='ocrx_word' id='word_1_678' title='bbox 2230 2535 2249 2541; x_wconf 89' lang='lat'><em>-</em></span> <span class='ocrx_word' id='word_1_679' title='bbox 2260 2522 2311 2547; x_wconf 86' lang='lat' dir='ltr'>Pro</span> <span class='ocrx_word' id='word_1_680' title='bbox 2329 2522 2454 2552; x_wconf 81' lang='lat' dir='ltr'>dicimus,</span> 
     </span>
     <span class='ocr_line' id='line_1_98' title="bbox 1390 2558 1578 2584; baseline -0.005 0"><span class='ocrx_word' id='word_1_681' title='bbox 1390 2559 1506 2584; x_wconf 84' lang='lat' dir='ltr'>dicimur</span> <span class='ocrx_word' id='word_1_682' title='bbox 1523 2558 1578 2584; x_wconf 82' lang='lat' dir='ltr'>FG.</span> 
     </span>
    </p>

    <p class='ocr_par' dir='ltr' id='par_1_29' title="bbox 1390 2592 2453 2662">
     <span class='ocr_line' id='line_1_99' title="bbox 1444 2592 2453 2627; baseline -0.001 -8"><span class='ocrx_word' id='word_1_683' title='bbox 1444 2595 1470 2627; x_wconf 84' lang='grc' dir='ltr'>σ)</span> <span class='ocrx_word' id='word_1_684' title='bbox 1490 2594 1579 2626; x_wconf 84' lang='lat' dir='ltr'>aliquo</span> <span class='ocrx_word' id='word_1_685' title='bbox 1599 2594 1670 2619; x_wconf 82' lang='lat' dir='ltr'>velut</span> <span class='ocrx_word' id='word_1_686' title='bbox 1687 2600 1745 2618; x_wconf 81' lang='lat' dir='ltr'>suo.</span> <span class='ocrx_word' id='word_1_687' title='bbox 1762 2608 1782 2612; x_wconf 98' lang='lat'><em>-</em></span> <span class='ocrx_word' id='word_1_688' title='bbox 1799 2593 1890 2626; x_wconf 85' lang='lat' dir='ltr'>aliqua</span> <span class='ocrx_word' id='word_1_689' title='bbox 1909 2593 1949 2618; x_wconf 76' lang='lat' dir='ltr'>vel</span> <span class='ocrx_word' id='word_1_690' title='bbox 1968 2592 2000 2617; x_wconf 84' lang='lat' dir='ltr'>de</span> <span class='ocrx_word' id='word_1_691' title='bbox 2018 2599 2066 2618; x_wconf 86' lang='lat' dir='ltr'>suo</span> <span class='ocrx_word' id='word_1_692' title='bbox 2079 2592 2177 2622; x_wconf 82' lang='lat' dir='ltr'>ACDF,</span> <span class='ocrx_word' id='word_1_693' title='bbox 2191 2593 2283 2626; x_wconf 83' lang='lat' dir='ltr'>aliqua</span> <span class='ocrx_word' id='word_1_694' title='bbox 2295 2593 2328 2618; x_wconf 82' lang='lat' dir='ltr'>de</span> <span class='ocrx_word' id='word_1_695' title='bbox 2340 2600 2388 2618; x_wconf 81' lang='lat' dir='ltr'>suo</span> <span class='ocrx_word' id='word_1_696' title='bbox 2402 2594 2453 2622; x_wconf 84' lang='grc' dir='ltr'>ΒΕ,</span> 
     </span>
     <span class='ocr_line' id='line_1_100' title="bbox 1390 2629 1835 2662; baseline -0.004 -7"><span class='ocrx_word' id='word_1_697' title='bbox 1390 2630 1482 2662; x_wconf 73' lang='lat' dir='ltr'>aliqua</span> <span class='ocrx_word' id='word_1_698' title='bbox 1500 2630 1572 2654; x_wconf 82' lang='lat' dir='ltr'>velut</span> <span class='ocrx_word' id='word_1_699' title='bbox 1590 2629 1623 2654; x_wconf 85' lang='lat' dir='ltr'>de</span> <span class='ocrx_word' id='word_1_700' title='bbox 1640 2636 1688 2654; x_wconf 85' lang='lat' dir='ltr'>suo</span> <span class='ocrx_word' id='word_1_701' title='bbox 1707 2629 1766 2653; x_wconf 90' lang='lat' dir='ltr'>edd.</span> <span class='ocrx_word' id='word_1_702' title='bbox 1784 2629 1835 2653; x_wconf 84' lang='lat' dir='ltr'>ab.</span> 
     </span>
    </p>

    <p class='ocr_par' dir='ltr' id='par_1_30' title="bbox 1391 2663 2457 2734">
     <span class='ocr_line' id='line_1_101' title="bbox 1444 2663 2457 2698; baseline -0.001 -8"><span class='ocrx_word' id='word_1_703' title='bbox 1444 2665 1470 2697; x_wconf 90' lang='grc' dir='ltr'>τ)</span> <span class='ocrx_word' id='word_1_704' title='bbox 1490 2665 1567 2690; x_wconf 82' lang='lat' dir='ltr'>Sicut</span> <span class='ocrx_word' id='word_1_705' title='bbox 1584 2671 1649 2698; x_wconf 83' lang='lat' dir='ltr'>ergo</span> <span class='ocrx_word' id='word_1_706' title='bbox 1717 2664 1929 2697; x_wconf 82' lang='lat' dir='ltr'>intelligibiliter.</span> <span class='ocrx_word' id='word_1_707' title='bbox 1946 2677 1965 2683; x_wconf 90' lang='lat'>-</span> <span class='ocrx_word' id='word_1_708' title='bbox 1984 2663 2030 2689; x_wconf 82' lang='lat' dir='ltr'>Sic</span> <span class='ocrx_word' id='word_1_709' title='bbox 2047 2671 2113 2697; x_wconf 87' lang='lat' dir='ltr'>ergo</span> <span class='ocrx_word' id='word_1_710' title='bbox 2132 2663 2170 2689; x_wconf 83' lang='lat' dir='ltr'>ad</span> <span class='ocrx_word' id='word_1_711' title='bbox 2187 2664 2331 2690; x_wconf 78' lang='lat' dir='ltr'>videndum</span> <span class='ocrx_word' id='word_1_712' title='bbox 2354 2664 2457 2696; x_wconf 83' lang='lat' dir='ltr'>aliquid</span> 
     </span>
     <span class='ocr_line' id='line_1_102' title="bbox 1391 2700 1862 2734; baseline -0.004 -8"><span class='ocrx_word' id='word_1_713' title='bbox 1391 2700 1595 2734; x_wconf 80' lang='lat' dir='ltr'>intelligibiliter</span> <span class='ocrx_word' id='word_1_714' title='bbox 1612 2700 1714 2724; x_wconf 87' lang='lat' dir='ltr'>codices</span> <span class='ocrx_word' id='word_1_715' title='bbox 1733 2704 1759 2724; x_wconf 91' lang='lat' dir='ltr'>et</span> <span class='ocrx_word' id='word_1_716' title='bbox 1777 2700 1818 2724; x_wconf 92' lang='lat' dir='ltr'>ed.</span> <span class='ocrx_word' id='word_1_717' title='bbox 1836 2707 1862 2724; x_wconf 86' lang='grc' dir='ltr'>α.</span> 
     </span>
    </p>
   </div>
   <div class='ocr_carea' id='block_1_15' title="bbox 949 2790 1775 2841">
    <p class='ocr_par' dir='ltr' id='par_1_31' title="bbox 949 2790 1775 2841">
     <span class='ocr_line' id='line_1_103' title="bbox 949 2790 1775 2841; baseline -0.006 0"><span class='ocrx_word' id='word_1_718' title='bbox 949 2790 1285 2841; x_wconf 64' lang='lat' dir='ltr'>Commentaria</span> <span class='ocrx_word' id='word_1_719' title='bbox 1305 2805 1554 2839; x_wconf 77' lang='lat' dir='ltr'>Cardinalis</span> <span class='ocrx_word' id='word_1_720' title='bbox 1577 2805 1775 2838; x_wconf 72' lang='lat' dir='ltr'>Caietam</span> 
     </span>
    </p>
   </div>
   <div class='ocr_carea' id='block_1_16' title="bbox 265 2910 1341 3617">
    <p class='ocr_par' dir='ltr' id='par_1_32' title="bbox 267 2910 1336 3034">
     <span class='ocr_line' id='line_1_104' title="bbox 297 2910 1336 2955; baseline -0.004 -10"><span class='ocrx_word' id='word_1_721' title='bbox 297 2924 318 2945; x_wconf 74' lang='lat' dir='ltr'>u</span> <span class='ocrx_word' id='word_1_722' title='bbox 333 2914 438 2951; x_wconf 84' lang='lat' dir='ltr'>titulo,</span> <span class='ocrx_word' id='word_1_723' title='bbox 452 2914 556 2955; x_wconf 78' lang='lat' dir='ltr'>possit</span> <span class='ocrx_word' id='word_1_724' title='bbox 572 2914 692 2954; x_wconf 80' lang='lat' dir='ltr'>absque</span> <span class='ocrx_word' id='word_1_725' title='bbox 708 2913 836 2954; x_wconf 86' lang='lat' dir='ltr'>speciali</span> <span class='ocrx_word' id='word_1_726' title='bbox 851 2914 1017 2950; x_wconf 85' lang='lat' dir='ltr'>miraculo,</span> <span class='ocrx_word' id='word_1_727' title='bbox 1041 2913 1150 2954; x_wconf 89' lang='lat' dir='ltr'>quoad</span> <span class='ocrx_word' id='word_1_728' title='bbox 1169 2912 1231 2943; x_wconf 91' lang='lat' dir='ltr'>hoc</span> <span class='ocrx_word' id='word_1_729' title='bbox 1247 2910 1336 2952; x_wconf 91' lang='lat' dir='ltr'>quod</span> 
     </span>
     <span class='ocr_line' id='line_1_105' title="bbox 269 2926 1336 2999; baseline -0.001 -12"><span class='ocrx_word' id='word_1_730' title='bbox 269 2926 338 2990; x_wconf 81' lang='lat' dir='ltr'>Isit</span> <span class='ocrx_word' id='word_1_731' title='bbox 350 2958 385 2989; x_wconf 88' lang='lat' dir='ltr'>in</span> <span class='ocrx_word' id='word_1_732' title='bbox 394 2958 453 2989; x_wconf 88' lang='lat' dir='ltr'>hac</span> <span class='ocrx_word' id='word_1_733' title='bbox 469 2958 546 2989; x_wconf 78' lang='lat' dir='ltr'>vita:</span> <span class='ocrx_word' id='word_1_734' title='bbox 564 2965 595 2989; x_wconf 91' lang='lat' dir='ltr'>et</span> <span class='ocrx_word' id='word_1_735' title='bbox 606 2968 673 2988; x_wconf 90' lang='lat' dir='ltr'>non</span> <span class='ocrx_word' id='word_1_736' title='bbox 690 2957 827 2989; x_wconf 90' lang='lat' dir='ltr'>sumitur</span> <span class='ocrx_word' id='word_1_737' title='bbox 841 2958 874 2999; x_wconf 92' lang='lat' dir='ltr'>ly</span> <span class='ocrx_word' id='word_1_738' title='bbox 887 2959 1002 2999; x_wconf 83' lang='lat' dir='ltr'>possit,</span> <span class='ocrx_word' id='word_1_739' title='bbox 1018 2958 1098 2988; x_wconf 91' lang='lat' dir='ltr'>idest</span> <span class='ocrx_word' id='word_1_740' title='bbox 1114 2967 1176 2987; x_wconf 91' lang='lat' dir='ltr'>non</span> <span class='ocrx_word' id='word_1_741' title='bbox 1197 2956 1336 2997; x_wconf 81' lang='lat' dir='ltr'>implicet</span> 
     </span>
     <span class='ocr_line' id='line_1_106' title="bbox 267 3002 560 3034; baseline -0.003 0"><span class='ocrx_word' id='word_1_742' title='bbox 267 3002 560 3034; x_wconf 81' lang='lat' dir='ltr'>contradictionem.</span> 
     </span>
    </p>

    <p class='ocr_par' dir='ltr' id='par_1_33' title="bbox 267 3045 1338 3308">
     <span class='ocr_line' id='line_1_107' title="bbox 321 3045 1336 3091; baseline -0.002 -14"><span class='ocrx_word' id='word_1_743' title='bbox 321 3046 359 3077; x_wconf 86' lang='grc' dir='ltr'>ΙΙ.</span> <span class='ocrx_word' id='word_1_744' title='bbox 384 3046 420 3076; x_wconf 90' lang='lat' dir='ltr'>In</span> <span class='ocrx_word' id='word_1_745' title='bbox 435 3056 568 3087; x_wconf 87' lang='lat' dir='ltr'>corpore</span> <span class='ocrx_word' id='word_1_746' title='bbox 584 3056 649 3077; x_wconf 85' lang='lat' dir='ltr'>una</span> <span class='ocrx_word' id='word_1_747' title='bbox 672 3046 847 3083; x_wconf 85' lang='lat' dir='ltr'>conclusio,</span> <span class='ocrx_word' id='word_1_748' title='bbox 867 3046 1051 3091; x_wconf 86' lang='lat' dir='ltr'>responsiva</span> <span class='ocrx_word' id='word_1_749' title='bbox 1074 3045 1218 3087; x_wconf 87' lang='lat' dir='ltr'>quaesito</span> <span class='ocrx_word' id='word_1_750' title='bbox 1243 3054 1336 3085; x_wconf 87' lang='lat' dir='ltr'>nega-</span> 
     </span>
     <span class='ocr_line' id='line_1_108' title="bbox 267 3089 1336 3131; baseline -0.001 -11"><span class='ocrx_word' id='word_1_751' title='bbox 267 3089 343 3121; x_wconf 85' lang='lat' dir='ltr'>tive:</span> <span class='ocrx_word' id='word_1_752' title='bbox 360 3090 448 3121; x_wconf 89' lang='lat' dir='ltr'>Deus</span> <span class='ocrx_word' id='word_1_753' title='bbox 463 3100 531 3121; x_wconf 88' lang='lat' dir='ltr'>non</span> <span class='ocrx_word' id='word_1_754' title='bbox 545 3097 651 3131; x_wconf 87' lang='lat' dir='ltr'>potest</span> <span class='ocrx_word' id='word_1_755' title='bbox 665 3090 764 3121; x_wconf 87' lang='lat' dir='ltr'>videri</span> <span class='ocrx_word' id='word_1_756' title='bbox 784 3100 840 3131; x_wconf 93' lang='lat' dir='ltr'>per</span> <span class='ocrx_word' id='word_1_757' title='bbox 856 3090 1024 3122; x_wconf 86' lang='lat' dir='ltr'>essentiam</span> <span class='ocrx_word' id='word_1_758' title='bbox 1047 3091 1085 3121; x_wconf 88' lang='lat' dir='ltr'>ab</span> <span class='ocrx_word' id='word_1_759' title='bbox 1107 3090 1238 3121; x_wconf 91' lang='lat' dir='ltr'>homine</span> <span class='ocrx_word' id='word_1_760' title='bbox 1254 3099 1336 3130; x_wconf 90' lang='lat' dir='ltr'>puro</span> 
     </span>
     <span class='ocr_line' id='line_1_109' title="bbox 267 3133 1337 3176; baseline 0 -12"><span class='ocrx_word' id='word_1_761' title='bbox 267 3134 302 3165; x_wconf 91' lang='lat' dir='ltr'>in</span> <span class='ocrx_word' id='word_1_762' title='bbox 316 3133 375 3164; x_wconf 90' lang='lat' dir='ltr'>hac</span> <span class='ocrx_word' id='word_1_763' title='bbox 387 3134 452 3165; x_wconf 84' lang='lat' dir='ltr'>vita</span> <span class='ocrx_word' id='word_1_764' title='bbox 467 3134 604 3166; x_wconf 86' lang='lat' dir='ltr'>mortali.</span> <span class='ocrx_word' id='word_1_765' title='bbox 614 3153 635 3158; x_wconf 94' lang='lat'><em>-</em></span> <span class='ocrx_word' id='word_1_766' title='bbox 647 3135 711 3166; x_wconf 93' lang='lat' dir='ltr'>Ubi</span> <span class='ocrx_word' id='word_1_767' title='bbox 727 3142 803 3166; x_wconf 89' lang='lat' dir='ltr'>nota</span> <span class='ocrx_word' id='word_1_768' title='bbox 819 3135 901 3165; x_wconf 93' lang='lat' dir='ltr'>duos</span> <span class='ocrx_word' id='word_1_769' title='bbox 917 3133 1087 3166; x_wconf 88' lang='lat' dir='ltr'>terminos:</span> <span class='ocrx_word' id='word_1_770' title='bbox 1105 3135 1138 3176; x_wconf 88' lang='lat' dir='ltr'>ly</span> <span class='ocrx_word' id='word_1_771' title='bbox 1147 3144 1247 3175; x_wconf 81' lang='lat' dir='ltr'>puro,</span> <span class='ocrx_word' id='word_1_772' title='bbox 1263 3143 1337 3174; x_wconf 88' lang='lat' dir='ltr'>pro-</span> 
     </span>
     <span class='ocr_line' id='line_1_110' title="bbox 268 3177 1338 3220; baseline 0 -12"><span class='ocrx_word' id='word_1_773' title='bbox 268 3185 338 3219; x_wconf 89' lang='lat' dir='ltr'>pter</span> <span class='ocrx_word' id='word_1_774' title='bbox 361 3177 543 3216; x_wconf 88' lang='lat' dir='ltr'>Christum,</span> <span class='ocrx_word' id='word_1_775' title='bbox 562 3179 618 3220; x_wconf 91' lang='lat' dir='ltr'>qui</span> <span class='ocrx_word' id='word_1_776' title='bbox 642 3179 738 3210; x_wconf 90' lang='lat' dir='ltr'>simul</span> <span class='ocrx_word' id='word_1_777' title='bbox 761 3186 826 3210; x_wconf 91' lang='lat' dir='ltr'>erat</span> <span class='ocrx_word' id='word_1_778' title='bbox 847 3179 949 3210; x_wconf 88' lang='lat' dir='ltr'>viator</span> <span class='ocrx_word' id='word_1_779' title='bbox 968 3185 999 3210; x_wconf 92' lang='lat' dir='ltr'>et</span> <span class='ocrx_word' id='word_1_780' title='bbox 1022 3179 1282 3219; x_wconf 89' lang='lat' dir='ltr'>comprehensor;</span> <span class='ocrx_word' id='word_1_781' title='bbox 1305 3178 1338 3219; x_wconf 86' lang='lat' dir='ltr'>ly</span> 
     </span>
     <span class='ocr_line' id='line_1_111' title="bbox 268 3222 1338 3264; baseline 0.001 -12"><span class='ocrx_word' id='word_1_782' title='bbox 268 3222 411 3258; x_wconf 84' lang='lat' dir='ltr'>mortali,</span> <span class='ocrx_word' id='word_1_783' title='bbox 429 3229 558 3262; x_wconf 89' lang='lat' dir='ltr'>propter</span> <span class='ocrx_word' id='word_1_784' title='bbox 580 3229 699 3255; x_wconf 86' lang='lat' dir='ltr'>statum</span> <span class='ocrx_word' id='word_1_785' title='bbox 721 3223 894 3254; x_wconf 89' lang='lat' dir='ltr'>hominum</span> <span class='ocrx_word' id='word_1_786' title='bbox 913 3230 987 3264; x_wconf 89' lang='lat' dir='ltr'>post</span> <span class='ocrx_word' id='word_1_787' title='bbox 1008 3223 1280 3259; x_wconf 86' lang='lat' dir='ltr'>resurrectionem,</span> <span class='ocrx_word' id='word_1_788' title='bbox 1304 3222 1338 3252; x_wconf 93' lang='lat' dir='ltr'>in</span> 
     </span>
     <span class='ocr_line' id='line_1_112' title="bbox 270 3267 1285 3308; baseline 0 -10"><span class='ocrx_word' id='word_1_789' title='bbox 270 3277 337 3308; x_wconf 92' lang='lat' dir='ltr'>quo</span> <span class='ocrx_word' id='word_1_790' title='bbox 362 3276 478 3306; x_wconf 89' lang='lat' dir='ltr'>corpus</span> <span class='ocrx_word' id='word_1_791' title='bbox 501 3276 568 3297; x_wconf 91' lang='lat' dir='ltr'>non</span> <span class='ocrx_word' id='word_1_792' title='bbox 590 3267 743 3308; x_wconf 87' lang='lat' dir='ltr'>impediet</span> <span class='ocrx_word' id='word_1_793' title='bbox 764 3267 923 3298; x_wconf 86' lang='lat' dir='ltr'>visionem</span> <span class='ocrx_word' id='word_1_794' title='bbox 944 3267 1004 3298; x_wconf 89' lang='lat' dir='ltr'>Dei</span> <span class='ocrx_word' id='word_1_795' title='bbox 1027 3277 1084 3308; x_wconf 89' lang='lat' dir='ltr'>per</span> <span class='ocrx_word' id='word_1_796' title='bbox 1107 3267 1285 3298; x_wconf 89' lang='lat' dir='ltr'>essentiam.</span> 
     </span>
    </p>

    <p class='ocr_par' dir='ltr' id='par_1_34' title="bbox 265 3311 1341 3617">
     <span class='ocr_line' id='line_1_113' title="bbox 323 3311 1338 3352; baseline 0.001 -12"><span class='ocrx_word' id='word_1_797' title='bbox 323 3311 479 3341; x_wconf 85' lang='lat' dir='ltr'>Probatur</span> <span class='ocrx_word' id='word_1_798' title='bbox 494 3317 602 3341; x_wconf 88' lang='lat' dir='ltr'>autem</span> <span class='ocrx_word' id='word_1_799' title='bbox 617 3311 779 3343; x_wconf 91' lang='lat' dir='ltr'>conclusio</span> <span class='ocrx_word' id='word_1_800' title='bbox 795 3311 970 3352; x_wconf 89' lang='lat' dir='ltr'>dupliciter.</span> <span class='ocrx_word' id='word_1_801' title='bbox 985 3312 1095 3343; x_wconf 83' lang='lat' dir='ltr'>Primo</span> <span class='ocrx_word' id='word_1_802' title='bbox 1111 3322 1129 3342; x_wconf 91' lang='lat' dir='ltr'>a</span> <span class='ocrx_word' id='word_1_803' title='bbox 1144 3311 1251 3352; x_wconf 82' lang='lat' dir='ltr'>pn’ori.</span> <span class='ocrx_word' id='word_1_804' title='bbox 1268 3311 1338 3342; x_wconf 92' lang='grc' dir='ltr'>Μο-</span> 
     </span>
     <span class='ocr_line' id='line_1_114' title="bbox 267 3354 1338 3396; baseline -0.001 -10"><span class='ocrx_word' id='word_1_805' title='bbox 267 3355 330 3386; x_wconf 90' lang='lat' dir='ltr'>dus</span> <span class='ocrx_word' id='word_1_806' title='bbox 347 3354 536 3395; x_wconf 86' lang='lat' dir='ltr'>cognitionis</span> <span class='ocrx_word' id='word_1_807' title='bbox 550 3354 692 3395; x_wconf 85' lang='lat' dir='ltr'>sequitur</span> <span class='ocrx_word' id='word_1_808' title='bbox 707 3357 844 3387; x_wconf 89' lang='lat' dir='ltr'>modum</span> <span class='ocrx_word' id='word_1_809' title='bbox 860 3362 990 3387; x_wconf 86' lang='lat' dir='ltr'>naturae</span> <span class='ocrx_word' id='word_1_810' title='bbox 1005 3355 1238 3396; x_wconf 87' lang='lat' dir='ltr'>cognoscentis:</span> <span class='ocrx_word' id='word_1_811' title='bbox 1264 3365 1338 3395; x_wconf 90' lang='lat' dir='ltr'>ergo</span> 
     </span>
     <span class='ocr_line' id='line_1_115' title="bbox 270 3398 1338 3441; baseline -0.001 -11"><span class='ocrx_word' id='word_1_812' title='bbox 270 3399 408 3430; x_wconf 88' lang='lat' dir='ltr'>modum</span> <span class='ocrx_word' id='word_1_813' title='bbox 423 3398 546 3429; x_wconf 89' lang='lat' dir='ltr'>essendi</span> <span class='ocrx_word' id='word_1_814' title='bbox 562 3398 685 3430; x_wconf 82' lang='lat' dir='ltr'>animae</span> <span class='ocrx_word' id='word_1_815' title='bbox 701 3407 826 3431; x_wconf 88' lang='lat' dir='ltr'>nostrae</span> <span class='ocrx_word' id='word_1_816' title='bbox 845 3411 911 3441; x_wconf 92' lang='lat' dir='ltr'>quo</span> <span class='ocrx_word' id='word_1_817' title='bbox 934 3407 981 3432; x_wconf 92' lang='lat' dir='ltr'>est</span> <span class='ocrx_word' id='word_1_818' title='bbox 1000 3401 1033 3431; x_wconf 89' lang='lat' dir='ltr'>in</span> <span class='ocrx_word' id='word_1_819' title='bbox 1054 3410 1187 3441; x_wconf 88' lang='lat' dir='ltr'>corpore</span> <span class='ocrx_word' id='word_1_820' title='bbox 1202 3399 1338 3435; x_wconf 83' lang='lat' dir='ltr'>mortali,</span> 
     </span>
     <span class='ocr_line' id='line_1_116' title="bbox 271 3443 1339 3485; baseline 0 -11"><span class='ocrx_word' id='word_1_821' title='bbox 271 3443 413 3485; x_wconf 89' lang='lat' dir='ltr'>sequitur</span> <span class='ocrx_word' id='word_1_822' title='bbox 437 3452 626 3483; x_wconf 87' lang='lat' dir='ltr'>cognoscere</span> <span class='ocrx_word' id='word_1_823' title='bbox 650 3443 768 3474; x_wconf 86' lang='lat' dir='ltr'>formas</span> <span class='ocrx_word' id='word_1_824' title='bbox 790 3444 824 3475; x_wconf 89' lang='lat' dir='ltr'>in</span> <span class='ocrx_word' id='word_1_825' title='bbox 847 3444 991 3481; x_wconf 85' lang='lat' dir='ltr'>materia,</span> <span class='ocrx_word' id='word_1_826' title='bbox 1016 3451 1071 3475; x_wconf 91' lang='lat' dir='ltr'>aut</span> <span class='ocrx_word' id='word_1_827' title='bbox 1094 3454 1150 3485; x_wconf 90' lang='lat' dir='ltr'>per</span> <span class='ocrx_word' id='word_1_828' title='bbox 1173 3453 1238 3474; x_wconf 85' lang='lat' dir='ltr'>eas:</span> <span class='ocrx_word' id='word_1_829' title='bbox 1264 3453 1339 3484; x_wconf 93' lang='lat' dir='ltr'>ergo</span> 
     </span>
     <span class='ocr_line' id='line_1_117' title="bbox 271 3486 1340 3529; baseline 0 -11"><span class='ocrx_word' id='word_1_830' title='bbox 271 3497 338 3518; x_wconf 91' lang='lat' dir='ltr'>non</span> <span class='ocrx_word' id='word_1_831' title='bbox 357 3494 463 3528; x_wconf 92' lang='lat' dir='ltr'>potest</span> <span class='ocrx_word' id='word_1_832' title='bbox 485 3487 518 3517; x_wconf 92' lang='lat' dir='ltr'>in</span> <span class='ocrx_word' id='word_1_833' title='bbox 535 3492 616 3517; x_wconf 88' lang='lat' dir='ltr'>statu</span> <span class='ocrx_word' id='word_1_834' title='bbox 633 3486 687 3517; x_wconf 83' lang='lat' dir='ltr'>tali</span> <span class='ocrx_word' id='word_1_835' title='bbox 704 3487 809 3519; x_wconf 87' lang='lat' dir='ltr'>videre</span> <span class='ocrx_word' id='word_1_836' title='bbox 824 3488 932 3519; x_wconf 87' lang='lat' dir='ltr'>Deum</span> <span class='ocrx_word' id='word_1_837' title='bbox 945 3498 1002 3529; x_wconf 87' lang='lat' dir='ltr'>per</span> <span class='ocrx_word' id='word_1_838' title='bbox 1018 3488 1196 3519; x_wconf 86' lang='lat' dir='ltr'>essentiam.</span> <span class='ocrx_word' id='word_1_839' title='bbox 1208 3505 1227 3512; x_wconf 90' lang='lat'>-</span> <span class='ocrx_word' id='word_1_840' title='bbox 1243 3490 1340 3519; x_wconf 90' lang='lat' dir='ltr'>Ante-</span> 
     </span>
     <span class='ocr_line' id='line_1_118' title="bbox 270 3531 1341 3574; baseline 0.001 -12"><span class='ocrx_word' id='word_1_841' title='bbox 270 3532 395 3568; x_wconf 90' lang='lat' dir='ltr'>cedens‚</span> <span class='ocrx_word' id='word_1_842' title='bbox 413 3541 487 3562; x_wconf 90' lang='lat' dir='ltr'>cum</span> <span class='ocrx_word' id='word_1_843' title='bbox 502 3531 604 3571; x_wconf 87' lang='lat' dir='ltr'>prima</span> <span class='ocrx_word' id='word_1_844' title='bbox 619 3532 854 3572; x_wconf 85' lang='lat' dir='ltr'>consequentia,</span> <span class='ocrx_word' id='word_1_845' title='bbox 869 3539 970 3572; x_wconf 87' lang='lat' dir='ltr'>patet:</span> <span class='ocrx_word' id='word_1_846' title='bbox 986 3533 1061 3574; x_wconf 89' lang='lat' dir='ltr'>quia</span> <span class='ocrx_word' id='word_1_847' title='bbox 1074 3533 1136 3563; x_wconf 90' lang='lat' dir='ltr'>hoc</span> <span class='ocrx_word' id='word_1_848' title='bbox 1148 3542 1341 3574; x_wconf 84' lang='lat' dir='ltr'>cognoscere</span> 
     </span>
     <span class='ocr_line' id='line_1_119' title="bbox 265 3575 1340 3617; baseline 0.001 -11"><span class='ocrx_word' id='word_1_849' title='bbox 265 3575 404 3616; x_wconf 89' lang='lat' dir='ltr'>quidam</span> <span class='ocrx_word' id='word_1_850' title='bbox 426 3576 543 3606; x_wconf 88' lang='lat' dir='ltr'>modus</span> <span class='ocrx_word' id='word_1_851' title='bbox 568 3575 780 3615; x_wconf 89' lang='lat' dir='ltr'>cognoscendi</span> <span class='ocrx_word' id='word_1_852' title='bbox 803 3582 865 3612; x_wconf 88' lang='lat' dir='ltr'>est,</span> <span class='ocrx_word' id='word_1_853' title='bbox 885 3577 1054 3617; x_wconf 82' lang='lat' dir='ltr'>praecipue</span> <span class='ocrx_word' id='word_1_854' title='bbox 1077 3584 1220 3617; x_wconf 89' lang='lat' dir='ltr'>respectu</span> <span class='ocrx_word' id='word_1_855' title='bbox 1248 3586 1340 3617; x_wconf 91' lang='lat' dir='ltr'>supe-</span> 
     </span>
    </p>
   </div>
   <div class='ocr_carea' id='block_1_17' title="bbox 1389 2909 2456 3617">
    <p class='ocr_par' dir='ltr' id='par_1_35' title="bbox 1389 2909 2454 2994">
     <span class='ocr_line' id='line_1_120' title="bbox 1389 2909 2454 2951; baseline -0.001 -11"><span class='ocrx_word' id='word_1_856' title='bbox 1389 2910 1520 2941; x_wconf 89' lang='lat' dir='ltr'>riorum.</span> <span class='ocrx_word' id='word_1_857' title='bbox 1544 2910 1688 2941; x_wconf 86' lang='lat' dir='ltr'>Secunda</span> <span class='ocrx_word' id='word_1_858' title='bbox 1704 2916 1811 2940; x_wconf 88' lang='lat' dir='ltr'>autem</span> <span class='ocrx_word' id='word_1_859' title='bbox 1827 2910 1994 2950; x_wconf 89' lang='lat' dir='ltr'>probatur:</span> <span class='ocrx_word' id='word_1_860' title='bbox 2020 2910 2094 2951; x_wconf 85' lang='lat' dir='ltr'>quia</span> <span class='ocrx_word' id='word_1_861' title='bbox 2110 2919 2165 2949; x_wconf 90' lang='lat' dir='ltr'>per</span> <span class='ocrx_word' id='word_1_862' title='bbox 2182 2909 2303 2939; x_wconf 90' lang='lat' dir='ltr'>nullam</span> <span class='ocrx_word' id='word_1_863' title='bbox 2318 2909 2454 2950; x_wconf 89' lang='lat' dir='ltr'>speciem</span> 
     </span>
     <span class='ocr_line' id='line_1_121' title="bbox 1389 2953 2137 2994; baseline -0.001 -9"><span class='ocrx_word' id='word_1_864' title='bbox 1389 2961 1444 2986; x_wconf 90' lang='lat' dir='ltr'>aut</span> <span class='ocrx_word' id='word_1_865' title='bbox 1466 2961 1612 2985; x_wconf 90' lang='lat' dir='ltr'>naturam</span> <span class='ocrx_word' id='word_1_866' title='bbox 1635 2960 1771 2984; x_wconf 90' lang='lat' dir='ltr'>creatam</span> <span class='ocrx_word' id='word_1_867' title='bbox 1794 2960 1899 2994; x_wconf 87' lang='lat' dir='ltr'>potest</span> <span class='ocrx_word' id='word_1_868' title='bbox 1920 2953 2017 2984; x_wconf 89' lang='lat' dir='ltr'>videri</span> <span class='ocrx_word' id='word_1_869' title='bbox 2040 2954 2137 2984; x_wconf 88' lang='lat' dir='ltr'>Deus.</span> 
     </span>
    </p>

    <p class='ocr_par' dir='ltr' id='par_1_36' title="bbox 1390 2997 2455 3306">
     <span class='ocr_line' id='line_1_122' title="bbox 1417 2997 2452 3039; baseline -0.002 -10"><span class='ocrx_word' id='word_1_870' title='bbox 1417 3020 1421 3036; x_wconf 50' lang='lat' dir='ltr'>x</span> <span class='ocrx_word' id='word_1_871' title='bbox 1441 2999 1587 3029; x_wconf 86' lang='lat' dir='ltr'>Secundo</span> <span class='ocrx_word' id='word_1_872' title='bbox 1610 2999 1762 3039; x_wconf 90' lang='lat' dir='ltr'>probatur</span> <span class='ocrx_word' id='word_1_873' title='bbox 1780 3008 1799 3028; x_wconf 93' lang='lat' dir='ltr'>a</span> <span class='ocrx_word' id='word_1_874' title='bbox 1821 2998 1921 3039; x_wconf 89' lang='lat' dir='ltr'>signo.</span> <span class='ocrx_word' id='word_1_875' title='bbox 1940 2998 2070 3035; x_wconf 89' lang='lat' dir='ltr'>Quanto</span> <span class='ocrx_word' id='word_1_876' title='bbox 2095 2998 2194 3038; x_wconf 89' lang='lat' dir='ltr'>magis</span> <span class='ocrx_word' id='word_1_877' title='bbox 2218 2997 2323 3027; x_wconf 90' lang='lat' dir='ltr'>anima</span> <span class='ocrx_word' id='word_1_878' title='bbox 2345 3003 2452 3027; x_wconf 87' lang='lat' dir='ltr'>nostra</span> 
     </span>
     <span class='ocr_line' id='line_1_123' title="bbox 1390 3042 2455 3084; baseline -0.003 -10"><span class='ocrx_word' id='word_1_879' title='bbox 1390 3054 1408 3074; x_wconf 92' lang='lat' dir='ltr'>a</span> <span class='ocrx_word' id='word_1_880' title='bbox 1420 3043 1635 3084; x_wconf 88' lang='lat' dir='ltr'>corporalibus</span> <span class='ocrx_word' id='word_1_881' title='bbox 1651 3042 1848 3079; x_wconf 82' lang='lat' dir='ltr'>abstrahitur,</span> <span class='ocrx_word' id='word_1_882' title='bbox 1865 3049 1953 3073; x_wconf 86' lang='lat' dir='ltr'>tanto</span> <span class='ocrx_word' id='word_1_883' title='bbox 1969 3042 2214 3082; x_wconf 88' lang='lat' dir='ltr'>intelligibilium</span> <span class='ocrx_word' id='word_1_884' title='bbox 2228 3042 2455 3071; x_wconf 86' lang='lat' dir='ltr'>abstractorum</span> 
     </span>
     <span class='ocr_line' id='line_1_124' title="bbox 1390 3084 2453 3127; baseline -0.004 -9"><span class='ocrx_word' id='word_1_885' title='bbox 1390 3087 1425 3119; x_wconf 91' lang='lat' dir='ltr'>fit</span> <span class='ocrx_word' id='word_1_886' title='bbox 1448 3087 1608 3127; x_wconf 84' lang='lat' dir='ltr'>capacior:</span> <span class='ocrx_word' id='word_1_887' title='bbox 1642 3096 1717 3127; x_wconf 83' lang='lat' dir='ltr'>ergo</span> <span class='ocrx_word' id='word_1_888' title='bbox 1745 3086 1878 3117; x_wconf 89' lang='lat' dir='ltr'>elevatio</span> <span class='ocrx_word' id='word_1_889' title='bbox 1908 3087 1947 3116; x_wconf 88' lang='lat' dir='ltr'>ad</span> <span class='ocrx_word' id='word_1_890' title='bbox 1975 3096 2162 3127; x_wconf 90' lang='lat' dir='ltr'>supremum</span> <span class='ocrx_word' id='word_1_891' title='bbox 2191 3084 2453 3125; x_wconf 85' lang='lat' dir='ltr'>intelligibilium,</span> 
     </span>
     <span class='ocr_line' id='line_1_125' title="bbox 1391 3129 2455 3174; baseline -0.004 -12"><span class='ocrx_word' id='word_1_892' title='bbox 1391 3132 1480 3174; x_wconf 93' lang='lat' dir='ltr'>quod</span> <span class='ocrx_word' id='word_1_893' title='bbox 1503 3138 1550 3162; x_wconf 88' lang='lat' dir='ltr'>est</span> <span class='ocrx_word' id='word_1_894' title='bbox 1573 3131 1678 3161; x_wconf 88' lang='lat' dir='ltr'>divina</span> <span class='ocrx_word' id='word_1_895' title='bbox 1701 3130 1850 3167; x_wconf 89' lang='lat' dir='ltr'>essentia,</span> <span class='ocrx_word' id='word_1_896' title='bbox 1879 3130 1973 3170; x_wconf 85' lang='lat' dir='ltr'>exigit</span> <span class='ocrx_word' id='word_1_897' title='bbox 1995 3130 2226 3170; x_wconf 87' lang='lat' dir='ltr'>separationem</span> <span class='ocrx_word' id='word_1_898' title='bbox 2249 3129 2287 3159; x_wconf 92' lang='lat' dir='ltr'>ab</span> <span class='ocrx_word' id='word_1_899' title='bbox 2311 3129 2369 3159; x_wconf 88' lang='lat' dir='ltr'>hac</span> <span class='ocrx_word' id='word_1_900' title='bbox 2391 3129 2455 3159; x_wconf 90' lang='lat' dir='ltr'>vita</span> 
     </span>
     <span class='ocr_line' id='line_1_126' title="bbox 1391 3173 2454 3215; baseline -0.005 -8"><span class='ocrx_word' id='word_1_901' title='bbox 1391 3176 1527 3207; x_wconf 87' lang='lat' dir='ltr'>mortali.</span> <span class='ocrx_word' id='word_1_902' title='bbox 1545 3193 1565 3197; x_wconf 96' lang='lat'>-</span> <span class='ocrx_word' id='word_1_903' title='bbox 1580 3175 1778 3206; x_wconf 84' lang='lat' dir='ltr'>Antecedens</span> <span class='ocrx_word' id='word_1_904' title='bbox 1794 3174 2026 3205; x_wconf 86' lang='lat' dir='ltr'>manifestatur:</span> <span class='ocrx_word' id='word_1_905' title='bbox 2044 3174 2119 3215; x_wconf 92' lang='lat' dir='ltr'>quia</span> <span class='ocrx_word' id='word_1_906' title='bbox 2134 3174 2166 3204; x_wconf 93' lang='lat' dir='ltr'>in</span> <span class='ocrx_word' id='word_1_907' title='bbox 2185 3173 2316 3203; x_wconf 89' lang='lat' dir='ltr'>somniis</span> <span class='ocrx_word' id='word_1_908' title='bbox 2337 3179 2366 3203; x_wconf 88' lang='lat' dir='ltr'>et</span> <span class='ocrx_word' id='word_1_909' title='bbox 2382 3173 2454 3203; x_wconf 90' lang='lat' dir='ltr'>alie-</span> 
     </span>
     <span class='ocr_line' id='line_1_127' title="bbox 1391 3216 2454 3259; baseline -0.005 -8"><span class='ocrx_word' id='word_1_910' title='bbox 1391 3221 1572 3252; x_wconf 88' lang='lat' dir='ltr'>nationibus</span> <span class='ocrx_word' id='word_1_911' title='bbox 1596 3230 1614 3250; x_wconf 92' lang='lat' dir='ltr'>a</span> <span class='ocrx_word' id='word_1_912' title='bbox 1637 3219 1779 3249; x_wconf 86' lang='lat' dir='ltr'>sensibus</span> <span class='ocrx_word' id='word_1_913' title='bbox 1803 3219 1958 3259; x_wconf 81' lang='lat' dir='ltr'>corperis,</span> <span class='ocrx_word' id='word_1_914' title='bbox 1983 3218 2082 3258; x_wconf 89' lang='lat' dir='ltr'>magis</span> <span class='ocrx_word' id='word_1_915' title='bbox 2105 3217 2228 3248; x_wconf 90' lang='lat' dir='ltr'>divinae</span> <span class='ocrx_word' id='word_1_916' title='bbox 2251 3216 2454 3247; x_wconf 84' lang='lat' dir='ltr'>revelationes</span> 
     </span>
     <span class='ocr_line' id='line_1_128' title="bbox 1391 3262 2118 3306; baseline -0.006 -10"><span class='ocrx_word' id='word_1_917' title='bbox 1391 3264 1615 3306; x_wconf 89' lang='lat' dir='ltr'>percipiuntur,</span> <span class='ocrx_word' id='word_1_918' title='bbox 1640 3270 1671 3294; x_wconf 91' lang='lat' dir='ltr'>et</span> <span class='ocrx_word' id='word_1_919' title='bbox 1693 3262 1904 3303; x_wconf 87' lang='lat' dir='ltr'>praevisiones</span> <span class='ocrx_word' id='word_1_920' title='bbox 1927 3263 2118 3293; x_wconf 89' lang='lat' dir='ltr'>futurorum.</span> 
     </span>
    </p>

    <p class='ocr_par' dir='ltr' id='par_1_37' title="bbox 1393 3304 2456 3617">
     <span class='ocr_line' id='line_1_129' title="bbox 1447 3304 2454 3348; baseline -0.005 -9"><span class='ocrx_word' id='word_1_921' title='bbox 1447 3309 1498 3339; x_wconf 91' lang='lat'>111.</span> <span class='ocrx_word' id='word_1_922' title='bbox 1520 3308 1639 3340; x_wconf 88' lang='lat' dir='ltr'>Contra</span> <span class='ocrx_word' id='word_1_923' title='bbox 1662 3307 1789 3348; x_wconf 85' lang='lat' dir='ltr'>signum</span> <span class='ocrx_word' id='word_1_924' title='bbox 1808 3307 1939 3346; x_wconf 81' lang='lat' dir='ltr'>allatum</span> <span class='ocrx_word' id='word_1_925' title='bbox 1954 3307 1986 3337; x_wconf 92' lang='lat' dir='ltr'>in</span> <span class='ocrx_word' id='word_1_926' title='bbox 2005 3306 2116 3342; x_wconf 87' lang='lat' dir='ltr'>littera,</span> <span class='ocrx_word' id='word_1_927' title='bbox 2139 3305 2258 3335; x_wconf 90' lang='lat' dir='ltr'>invehit</span> <span class='ocrx_word' id='word_1_928' title='bbox 2281 3304 2404 3341; x_wconf 87' lang='lat' dir='ltr'>Scotus,</span> <span class='ocrx_word' id='word_1_929' title='bbox 2421 3304 2454 3335; x_wconf 91' lang='lat' dir='ltr'>in</span> 
     </span>
     <span class='ocr_line' id='line_1_130' title="bbox 1393 3349 2455 3393; baseline -0.006 -9"><span class='ocrx_word' id='word_1_930' title='bbox 1393 3354 1445 3390; x_wconf 93' lang='lat' dir='ltr'>IV,</span> <span class='ocrx_word' id='word_1_931' title='bbox 1459 3353 1529 3384; x_wconf 90' lang='lat' dir='ltr'>dist.</span> <span class='ocrx_word' id='word_1_932' title='bbox 1544 3363 1613 3388; x_wconf 71' lang='lat' dir='ltr'>nv,</span> <span class='ocrx_word' id='word_1_933' title='bbox 1627 3362 1681 3393; x_wconf 92' lang='lat' dir='ltr'>qu.</span> <span class='ocrx_word' id='word_1_934' title='bbox 1694 3361 1728 3382; x_wconf 89' lang='lat'>11.</span> <span class='ocrx_word' id='word_1_935' title='bbox 1744 3351 1865 3382; x_wconf 91' lang='lat' dir='ltr'>Contra</span> <span class='ocrx_word' id='word_1_936' title='bbox 1880 3352 2038 3382; x_wconf 87' lang='lat' dir='ltr'>somnium</span> <span class='ocrx_word' id='word_1_937' title='bbox 2056 3349 2229 3390; x_wconf 87' lang='lat' dir='ltr'>dupliciter.</span> <span class='ocrx_word' id='word_1_938' title='bbox 2245 3349 2366 3387; x_wconf 91' lang='lat' dir='ltr'>Primo,</span> <span class='ocrx_word' id='word_1_939' title='bbox 2380 3349 2455 3390; x_wconf 89' lang='lat' dir='ltr'>quia</span> 
     </span>
     <span class='ocr_line' id='line_1_131' title="bbox 1393 3393 2455 3438; baseline -0.005 -10"><span class='ocrx_word' id='word_1_940' title='bbox 1393 3405 1478 3434; x_wconf 86' lang='lat' dir='ltr'>tunc,</span> <span class='ocrx_word' id='word_1_941' title='bbox 1503 3403 1623 3438; x_wconf 92' lang='lat' dir='ltr'>quanto</span> <span class='ocrx_word' id='word_1_942' title='bbox 1647 3406 1780 3426; x_wconf 90' lang='lat' dir='ltr'>somnus</span> <span class='ocrx_word' id='word_1_943' title='bbox 1811 3402 1890 3426; x_wconf 90' lang='lat' dir='ltr'>esset</span> <span class='ocrx_word' id='word_1_944' title='bbox 1913 3394 2120 3435; x_wconf 90' lang='lat' dir='ltr'>profundior,</span> <span class='ocrx_word' id='word_1_945' title='bbox 2140 3400 2228 3424; x_wconf 91' lang='lat' dir='ltr'>tanto</span> <span class='ocrx_word' id='word_1_946' title='bbox 2253 3393 2353 3433; x_wconf 86' lang='lat' dir='ltr'>magis</span> <span class='ocrx_word' id='word_1_947' title='bbox 2382 3393 2455 3424; x_wconf 88' lang='lat' dir='ltr'>talia</span> 
     </span>
     <span class='ocr_line' id='line_1_132' title="bbox 1393 3437 2453 3479; baseline -0.006 -6"><span class='ocrx_word' id='word_1_948' title='bbox 1393 3443 1581 3473; x_wconf 88' lang='lat' dir='ltr'>viderentur.</span> <span class='ocrx_word' id='word_1_949' title='bbox 1599 3441 1671 3471; x_wconf 89' lang='lat' dir='ltr'>Hoc</span> <span class='ocrx_word' id='word_1_950' title='bbox 1695 3446 1741 3471; x_wconf 90' lang='lat' dir='ltr'>est</span> <span class='ocrx_word' id='word_1_951' title='bbox 1764 3439 1888 3470; x_wconf 89' lang='lat' dir='ltr'>falsum.</span> <span class='ocrx_word' id='word_1_952' title='bbox 1909 3439 2004 3479; x_wconf 88' lang='lat' dir='ltr'>Ergo.</span> <span class='ocrx_word' id='word_1_953' title='bbox 2027 3437 2264 3479; x_wconf 90' lang='lat' dir='ltr'>Consequentia</span> <span class='ocrx_word' id='word_1_954' title='bbox 2286 3437 2453 3477; x_wconf 85' lang='lat' dir='ltr'>probatur:</span> 
     </span>
     <span class='ocr_line' id='line_1_133' title="bbox 1394 3481 2456 3528; baseline -0.007 -10"><span class='ocrx_word' id='word_1_955' title='bbox 1394 3487 1469 3528; x_wconf 91' lang='lat' dir='ltr'>quia</span> <span class='ocrx_word' id='word_1_956' title='bbox 1492 3493 1568 3517; x_wconf 89' lang='lat' dir='ltr'>tunc</span> <span class='ocrx_word' id='word_1_957' title='bbox 1592 3491 1638 3515; x_wconf 93' lang='lat' dir='ltr'>est</span> <span class='ocrx_word' id='word_1_958' title='bbox 1660 3484 1762 3514; x_wconf 84' lang='lat' dir='ltr'>maior</span> <span class='ocrx_word' id='word_1_959' title='bbox 1784 3483 1949 3514; x_wconf 86' lang='lat' dir='ltr'>abstractio</span> <span class='ocrx_word' id='word_1_960' title='bbox 1965 3493 1983 3513; x_wconf 89' lang='lat' dir='ltr'>a</span> <span class='ocrx_word' id='word_1_961' title='bbox 1997 3482 2149 3513; x_wconf 88' lang='lat' dir='ltr'>sensibus.</span> <span class='ocrx_word' id='word_1_962' title='bbox 2162 3499 2182 3504; x_wconf 94' lang='lat'>—</span> <span class='ocrx_word' id='word_1_963' title='bbox 2199 3481 2357 3519; x_wconf 86' lang='lat' dir='ltr'>Secundo,</span> <span class='ocrx_word' id='word_1_964' title='bbox 2381 3481 2456 3522; x_wconf 90' lang='lat' dir='ltr'>quia</span> 
     </span>
     <span class='ocr_line' id='line_1_134' title="bbox 1395 3525 2454 3568; baseline -0.006 -7"><span class='ocrx_word' id='word_1_965' title='bbox 1395 3531 1496 3562; x_wconf 87' lang='lat' dir='ltr'>maius</span> <span class='ocrx_word' id='word_1_966' title='bbox 1520 3529 1710 3560; x_wconf 89' lang='lat' dir='ltr'>miraculum</span> <span class='ocrx_word' id='word_1_967' title='bbox 1727 3528 1851 3559; x_wconf 90' lang='lat' dir='ltr'>videtur</span> <span class='ocrx_word' id='word_1_968' title='bbox 1873 3527 1961 3568; x_wconf 93' lang='lat' dir='ltr'>quod</span> <span class='ocrx_word' id='word_1_969' title='bbox 1977 3527 2010 3557; x_wconf 92' lang='lat' dir='ltr'>in</span> <span class='ocrx_word' id='word_1_970' title='bbox 2026 3536 2141 3557; x_wconf 88' lang='lat' dir='ltr'>somno</span> <span class='ocrx_word' id='word_1_971' title='bbox 2160 3525 2314 3556; x_wconf 87' lang='lat' dir='ltr'>revelatur</span> <span class='ocrx_word' id='word_1_972' title='bbox 2328 3525 2454 3560; x_wconf 83' lang='lat' dir='ltr'>veritas,</span> 
     </span>
     <span class='ocr_line' id='line_1_135' title="bbox 1396 3569 2456 3617; baseline -0.007 -11"><span class='ocrx_word' id='word_1_973' title='bbox 1396 3585 1494 3617; x_wconf 90' lang='lat' dir='ltr'>quam</span> <span class='ocrx_word' id='word_1_974' title='bbox 1516 3574 1549 3604; x_wconf 91' lang='lat' dir='ltr'>in</span> <span class='ocrx_word' id='word_1_975' title='bbox 1571 3573 1695 3614; x_wconf 87' lang='lat' dir='ltr'>vigilia,</span> <span class='ocrx_word' id='word_1_976' title='bbox 1721 3572 1879 3603; x_wconf 90' lang='lat' dir='ltr'>intellectu</span> <span class='ocrx_word' id='word_1_977' title='bbox 1903 3581 1968 3601; x_wconf 89' lang='lat' dir='ltr'>non</span> <span class='ocrx_word' id='word_1_978' title='bbox 1992 3570 2086 3601; x_wconf 84' lang='lat' dir='ltr'>nimis</span> <span class='ocrx_word' id='word_1_979' title='bbox 2111 3570 2190 3601; x_wconf 89' lang='lat' dir='ltr'>circa</span> <span class='ocrx_word' id='word_1_980' title='bbox 2224 3569 2380 3600; x_wconf 88' lang='lat' dir='ltr'>sensibilia</span> <span class='ocrx_word' id='word_1_981' title='bbox 2407 3569 2456 3599; x_wconf 92' lang='lat' dir='ltr'>in-</span> 
     </span>
    </p>
   </div>
   <div class='ocr_carea' id='block_1_18' title="bbox 2480 415 2696 480">
    <p class='ocr_par' dir='ltr' id='par_1_38' title="bbox 2480 415 2696 480">
     <span class='ocr_line' id='line_1_136' title="bbox 2480 415 2696 444; baseline 0.005 -7"><span class='ocrx_word' id='word_1_982' title='bbox 2480 416 2491 427; x_wconf 72' lang='lat'><strong>·</strong></span> <span class='ocrx_word' id='word_1_983' title='bbox 2499 415 2531 437; x_wconf 85' lang='lat'>11·</span> <span class='ocrx_word' id='word_1_984' title='bbox 2539 416 2582 438; x_wconf 89' lang='lat' dir='ltr'>n··</span> <span class='ocrx_word' id='word_1_985' title='bbox 2589 432 2595 443; x_wconf 86' lang='lat'>,</span> <span class='ocrx_word' id='word_1_986' title='bbox 2606 420 2696 444; x_wconf 80' lang='lat' dir='ltr'>quaest.</span> 
     </span>
     <span class='ocr_line' id='line_1_137' title="bbox 2482 455 2666 480; baseline 0.005 -7"><span class='ocrx_word' id='word_1_987' title='bbox 2482 457 2573 480; x_wconf 66' lang='lat' dir='ltr'>cmxiv,</span> <span class='ocrx_word' id='word_1_988' title='bbox 2588 455 2631 474; x_wconf 84' lang='lat' dir='ltr'>art.</span> <span class='ocrx_word' id='word_1_989' title='bbox 2645 458 2666 480; x_wconf 88' lang='lat'>3.</span> 
     </span>
    </p>
   </div>
   <div class='ocr_carea' id='block_1_19' title="bbox 2481 890 2583 914">
    <p class='ocr_par' dir='ltr' id='par_1_39' title="bbox 2481 890 2583 914">
     <span class='ocr_line' id='line_1_138' title="bbox 2481 890 2583 914; baseline 0.02 -2"><span class='ocrx_word' id='word_1_990' title='bbox 2481 893 2491 902; x_wconf 82' lang='lat'>&#39;</span> <span class='ocrx_word' id='word_1_991' title='bbox 2506 890 2535 913; x_wconf 89' lang='lat' dir='ltr'>D.</span> <span class='ocrx_word' id='word_1_992' title='bbox 2549 897 2583 914; x_wconf 84' lang='lat'>10.</span> 
     </span>
    </p>
   </div>
   <div class='ocr_carea' id='block_1_20' title="bbox 2479 939 2690 993">
    <p class='ocr_par' dir='ltr' id='par_1_40' title="bbox 2479 939 2690 993">
     <span class='ocr_line' id='line_1_139' title="bbox 2479 939 2690 968; baseline 0 -7"><span class='ocrx_word' id='word_1_993' title='bbox 2479 939 2548 968; x_wconf 76' lang='lat' dir='ltr'>&#39;Cap.</span> <span class='ocrx_word' id='word_1_994' title='bbox 2555 945 2690 967; x_wconf 77' lang='lat' dir='ltr'>xxvr,xxvn,</span> 
     </span>
     <span class='ocr_line' id='line_1_140' title="bbox 2479 972 2653 993; baseline 0 -5"><span class='ocrx_word' id='word_1_995' title='bbox 2479 972 2559 993; x_wconf 82' lang='lat' dir='ltr'>xxvm,</span> <span class='ocrx_word' id='word_1_996' title='bbox 2573 972 2653 988; x_wconf 84' lang='lat' dir='ltr'>xxxiv.</span> 
     </span>
    </p>
   </div>
   <div class='ocr_carea' id='block_1_21' title="bbox 2481 997 2695 1052">
    <p class='ocr_par' dir='ltr' id='par_1_41' title="bbox 2481 997 2695 1052">
     <span class='ocr_line' id='line_1_141' title="bbox 2517 997 2695 1025; baseline 0 -6"><span class='ocrx_word' id='word_1_997' title='bbox 2517 997 2592 1025; x_wconf 83' lang='lat' dir='ltr'>Epist.</span> <span class='ocrx_word' id='word_1_998' title='bbox 2616 1003 2695 1019; x_wconf 68' lang='lat' dir='ltr'>chvu</span> 
     </span>
     <span class='ocr_line' id='line_1_142' title="bbox 2481 1024 2693 1052; baseline 0 -7"><span class='ocrx_word' id='word_1_999' title='bbox 2481 1024 2635 1052; x_wconf 81' lang='lat' dir='ltr'>(al.cni),cap.</span> <span class='ocrx_word' id='word_1_1000' title='bbox 2642 1029 2693 1045; x_wconf 83' lang='lat' dir='ltr'>xiu.</span> 
     </span>
    </p>
   </div>
   <div class='ocr_carea' id='block_1_22' title="bbox 2480 1102 2668 1129">
    <p class='ocr_par' dir='ltr' id='par_1_42' title="bbox 2480 1102 2668 1129">
     <span class='ocr_line' id='line_1_143' title="bbox 2480 1102 2668 1129; baseline 0 -5"><span class='ocrx_word' id='word_1_1001' title='bbox 2480 1103 2489 1112; x_wconf 74' lang='lat'><em>⁶</em></span> <span class='ocrx_word' id='word_1_1002' title='bbox 2504 1102 2533 1125; x_wconf 95' lang='lat' dir='ltr'>D.</span> <span class='ocrx_word' id='word_1_1003' title='bbox 2547 1102 2599 1129; x_wconf 84' lang='lat'>482,</span> <span class='ocrx_word' id='word_1_1004' title='bbox 2612 1102 2668 1129; x_wconf 79' lang='lat'>484.</span> 
     </span>
    </p>
   </div>
   <div class='ocr_carea' id='block_1_23' title="bbox 2480 1156 2692 1269">
    <p class='ocr_par' dir='ltr' id='par_1_43' title="bbox 2480 1156 2692 1269">
     <span class='ocr_line' id='line_1_144' title="bbox 2480 1156 2690 1209; baseline 0.005 -7"><span class='ocrx_word' id='word_1_1005' title='bbox 2480 1182 2490 1191; x_wconf 72' lang='grc'><strong>’</strong></span> <span class='ocrx_word' id='word_1_1006' title='bbox 2498 1181 2530 1202; x_wconf 85' lang='lat'>11·</span> <span class='ocrx_word' id='word_1_1007' title='bbox 2540 1156 2594 1208; x_wconf 51' lang='lat'>11³3</span> <span class='ocrx_word' id='word_1_1008' title='bbox 2601 1184 2690 1209; x_wconf 81' lang='lat' dir='ltr'>quaest.</span> 
     </span>
     <span class='ocr_line' id='line_1_145' title="bbox 2480 1219 2692 1245; baseline 0 -7"><span class='ocrx_word' id='word_1_1009' title='bbox 2480 1222 2561 1243; x_wconf 77' lang='lat' dir='ltr'>cuxv,</span> <span class='ocrx_word' id='word_1_1010' title='bbox 2570 1219 2630 1245; x_wconf 54' lang='grc' dir='ltr'>πη</span> <span class='ocrx_word' id='word_1_1011' title='bbox 2639 1222 2692 1244; x_wconf 83' lang='lat' dir='ltr'>sqq.</span> 
     </span>
     <span class='ocr_line' id='line_1_146' title="bbox 2579 1253 2597 1269; baseline 0 0"><span class='ocrx_word' id='word_1_1012' title='bbox 2579 1253 2597 1269; x_wconf 86' lang='grc' dir='ltr'>π</span> 
     </span>
    </p>
   </div>
   <div class='ocr_carea' id='block_1_24' title="bbox 2481 1314 2595 1344">
    <p class='ocr_par' dir='ltr' id='par_1_44' title="bbox 2481 1314 2595 1344">
     <span class='ocr_line' id='line_1_147' title="bbox 2481 1314 2595 1344; baseline -0.009 -7"><span class='ocrx_word' id='word_1_1013' title='bbox 2481 1315 2492 1326; x_wconf 79' lang='lat'>⁸</span> <span class='ocrx_word' id='word_1_1014' title='bbox 2506 1314 2535 1337; x_wconf 91' lang='lat' dir='ltr'>D.</span> <span class='ocrx_word' id='word_1_1015' title='bbox 2550 1320 2595 1344; x_wconf 87' lang='lat'>¹93·</span> 
     </span>
    </p>
   </div>
   <div class='ocr_carea' id='block_1_25' title="bbox 2482 1636 2627 1664">
    <p class='ocr_par' dir='ltr' id='par_1_45' title="bbox 2482 1636 2627 1664">
     <span class='ocr_line' id='line_1_148' title="bbox 2482 1636 2627 1664; baseline 0 -6"><span class='ocrx_word' id='word_1_1016' title='bbox 2482 1636 2493 1647; x_wconf 77' lang='lat'>⁸</span> <span class='ocrx_word' id='word_1_1017' title='bbox 2508 1636 2564 1664; x_wconf 86' lang='lat' dir='ltr'>Cap.</span> <span class='ocrx_word' id='word_1_1018' title='bbox 2579 1642 2627 1658; x_wconf 85' lang='lat' dir='ltr'>vm.</span> 
     </span>
    </p>
   </div>
   <div class='ocr_carea' id='block_1_26' title="bbox 2582 1851 2597 1868">
    <p class='ocr_par' dir='ltr' id='par_1_46' title="bbox 2582 1851 2597 1868">
     <span class='ocr_line' id='line_1_149' title="bbox 2582 1851 2597 1868; baseline 0 0"><span class='ocrx_word' id='word_1_1019' title='bbox 2582 1851 2597 1868; x_wconf 79' lang='grc' dir='ltr'><strong><em>τ</em></strong></span> 
     </span>
    </p>
   </div>
   <div class='ocr_carea' id='block_1_27' title="bbox 2481 1898 2652 1927">
    <p class='ocr_par' dir='ltr' id='par_1_47' title="bbox 2481 1898 2652 1927">
     <span class='ocr_line' id='line_1_150' title="bbox 2481 1898 2652 1927; baseline 0 -7"><span class='ocrx_word' id='word_1_1020' title='bbox 2481 1898 2492 1910; x_wconf 68' lang='grc'><strong>”</strong></span> <span class='ocrx_word' id='word_1_1021' title='bbox 2506 1898 2534 1920; x_wconf 88' lang='lat' dir='ltr'>D.</span> <span class='ocrx_word' id='word_1_1022' title='bbox 2550 1904 2591 1927; x_wconf 86' lang='lat'>191,</span> <span class='ocrx_word' id='word_1_1023' title='bbox 2606 1904 2652 1926; x_wconf 88' lang='lat'>¹9²·</span> 
     </span>
    </p>
   </div>
  </div>
 </body>
</html>
