2768 4178
143 1502 183 1518 .2.

310 285 387 320 420

312 353 462 383 membra.
478 351 544 381 Nec
560 349 710 390 sequitur,
725 357 804 389 ergo
813 348 995 387 paternitas
1003 346 1171 387 praecedit
1186 347 1374 387 inquantum

311 397 424 427 relatio
445 393 726 437 (communicando
741 392 774 422 in
792 391 955 422 vocabulis
974 401 1047 421 cum
1063 389 1194 433 littera):
1221 390 1376 431 quoniam

310 441 343 471 in
371 440 472 470 littera
498 439 677 479 paternitas
705 441 740 467 ut
768 436 882 466 relatio
911 434 1063 475 significat
1092 434 1311 474 paternitatem
1339 441 1376 465 ut

311 490 429 515 exercet
454 490 560 513 actum
590 480 748 511 relationis
772 486 807 510 ut
830 479 938 510 relatio
963 485 1024 514 est;
1049 478 1218 519 paternitas
1241 488 1317 508 vero
1341 484 1377 509 ut

311 528 512 559 constitutiva
533 534 695 566 personae
722 523 875 564 significat
905 523 1125 563 paternitatem
1154 522 1306 559 eandem,
1341 529 1377 553 ut

311 579 430 603 exercet
446 578 552 601 actum
571 569 785 611 hypostaticae
809 567 940 598 formae.
965 567 1005 597 Et
1020 567 1092 597 licet
1106 573 1280 607 utrumque
1295 566 1375 597 infra

310 615 471 646 relativam
495 614 578 645 illius
601 613 802 644 latitudinem
825 611 1125 652 comprehendatur,
1150 610 1246 641 simul
1269 617 1375 641 tamen

310 670 377 690 non
400 665 482 695 sunt,
507 658 684 688 secundum
707 656 836 688 rationis
859 655 1022 686 ordinem:
1055 655 1110 685 sed
1132 654 1315 695 paternitas,
1340 662 1376 686 ut

310 703 467 744 praecedit
494 701 746 742 generationem,
772 699 934 731 constituit
962 706 993 730 et
1020 699 1184 739 distinguit
1213 698 1375 730 relativam

310 756 479 788 personam
501 746 600 777 Patris
623 746 654 776 in
672 755 739 776 esse
755 743 954 786 hypostatico
978 743 1107 774 relativo
1130 743 1252 773 realiter
1267 749 1298 773 et
1313 743 1375 773 for-

310 791 448 827 maliter,
473 791 528 821 sed
555 800 621 820 non
644 789 771 820 relative
800 788 933 819 exercito
959 786 1003 830 (et
1025 787 1097 817 ideo
1121 793 1252 817 vocatur
1274 793 1375 827 pater-

310 836 400 871 nitas,
424 844 490 865 non
514 841 550 865 ut
571 834 691 870 relatio,
716 834 771 864 sed
795 838 829 863 ut
852 830 1087 873 constitutiva);
1111 838 1148 862 ut
1171 831 1376 871 consequitur

311 886 418 910 autem
441 878 691 919 generationem,
717 877 880 908 constituit
910 883 940 907 et
963 875 1127 916 distinguit
1150 875 1284 905 eandem
1307 885 1375 916 per-

311 933 433 959 sonam,
458 933 525 953 non
547 922 580 952 in
603 932 670 953 esse
694 921 903 962 hypostatico,
929 921 983 950 sed
1006 920 1039 950 in
1063 930 1129 950 esse
1148 919 1275 949 relative
1291 929 1374 950 exer—

312 968 374 998 cito
399 966 444 1010 (et
466 967 538 997 ideo
561 972 692 997 vocatur
715 965 883 1006 paternitas
907 970 941 995 ut
965 962 1103 1006 relatio).
1129 964 1174 994 Ita
1197 964 1286 1004 quod
1309 973 1374 994 non

311 1018 385 1042 sunt
408 1012 473 1041 duo
498 1020 564 1041 esse
587 1010 714 1041 relativa
736 1009 769 1040 in
792 1010 892 1045 Patre,
918 1009 973 1039 sed
991 1018 1095 1039 unum
1110 1014 1244 1044 tanturn,
1265 1008 1376 1038 datum

311 1066 329 1086 a
343 1055 526 1096 paternitate
546 1054 719 1084 formaliter
734 1060 805 1084 ante
820 1053 1056 1093 generationem
1073 1059 1110 1083 ut
1127 1052 1373 1093 hypostaticum,

311 1106 342 1130 et
364 1105 437 1140 post
460 1105 496 1129 ut
519 1098 698 1129 exercitum.
728 1098 768 1128 Et
791 1097 933 1127 similiter
955 1097 1049 1128 unica
1072 1103 1119 1127 est
1146 1096 1304 1127 distinctio
1328 1106 1373 1127 re—

310 1143 403 1174 lativa
420 1142 518 1173 Patn‘s
542 1152 561 1172 a
583 1142 675 1178 Filio,
700 1141 755 1172 sed
779 1142 850 1172 data
872 1141 959 1182 prius
978 1147 1015 1172 ut
1032 1140 1239 1182 hypostatica,
1257 1147 1288 1171 et
1302 1147 1375 1181 post

310 1194 347 1218 ut
370 1186 508 1218 exercita.
533 1187 574 1217 Et
597 1186 640 1217 sic
664 1186 702 1216 de
726 1185 890 1216 similibus.

368 1231 450 1262 XIII.
475 1231 516 1261 Et
538 1231 614 1261 haec
637 1230 663 1261 si
686 1229 864 1270 perspicies,
880 1229 990 1260 omnia
1013 1229 1244 1260 consonabunt.
1269 1229 1310 1260 Et
1328 1228 1375 1259 vi-

311 1275 398 1306 debis
420 1275 589 1315 quomodo
606 1274 691 1305 Scoti
706 1274 796 1310 ratio,
811 1274 844 1304 in
861 1274 884 1310 Ι,
902 1274 972 1304 dist.
987 1283 1091 1310 xxvm,
1107 1283 1163 1314 qu.
1178 1273 1245 1309 ult„
1266 1279 1375 1304 contra

310 1319 392 1350 hanc
414 1319 649 1350 distinctionem
671 1318 790 1349 litterae
812 1318 891 1348 nihil
913 1318 1012 1348 valet:
1037 1318 1113 1358 quia
1136 1318 1257 1348 laborat
1271 1316 1305 1347 in
1323 1327 1374 1348 ae-

312 1363 466 1404 quivoco,
492 1373 558 1393 non
586 1362 761 1403 percipiens
785 1362 874 1403 quod
896 1362 929 1403 ly
952 1367 988 1392 ut
1011 1362 1126 1392 relatio
1149 1361 1200 1392 hic
1223 1361 1377 1402 significat

311 1417 378 1438 non
394 1414 548 1443 naturam,
573 1407 628 1437 sed
651 1413 757 1437 actum
780 1416 835 1436 seu
859 1405 1002 1437 officium
1017 1405 1186 1442 relationis,
1201 1412 1237 1437 ut
1253 1405 1374 1446 exposi-

311 1458 381 1482 tum
403 1451 467 1481 iam
488 1458 542 1482 est.
559 1469 579 1473 -
595 1450 750 1491 Percipies
773 1460 904 1491 quoque
927 1460 1026 1491 quam
1044 1460 1144 1480 vanus
1160 1450 1254 1480 fuerit
1268 1456 1373 1480 tantus

312 1495 454 1526 eiusdem
469 1495 559 1526 labor
577 1495 610 1525 in
629 1495 836 1533 Quodlibetis‚
852 1504 905 1535 qu.
920 1494 989 1531 1v*,
1015 1494 1128 1525 eodem
1143 1494 1286 1534 pollutus
1302 1503 1374 1534 pec-

1014 267 1282 314 QUAESTIO
1312 268 1400 315 XL,
1430 268 1727 305 ARTICULUS
1758 269 1809 305 lV

1431 354 1512 378 cato.
1541 347 1711 378 Paternitas
1745 347 1830 378 enim
1859 354 1894 378 ut
1922 347 2125 378 constitutiva
2157 355 2188 379 et
2211 355 2247 379 ut
2276 349 2405 386 relatio,
2434 360 2500 381 non

1431 392 1509 422 duas
1533 398 1669 427 naturas,
1694 391 1749 421 sed
1772 401 1886 428 unam,
1912 399 1942 422 et
1965 391 2051 422 illam
2076 399 2234 428 atomam,
2260 393 2377 424 scilicet
2399 401 2500 435 pater-

1430 435 1571 471 nitatem,
1596 435 1761 476 importat;
1782 435 1989 476 significando
2005 436 2165 467 distinctas
2182 436 2325 467 eiusdem
2340 437 2500 469 relationis

1429 479 1576 516 rationes,
1601 480 1778 510 secundum
1800 490 1937 521 quarum
1960 490 2059 511 unam
2080 481 2238 520 praecedit
2252 481 2498 520 generationem,

1430 530 1461 554 et
1484 524 1662 554 secundum
1689 524 1819 554 alteram
1846 524 1999 565 sequitur.
2029 525 2092 555 Sed
2119 525 2285 556 relationis
2306 526 2500 556 vocabulum

1430 577 1506 598 eum
1529 568 1660 608 decepit,
1678 574 1709 599 et
1731 568 1891 599 motivum
1915 569 1953 599 de
1972 579 2038 610 quo
2061 568 2095 599 in
2119 579 2173 610 qu.
2190 579 2266 605 ηπ,
2284 576 2340 600 art.
2360 570 2376 600 3
2391 569 2419 606 *,
2444 570 2501 601 erit

1430 621 1545 648 sermo,
1570 612 1625 643 ubi
1649 612 1770 652 reliqua
1794 613 1965 644 solventur.

1487 656 1571 687 XIV.
1596 656 1648 687 Ad
1663 656 1801 696 primam
1815 656 1833 676 *
1855 667 1930 687 vero
1955 657 2077 694 dicitur,
2102 657 2191 698 quod
2215 656 2325 687 relatio
2348 657 2499 698 distingui

1430 706 1461 730 et
1484 699 1631 730 affirmari
1655 700 1779 737 debuit,
1808 707 1839 731 et
1861 711 1928 731 non
1952 701 2053 741 origo.
2077 701 2203 738 Primo,
2234 701 2309 742 quia
2332 701 2499 741 opinantes

1430 743 1619 784 oppositum
1649 754 1717 774 non
1740 744 1939 785 distinguunt
1967 746 2006 775 de
2035 745 2174 786 origine,
2199 745 2254 776 sed
2283 752 2320 776 ut
2342 745 2499 785 originem

1429 787 1533 827 ipsam
1557 788 1804 819 constituentem
1827 788 1956 825 faciunt,
1980 799 2047 820 non
2071 796 2214 820 curantes
2229 790 2268 819 de
2283 789 2384 820 modo
2404 789 2498 830 signi-

1429 830 1555 862 ficandi.
1572 849 1593 854 —
1608 831 1765 868 Secundo,
1786 832 1861 872 quia
1884 833 1993 864 relatio
2016 834 2117 870 realis,
2142 840 2179 864 ut
2202 833 2323 864 dictum
2338 840 2385 864 est
2399 833 2426 870 *,
2451 843 2498 864 se-

1430 875 1573 906 cundum
1601 875 1764 916 propriam
1790 876 1963 913 rationem,
1995 887 2062 908 non
2085 877 2194 908 solum
2216 878 2323 914 adest,
2354 878 2409 908 sed
2432 884 2497 914 est,

1429 926 1466 950 ut
1481 919 1602 950 dictum
1621 926 1668 950 est
1691 926 1800 950 contra
1821 920 2027 951 Porretanos:
2052 921 2142 962 origo
2165 928 2283 958 autem,
2300 928 2337 952 ut
2351 921 2405 958 sic,
2429 921 2498 952 viae

1429 970 1555 994 tantum
1577 963 1672 994 habet
1694 963 1860 995 rationem.
1877 981 1897 987 —
1913 964 2034 1004 Tertio,
2051 971 2082 996 et
2097 966 2271 1005 potissime,
2295 966 2379 1006 quia·
2393 966 2427 996 in
2451 966 2497 996 di-

1428 1007 1510 1038 vinis
1533 1007 1598 1038 duo
1621 1014 1748 1038 tanturn
1775 1017 1889 1047 genera
1912 1009 2081 1045 salvantur,
2105 1010 2283 1040 secundum
2305 1009 2455 1040 Boetium
2469 1009 2496 1046 *‚

1429 1051 1546 1083 scilicet
1569 1051 1743 1082 substantia
1766 1058 1797 1082 et
1818 1053 1862 1083 ad
1879 1053 2010 1093 aliquid.
2039 1053 2178 1084 Persona
2201 1060 2308 1084 autem
2327 1054 2433 1084 divina
2452 1060 2499 1085 est

1429 1095 1602 1126 formaliter
1633 1096 1677 1127 ad
1706 1096 1846 1136 aliquid,
1881 1103 1917 1127 ut
1947 1097 2179 1137 supponimus:
2211 1104 2242 1128 et
2268 1105 2499 1138 consequenter

1429 1146 1556 1182 oportet
1580 1140 1820 1171 constitutivum
1850 1150 2005 1180 personae
2035 1151 2102 1172 esse
2133 1141 2177 1172 ad
2198 1141 2330 1182 aliquid.
2361 1141 2403 1172 Et
2425 1151 2497 1182 pro-

1428 1191 1535 1224 pterea
1557 1184 1700 1224 oportuit
1722 1184 1907 1215 relationem
1931 1184 2096 1222 affirmare,
2121 1192 2152 1216 et
2171 1185 2283 1216 deinde
2307 1185 2498 1226 distinguere

1428 1228 1462 1259 in
1491 1228 1652 1269 duplicem
1679 1229 1747 1259 eius
1776 1235 1900 1265 actum,
1931 1229 2050 1260 scilicet
2079 1229 2254 1266 relationis,
2287 1236 2318 1260 et
2340 1230 2432 1267 talis,
2460 1236 2498 1260 ut

1429 1273 1610 1313 expositum
1633 1279 1680 1303 est
1699 1272 1728 1304 ³.
1752 1290 1773 1295 -
1796 1272 1828 1303 Si
1852 1273 2034 1304 communis
2061 1280 2170 1304 autem
2197 1273 2340 1305 doctrina
2366 1273 2497 1304 Sancto-

1428 1327 1500 1348 rum
1520 1317 1554 1348 in
1577 1316 1690 1347 divinis
1714 1326 1828 1357 genera
1851 1317 1995 1357 originis,
2020 1324 2099 1358 puta
2121 1318 2254 1348 actionis
2277 1324 2308 1349 et
2330 1317 2496 1359 passionis,

1429 1361 1604 1402 posuisset,
1629 1368 1660 1392 et
1682 1371 1748 1391 non
1771 1361 1949 1398 relationis;
1979 1362 2092 1402 procul
2121 1361 2219 1392 dubio
2248 1358 2339 1402 origo
2362 1361 2497 1392 affirma·

1428 1412 1514 1436 retur
1537 1405 1741 1442 constituens,
1766 1412 1796 1436 et
1819 1405 2072 1445 distingueretur.
2097 1405 2182 1443 Quia
2197 1405 2292 1446 igitur
2309 1405 2497 1446 oppositum

1429 1450 1467 1480 de
1491 1449 1574 1480 facto
1599 1456 1659 1486 est,
1679 1449 1796 1480 idcirco
1816 1450 1937 1490 optime
1956 1450 2066 1481 relatio
2086 1449 2315 1491 praeaffirmaea
2333 1458 2371 1481 ac
2389 1449 2498 1480 distin>

1428 1500 1477 1525 cta
1500 1501 1555 1524 est.

2525 573 2536 584 ¹*
2552 573 2589 595 Cf.
2605 574 2739 597 comment.

2527 605 2593 622 num.
2609 606 2633 622 ν.

2526 665 2537 676 ⁴·
2552 664 2590 687 Cf.
2605 671 2668 688 num.
2684 672 2716 688 tv.

2527 842 2536 851 '¹
2552 840 2588 863 Cf.
2603 846 2669 864 num.
2679 848 2711 864 ix.

2523 1009 2585 1058 :vDe
2598 1010 2672 1039 Tm„
2683 1017 2738 1040 cap.

2523 1277 2678 1302 ’Numam
