2768 4178
0 3213 5 3238 l

0 3241 6 3328 ἓ

2 3367 6 3379 l

0 3385 6 3419 Ξ

69 2065 82 2076 ·
97 2063 146 2093 Qu.
160 2069 177 2093 r,
190 2067 234 2086 art.
248 2069 269 2086 2.

69 2817 154 2847 ⁰019.
169 2824 194 2840 u.

68 3213 81 3225 ⁸
89 3213 100 3235 1
107 3213 181 3241 Sene„
189 3213 243 3236 dist.
252 3219 283 3241 tv,

70 3245 112 3268 qu.
125 3245 151 3262 n.

963 261 1230 308 QUAESTIO
1260 261 1442 308 XXXIX,
1471 262 1770 299 ARTICULUS
1800 262 1851 299 IV

312 339 367 370 nio
392 338 656 380 significationem
671 347 796 372 tantum
819 340 963 382 inspexit,
980 342 1020 371 ad
1043 351 1142 382 quam
1161 347 1280 381 spectat
1295 340 1381 370 idem

314 393 381 414 esse
404 384 574 416 habentem
589 392 620 416 et
635 395 702 416 rem
717 385 868 416 habitam.

367 428 502 459 Ponitur
513 429 626 459 deinde
642 430 738 460 altera
753 429 874 469 opinio,
887 429 1071 469 responsiva
1083 428 1237 469 quaesito,
1250 428 1379 459 scilicet:

312 472 453 513 Nomina
476 473 651 504 essentialia
665 473 698 504 in
714 479 872 510 concreto,
892 479 1027 514 possunt
1049 473 1177 513 proprie
1200 482 1381 512 supponere

313 526 372 557 pro
389 517 544 557 personis.
555 535 576 540 —
585 517 628 548 Et
642 519 794 557 probatur
808 527 845 548 ex
857 517 972 547 eodem
987 516 1207 547 fundamento.
1221 517 1268 547 Ex
1279 517 1380 546 modo

314 559 520 601 significandi,
536 561 627 592 Deus
643 569 673 592 et
689 561 804 592 similia
821 560 998 600 significant
1018 567 1165 591 naturam
1182 560 1216 591 in
1231 561 1379 591 habente:

314 614 389 644 ergo
413 612 549 645 possunt
571 615 752 646 supponere
775 614 834 645 pro
853 605 1007 645 personis.
1024 622 1044 627 —
1059 605 1258 635 Antecedens
1281 604 1380 635 mani-

313 648 445 680 festatur
465 649 627 681 inductive
648 649 682 679 in
704 649 737 690 ly
759 649 864 686 homo,
882 655 940 679 etc.

367 693 488 730 Tertio,
505 693 688 734 explanatur
702 693 871 734 quomodo
887 693 925 723 de
940 693 1023 735 facto
1038 692 1071 734 ly
1081 693 1172 723 Deus
1187 693 1381 734 quandoque

313 746 372 777 pro
396 746 533 777 persona
554 747 628 773 una,
651 737 702 767 vel
726 737 859 773 duabus,
883 737 933 767 vel
955 736 1054 767 tribus
1078 737 1240 777 supponit.

370 781 423 812 lv.
448 780 540 812 Circa
563 781 646 811 dicta
660 781 721 818 hic,
737 781 796 812 tria
812 788 984 812 occurrunt
999 781 1104 818 dubia,
1124 781 1211 811 iuxta
1226 781 1284 812 tria
1300 781 1381 812 dicta

312 824 500 865 impugnata
515 825 554 855 ab
570 825 724 862 Aureolo,
741 826 827 866 apud
842 825 1047 866 Capreolum,
1060 826 1093 856 in
1109 825 1131 862 1,
1145 825 1215 856 dist.
1231 836 1272 862 ιν,
1288 836 1342 867 qu.
1359 836 1379 862 1,

313 874 370 900 art.
390 869 417 900 3.
434 886 455 892 -
469 870 614 900 Primum
631 876 686 906 est,
704 870 794 910 quod
808 870 842 911 ly
856 871 947 901 Deus
962 870 1157 910 quandoque
1172 879 1231 909 pro
1249 870 1381 901 essentia

313 919 345 943 et
364 913 560 954 quandoque
576 923 635 953 pro
651 923 788 954 persona
805 914 966 954 supponit.
981 914 1073 945 Deus
1088 923 1213 954 semper
1228 914 1382 955 supponit

313 966 372 997 pro
395 957 530 988 habente
545 957 712 989 deitatem:
734 968 809 998 ergo
826 968 951 998 semper
973 968 1031 999 pro
1051 967 1195 998 persona.
1212 977 1233 981 —
1248 959 1290 989 Et
1305 968 1381 989 con-

311 999 469 1038 firmatur,
494 1001 570 1042 quia
592 1002 651 1033 ista
674 1009 720 1033 est
742 1002 821 1034 ratio
851 1002 971 1033 litterae
1000 1002 1137 1033 fundans
1165 1002 1382 1044 responsivam

313 1045 563 1077 conclusionem.

369 1089 550 1121 Secundum
568 1097 623 1127 est,
635 1090 724 1132 quod
735 1091 770 1121 in
780 1090 850 1127 ista,
861 1091 952 1122 Deus
966 1096 1064 1129 creat,
1077 1090 1111 1131 ly
1124 1091 1215 1121 Deus
1229 1090 1382 1131 supponit

313 1143 372 1174 pro
389 1134 532 1165 essentia.
546 1135 698 1166 Actiones
712 1141 787 1166 sunt
802 1135 1059 1176 suppositorum:
1077 1144 1163 1175 ergo.
1177 1153 1197 1158 —-
1208 1135 1380 1170 Praeterea,

313 1177 429 1209 creatio
459 1188 527 1209 non
555 1179 705 1210 abstrahit
727 1189 746 1210 a
769 1178 960 1220 suppositis,
984 1179 1065 1210 sicut
1092 1188 1150 1209 nec
1179 1179 1260 1210 clare
1282 1178 1381 1209 videri

313 1221 497 1253 essentiam:
522 1233 608 1263 ergo.

343 1284 347 1289 ‹
374 1267 516 1298 leuium
540 1269 596 1304 est,
613 1267 703 1308 quod
725 1267 758 1297 in
780 1267 814 1308 ly
836 1267 921 1308 Regi
934 1267 1138 1297 saeculorum
1163 1273 1232 1302 etc.,
1255 1266 1288 1307 ly
1310 1267 1380 1296 Deo

292 1307 466 1352 ‘supponit
489 1321 548 1352 pro
571 1311 672 1342 tribus
695 1311 878 1351 suppositis.
909 1311 982 1341 Hoc
1006 1311 1091 1341 enim
1114 1318 1270 1350 repugnat
1292 1320 1380 1350 prae-

312 1355 436 1386 cedenti
451 1355 546 1387 dicto.
563 1355 611 1386 Illi
627 1355 714 1386 enim
729 1355 790 1386 soli
806 1355 862 1396 qui
878 1360 977 1393 creat,
996 1355 1127 1385 debetur
1146 1354 1251 1385 honor
1266 1361 1297 1386 et
1311 1354 1379 1394 glo-

311 1398 374 1430 ria:
399 1400 454 1430 sed
477 1400 542 1438 ille,
558 1409 614 1440 per
636 1406 677 1436 te,
694 1409 760 1429 non
784 1399 980 1430 demonstrat
1003 1398 1134 1439 aliquod
1157 1399 1378 1439 suppositum:

311 1452 387 1485 ergo
410 1453 469 1474 nec
491 1443 553 1475 hic.
577 1443 610 1474 Si
633 1443 683 1474 hic
707 1443 846 1474 ostendit
868 1443 926 1474 tria
949 1443 1130 1483 supposita,
1155 1453 1230 1483 ergo
1254 1450 1285 1474 et
1302 1442 1356 1474 ibi.

367 1487 407 1519 V.
430 1488 556 1519 Praeter
577 1487 655 1518 haec
677 1494 786 1518 autem
804 1487 862 1518 tria
877 1487 983 1524 dubia,
999 1487 1103 1518 adhuc
1123 1487 1182 1517 tria
1204 1487 1265 1517 alia
1284 1487 1380 1517 dubia

311 1538 388 1563 sunt
402 1531 483 1563 circa
495 1531 554 1563 tria
569 1531 651 1566 dicta
665 1531 698 1562 in
713 1531 921 1572 responsione
935 1532 976 1562 ad
994 1532 1138 1562 tertium:
1155 1541 1238 1572 quae
1254 1538 1380 1571 oportet

310 1575 408 1607 simul
431 1585 506 1606 cum
521 1575 587 1606 istis
605 1582 745 1612 tractare,
770 1582 807 1606 ut
829 1576 951 1607 facilior
964 1586 1000 1606 ac
1016 1576 1143 1606 brevior
1160 1575 1200 1606 sit
1216 1575 1380 1616 disciplina

311 1629 541 1652 connexorum.
558 1637 578 1642 -
593 1619 716 1650 Dicitur
743 1630 818 1660 ergo
835 1621 946 1660 primo
968 1620 1001 1650 in
1024 1620 1232 1661 responsione
1255 1620 1295 1650 ad
1318 1626 1379 1650 ter-

309 1663 403 1700 tium,
418 1664 509 1705 quod
528 1663 700 1695 differentia
715 1671 762 1695 est
776 1664 857 1695 inter
879 1664 914 1706 ly
935 1665 1026 1695 Deus
1041 1672 1072 1696 et
1093 1665 1126 1706 ly
1148 1665 1242 1695 homo
1255 1663 1288 1694 in
1305 1674 1379 1704 sup-

310 1708 474 1749 ponendo,
487 1714 546 1740 etc.
563 1708 626 1739 Ubi
641 1708 757 1749 duplex
773 1715 820 1739 est
834 1708 915 1739 ratio
930 1709 1027 1739 dubii.
1045 1709 1150 1740 Prima
1166 1715 1222 1739 est.
1239 1711 1306 1739 Aut
1320 1708 1393 1747 ista,

311 1751 485 1783 differentia
507 1752 677 1784 attenditur
699 1763 796 1793 penes
820 1753 1077 1793 suppositionem
1096 1764 1155 1794 pro
1175 1762 1310 1794 persona
1325 1753 1378 1783 de-

310 1797 503 1834 terminata,·
526 1804 581 1827 aut
603 1806 663 1837 pro
686 1807 823 1837 persona
852 1797 1043 1828 indistincte.
1067 1798 1100 1829 Si
1123 1797 1228 1838 primo
1258 1798 1376 1834 modo,

311 1840 400 1871 nulla
414 1847 462 1871 est
475 1840 661 1872 differentia:
678 1841 754 1882 quia
769 1851 827 1872 nec
849 1842 940 1872 Deus
955 1849 1016 1872 stat
1033 1852 1092 1882 pro
1108 1843 1198 1873 Patre
1213 1848 1268 1872 aut
1283 1841 1376 1878 Filio,

310 1884 378 1915 sine
402 1885 522 1922 addito;
547 1895 604 1916 nec
619 1885 712 1916 homo
727 1895 787 1925 pro
806 1885 934 1916 Socrate
950 1893 1006 1916 aut
1022 1886 1166 1923 Platone,
1182 1886 1248 1916 sine
1269 1885 1377 1926 aliquo

311 1929 516 1960 contractivo.
529 1947 550 1952 -
562 1930 595 1960 Si
611 1930 752 1960 secundo
769 1930 882 1966 modo,
907 1930 994 1960 nulla
1014 1940 1145 1971 quoque
1166 1938 1213 1961 est
1235 1929 1378 1960 differen-

311 1972 368 2004 tia:
393 1973 468 2014 quia
485 1973 565 2004 sicut
583 1974 675 2005 homo
691 1974 874 2005 naturaliter
889 1975 1043 2015 supponit
1061 1985 1120 2015 pro
1137 1975 1271 2005 habente
1286 1981 1378 2005 natu-

310 2027 381 2048 ram
403 2018 579 2048 humanam
601 2017 779 2054 indefinite,
803 2018 845 2049 ita
867 2019 958 2053 Deus
987 2029 1046 2059 pro
1069 2019 1204 2050 habente
1232 2026 1378 2050 naturam

312 2061 453 2093 divinam
469 2061 657 2098 indistincte,
678 2069 714 2093 ut
729 2062 825 2092 etiam
840 2062 1022 2099 s.Thomas,
1039 2063 1072 2093 in
1085 2063 1107 2099 1,
1125 2064 1195 2094 dist.
1209 2074 1240 2093 rv
1250 2064 1276 2100 *,
1293 2063 1376 2094 dicit.

367 2107 512 2137 Secunda
527 2116 602 2137 vero
618 2106 697 2137 ratio
720 2113 775 2142 est,
792 2107 868 2147 quia
882 2107 1006 2138 videtur
1021 2107 1192 2139 differentia
1206 2107 1284 2139 haec
1303 2118 1378 2139 con-

311 2150 460 2182 tradicere
482 2150 532 2180 his
555 2160 637 2191 quae
661 2150 743 2181 dicta
766 2157 841 2181 sunt
862 2151 896 2181 in
919 2161 1069 2191 corpore,
1094 2153 1173 2182 dum
1188 2151 1232 2182 ibi
1257 2152 1379 2183 dictum

312 2202 359 2226 est
377 2195 467 2236 quod
480 2195 572 2225 Deus
586 2205 623 2225 ex
638 2204 680 2231 se,
698 2194 819 2225 ratione
834 2195 924 2225 modi
940 2195 1145 2236 significandi,
1159 2203 1219 2227 stat
1239 2206 1297 2236 pro
1312 2207 1379 2237 per-

312 2247 407 2276 sona;
431 2238 682 2279 reprehensaque
699 2245 745 2269 est
767 2238 862 2269 altera
886 2239 1007 2280 opinio,
1025 2240 1130 2271 dicens
1154 2241 1243 2282 quod
1259 2251 1378 2281 suppo-

312 2293 386 2314 nere
401 2293 460 2323 pro
483 2293 619 2323 persona
641 2283 736 2313 habet
763 2293 800 2313 ex
823 2283 973 2314 adiuncto
1002 2284 1171 2315 notionali:
1197 2284 1248 2315 hic
1271 2292 1379 2316 autem

311 2327 345 2358 in
368 2327 590 2367 reprehensam
608 2327 719 2357 incidit
737 2327 935 2368 opinionem,
953 2328 1031 2358 dum
1056 2329 1130 2359 dicit
1153 2329 1241 2370 quod
1260 2329 1292 2359 in
1316 2330 1378 2360 hoc

313 2371 460 2402 differunt
474 2371 506 2412 ly
521 2372 612 2402 Deus
624 2378 655 2402 et
670 2371 703 2412 ly
713 2372 818 2410 homo,
833 2372 922 2412 quod
937 2372 970 2413 ly
981 2373 1072 2403 Deus
1086 2383 1123 2403 ex
1137 2383 1170 2403 se
1182 2383 1241 2414 pro
1257 2380 1377 2410 natura,

313 2426 350 2447 ex
372 2415 522 2446 adiuncto
541 2425 600 2455 pro
617 2425 762 2456 persona,
778 2416 812 2457 ly
829 2417 923 2447 homo
945 2427 1021 2447 vero
1043 2427 1059 2447 e
1083 2424 1191 2448 contra
1214 2418 1377 2458 supponit.

311 2459 478 2491 Manifeste
502 2469 640 2500 namque
664 2460 741 2490 haec
763 2460 910 2491 videntur
933 2461 1123 2492 contrariari.

371 2504 423 2535 VI.
441 2503 623 2534 Secundum
648 2510 756 2534 autern
779 2504 914 2535 dubium
930 2511 985 2542 est,
1002 2506 1090 2546 quod
1110 2505 1154 2535 ibi
1170 2505 1284 2536 dicitur
1298 2505 1379 2537 hanc

314 2558 381 2578 esse
405 2547 534 2583 falsam,
557 2548 647 2578 Deus
671 2557 733 2577 non
757 2554 903 2588 generat.
936 2549 1057 2579 Contra
1079 2549 1142 2580 hoc
1165 2549 1250 2580 enim
1278 2550 1380 2580 multa

314 2591 410 2622 habes
426 2599 611 2631 argumenta
625 2591 711 2631 apud
727 2591 932 2632 Capreolum,
945 2592 978 2622 in
995 2593 1017 2629 I,
1032 2593 1101 2623 dist.
1115 2604 1155 2629 1v,
1167 2603 1222 2634 qu.
1237 2605 1257 2630 1,
1269 2601 1325 2624 art.
1345 2603 1377 2630 2;

314 2645 396 2676 quae
412 2642 538 2675 oportet
553 2636 684 2666 solvere.
700 2653 719 2658 -
735 2636 894 2666 Aureolus
918 2646 992 2676 ergo
1016 2637 1119 2677 arguit
1133 2637 1248 2677 primo,
1265 2639 1318 2669 sic.
1343 2639 1378 2668 In

313 2679 381 2716 ista,
392 2680 483 2710 Deus
499 2689 562 2709 non
578 2685 727 2720 generat,
742 2680 774 2720 ly
786 2681 876 2711 Deus
895 2687 955 2711 stat
970 2691 1029 2721 pro
1046 2689 1167 2718 natura,
1184 2689 1219 2713 ut
1234 2689 1268 2713 tu
1285 2682 1376 2713 dicis:

314 2733 388 2764 ergo
413 2730 459 2754 est
480 2733 562 2754 vera.
587 2724 742 2754 Probatur
765 2724 909 2764 sequela:
933 2725 1008 2765 quia
1025 2732 1135 2756 natura
1152 2736 1218 2756 non
1242 2733 1377 2766 generat,

312 2773 349 2799 ut
372 2774 457 2808 patet
480 2768 574 2798 Extra
593 2767 632 2798 de
648 2768 782 2798 Summa
803 2769 960 2799 Trinitate
975 2769 1001 2799 *.
1018 2787 1039 2792 —
1050 2770 1221 2806 Praeterea,
1238 2780 1301 2801 non
1321 2781 1378 2811 ge-

313 2821 431 2844 nerare
454 2818 500 2842 est
522 2812 701 2842 notionale:
725 2822 800 2852 ergo
825 2813 981 2844 contrahit
995 2813 1027 2854 ly
1050 2814 1141 2845 Deus
1163 2815 1202 2844 ad
1229 2815 1378 2845 standum

313 2866 371 2896 pro
395 2866 543 2897 persona.
567 2856 764 2886 Antecedens
788 2857 955 2897 probatur:
980 2858 1056 2898 quia
1078 2858 1245 2889 affirmatio
1270 2866 1301 2889 et
1323 2869 1378 2889 ne-

311 2900 397 2940 gatio
413 2908 487 2932 sunt
511 2900 653 2931 eiusdem
676 2900 808 2939 generis.
828 2919 847 2923 —
866 2901 1037 2938 Praeterea,
1052 2903 1143 2933 Deus
1162 2913 1224 2933 non
1240 2908 1378 2944 generat

313 2950 344 2975 et
365 2946 469 2975 omnis
490 2945 582 2975 Deus
604 2950 742 2986 generat
765 2950 839 2975 sunt
857 2945 1134 2977 contradictoriae:
1160 2956 1233 2987 ergo
1258 2957 1377 2987 suppo-

311 2995 394 3019 nunt
416 2998 475 3028 pro
499 2988 629 3020 eisdem.
657 2988 719 3019 Sed
742 2989 774 3019 in
799 2989 938 3020 secunda
960 2990 1114 3030 supponit
1143 3001 1201 3030 pro
1225 3000 1376 3031 persona:

313 3041 388 3072 ergo
413 3039 443 3063 et
464 3032 499 3063 in
521 3033 634 3073 prima.

367 3076 490 3107 Deinde
504 3084 641 3117 arguunt
656 3078 826 3108 Durandus
839 3083 870 3108 et
881 3077 1052 3118 Gregorius
1067 3079 1106 3108 de
1118 3078 1264 3110 Arimino
1277 3080 1376 3120 quod,

312 3119 351 3150 de
365 3119 480 3151 virtute
494 3121 658 3158 sermonis,
673 3131 746 3151 vera
762 3128 808 3152 est
821 3121 898 3152 haec
913 3122 1106 3163 propositio;
1126 3123 1281 3163 quamvis,
1304 3134 1376 3163 pro-

311 3170 381 3204 pter
397 3164 510 3195 erroris
523 3165 709 3205 periculum,
727 3176 746 3195 a
760 3165 916 3206 Magistris
935 3176 1002 3196 non
1021 3173 1207 3206 acceptetur.
1221 3185 1241 3189 -
1253 3167 1377 3198 Duran-

312 3207 372 3238 dus
395 3208 526 3249 quidem
548 3209 643 3249 igitur
666 3210 709 3240 sic
725 3209 752 3240 ’ἦ
777 3210 824 3240 De
843 3210 913 3240 Deo
928 3210 1148 3250 praedicantur
1164 3211 1273 3241 omnia
1295 3222 1376 3253 quae

312 3251 351 3282 de
366 3252 508 3292 personis
525 3253 637 3284 divinis
651 3253 864 3284 verificantur:
881 3254 936 3284 sed
951 3264 1013 3285 non
1029 3264 1191 3296 generare
1201 3254 1377 3286 verificatur

311 3296 350 3326 de
374 3296 496 3327 duabus
519 3298 678 3337 personis:
705 3308 789 3338 ergo.
807 3315 828 3320 -
841 3298 1012 3335 Praeterea,
1028 3299 1118 3330 Deus
1130 3300 1307 3330 secundum
1322 3310 1377 3330 na-

310 3346 415 3371 turam
439 3347 486 3371 est
508 3341 683 3381 singularis,
700 3342 878 3373 secundum
893 3353 968 3373 vero
983 3343 1148 3383 supposita
1163 3343 1374 3383 plurificatur:

274 3406 277 3409 -
311 3394 385 3424 ergo
401 3391 545 3424 respectu
560 3386 812 3426 praedicatorum
828 3387 1051 3424 essentialium,
1064 3387 1158 3418 habet
1169 3387 1235 3417 vim
1251 3388 1376 3418 termini

311 3428 493 3468 singularia,
518 3436 661 3469 respectu
689 3440 763 3460 vero
787 3431 1020 3471 personalium,
1045 3431 1139 3462 habet
1161 3431 1227 3462 vim
1251 3432 1375 3462 termini

311 3472 491 3503 communis
514 3472 685 3510 indefiniti;
710 3481 746 3504 ut
768 3481 862 3515 patet,
887 3475 963 3516 quia
986 3475 1131 3514 dicimus,
1148 3476 1238 3506 Deus
1259 3481 1304 3506 est
1320 3487 1375 3517 ge-

310 3526 440 3554 nerans,
457 3517 548 3547 Deus
570 3522 616 3547 est
637 3519 777 3558 genitus,
795 3525 826 3549 et
847 3518 1024 3550 verificatur
1046 3530 1105 3560 pro
1130 3519 1281 3551 distinctis
1301 3531 1374 3560 sup-

309 3561 430 3601 positis.
447 3561 532 3600 Ergo
549 3567 580 3591 et
596 3562 829 3602 consequentia,
843 3573 898 3593 seu
918 3564 1172 3600 concomitantia,
1190 3564 1306 3595 scilicet
1319 3575 1375 3605 ge-

310 3610 404 3635 nerat
427 3612 458 3635 et
481 3615 543 3636 non
567 3611 715 3646 generat,
733 3606 875 3637 similiter
898 3607 1047 3638 verificari
1071 3615 1206 3648 oportet.

2378 237 2383 242 ⁵
2420 263 2496 309 403

1491 340 1662 381 Gregorius
1677 347 1785 372 autern
1809 341 1852 372 sic
1866 341 1894 372 *.
1919 342 1980 372 Ista
2003 349 2049 373 est
2071 341 2242 378 indefinita,
2259 348 2290 372 et
2305 341 2398 372 habet
2421 341 2499 372 duas

1436 384 1608 425 singulares
1623 394 1728 422 veras;
1753 385 1834 416 sicut
1856 393 1887 416 et
1901 385 1969 422 ista,
1988 396 2130 426 persona
2146 386 2254 417 divina
2272 396 2334 417 non
2350 391 2497 427 generat,

1436 439 1534 469 quam
1557 437 1680 460 constat
1702 439 1770 460 esse
1793 430 1888 460 simul
1911 440 2018 460 veram
2042 440 2116 461 cum
2132 430 2227 461 altera
2249 429 2419 466 indefinita,
2444 430 2501 461 sci-

1434 473 1516 509 licet,
1534 483 1677 514 persona
1700 474 1810 505 divina
1832 480 1979 515 generat.
1996 475 2081 515 Ergo
2105 485 2171 505 non
2195 481 2240 505 est
2263 474 2350 506 falsa.

1493 518 1561 548 V11.
1587 519 1729 549 Tertium
1743 518 1874 549 dubium
1891 526 1938 549 est
1952 519 2032 549 circa
2050 519 2206 549 rationem
2225 519 2359 555 litterae,
2384 518 2500 549 scilicet

1436 561 1534 602 quod,
1553 572 1628 593 cum
1650 562 1772 598 dicitur,
1786 563 1878 593 Deus
1901 573 1964 593 non
1979 569 2127 604 generat,
2146 563 2237 594 datur
2256 563 2387 603 intelligi
2410 562 2499 603 quod

1435 606 1595 645 generatio
1619 613 1773 646 repugnat
1796 606 1919 637 divinae
1943 613 2082 638 naturae.
2106 608 2178 638 Hoc
2202 607 2297 643 enim,
2314 607 2418 648 inquit
2435 609 2500 637 Au-

1436 650 1542 680 reolus
1557 650 1583 686 *,
1608 660 1674 681 non
1694 658 1740 681 est
1754 659 1881 681 verum:
1907 651 2061 692 quoniam
2077 662 2112 682 ex
2129 651 2294 691 negatione
2314 651 2446 682 alicuius
2461 651 2499 681 ab

1436 693 1542 734 aliqua
1565 701 1685 731 natura,
1711 705 1777 725 non
1801 695 1944 736 sequitur
1966 695 2190 735 repugnantia;
2219 703 2279 726 stat
2302 696 2387 726 enirn
2411 695 2500 738 quod

1436 738 1602 769 abstrahat.
2323 759 2325 761 -

1493 783 1575 814 V111.
1593 783 1644 813 Ad
1659 783 1848 813 evidentiam
1864 783 1991 819 horum,
2006 784 2186 814 notandum
2202 790 2247 814 est
2264 784 2500 824 diligentissime

1436 827 1526 868 quod
1547 827 1628 857 inter
1650 827 1756 857 Deum
1779 834 1809 858 et
1829 834 1944 858 ceteras
1967 828 2155 858 substantias
2174 827 2236 858 hoc
2255 828 2392 864 interest,
2412 827 2501 869 quod

1436 871 1469 901 in
1492 871 1620 912 reliquis
1643 871 1720 901 haec
1744 871 1820 907 duo,
1838 871 1954 902 scilicet
1976 878 2122 902 naturam
2145 878 2175 902 et
2197 872 2315 902 habens
2339 879 2500 910 naturam,

1423 922 1563 956 ‘oportet
1581 915 1625 946 sic
1649 925 1682 945 se
1704 915 1829 951 habere,
1853 922 1889 946 ut
1912 915 2030 946 habens
2054 922 2200 946 naturam
2223 916 2262 947 sit
2285 916 2499 956 suppositum,

1436 966 1549 990 natura
1570 969 1646 990 vero
1670 959 1710 990 sit
1732 959 1800 999 ipsa
1824 959 1972 990 essentia:
1997 959 2030 990 in
2045 960 2116 990 Deo
2139 966 2247 990 autem
2269 960 2387 990 habens
2411 967 2500 991 natu-

1436 1013 1504 1034 ram
1527 1003 1694 1043 dupliciter
1716 1003 1884 1040 invenitur,
1910 1003 2027 1034 scilicet
2048 1005 2263 1044 suppositum,
2284 1011 2319 1035 ut
2341 1005 2432 1034 Pater
2451 1004 2501 1034 vel

1436 1048 1545 1084 Filius,
1563 1054 1594 1078 et
1615 1048 1795 1089 singulare,
1811 1047 1892 1078 idest
1913 1048 1965 1078 hic
1979 1049 2077 1079 Deus.
2096 1049 2204 1089 Itaque
2221 1049 2253 1078 in
2270 1048 2382 1079 divinis
2399 1048 2500 1079 consi-

2528 350 2536 359 ”
2544 349 2554 370 1
2564 349 2638 378 Sent„
2647 350 2701 372 dist.
2707 356 2739 372 tv.

2525 660 2537 671 ⁸
2545 659 2650 682 Cfinum.
2663 666 2741 689 praec.

1436 1092 1573 1122 deranda
1596 1098 1670 1122 sunt
1692 1091 1759 1128 tria,
1785 1091 1901 1123 scilicet
1923 1094 2070 1130 essentia,
2086 1093 2137 1123 hic
2158 1093 2258 1130 Deus,
2285 1100 2315 1124 et
2337 1094 2500 1133 supposita
2544 1089 2549 1094 ’

1435 1136 1555 1173 divina,
1570 1135 1687 1166 scilicet
1701 1136 1791 1166 Pater
1803 1143 1833 1167 et
1851 1135 1951 1166 Filius
1966 1143 1996 1167 et
2013 1136 2147 1176 Spiritus
2162 1137 2304 1168 Sanctus.
2321 1137 2355 1167 In
2372 1136 2500 1177 reliquis

1436 1186 1542 1210 autem
1559 1180 1624 1210 duo
1639 1186 1763 1210 tantum
1773 1180 1987 1216 inveniuntur,
2001 1187 2078 1220 puta
2093 1181 2277 1211 humanitas
2288 1187 2319 1212 et
2333 1181 2501 1212 Socrates:

1436 1233 1502 1254 non
1526 1223 1612 1254 enirn
1634 1224 1686 1254 hic
1706 1224 1800 1254 homo
1824 1230 1871 1254 est
1893 1224 1980 1254 aliud
2003 1234 2100 1265 quam
2124 1225 2277 1255 Socrates.
2306 1225 2372 1255 Hic
2394 1232 2500 1255 tamen

1435 1268 1526 1298 Deus
1548 1274 1595 1298 est
1616 1268 1708 1298 Pater
1731 1274 1762 1297 et
1784 1267 1882 1298 Filius
1897 1275 1927 1298 et
1950 1268 2084 1308 Spiritus
2108 1269 2250 1306 Sanctus,
2272 1276 2303 1300 et
2325 1276 2451 1309 generat
2470 1276 2501 1300 et

1435 1312 1560 1351 genitus
1572 1318 1627 1347 est,
1645 1318 1713 1342 etc.:
1727 1312 1766 1341 de
1782 1321 1848 1352 quo
1865 1312 2018 1351 scriptum
2034 1319 2089 1349 est,
2105 1313 2210 1343 Exod.
2227 1324 2267 1343 xv
2278 1313 2311 1343 *2
2331 1313 2398 1344 Iste
2410 1314 2501 1344 Deus

1436 1365 1536 1393 meus,
1562 1361 1593 1386 et
1614 1355 1803 1396 glorificabo
1827 1366 1910 1393 eum,
1933 1363 1969 1386 ut
1984 1356 2017 1386 in
2034 1357 2117 1387 calce
2138 1357 2242 1387 ultimi
2266 1357 2387 1388 articuli
2405 1357 2499 1388 huius

1434 1399 1628 1441 quaestionis
1652 1410 1676 1429 s.
1694 1399 1838 1429 Thomas
1858 1400 1997 1440 exponit.

1492 1444 1550 1474 Est
1572 1449 1680 1474 autem
1702 1443 1782 1474 ratio
1811 1442 2011 1480 diversitatis',
2036 1444 2111 1485 quia
2133 1451 2245 1475 natura
2267 1445 2372 1475 divina
2395 1455 2431 1476 ex
2454 1455 2499 1475 se-

1433 1488 1502 1528 ipsa
1519 1487 1668 1524 subsistit,
1684 1497 1742 1518 nec
1762 1488 1920 1518 mendicat
1943 1488 2176 1520 subsistentiam
2192 1499 2210 1519 a
2235 1489 2417 1529 suppositis,
2432 1489 2498 1519 imo

1435 1532 1555 1563 confert
1579 1542 1650 1562 eam
1672 1531 1749 1561 illis:
1774 1531 1913 1572 reliquae
1936 1539 2044 1563 autern
2072 1540 2201 1564 naturae
2229 1543 2295 1563 non
2326 1533 2500 1564 subsistunt

1434 1577 1494 1606 nisi
1517 1576 1550 1606 in
1573 1576 1752 1616 supposito.
1781 1575 1867 1606 Cum
1896 1583 2003 1607 autem
2031 1577 2299 1608 naturalissimum
2322 1578 2361 1609 sit
2385 1578 2499 1618 cuique

1434 1620 1570 1651 termino
1595 1627 1742 1651 concreto
1766 1630 1945 1660 supponere
1969 1631 2027 1661 pro
2052 1621 2186 1652 habente
2205 1621 2411 1662 significatam
2435 1622 2498 1652 for-

1434 1675 1531 1702 mam,
1552 1674 1751 1705 consequens
1774 1671 1821 1694 est
1836 1665 1926 1704 quod
1943 1665 2034 1696 Deus
2052 1665 2157 1705 primo
2177 1672 2338 1706 supponat
2359 1676 2418 1706 pro
2441 1666 2500 1696 hoc

1433 1709 1513 1740 Deo.
1538 1710 1580 1739 Et
1597 1708 1672 1749 quia
1690 1709 1742 1739 hic
1761 1709 1851 1739 Deus
1869 1708 2023 1748 significat
2045 1709 2202 1749 singulare
2217 1717 2345 1741 naturae
2365 1710 2497 1746 divinae,

1432 1753 1505 1784 ideo
1530 1753 1643 1783 dicitur
1671 1753 1760 1793 quod
1790 1763 1848 1793 pro
1878 1759 1988 1783 natura
2018 1753 2051 1784 in
2076 1761 2234 1785 concreto.
2263 1755 2304 1785 Et
2333 1754 2408 1794 quia
2437 1754 2499 1784 hoc

1433 1797 1591 1837 singulare
1613 1803 1660 1828 est
1684 1807 1856 1828 commune
1879 1797 1979 1828 tribus
2002 1798 2186 1837 suppositis,
2209 1798 2282 1828 ideo
2306 1798 2499 1839 quandoque

1433 1842 1547 1872 dicitur
1567 1842 1656 1882 quod
1680 1848 1740 1872 stat
1754 1851 1812 1882 pro
1836 1842 1980 1881 personis
1999 1842 2186 1873 indistincte.
2202 1843 2243 1873 Et
2262 1842 2337 1883 quia
2353 1849 2399 1873 est
2414 1842 2499 1872 idem

1432 1885 1561 1917 cuilibet
1583 1885 1761 1926 supposito,
1782 1893 1813 1917 et
1828 1892 1973 1916 concrete
1992 1886 2193 1926 significatur,
2209 1887 2282 1917 ideo
2296 1893 2402 1927 potest
2420 1894 2499 1918 stare

1432 1940 1491 1971 pro
1514 1929 1645 1970 singulis
1669 1929 1822 1970 personis.

1489 1974 1541 2005 IX.
1565 1975 1613 2004 Ex
1627 1974 1690 2005 hoc
1709 1981 1815 2006 autem
1831 1974 2040 2005 fundamento
2056 1974 2239 2014 singillatim
2258 1975 2497 2015 respondend03

1433 2025 1464 2049 et
1485 2018 1667 2049 inchoando
1690 2029 1710 2048 a
1727 2018 1832 2058 primo
1855 2018 1953 2049 dubio
1977 2019 2010 2049 in
2033 2019 2238 2059 responsione
2262 2020 2302 2049 ad
2325 2020 2453 2050 tertium
2470 2019 2497 2055 *‚

1433 2070 1563 2103 propter
1581 2063 1727 2093 ordinem
1743 2062 1919 2098 doctrinae;
1944 2063 2057 2093 dicitur
2073 2064 2161 2103 quod
2176 2063 2256 2094 inter
2271 2064 2376 2094 Deum
2394 2071 2424 2094 et
2445 2064 2499 2094 ho-

1434 2109 1549 2144 minem
1573 2107 1607 2137 in
1630 2107 1843 2147 supponendo
1868 2106 2039 2138 differentia
2058 2107 2228 2138 attenditur
2248 2108 2356 2148 quoad
2379 2118 2498 2148 suppo-

1433 2151 1582 2182 sitionem
1605 2161 1663 2191 pro
1688 2161 1823 2191 persona
1842 2151 2095 2182 indeterminate.
2120 2152 2161 2182 Et
2184 2158 2244 2182 stat
2273 2151 2499 2183 differentia·in

1433 2196 1504 2231 hoc,
1522 2196 1612 2236 quod
1626 2196 1727 2233 Deus,
1745 2195 1811 2225 sine
1827 2195 1935 2235 aliquo
1952 2195 2111 2231 adiuncto,
2128 2196 2230 2226 reddit
2245 2197 2500 2236 propositionem

1434 2240 1642 2280 singularem,
1668 2239 1823 2280 quoniam
1847 2239 2000 2279 supponit
2015 2249 2073 2279 pro
2097 2240 2156 2270 hoc
2169 2240 2250 2276 Deo,
2272 2241 2437 2271 communi
2454 2251 2499 2271 se-

1434 2285 1576 2314 cundum
1592 2293 1660 2314 retn
1677 2283 1776 2314 tribus
1791 2283 1951 2323 personis:
1971 2284 2064 2314 homo
2080 2294 2165 2320 vero,
2183 2284 2249 2314 sine
2266 2284 2499 2325 aliquoadiun-

1434 2335 1495 2364 cto,
1509 2327 1673 2359 constituit
1687 2327 1941 2368 propositionem
1957 2327 2162 2364 indefinitam,
2177 2328 2331 2368 quoniam
2348 2329 2500 2369 supponit

1433 2372 1648 2413 personaliter,
1672 2372 1817 2412 quamvis
1839 2371 2087 2402 indeterminate.
2113 2373 2154 2402 Et
2173 2382 2189 2402 e
2209 2379 2318 2403 contra
2346 2374 2439 2403 homo
2463 2383 2499 2404 ex

1433 2416 1583 2447 adiuncto
1607 2416 1771 2447 constituit
1797 2415 2052 2456 propositionem
2074 2416 2283 2456 singularem,
2309 2427 2382 2447 curn
2407 2418 2500 2448 habet

1434 2460 1690 2501 suppositionem
1705 2460 1891 2500 simplicem,
1909 2467 1944 2490 ut
1960 2466 2046 2499 puta,
2063 2460 2155 2490 homo
2180 2466 2227 2490 est
2247 2462 2387 2500 species:
2409 2462 2499 2492 Deus

1433 2514 1509 2535 vero
1526 2514 1563 2535 ex
1579 2504 1728 2534 adiuncto
1746 2503 1909 2534 constituit
1927 2504 2181 2543 propositionem
2200 2504 2405 2541 indefinitam,
2424 2516 2498 2546 sup-

1433 2549 1584 2588 ponendo
1609 2548 1823 2588 personaliter.
1848 2548 1889 2577 Et
1912 2547 2013 2578 oritur
2036 2548 2111 2584 hoc,
2137 2555 2172 2578 ut
2194 2548 2227 2578 in
2248 2549 2350 2579 littera
2374 2549 2496 2586 dicitur,

1434 2603 1471 2623 ex
1493 2593 1555 2623 hoc
1582 2592 1672 2632 quod
1699 2591 1858 2622 invenitur
1884 2592 1936 2622 hic
1957 2592 2048 2623 Deus
2070 2592 2103 2622 in
2127 2602 2233 2622 rerum
2260 2600 2370 2624 natura
2398 2594 2497 2624 tribus

1433 2636 1576 2677 personis
1601 2636 1798 2667 communis:
1823 2645 1889 2666 non
1913 2642 2020 2666 autern
2041 2636 2093 2667 hic
2115 2637 2218 2667 homo.

1488 2682 1554 2711 Nec
1576 2687 1755 2721 repugnant
1778 2680 1854 2711 haec
1878 2679 1967 2710 dictis
1990 2680 2023 2710 in
2047 2690 2189 2720 corpore,
2210 2687 2246 2711 ut
2264 2681 2402 2712 secunda
2418 2682 2496 2712 ratio

1434 2724 1609 2755 obiiciebat.
1634 2724 1797 2762 Quoniam
1813 2723 1846 2754 in
1863 2733 1995 2764 corpore
2012 2724 2133 2755 articuli
2150 2726 2188 2755 de
2197 2727 2343 2765 potentia
2359 2726 2398 2755 ad
2422 2736 2496 2766 sup-

1432 2769 1620 2809 ponendum
1636 2768 1841 2809 personaliter
1856 2768 1917 2798 fuit
1932 2777 2053 2798 sermo:
2078 2775 2109 2799 et
2132 2769 2253 2800 dictum
2269 2776 2315 2800 est
2334 2770 2423 2810 quod
2439 2781 2497 2810 po-

1432 2820 1501 2849 test,
1519 2823 1556 2844 ex
1578 2813 1678 2843 modo
1702 2812 1908 2852 significandi,
1925 2822 2105 2853 supponere
2124 2823 2182 2853 pro
2198 2823 2343 2853 persona,
2364 2814 2444 2845 sicut
2467 2822 2497 2845 et

1431 2859 1534 2888 homo.
1551 2857 1587 2888 In
1605 2857 1812 2897 responsione
1828 2864 1936 2887 autem
1951 2857 1991 2886 ad
2006 2857 2142 2893 tertium,
2160 2864 2206 2888 est
2221 2867 2325 2888 sermo
2342 2858 2380 2888 de
2396 2859 2495 2889 modo

1432 2902 1626 2933 reductionis
1638 2902 1803 2942 potentiae
1825 2901 1869 2931 ad
1891 2906 2007 2932 actum.
2033 2901 2074 2931 Et
2098 2901 2210 2932 dicitur
2225 2902 2313 2942 quod
2336 2902 2368 2942 ly
2391 2903 2494 2940 Deus,

1433 2956 1507 2976 cum
1523 2945 1624 2986 possit
1639 2955 1675 2975 ex
1692 2955 1724 2975 se
1739 2955 1920 2985 supponere
1936 2955 1995 2985 pro
2012 2945 2154 2981 essentia,
2170 2946 2250 2976 idest
2263 2956 2322 2985 pro
2340 2947 2399 2977 hoc
2413 2947 2496 2984 Deo,

1433 2996 1463 3020 et
1478 2999 1536 3030 pro
1553 2999 1698 3029 persona,
1715 2989 1796 3020 idest
1811 2999 1869 3029 pro
1884 2989 1974 3020 Patre
1991 2996 2021 3020 et
2035 2989 2116 3019 Filio
2134 2997 2163 3020 et
2179 2989 2295 3030 Spiritu
2309 2990 2438 3027 Sancto;
2456 2991 2496 3020 ad

1432 3033 1682 3074 supponendum
1705 3033 1867 3064 actualiter
1890 3043 1949 3074 pro
1964 3033 2023 3064 hoc
2036 3034 2117 3071 Deo,
2135 3043 2200 3064 non
2217 3040 2286 3073 eget
2309 3035 2494 3065 reducente:

1430 3079 1471 3108 ad
1495 3078 1744 3118 supponendum
1763 3088 1838 3108 vero
1863 3088 1921 3118 pro
1945 3078 2099 3118 personis,
2116 3078 2275 3108 reducitur
2298 3088 2354 3118 per
2377 3078 2496 3119 aliquid

1431 3122 1584 3153 additum.
1610 3122 1645 3152 In
1668 3122 1795 3152 homine
1809 3132 1894 3158 vero,
1911 3121 1944 3152 in
1961 3122 2050 3152 cuius
2066 3121 2240 3161 significato
2258 3132 2323 3152 non
2338 3122 2496 3153 invenitur

1432 3176 1535 3197 unum
1559 3176 1731 3196 commune
1755 3166 1814 3196 nisi
1834 3173 1870 3197 ut
1893 3166 1999 3196 subest
2022 3165 2203 3202 intellectui,
2225 3176 2241 3196 e
2258 3172 2366 3196 contra
2386 3166 2497 3197 accidit

1431 3210 1583 3241 reductio.
1597 3210 1690 3241 Unde
1713 3209 1800 3240 nulla
1824 3217 1870 3241 est
1892 3210 2100 3250 repugnantia
2122 3209 2202 3240 inter
2226 3210 2316 3240 dicta.

1488 3255 1527 3285 X.
1552 3254 1603 3284 Ad
1626 3253 1767 3293 primum
1791 3261 1898 3285 autem
1918 3254 2053 3284 dubium
2075 3254 2108 3283 in
2133 3263 2264 3294 corpore
2281 3253 2401 3284 articuli
2425 3264 2494 3285 mo-

1431 3306 1501 3330 tum
1509 3298 1535 3334 *,
1551 3298 1685 3328 breviter
1699 3308 1736 3328 ex
1747 3298 1880 3340 diqtis’⁸‘''g
1892 3305 1976 3338 patet
1991 3298 2165 3338 responsio.
2183 3298 2334 3337 Neganda
2349 3305 2394 3329 est
2410 3299 2494 3329 enirn

1431 3342 1568 3383 sequela,
1583 3341 1733 3382 supponit
1749 3353 1814 3382 pro
1829 3343 1963 3373 habente
1980 3342 2141 3380 deitatem,
2159 3352 2239 3383 ergo
2258 3352 2321 3382 pro
2334 3352 2495 3382 persona:

1431 3394 1491 3417 stat
1521 3386 1606 3416 enim
1637 3387 1726 3427 quod
1761 3394 1921 3427 supponat
1943 3397 2002 3427 pro
2032 3386 2092 3417 hoc
2113 3387 2194 3417 Deo.
2218 3404 2237 3408 —
2260 3387 2326 3417 Nec
2350 3387 2494 3427 approbo

1430 3431 1518 3472 quod
1542 3430 1594 3460 alii
1609 3430 1721 3461 sentire
1737 3430 1892 3467 videntur,
1910 3431 1948 3461 de
1967 3437 2072 3461 mente
2102 3441 2126 3461 s.
2146 3430 2292 3461 Thomae
2316 3441 2383 3461 esse
2406 3431 2494 3471 quod

1429 3476 1519 3506 Deus
1532 3484 1656 3514 semper
1671 3481 1731 3505 stat
1745 3485 1803 3515 pro
1820 3485 1964 3514 persona,
1982 3474 2124 3506 distincte
2140 3475 2190 3504 vel
2204 3474 2391 3506 indistincte.
2406 3475 2494 3506 Tum

1431 3519 1505 3560 quia
1527 3519 1560 3548 in
1577 3518 1731 3558 praesenti
1750 3518 1851 3549 littera
1871 3529 2013 3559 expresse
2037 3519 2240 3558 distinguitur
2258 3519 2387 3559 quando
2404 3520 2494 3550 Deus

1431 3570 1491 3594 stat
1514 3573 1571 3602 pro
1596 3563 1748 3603 personis,
1774 3563 1868 3593 etiam
1893 3563 2058 3599 omnibus;
2084 3570 2114 3593 et
2133 3563 2262 3603 quando
2282 3570 2342 3594 stat
2365 3574 2423 3604 pro
2448 3574 2493 3593 es-

1432 3607 1540 3638 sentia.
1564 3607 1652 3637 Tum
1675 3607 1750 3648 quia
1773 3607 1861 3638 aliter
1884 3617 1950 3637 non
1974 3607 2111 3637 salvatur
2141 3607 2311 3638 differentia
2335 3608 2437 3649 posita
2460 3607 2492 3637 in

2527 1321 2535 1329 ·
2551 1319 2618 1342 Vers.
2633 1326 2655 1343 2.

2526 2024 2535 2032 '¹
2552 2022 2588 2044 Cf.
2603 2028 2666 2044 num.
2681 2029 2704 2044 v.

2521 3304 2532 3315 ⁴
2547 3304 2583 3326 Cf.
2598 3310 2662 3326 num.
2679 3310 2711 3326 iv.

2521 3330 2543 3341 ⁸*
2558 3331 2629 3352 Num.
2644 3337 2693 3352 vin.
