2768 4178
914 241 1205 294 'QUAESTIO
1235 248 1415 296 ΧΧΧΙΧ,
1445 250 1742 287 ARTICULUS
1772 252 1821 287 111

287 334 413 359 mam:
443 330 484 360 ut
513 336 601 360 cum
631 324 804 373 dicimus,
835 325 903 362 ista
931 326 1068 363 mulier
1094 332 1149 363 est
1173 328 1352 376 egregiae

273 376 446 424 formae,
476 376 542 413 iste
567 378 680 414 homo
704 383 758 414 est
772 379 960 427 perfectae
986 379 1142 416 virtutis.
1173 380 1222 416 Et
1249 379 1351 416 sitni-

286 428 380 476 liter,
406 429 496 477 quia
523 429 562 466 in
591 429 744 477 divinis,
775 430 1028 479 multiplicatis
1056 432 1241 480 personis,
1272 444 1350 469 non

286 481 553 530 multiplicatur
591 483 771 530 essentia,
812 483 971 520 dicimus
1004 497 1119 521 unam
1154 486 1351 522 essentiam

152 539 160 563 ί
286 546 364 571 esse
381 541 390 555 ‘
417 535 531 572 trium
558 536 812 573 Personarum
821 549 835 581 ‚·
864 544 900 573 et
927 542 1000 573 tres
1027 538 1213 574 Personas
1242 539 1351 575 unius

286 588 474 634 essentiae,
503 595 545 624 ut
571 588 824 636 intelligantur
850 589 909 626 isti
937 590 1090 636 genitivi
1119 591 1286 628 construi
1312 592 1350 629 in

287 639 546 688 designatione
579 641 739 677 formae.
930 674 932 677 .

287 709 291 729 ς
337 694 396 729 AD
425 705 562 730 Palmum
590 696 688 730 ERGO
716 706 901 731 memnon
930 695 1035 743 quod
1055 697 1259 734 substantia
1288 710 1348 734 su-

0 755 4 788 ;
285 745 400 783 mitur
426 758 498 794 pro
526 747 740 794 hypostasi,·
769 754 805 783 et
831 760 911 784 non
938 760 1008 797 pro
1037 750 1204 787 essentia.

338 800 397 835 AD
416 810 606 835 SECUNDUM
625 810 809 836 DICENDUM
829 801 946 848 quod,
968 801 1053 838 licet
1071 809 1145 839 tres
1159 803 1348 841 Personas

285 855 368 888 esse
386 851 499 888 unius
519 852 704 889 essentiae
732 853 1048 891 non'inveniatur
1065 854 1104 892 in
1124 868 1230 892 sacra
1245 857 1347 894 Scri-

9 947 11 950 ,
282 911 393 952 ptura
420 916 490 952 per
517 905 612 941 haec
640 906 772 952 verba,
794 906 986 944 invenitur
1013 915 1142 946 tamen
1162 917 1347 957 quantum

9 967 13 969 ·
44 969 55 979 ·
67 968 133 991 roan.
148 974 179 996 x,
195 974 255 991 vers.
283 957 333 994 ad
359 957 463 994 hunc
488 969 663 995 sensum:
693 959 788 996 sieut
806 959 857 996 ibi
876 960 911 996 *z
923 989 927 995 .
940 962 1027 1010 Ego
1047 967 1083 997 et
1098 962 1212 1008 Pater
1231 975 1347 1000 unum

4 1018 5 1021 ¹
43 1000 256 1050 ³⁰1bid.vers.38;
280 1022 433 1054 sumus;
462 1017 518 1058 et,
546 1012 634 1060 Ego
662 1012 700 1048 in
727 1013 856 1059 Patre,
886 1018 923 1050 et
946 1015 1061 1050 Pater
1092 1015 1128 1051 in
1158 1027 1218 1052 me
1245 1022 1298 1052 est
1314 1016 1346 1054 ²¹⁸.

12 1079 13 1082 ¹
42 1053 208 1076 mamm.
282 1064 332 1100 Et
357 1076 428 1112 per
453 1064 573 1101 multa
602 1064 674 1101 alia
700 1065 832 1102 haberi
860 1066 985 1114 p'ote'st
1010 1066 1127 1104 idem.

0 515 9 550 ‚12

69 1176 189 1204 .n;.::„,‚.
207 1176 229 1197 ·2
254 1181 256 1185 ’
281 1177 370 1217 gnat
396 1170 622 1219 principium
651 1178 776 1218 actus,
807 1173 962 1209 essentia
989 1185 1083 1210 vero
1119 1174 1166 1209 ab
1195 1175 1347 1211 essendo

283 1222 428 1270 dicitur,
458 1231 620 1272 possunt
648 1224 721 1261 dici
749 1225 875 1276 aliqua
900 1225 1013 1262 unius
1041 1233 1216 1273 naturae,
1248 1239 1345 1275 quae

282 1277 533 1325 convenimur
553 1277 591 1314 in
624 1277 752 1325 aliquo
791 1285 896 1324 actu,
930 1278 1026 1315 sicut
1053 1278 1184 1315 omnia
1213 1280 1346 1316 calefa-

282 1325 436 1368 cientia:
474 1331 542 1367 sed
578 1330 692 1367 unius
729 1330 912 1367 essentiae
950 1331 1024 1368 dici
1058 1343 1136 1368 non
1163 1340 1345 1381 possunt,

281 1381 352 1424 nisi
380 1392 547 1431 quorum
576 1390 631 1420 est
657 1395 780 1420 unum
810 1395 904 1420 esse.
939 1384 989 1420 Et
1015 1383 1101 1421 ideo
1135 1385 1256 1432 magis
1285 1398 1346 1422 ex-

280 1435 456 1484 primitur
467 1435 596 1482 ,unitas
617 1436 746 1473 divina
773 1448 842 1484 per
860 1437 936 1473 hoc
962 1437 1069 1486 quod
1089 1437 1224 1474 dicitur
1242 1439 1346 1487 quod

280 1484 578 1525 tres‘Personae
606 1496 693 1526 sunt
722 1490 830 1526 unius
863 1490 1057 1536 essentiae,
1088 1503 1204 1539 quarn
1233 1492 1263 1528 si
1293 1492 1346 1529 di-

281 1548 431 1590 ceretur
457 1541 562 1590 quod
590 1549 677 1578 sunt
704 1542 816 1578 unius
842 1548 1012 1580 naturae.

289 1612 292 1633 ;
333 1597 392 1631 An
431 1605 604 1636 QUARTUM
637 1607 822 1632 DICENDUM
859 1596 964 1644 quod
1001 1596 1144 1644 forma,
1174 1597 1345 1634 absolute

270 1654 456 1695 accepta,
497 1648 695 1685 consuevit
729 1648 931 1696 significari
965 1656 1006 1685 ut
1038 1649 1119 1686 eius
1158 1650 1263 1687 cuius
1293 1658 1347 1687 est

279 1699 424 1747 forma,
440 1717 444 1722 ·
461 1707 504 1737 ut
529 1701 648 1738 virtus
680 1701 792 1738 Petri.
831 1702 864 1738 E
894 1714 1080 1739 converso
1110 1710 1256 1751 autem,
1287 1716 1347 1740 res

280 1753 425 1791 habens
454 1753 619 1791 formam
654 1754 820 1803 aliquam
858 1767 936 1791 non
971 1756 1170 1793 consuevit
1207 1756 1347 1804 signifi-

281 1805 356 1844 cari
374 1814 417 1843 ut
437 1806 528 1854 eius,
558 1806 629 1844 nisi
658 1819 747 1844 curn
774 1808 956 1845 volumus
984 1808 1237 1846 determinare
1266 1810 1346 1847 sive

281 1858 478 1907 designare
507 1860 685 1897 formam.
716 1861 765 1897 Et
792 1868 882 1897 tunc
909 1861 1152 1910 requiruntur
1179 1862 1256 1899 duo
1285 1875 1348 1911 ge-

280 1911 405 1960 nitivi,
436 1924 602 1961 quorum
629 1925 729 1950 unus
757 1913 940 1962 significet
967 1915 1152 1963 formam,
1183 1923 1220 1952 et
1251 1916 1346 1953 alius

289 2023 311 2048 Ψ
333 2042 352 2075 ι)
371 2050 434 2068 esse.
452 2037 472 2062 4
490 2043 722 2069 0m.ABEFGa1>.

278 2078 582 2147 έίεηῖἓπιὲιῖηόῧῗείεηαΐ.
599 2092 619 2100 -
637 2087 688 2104 non
707 2080 859 2113 significant
870 2081 988 2113 ACEpD,
1001 2088 1054 2108 non
1069 2081 1212 2115 designant
1225 2082 1280 2113 FG,
1295 2089 1347 2108 non

278 2185 435 2255 qm'pi'sic,
454 2220 486 2246 si.
504 2235 523 2239 -
543 2221 620 2246 Sicut
638 2221 662 2247 si
680 2222 709 2252 B,
730 2222 762 2247 st
778 2222 816 2247 sic
835 2222 867 2252 G,
886 2230 939 2247 om.
954 2222 1076 2247 ACDEF.

309 2409 330 2429 N
353 2398 446 2433 titulo
468 2396 508 2442 [id
531 2399 649 2430 solum·
668 2399 896 2430 advertendum
920 2406 983 2436 est,
1017 2401 1105 2440 quod
1134 2401 1173 2431 de
1200 2401 1347 2441 proposi-

292 2443 398 2485 ¹tione
421 2449 468 2474 est
490 2443 650 2484 quaestio,
675 2454 715 2474 an
739 2443 779 2474 sit
801 2454 874 2474 vera
897 2451 928 2475 et
951 2455 1100 2484 congrua.

338 2487 375 2518 II.
400 2487 436 2517 In
460 2497 592 2527 corpore
616 2487 710 2518 unica
733 2495 780 2518 est
803 2488 976 2524 conclusio,
996 2488 1179 2528 responsiva
1203 2489 1346 2529 quaesito

280 2531 474 2568 affirmative,
493 2531 624 2561 scilicet:
648 2531 792 2562 Dicimus
809 2542 906 2562 unam
927 2534 1094 2563 essentiam
1119 2533 1215 2563 trium
1235 2533 1346 2563 Perso-

281 2585 415 2613 narum,
441 2581 472 2605 et
495 2580 560 2606 tres
583 2576 743 2606 Personas
767 2577 862 2607 unius
885 2578 1048 2607 essentiae.
1067 2595 1087 2598 —
1102 2577 1267 2607 Probatur.
1292 2577 1346 2607 Di-

280 2619 353 2649 vina
376 2619 584 2649 nominantur
606 2630 624 2649 a
647 2619 739 2649 nobis
763 2620 940 2651 secundum
963 2621 1118 2657 modum,
1143 2630 1209 2651 non
1233 2631 1346 2658 suurn,

281 2663 336 2694 sed
359 2663 393 2693 in
415 2663 508 2694 rebus
533 2663 640 2694 creatis
664 2663 846 2694 inventum:
872 2674 946 2704 ergo
969 2664 1102 2695 essentia
1119 2665 1152 2695 in
1172 2665 1284 2696 divinis
1309 2666 1348 2695 si-

281 2705 447 2748 gnificatur
462 2714 497 2738 ut
513 2707 615 2738 forma
631 2708 727 2738 trium
742 2708 971 2739 Personarum:
997 2719 1071 2749 ergo
1091 2709 1226 2740 dicimus
1251 2720 1348 2741 unam

280 2751 449 2782 essentiam
473 2752 579 2789 trium,
605 2758 635 2783 et
658 2759 719 2783 tres
742 2752 848 2783 unius.

407 3241 415 3248 ,Ἰ
436 3224 456 3237 s
499 3212 522 3237 D
540 3200 700 3238 TERTIUM
720 3213 772 3237 Sic
797 3212 1035 3238 PROCEDITUR.
1064 3200 1223 3238 Videtur
1243 3201 1349 3249 quod

499 3253 658 3291 nomina
677 3254 900 3302 essentialia,
915 3261 958 3291 ut
975 3254 1050 3291 hoc
1069 3266 1214 3291 nomen
1233 3255 1348 3300 Deus,

287 3411 518 3460 significatur
543 3419 586 3449 ut
612 3414 752 3450 habens
778 3413 1065 3459 humanitatem,
1095 3412 1145 3449 ita
1172 3414 1276 3450 Deus
1304 3413 1350 3449 si-

283 3465 486 3513 gnificatur
513 3472 554 3501 ut
581 3466 720 3502 habens
746 3466 929 3503 deitatem.
961 3466 1037 3503 Sed
1065 3473 1139 3503 tres
1159 3466 1350 3503 Personae

289 3525 375 3564 sunt
401 3525 476 3555 tres
505 3518 688 3556 habentes
717 3519 906 3557 deitatem.
937 3521 1038 3568 Ergo
1064 3527 1138 3556 tres
1158 3519 1351 3557 Personae

284 3566 376 3608 sunt
403 3577 476 3607 tres
503 3571 565 3608 dii.

334 1118 395 1154 AD
423 1129 583 1154 TERTIUM
610 1130 796 1156 DICENDUM
824 1119 940 1167 quod,
971 1120 1060 1168 quia
1088 1126 1225 1157 natura
1251 1121 1356 1158 desi-.

1408 327 1762 366 determinationem
1791 330 1948 377 formae,
1977 338 2019 367 ut
2042 330 2072 367 si
2093 331 2248 379 dicatur,
2268 332 2400 367 Petrus
2418 337 2473 367 est

1406 393 1572 430 magnae
1598 382 1762 419 uirtutis:
1788 384 1851 420 vel
1881 383 1994 420 etiam
2023 384 2223 433 requiritur
2249 396 2350 420 unus
2369 384 2471 431 geni-

2396 253 2478 300 399*

1405 433 1504 470 tivus
1530 435 1675 471 habens
1703 435 1784 472 vim
1815 435 1979 473 duorum
2008 437 2281 484 genitivorum,
2311 444 2352 473 ut
2381 449 2468 473 cum
2504 448 2508 452 ’

1406 486 1551 534 dicitur,
1572 488 1879 537 uir-sanguinum
1899 494 1953 525 est
1970 490 2045 533 iste,
2074 490 2176 527 idest·
2193 490 2337 539 effusor
2363 489 2472 526 multi

1402 540 1610 589 sanguinis.
1641 540 1741 587 Quia
1769 540 1879 589 igitur
1906 542 2068 579 essentia
2092 542 2220 579 divina
2239 542 2471 590 significatur

1403 599 1445 628 ut
1463 593 1587 629 forma
1606 601 1780 642 respectu
1798 606 1998 642 personae,
2017 595 2288 632 convenienter
2307 595 2468 632 essentia

1404 657 1590 693 personae
1611 646 1756 683 dicitur.
1786 648 1878 684 Non
1901 655 2030 684 autem
2051 659 2074 684 e
2092 660 2293 696 converso,
2313 648 2383 685 nisi
2402 648 2467 685 ali-

1404 698 1496 745 quid
1530 698 1692 741 addatur
1719 700 1767 737 ad
1797 699 2097 748 designationem
2133 701 2338 747 essentiae;
2366 708 2408 737 ut
2436 699 2468 737 si

1404 751 1546 788 dicatur
1573 752 1680 800 quod
1707 753 1820 789 Pater
1839 760 1895 789 est
1912 764 2077 802 persona
2100 754 2249 790 divinae
2276 754 2465 801 essentiae,
2498 773 2504 777 ·

1364 818 1382 828 „
1402 805 1465 841 vel
1495 806 1599 852 quod
1627 812 1702 842 tres
1731 806 1923 844 Personae
1952 814 2039 843 sunt
2067 807 2176 843 unius
2203 805 2391 843 essentiae.

1455 858 1514 893 AD
1544 869 1705 900 QUINTUM
1724 870 1908 895 D1CEND1JM
1928 859 2032 907 quod
2052 860 2148 895 haec
2166 859 2396 908 praepositio
2417 871 2468 895 ex

1402 910 1464 946 vel
1493 910 1538 946 de
1565 923 1645 947 non
1683 910 1853 958 designat
1877 917 1890 932 ’‘
1917 911 2179 949 habitudinem
2218 924 2354 948 causae
2391 912 2466 948 for—

1402 962 1530 1008 malis;
1561 963 1629 1000 sed
1657 963 1778 1011 magis
1806 964 2070 1002 habitudinem
2100 977 2235 1001 causae
2269 964 2465 1001 efficientis

1402 1016 1464 1052 vel
1493 1016 1707 1053 materialis.
1737 1017 1847 1063 Quae
1877 1017 2034 1065 quidem
2064 1030 2201 1054 causae
2228 1017 2266 1054 in
2286 1017 2465 1054 omnibus

1402 1068 1679 1116 distinguuntur
1707 1070 1754 1106 ab
1782 1069 1840 1106 his
1869 1082 2034 1119 quorum
2069 1078 2155 1108 sunt
2183 1083 2340 1107 causae:
2374 1067 2465 1107 nihil

1402 1122 1504 1158 enim
1534 1129 1590 1158 est
1623 1134 1691 1158 sua
1728 1122 1905 1170 materia,
1940 1136 2065 1172 neque
2098 1123 2239 1173 aliquid
2269 1131 2324 1160 est
2351 1135 2464 1160 suum

1401 1174 1628 1222 principium
1645 1175 1824 1212 activum.
1845 1176 2001 1224 Aliquid
2015 1184 2144 1213 tamen
2165 1183 2220 1213 est
2238 1189 2307 1212 sua
2326 1177 2463 1223 forma,

1402 1234 1443 1263 ut
1473 1234 1576 1275 patet
1611 1227 1650 1264 in
1687 1228 1868 1265 omnibus
1905 1229 2018 1266 rebus
2053 1229 2376 1266 immaterialibus.
2416 1230 2466 1265 Et

1400 1279 1487 1326 ideo
1515 1292 1585 1328 per
1612 1281 1687 1316 hoc
1715 1281 1820 1329 quod
1850 1281 2009 1318 dicimus
2036 1289 2110 1318 tres
2138 1283 2326 1318 Personas
2356 1282 2466 1318 unius

1401 1333 1602 1378 essentiae,
1646 1333 1892 1380 significando
1931 1335 2134 1371 essentiam
2171 1335 2208 1371 in
2246 1334 2463 1371 habitudine

1401 1386 1560 1432 formae,
1582 1398 1660 1422 non
1689 1387 1898 1423 ostenditur
1925 1387 2026 1424 aliud
2056 1400 2139 1424 esse
2168 1387 2328 1424 essentia
2347 1398 2468 1436 quam

1401 1451 1584 1487 persona:
1615 1439 1720 1487 quod
1749 1439 2012 1476 ostenderetur
2034 1438 2057 1488 λ,
2088 1440 2118 1477 si
2147 1441 2360 1478 diceremus
2388 1447 2463 1477 tres

1402 1493 1590 1528 Personas
1618 1504 1668 1528 ex
1695 1493 1824 1529 eadem
1853 1494 2021 1530 essentia.

1454 1546 1513 1582 AD
1542 1556 1683 1582 SEXTUM
1710 1557 1894 1582 mcssNDUM
1923 1547 2039 1594 quod,
2065 1545 2160 1583 sicut
2179 1545 2343 1582 Hilarius
2363 1545 2462 1593 dicit,

1402 1597 1440 1634 in
1467 1598 1562 1634 libro
1591 1598 1637 1635 de
1664 1599 1806 1646 Synod.
1826 1598 1863 1635 *t
1892 1600 2001 1636 Male
2023 1600 2160 1636 sanctis
2179 1600 2289 1636 rebus
2309 1599 2463 1647 praeiu-

1401 1651 1559 1697 dicatur,
1588 1652 1631 1698 si,
1662 1652 1751 1699 quia
1779 1663 1854 1688 non
1872 1658 2025 1689 sanctae
2043 1664 2067 1689 a
2087 1653 2308 1700 quibusdam
2327 1652 2465 1688 hahen-

1402 1709 1478 1750 tur,
1508 1715 1586 1740 esse
1613 1716 1688 1741 non
1717 1705 1884 1741 debeant.
1916 1705 1995 1752 Sic,
2026 1705 2055 1742 si
2074 1711 2094 1732 μ
2121 1705 2220 1742 male
2248 1705 2466 1754 intelligitur

1401 1758 1635 1803 homousion,
1652 1758 1742 1806 quid
1759 1759 1811 1794 ad
1828 1770 1889 1794 me
1907 1759 1999 1795 hene
2018 1758 2314 1808 intelligentem?
2332 1778 2356 1786 -
2376 1757 2396 1779 ²²⁶
2410 1758 2468 1794 Sit

1402 1822 1495 1860 ergo
1515 1816 1526 1830 ⁹
1555 1822 1631 1847 una
1658 1811 1863 1848 substantia
1883 1823 1933 1847 ex
1952 1817 2110 1848 naturae
2128 1811 2277 1861 genitae
2294 1811 2465 1859 proprie-

1402 1869 1497 1900 tate:
1526 1875 1600 1900 non
1628 1864 1677 1900 sit
1701 1869 1826 1900 autem
1854 1876 1904 1900 ex
1925 1865 2116 1912 portione,
2146 1870 2213 1900 aut
2238 1876 2288 1900 ex
2310 1864 2463 1909 unione,

1401 1922 1470 1953 aut
1493 1928 1543 1953 ex
1570 1918 1845 1953 communione.

1456 2047 1479 2079 ν)
1499 2048 1542 2072 Sit
1560 2055 1633 2081 ergo.
1652 2062 1671 2066 —
1689 2033 1734 2073 Sic
1752 2055 1816 2081 ergo
1837 2048 1990 2073 PBEF'Gab.
2009 2062 2027 2067 -
2045 2049 2095 2073 Pro
2114 2055 2151 2073 ex
2169 2052 2283 2073 naturae
2301 2049 2415 2081 genitae,
2430 2056 2467 2074 ex

1402 2083 1552 2108 substantia
1571 2083 1636 2115 (alia
1655 2083 1746 2108 littera
1759 2091 1796 2108 ex
1810 2090 1874 2108 vera
1887 2091 1977 2116 margo
1992 2083 2024 2116 A)
2039 2084 2125 2116 geniti
2139 2085 2170 2115 A,
2183 2091 2221 2109 ex
2233 2087 2333 2108 natura
2346 2084 2431 2116 geniti
2445 2085 2470 2109 B'

1379 2128 1381 2130 ·
1403 2123 1428 2143 et
1447 2119 1487 2143 ed.
1507 2119 1537 2148 b,
1555 2125 1593 2143 ex
1616 2126 1681 2143 vera
1703 2119 1789 2152 geniti
1807 2119 1874 2151 DpG
1892 2125 1918 2143 et
1936 2119 1976 2144 ed.
1994 2126 2025 2148 a,
2045 2126 2110 2144 vera
2133 2118 2219 2152 geniti
2237 2119 2328 2151 CEsF,
2347 2126 2412 2144 vera
2429 2127 2467 2144 ex

290 2151 311 2164 '>
332 2147 360 2182 λ)
375 2150 582 2175 'ostender-etur.
604 2165 623 2170 —
646 2151 798 2176 ostenditur
822 2151 880 2182 FG;
903 2152 976 2184 quod
1000 2152 1220 2178 ostenderetur...
1235 2153 1350 2178 essentia
1402 2154 1515 2186 genitivi
1532 2153 1579 2186 pF,
1599 2161 1663 2179 vera
1681 2154 1772 2186 genita
1791 2154 1834 2184 sF,
1853 2161 1891 2179 ex
1910 2162 1962 2179 una
1984 2154 2070 2188 geniti
2087 2154 2155 2179 PsG.
2173 2169 2192 2173 —
2211 2155 2261 2179 Pro
2280 2161 2331 2179 non
2351 2155 2393 2183 sit,
2414 2162 2465 2179 non

1396 2189 1434 2221 fit
1453 2189 1484 2218 G,
1504 2196 1556 2214 non
1576 2189 1614 2214 sic
1631 2188 1731 2221 PF(B?)
1751 2194 1776 2214 et
1795 2189 1853 2214 edd.
1871 2189 1929 2218 αἱ),-
1946 2197 1995 2222 pro
2010 2189 2143 2221 portione,
2159 2190 2337 2222 proportione
2351 2190 2401 2219 PB,
2415 2197 2467 2222 po-

1402 2224 1498 2249 sitione
1516 2225 1559 2249 sF.
1579 2224 1618 2249 Cf.
1637 2225 1773 2250 Hilarium.

961 2309 1292 2344 Commentafia
1316 2310 1565 2344 Cardinalis
1588 2311 1788 2345 Caietam·

1454 2402 1652 2432 Antecedens
1665 2403 1830 2442 probatur:
1848 2402 1924 2443 quia
1939 2402 1983 2432 sic
1998 2402 2104 2432 divina
2116 2402 2338 2442 cognoscimus
2351 2421 2371 2426 -
2382 2403 2468 2435 Con-

1402 2452 1565 2493 sequentia
1583 2459 1709 2483 autem:
1734 2453 1810 2493 quia
1832 2453 1865 2483 in
1889 2453 2086 2483 sensibilibus
2106 2460 2217 2484 natura
2232 2464 2288 2494 per
2302 2454 2467 2485 materiam

1401 2502 1624 2539 individuatur‚
1642 2510 1672 2533 et
1686 2513 1718 2533 se
1734 2503 1828 2534 habet
1843 2509 1879 2534 ut
1894 2502 2014 2539 forma;
2035 2509 2065 2534 et
2079 2503 2282 2534 individuum
2297 2511 2334 2535 ut
2347 2515 2466 2545 suppo-

1402 2552 1499 2583 situm
1519 2552 1613 2584 illius.
1639 2570 1658 2576 -
1682 2553 1827 2583 Secunda
1849 2563 1924 2583 vero
1947 2553 2115 2593 probatur:
2140 2554 2215 2594 quia
2230 2554 2263 2584 in
2278 2554 2344 2585 istis
2364 2554 2466 2585 forma

1403 2603 1515 2634 dicitur
1531 2614 1597 2634 esse
1614 2604 1787 2644 suppositi;
1812 2610 1842 2635 et
1858 2604 2063 2644 suppositum
2078 2605 2208 2641 formae,
2227 2605 2252 2635 si
2276 2605 2465 2636 adiectivum

1402 2654 1586 2695 appositum
1609 2655 1649 2686 sit
1673 2654 1881 2686 determinans
1904 2655 2060 2693 formam
2085 2663 2120 2687 ut
2135 2663 2221 2696 patet
2239 2657 2464 2697 exemplariter.

1403 2705 1521 2737 Omnia
1544 2705 1629 2736 enim
1652 2706 1733 2736 clara
1756 2713 1830 2736 sunt
1848 2706 1885 2739 ,in
1907 2706 2017 2737 littera.

1088 2919 1405 2964 ARTICULUS
1433 2922 1662 2964 TERTIUS

457 3023 614 3054 UTRUM
637 3023 808 3054 NOMINA
832 3023 1110 3054 ESSENTIALIA
1133 3023 1471 3055 PRAEDICENTUR
1490 3023 1809 3054 SINGULARITER
1831 3024 1888 3054 DE
1912 3024 2065 3055 Tmssus
2088 3024 2290 3056 PERSONIS

1142 3107 1151 3131 l
1171 3107 1254 3136 Sent„
1274 3107 1333 3131 dist.
1351 3115 1396 3137 1x‚,
1409 3115 1454 3140 qu.
1472 3114 1494 3137 x,
1514 3111 1561 3131 art.
1582 3114 1605 3131 2.

1458 3213 1492 3237 2.
1514 3202 1747 3251 PRAETEREA,
1768 3202 1859 3238 Gen.
1877 3214 1887 3238 1
1902 3201 1932 3249 ²⁸,
1953 3202 2019 3238 ubi
2038 3202 2191 3240 dicitur:
2217 3204 2264 3240 In
2277 3204 2465 3252 principio

1405 3254 1548 3290 creavit
1572 3255 1676 3291 Deus
1704 3254 1850 3292 caelum
1878 3261 1915 3292 et
1939 3261 2093 3301 terram,
2122 3256 2300 3293 hebraica
2326 3257 2466 3298 veritas

1404 3308 1519 3344 habet
1544 3307 1713 3353 Elohim,
1742 3307 1848 3355 quod
1874 3315 2000 3357 potest
2026 3307 2261 3357 interpretari
2288 3310 2356 3356 dii,
2386 3310 2466 3348 sive

1406 3360 1552 3396 iudices.
1582 3361 1632 3396 Et
1658 3361 1734 3397 hoc
1761 3360 1895 3397 dicitur
1922 3368 2079 3409 propter
2098 3361 2349 3410 pluralitatem
2378 3364 2468 3400 Per-

1406 3425 1599 3450 sonarum.
1629 3413 1731 3462 Ergo
1760 3420 1834 3451 tres
1862 3415 2054 3451 Personae
2083 3421 2170 3451 sunt
2190 3414 2320 3463 plures
2347 3416 2409 3463 dii,
2431 3423 2468 3453 et

1406 3478 1484 3503 non
1513 3477 1608 3502 unus
1636 3466 1750 3503 Deus.

1462 3520 1496 3556 3.
1526 3519 1766 3567 PRAETEREA,
1795 3520 1870 3556 hoc
1897 3517 2042 3556 nornen
2069 3532 2148 3566 res,
2178 3533 2266 3558 cum
2294 3521 2466 3562 absolute

1408 3572 1572 3619 dicatur,
1607 3572 1757 3609 videtur
1789 3572 1838 3610 ad
1867 3572 2113 3610 substantiam
2150 3573 2350 3622 pertinere.
2391 3574 2468 3611 Sed

2492 1609 2501 1618 ·
2515 1608 2587 1630 Num.
2601 1608 2636 1636 85,
2651 1609 2690 1631 86.

2492 1764 2501 1773 “
2516 1763 2635 1790 Num.-71.
2659 1773 2662 1777 ·

2494 3218 2503 3228 '¹
2519 3216 2585 3239 Vers.
2600 3223 2617 3240 ι.
