2768 4178
10 1057 11 1061 ¹
56 1052 136 1076 citato.

52 500 66 512 ⁸
74 499 111 521 De
130 500 199 521 Dono
208 499 267 521 Per-

54 526 207 548 severantiae
220 527 225 551 (
237 526 267 548 al.

54 553 94 574 lib.
108 552 131 574 11
148 552 178 574 de
192 552 266 574 Prae-

0 591 3 593 >
54 578 114 601 dest.
150 579 266 606 Sanct.),

7 635 15 640 .
55 611 106 633 eap-
121 611 169 628 xxv.

54 767 82 790 ⁸1
87 767 161 796 Sent„
168 767 223 789 dist.
229 773 267 789 xi...

55 1026 68 1039 ⁴
81 1026 147 1049 [mo
161 1026 270 1058 proxime

55 1409 67 1421 ·
80 1409 134 1432 An.
148 1409 255 1438 prs-ced.

57 1565 68 1576 ¹¹
78 1564 192 1593 Quum,
199 1566 242 1587 nrt.
252 1570 269 1587 ι.

974 255 1242 302 QUAESTIO
1272 255 1417 301 XXIII,
1447 254 1743 292 ARTICULUS
1774 256 1805 291 11

351 336 386 372 3.
406 336 640 382 PRAETEREA,
662 334 901 384 praeparatio
932 342 988 371 est
1019 334 1160 382 aliquid
1189 333 1227 370 in
1255 345 1364 382 prae-

293 395 440 438 parat0.
469 388 546 425 Sed
574 387 867 437 praedestinatio
898 394 954 424 est
981 387 1228 435 praeparatio
1257 387 1364 423 bene-

283 442 468 490 ficiorum
482 442 568 487 Dei,
584 448 625 478 ut
646 441 733 478 dicit
747 440 992 488 Augustinus,
1013 439 1052 476 in
1070 440 1167 476 libro
1187 440 1233 476 de
1250 440 1366 476 Prae-

294 495 382 531 dest.
410 495 535 531 Sanct.
555 493 586 531 ³¹⁸.
617 495 719 542 Ergo
747 492 1040 542 praedestinatio
1075 500 1130 529 est
1158 491 1299 540 aliquid
1327 492 1366 528 in

294 547 595 597 praedestinatis.

348 612 385 647 4.
406 601 640 646 PRAETEREA‚
662 598 873 647 temporale
893 610 972 635 non
1000 597 1154 646 ponitur
1173 597 1212 633 in
1232 597 1364 634 defini-

295 653 398 690 tione
427 652 581 690 aeterni.
603 652 680 689 Sed
699 651 828 699 gratia,
849 662 947 699 quae
976 658 1032 687 est
1051 650 1193 699 aliquid
1216 657 1365 699 tempo-

294 707 386 753 rale,
400 705 558 754 ponitur
574 705 614 742 in
633 704 854 742 definitione
873 703 1248 752 praedestinationis:
1274 715 1365 740 nam

293 758 588 808 praedestinatio
609 757 743 794 dicitur
757 756 778 779 *
797 769 880 794 esse
893 757 1140 805 praeparatio
1158 757 1309 806 gratiae
1328 757 1365 793 in

289 811 493 860 praesenti,
513 816 550 847 et
574 810 724 859 gloriae
751 810 789 846 in
807 811 959 859 futuro.
980 811 1082 858 Ergo
1107 809 1365 858 praedestina-

295 865 347 902 tio
367 876 447 901 non
468 870 523 901 est
551 863 692 912 aliquid
714 870 924 900 aeternum.
946 864 995 900 Et
1022 863 1072 900 ita
1092 870 1242 912 oportet
1261 863 1366 911 quod

295 929 375 955 non
394 916 440 954 sit
458 916 498 954 in
525 917 624 964 Deo,
645 916 714 954 sed
738 916 778 953 in
806 916 1114 965 praedestinatis:
1143 928 1234 953 nam
1260 916 1367 965 quid-

296 969 390 1019 quid
418 977 475 1007 est
502 969 542 1006 in
569 970 668 1017 Deo,
690 977 746 1007 est
774 977 986 1007 aeternum.

350 1023 425 1060 SED
453 1034 601 1060 CONTRA
627 1034 693 1060 EST
717 1022 823 1071 quod
851 1022 1083 1071 Augustinus
1103 1021 1191 1060 dicit
1208 1021 1240 1069 ³¹³,
1262 1021 1367 1071 quod

295 1075 591 1126 praedestinatio
613 1083 669 1113 est
680 1076 933 1124 praescientia
961 1076 1228 1124 beneficiorum
1247 1076 1323 1112 Dei
1340 1072 1364 1111 ὅ.

297 1129 375 1167 Sed
388 1129 638 1178 praescientia
656 1141 736 1166 non
755 1136 811 1167 est
829 1130 868 1166 in
887 1129 1092 1178 praescitis,
1108 1128 1176 1166 sed
1199 1129 1237 1165 in
1258 1140 1366 1177 prae-

295 1182 449 1221 sciente.
470 1183 574 1230 Ergo
602 1194 674 1219 nec
692 1182 985 1231 praedestinatio
1016 1189 1072 1219 est
1094 1182 1134 1218 in
1160 1180 1366 1230 praedesti-

296 1236 404 1283 natis,
427 1237 495 1275 sed
521 1235 567 1275 in
582 1235 906 1284 praedestinante.

323 1312 326 1313 ν
350 1290 577 1326 RESPONDEO
605 1300 790 1326 DICENDUM
818 1288 923 1337 quod
959 1286 1253 1336 praedestinatio
1287 1299 1366 1324 non

297 1349 354 1379 est
373 1341 515 1392 aliquid
532 1341 572 1378 in
589 1341 890 1390 praedestinatis,
909 1341 979 1378 sed
997 1340 1036 1377 in
1060 1339 1366 1389 praedestinante

295 1397 454 1432 ta‘ntum.
485 1394 639 1432 Dictum
668 1402 723 1431 est
749 1394 770 1416 ’¹‘
798 1394 902 1431 enirn
939 1393 1044 1442 quod
1071 1393 1366 1442 praedestinatio

298 1455 354 1486 est
367 1448 559 1498 quaedam
578 1460 667 1497 pars
680 1447 957 1496 providentiae.
974 1446 1222 1484 Providentia
1237 1454 1365 1483 autem

297 1513 377 1539 non
396 1508 453 1538 est
479 1501 519 1538 in
547 1501 661 1538 rebus
679 1500 864 1550 provisis;
894 1500 962 1538 sed
982 1507 1039 1537 est
1058 1499 1248 1549 quaedam
1272 1499 1365 1537 ratio

296 1554 336 1592 in
372 1554 562 1592 intellectu
597 1553 826 1603 provisoris,
855 1561 898 1591 ut
925 1566 1041 1602 supra
1068 1553 1088 1575 *
1117 1553 1260 1590 dictum
1299 1561 1365 1590 est.

297 1607 376 1645 Sed
404 1607 577 1645 executio
605 1607 882 1656 providentiae,
904 1619 1003 1655 quae
1022 1607 1248 1656 gubernatio
1277 1607 1367 1644 dici-

296 1667 369 1708 tur,
388 1660 541 1710 passive
571 1660 729 1709 quidem
751 1668 806 1698 est
830 1661 869 1698 in
888 1659 1122 1708 gubernatis3
1153 1660 1273 1697 active
1302 1673 1367 1697 au-

297 1721 376 1752 tem
404 1721 416 1738 ⁸
440 1720 497 1751 est
524 1714 563 1751 in
595 1714 842 1762 gubernante.
880 1713 993 1752 Unde
1028 1713 1272 1751 manifestum
1312 1721 1368 1751 est

298 1766 404 1817 quod
440 1767 735 1816 praedestinatio
773 1775 830 1805 est
863 1767 1053 1817 quaedam
1091 1766 1185 1804 ratio
1224 1767 1367 1804 ordinis

298 1820 516 1870 aliquorum
544 1820 583 1858 in
611 1821 772 1858 salutem
792 1828 998 1868 aeternam,
1024 1821 1063 1857 in
1082 1827 1210 1857 mente
1239 1820 1368 1858 divina

299 1873 472 1913 existens.
502 1874 686 1911 Executio
716 1881 846 1911 autem
883 1874 995 1911 huius
1024 1873 1167 1910 ordinis
1201 1882 1256 1911 est
1282 1887 1367 1923 pas-

299 1926 380 1965 sive
409 1927 566 1976 quidem
589 1927 628 1964 in
654 1926 958 1976 praedestinatis;
985 1926 1107 1964 active
1127 1926 1142 1953 ζ
1164 1935 1293 1964 autem
1314 1934 1368 1964 est

298 1980 338 2017 in
365 1981 463 2017 Deo.
490 1980 559 2017 Est
594 1987 724 2017 autem
763 1980 934 2017 executio
971 1980 1326 2029 praedestinationis
1354 1986 1368 2004 '¹

298 2033 446 2071 vocatio
475 2040 512 2070 et
538 2034 810 2084 magnificatio,
831 2034 1043 2071 secundum
1065 2033 1157 2071 illud
1180 2034 1366 2083 Apostoli,

299 2086 352 2124 ad
363 2087 476 2124 Rom.
492 2086 605 2124 vt11*:
634 2098 728 2135 quos
740 2087 1045 2135 praedestinavit,
1065 2088 1132 2124 hos
1151 2093 1188 2124 et
1203 2088 1369 2132 vocavit;

299 2145 336 2177 et
361 2151 455 2188 quos
482 2140 641 2186 vocavit,
661 2141 729 2177 hos
756 2146 793 2176 et
819 2141 1090 2190 magnificavit.

353 2195 413 2230 An
441 2205 579 2230 Palmum
597 2205 696 2230 ERGO
724 2205 909 2230 memnon
932 2193 1037 2243 quod
1062 2193 1230 2230 actiones
1249 2192 1288 2230 in
1308 2205 1369 2230 ex-

299 2245 479 2284 teriorem
512 2246 714 2283 materiam
750 2253 1009 2294 transeuntes,
1038 2246 1204 2283 inferunt
1241 2259 1286 2283 ex
1328 2258 1369 2283 se

353 2385 378 2420 3)
398 2386 459 2412 Dei.
476 2400 496 2406 -
514 2386 578 2412 Om.
591 2387 736 2413 Aacoer.

353 2421 377 2455 ε)
395 2425 495 2448 autem.
511 2436 532 2441 —
549 2423 655 2455 quidem
674 2422 728 2448 FG.
746 2435 766 2442 —
783 2426 824 2448 est
842 2430 896 2448 om.
911 2423 1022 2448 codices.
1039 2436 1059 2442 —
1076 2423 1162 2448 active
1180 2427 1269 2449 autem
1288 2427 1329 2449 est
1343 2425 1370 2450 in

299 2457 467 2492 gubernante
484 2466 538 2483 om.
553 2458 595 2483 ed.
606 2465 633 2484 a.

353 2492 378 2527 ζ)
397 2493 492 2518 active.
510 2507 529 2512 -
546 2494 684 2519 causative
701 2494 732 2519 Β.
749 2507 769 2512 -
786 2497 827 2519 est
844 2501 897 2519 orn.
912 2493 1034 2519 ACDEF.

353 2527 381 2561 η)
402 2529 670 2561 praedestinationis.
688 2543 708 2548 -
726 2529 804 2554 huius
823 2529 1082 2562 praedestinationis
1099 2530 1132 2556 D.
1149 2544 1169 2549 -
1189 2530 1239 2555 Pro
1258 2531 1370 2561 vocatio,

300 2564 456 2590 convocatio
475 2564 548 2589 BGa.

2409 258 2482 305 273

1418 332 1661 381 passionem,
1691 341 1732 370 ut
1762 335 1958 371 calefactio
1989 344 2023 372 et
2052 336 2212 373 secatio:
2243 348 2322 373 non
2358 345 2486 374 autern

1419 385 1588 423 actiones
1615 385 1654 422 in
1692 394 1826 434 agente
1854 396 2071 436 manentes,
2096 397 2138 425 ut
2171 397 2257 426 sunt
2283 389 2485 438 intelligere

1420 445 1456 474 et
1483 439 1595 486 velle,
1615 446 1657 475 ut
1685 451 1799 488 supra
1827 439 1847 461 ’⁸
1876 440 2018 477 dictum
2039 449 2104 478 est.
2127 443 2175 478 Et
2202 442 2284 478 talis
2313 442 2410 479 actio
2432 452 2486 480 est

1418 491 1711 539 praedestinatio
1742 490 1765 528 ⁰.
1796 492 1908 529 Unde
1942 494 2233 541 praedestinatio
2272 508 2350 531 non
2378 497 2486 544 ponit

1420 544 1560 593 aliquid
1588 545 1626 581 in
1653 545 1946 593 praedestinato,
1977 546 2053 582 Sed
2074 547 2243 584 executio
2274 548 2365 594 eius,
2386 562 2485 598 quae

1420 597 1550 634 transit
1578 597 1616 634 in
1646 598 1848 635 exteriores
1877 610 1948 645 res,
1968 599 2075 647 ponit
2103 600 2140 637 in
2169 600 2222 637 eis
2251 601 2414 650 aliquem
2434 603 2484 638 ef-

1420 650 1573 687 fectum.

1473 706 1533 740 AD
1568 715 1759 740 SECUNDUM
1796 715 1981 740 memnon
2020 705 2124 752 quod
2161 706 2352 743 destinatio
2380 715 2388 728 ‘
2421 707 2483 744 ali-

1421 756 1576 804 quando
1614 756 1775 793 sumitur
1801 769 1871 805 pro
1910 756 2000 792 reali
2034 757 2214 795 missione
2247 759 2402 797 alicuius
2436 761 2485 798 ad

1421 809 1587 858 aliquem
1625 809 1849 846 terminum:
1880 816 1916 845 et
1952 809 2006 845 sic
2043 810 2240 848 destinatio
2274 820 2286 834 ⁸
2314 827 2392 852 non
2430 822 2485 851 est

1420 862 1491 899 nisi
1514 862 1592 899 eius
1621 862 1728 911 quod
1747 869 1813 898 est.
1835 862 1920 898 Alio
1941 862 2060 900 modo
2081 864 2242 901 sumitur
2262 866 2458 904 destinatio
2472 866 2485 888 λ

1420 927 1491 964 pro
1520 915 1702 952 missione
1736 927 1853 963 quam
1883 915 2015 964 aliquis
2053 925 2180 953 mente
2210 919 2393 968 concipit,
2428 933 2485 957 se·

1422 968 1592 1005 cundum
1613 968 1718 1017 quod
1738 967 1901 1004 dicimur
1929 969 2125 1015 destinare,
2147 972 2249 1019 quod
2274 981 2402 1010 mente
2422 974 2483 1010 fir-

1421 1021 1532 1058 miter
1558 1020 1828 1070 proponimus:
1859 1028 1895 1057 et
1913 1022 1988 1057 hoc
2016 1023 2185 1061 secundo
2206 1025 2324 1062 modo
2354 1026 2486 1064 dicitur

1422 1075 1455 1111 II
1483 1075 1665 1111 Machab.
1697 1086 1778 1122 cap.
1808 1086 1844 1110 vi
1871 1073 1903 1120 ²¹³,
1928 1075 2032 1123 quod
2061 1076 2264 1114 Eleazarus
2293 1079 2489 1117 destinavit

1422 1139 1496 1163 non
1516 1128 1712 1164 admittere
1730 1127 1856 1164 illicita
1870 1133 2028 1175 propter
2046 1129 2144 1166 vitae
2162 1142 2344 1168 amorem.
2361 1133 2410 1169 Et
2433 1133 2486 1170 sic

1422 1180 1619 1217 destinatio
1648 1187 1774 1229 potest
1797 1192 1880 1216 esse
1909 1180 1990 1217 eius
2018 1184 2121 1229 quod
2142 1195 2220 1220 non
2250 1192 2314 1222 est.
2337 1187 2486 1224 Tamen

1414 1233 1722 1282 praedestinatio,
1744 1233 1888 1270 ratione
1917 1235 2186 1273 antecessionis
2209 1249 2325 1285 quam
2344 1239 2485 1288 impor-

1420 1293 1484 1332 tat,
1504 1293 1629 1334 potest
1658 1299 1739 1323 esse
1769 1286 1849 1323 eius
1878 1287 1983 1335 quod
2011 1300 2090 1324 non
2119 1297 2190 1337 est,
2221 1291 2486 1339 qualitercum-

1422 1351 1497 1386 que
1517 1345 1537 1365 Α*
1565 1339 1763 1376 destinatio
1793 1347 1973 1376 sumatur.

1474 1393 1533 1429 An
1561 1403 1720 1429 TERTIUM
1748 1405 1932 1430 mcx-:Noun
1961 1394 2066 1441 quod
2087 1394 2226 1444 duplex
2256 1405 2310 1434 est
2327 1410 2486 1447 praepa-

1421 1444 1527 1481 ratio.
1560 1445 1765 1496 Quaedam
1802 1446 1997 1494 patientis,
2027 1454 2068 1483 ut
2104 1449 2285 1497 patiatur:
2321 1459 2356 1488 et
2392 1452 2487 1489 haec

1421 1498 1660 1547 praeparatio
1681 1506 1738 1535 est
1764 1498 1802 1535 in
1822 1507 2048 1548 praeparato
2069 1506 2090 1537 ⁹.
2115 1502 2316 1548 Quaedam
2341 1505 2413 1541 alia
2433 1513 2487 1542 est

1422 1551 1576 1599 agentis,
1602 1559 1645 1588 ut
1672 1559 1776 1600 agat:
1810 1560 1845 1589 et
1872 1553 1968 1589 haec
1998 1561 2052 1590 est
2080 1554 2118 1591 in
2155 1564 2299 1603 agente.
2331 1559 2379 1594 Et
2406 1558 2487 1595 talis

1421 1605 1662 1654 praeparatio
1679 1613 1734 1642 est
1747 1606 2057 1654 praedestinatio;
2074 1616 2186 1656 prout
2204 1610 2358 1658 aliquod
2373 1623 2488 1659 agens

1421 1670 1491 1707 per
1509 1658 1740 1695 intellectum
1760 1658 1894 1696 dicitur
1913 1672 1953 1696 se
1972 1672 2199 1709 praeparare
2215 1663 2263 1699 ad
2283 1664 2487 1712 agendum,

1422 1711 1649 1760 inquantum
1682 1712 1941 1761 praeconcipit
1975 1713 2159 1751 rationem
2196 1717 2321 1764 operis
2358 1718 2486 1755 fiendi.

1423 1765 1473 1802 Et
1509 1765 1562 1802 sic
1595 1766 1702 1803 Deus
1741 1765 1789 1802 ab
1819 1774 1972 1803 aeterno
2009 1769 2249 1816 praeparavit
2285 1771 2488 1818 praedesti-

1423 1818 1565 1866 nando,
1587 1818 1806 1868 concipiens
1835 1819 2020 1857 rationem
2046 1821 2188 1858 ordinis
2217 1822 2430 1872 aliquorum
2450 1824 2489 1861 in

1424 1872 1596 1909 salutem.

1451 1926 1535 1961 Ἀι)
1566 1936 1738 1967 QUARTUM
1767 1937 1951 1963 melerinum
1989 1927 2092 1974 quod
2126 1928 2243 1975 gratia
2275 1941 2353 1966 non
2380 1929 2492 1978 poni-v

1423 1986 1483 2015 tur
1511 1978 1550 2015 in
1578 1978 1799 2015 definitione
1826 1979 2192 2028 praedestinationis,
2214 1982 2322 2030 quasi
2351 1983 2489 2031 aliquid

1425 2031 1586 2068 existens
1616 2031 1663 2068 de
1698 2032 1860 2068 essentia
1890 2032 1991 2069 eius:
2025 2033 2093 2070 sed
2129 2034 2354 2083 inquantum
2383 2048 2490 2085 prae-

1425 2084 1622 2122 destinatio
1642 2084 1823 2133 importat
1847 2094 2060 2134 respectum
2082 2086 2131 2124 ad
2150 2088 2321 2135 gratiam,
2341 2097 2383 2126 ut
2402 2102 2490 2126 cau-

1424 2150 1488 2175 sae
1517 2138 1567 2175 ad
1601 2137 1798 2184 effectum,
1839 2146 1874 2174 et
1907 2147 2011 2176 actus
2049 2139 2096 2176 ad
2136 2140 2340 2178 obiectum.
2379 2143 2490 2180 Unde

1425 2204 1503 2229 non
1533 2191 1700 2239 sequitur
1721 2191 1826 2239 quod
1845 2192 2138 2240 praedestinatio
2163 2194 2209 2230 sit
2232 2195 2371 2244 aliquid
2399 2204 2491 2233 tem-

1423 2246 1567 2294 porale.

1481 2390 1498 2423 ι)
1518 2391 1671 2417 destinatio.
1689 2405 1708 2411 -
1721 2393 1936 2425 praedestinatio
1954 2393 2008 2418 BG.

1479 2426 1504 2458 κ)
1525 2426 1677 2487 destinatio.
1696 2442 1714 2446 —
1728 2424 1944 2460 praedestinatio
1963 2429 1998 2459 B,
2022 2426 2209 2453 determinatio
2228 2427 2299 2459 GpF.
2316 2441 2336 2447 ·-
2352 2428 2403 2452 Pro
2421 2427 2492 2460 quod

1425 2464 1472 2490 est,
1492 2462 1538 2493 qui
1556 2465 1596 2487 est
1636 2480 1643 2488 .

1478 2495 1506 2529 λ)
1526 2497 1678 2523 destinatio.
1696 2512 1716 2518 —
1728 2499 1942 2531 praedestinatio
1961 2499 1990 2523 B.

1479 2532 1507 2566 μ)
1528 2533 1761 2566 qualitercumque.
1779 2547 1799 2553 -
1817 2534 1873 2559 eius
1892 2534 1950 2558 add.
1964 2534 2009 2559 Pb.

1478 2568 1501 2599 ν)
1522 2567 1548 2592 in
1563 2572 1740 2600 praeparato.
1758 2583 1776 2589 —
1795 2569 1822 2594 in
1837 2569 1959 2601 patiente
1970 2570 2000 2598 B,
2014 2577 2067 2595 om.
2080 2570 2112 2595 D.
2126 2583 2144 2589 —
2157 2570 2209 2594 Pro
2224 2569 2360 2600 Quaedam
2375 2569 2429 2594 alia
2443 2572 2490 2597 est,

354 2597 379 2632 Θ)
400 2599 470 2624 Et...
485 2599 711 2631 praedestinatio.
728 2613 748 2619 -
766 2599 828 2625 Om.
841 2599 880 2632 G;
901 2601 937 2625 Et
955 2600 1018 2625 talis
1035 2601 1107 2626 actio
1125 2604 1165 2626 est
1183 2609 1236 2627 om.
1256 2602 1291 2633 C;
1311 2606 1371 2635 post
1424 2602 1486 2627 Alia
1504 2606 1544 2627 est
1556 2605 1735 2636 praeparatio
1753 2605 1865 2630 codices.

301 2637 341 2659 est
357 2635 380 2659 B
398 2634 468 2659 addit
486 2634 538 2660 hic.

981 2724 1315 2758 Commentaria
1338 2726 1590 2759 Cardinalis
1613 2727 1813 2760 Caietam

334 2820 355 2840 N
369 2810 474 2847 titulo,
491 2816 600 2841 utrum
610 2816 714 2851 ponat
729 2812 871 2852 aliquid:
885 2812 975 2849 idest,
989 2823 1064 2844 cum
1079 2814 1203 2850 dicitur,
1221 2815 1372 2845 Socrates
1425 2815 1581 2846 rationem
1601 2816 1719 2846 ordinis
1735 2816 1918 2853 electorum,
1939 2823 1996 2847 etc.
2023 2817 2063 2848 Et
2077 2818 2229 2857 probatur
2244 2818 2486 2858 consequentia:

335 2860 382 2886 est
398 2855 672 2895 praedestinatus,
698 2862 808 2887 utrum
821 2857 854 2898 ly
864 2857 1127 2897 praedestinatus
1141 2858 1299 2898 praedicet
1316 2859 1371 2889 ali-

303 2899 394 2940 quod
417 2909 472 2930 ens
495 2899 528 2929 in
551 2899 688 2936 Socrate,
714 2900 916 2932 substantiale
939 2908 994 2933 aut
1017 2902 1215 2939 accidentale,
1239 2910 1275 2933 ut
1296 2913 1370 2934 cum

305 2943 434 2980 dicitur,
459 2943 609 2974 Socrates
632 2949 679 2975 est
700 2945 835 2982 animal,
861 2945 920 2982 vel,
940 2946 1091 2978 Socrates
1114 2952 1160 2977 est
1182 2947 1293 2977 albus:
1316 2954 1371 2978 aut

303 2987 383 3018 nihil
405 2994 504 3028 ponat
526 2987 560 3018 in
583 2998 641 3025 eo,
667 2989 721 3019 sed
745 2989 930 3020 denominet
960 2997 1084 3021 tantum
1112 2991 1370 3021 denominatione

305 3031 484 3068 uuinseca,
509 3031 591 3063 sicut
613 3042 688 3063 cum
712 3033 834 3070 dicitur,
858 3034 965 3064 album
990 3035 1126 3065 videtur.

361 3075 398 3106 11.
423 3075 460 3106 In
483 3085 615 3117 corpore
639 3077 732 3107 unica
755 3083 801 3108 est
824 3077 997 3115 conclusio,
1021 3079 1205 3119 responsiva
1227 3079 1370 3120 quaesito

305 3119 465 3159 negative:
489 3120 734 3152 Praedestinatio
758 3131 824 3151 non
848 3128 894 3152 est
916 3122 1036 3163 aliquid
1063 3123 1097 3154 in
1120 3124 1370 3164 praedestinato,

306 3163 361 3194 sed
383 3163 416 3193 in
440 3164 689 3203 praedestinante
716 3172 852 3197 tantum.
878 3183 896 3189 -
919 3166 1076 3198 Probatur
1102 3174 1132 3199 et
1154 3167 1372 3199 manifestatur

306 3207 479 3238 conclusio.
504 3208 659 3240 Probatur
675 3209 806 3250 quidem
829 3210 882 3241 sic.
907 3210 1108 3242 Providentia
1131 3212 1210 3242 nihil
1225 3212 1317 3253 ponit
1339 3212 1371 3242 in

306 3250 456 3291 provisis,
482 3252 536 3282 sed
558 3252 592 3282 in
614 3253 774 3284 intellectu
801 3261 926 3285 tantum
950 3255 1120 3295 provisoris
1143 3256 1298 3287 rationem
1322 3267 1371 3287 or-

307 3295 388 3326 dinis
405 3301 480 3326 etc.:
501 3305 575 3336 ergo
591 3298 835 3337 praedestinatio
849 3298 881 3329 in
898 3306 1003 3330 mente
1019 3306 1143 3330 tantum
1160 3300 1266 3331 divina
1281 3300 1373 3341 ponit

450 3660 560 3684 Summas:
578 3660 680 3685 Tanor..
698 3661 729 3685 D.
744 3661 858 3686 Tuom
877 3662 908 3687 T.
928 3663 946 3687 Ι.

1424 2859 1500 2900 quia
1523 2860 1764 2899 praedestinatio
1788 2870 1859 2901 pars
1884 2867 1930 2891 est
1952 2861 2177 2900 providentiae.

1480 2903 1698 2934 Manifestatur
1719 2914 1795 2934 vero
1819 2914 1856 2935 ex
1879 2904 2051 2936 differentia
2080 2905 2160 2936 inter
2191 2905 2293 2946 ipsam
2320 2906 2487 2946 praedesti-

1425 2947 1605 2984 nationem,
1630 2954 1661 2978 et
1690 2948 1773 2979 illius
1806 2949 2034 2980 executionem.
2067 2950 2231 2987 Quoniam
2261 2950 2355 2986 haec,
2390 2950 2487 2980 active

1426 2998 1561 3032 sumpta,
1586 2992 1679 3032 ponit
1701 2992 1821 3033 aliquid
1844 2993 1877 3023 in
1901 3000 2073 3034 exequente
2096 2994 2183 3034 ipso,
2209 2994 2325 3024 scilicet
2348 2994 2432 3030 Deo;
2458 3000 2488 3024 et

1425 3036 1545 3076 aliquid
1568 3035 1600 3065 in
1623 3036 1869 3077 praedestinatis.
1900 3037 1942 3068 Et
1964 3037 2137 3068 declaratur
2163 3038 2225 3068 hoc
2253 3048 2289 3068 ex
2318 3037 2488 3068 differentia

1426 3080 1520 3110 simili
1543 3079 1623 3110 inter
1649 3081 1881 3120 providentiam
1912 3089 1943 3112 et
1972 3082 2249 3122 gubernationem;
2280 3091 2361 3122 quae
2389 3081 2488 3112 active

1426 3124 1556 3165 quidem
1584 3124 1618 3154 in
1647 3125 1859 3164 gubernante,
1891 3126 2013 3166 passive
2035 3136 2110 3156 vero
2134 3126 2166 3156 in
2190 3126 2368 3165 gubernatis
2397 3125 2488 3165 ponit

1426 3168 1554 3209 aliquid.
1571 3186 1591 3191 -—
1606 3168 1648 3199 Et
1663 3169 1818 3210 quoniam
1834 3170 1975 3200 executio
1989 3169 2278 3210 praedestinationis
2295 3170 2402 3210 aliquo
2419 3179 2485 3200 uno

1426 3213 1556 3253 proprio
1580 3219 1662 3243 caret
1684 3213 1825 3250 nomine,
1842 3214 1958 3244 idcirco
1974 3214 2007 3244 in
2022 3214 2123 3244 littera
2146 3214 2271 3244 duobus
2295 3213 2486 3253 exprimitur,

1426 3257 1505 3287 dum
1528 3256 1672 3287 subditur
1696 3258 1785 3298 quod
1808 3265 1854 3289 est
1877 3259 1999 3289 vocatio
2025 3265 2055 3289 et
2079 3258 2314 3298 magnificatio,
2340 3267 2376 3288 ex
2404 3257 2487 3288 testi—

1426 3301 1537 3331 monio
1560 3301 1718 3341 Apostoli,
1744 3308 1801 3332 etc.

2313 3665 2343 3689 35

2512 446 2522 456 '
2535 445 2582 472 Qu.
2590 452 2638 471 xiv,
2651 450 2693 468 art.
2701 452 2727 473 2;

2512 478 2632 519 gg.¹xV111,
2648 476 2690 494 art.
2701 479 2713 501 3
2721 489 2727 499 ,

2610 525 2623 550 0

2514 1087 2522 1096 '¹
2536 1083 2604 1105 Vers.
2620 1090 2657 1106 20.
