2768 4178
23 868 34 879 '
44 867 80 890 Cf.
89 871 180 916 gunea.
189 874 238 895 xxv,

23 893 88 917 lun-o
107 910 114 917 .

992 259 1259 306 QUAESTIO
1290 259 1372 307 XV,
1402 259 1699 297 ARTICULUS
1730 262 1742 297 I

2396 272 2466 309 199

831 468 1244 545 QUAESTIO
1281 469 1907 547 DECIMAQUINTA

1230 598 1314 638 DE
1346 597 1504 639 IDEIS

1101 713 1135 738 IN
1164 713 1254 738 TRES
1283 713 1485 739 ARTICULOS
1514 715 1630 740 DIVISA

335 819 404 845 osr
433 806 778 844 considerationem
809 807 856 844 de
880 806 1041 845 >scientia
1066 813 1082 829 α
1111 808 1195 856 Dei,
1227 816 1340 846 restat

267 817 332 900 Ρ
336 860 576 898 considerare
607 860 655 897 de
684 860 778 898 ideis
797 860 828 897 ²¹⁵.

265 915 316 952 Et
345 913 443 951 circa
470 914 546 951 1106
574 922 810 963 quaeruntur
837 913 917 951 tria.

320 967 470 1004 Primo:
501 980 550 1004 an
579 967 654 1004 sint
681 967 802 1005 ideae.

1448 809 1646 847 Secundo:
1675 817 1804 847 utrum
1834 810 1906 848 sint
1933 812 2075 859 plures,
2104 812 2166 848 vel
2194 824 2271 849 una
2299 819 2461 849 tanturn.

1449 862 1598 900 Tertio:
1635 871 1763 900 utrum
1791 864 1864 901 sint
1891 865 2066 902 omniurn
2099 877 2197 914 quae
2227 877 2461 913 cognoscun-

1502 924 1562 953 tur
1590 929 1612 953 a
1640 918 1737 954 Deo.

1027 1077 1418 1120 ARTICULUS
1449 1044 1709 1122 ¹PRIMUS

1148 1171 1306 1202 UTRUM
1330 1172 1460 1202 IDEAE
1485 1172 1582 1203 SINT

557 1259 630 1291 Infra,
651 1264 847 1293 qu.x1.1V‚art.
869 1258 897 1290 3;
916 1259 925 1283 1
946 1258 1028 1288 Sent„
1050 1258 1109 1283 dist.
1127 1265 1210 1289 xxxvr,
1230 1265 1274 1291 qu.
1293 1265 1320 1290 n,
1341 1263 1387 1283 art.
1405 1267 1430 1289 1;
1452 1259 1493 1284 De
1510 1259 1599 1289 Ver-it„
1620 1268 1664 1292 qu.
1677 1268 1714 1292 111,
1734 1266 1780 1286 art.
1799 1269 1824 1292 1;
1845 1261 1854 1285 Ι
1873 1261 2035 1295 Metaphys„
2055 1262 2112 1287 lect.
2130 1270 2171 1287 ιν.

356 1370 457 1433 555<
482 1362 506 1387 D
534 1361 672 1386 PRIMUM
701 1360 754 1385 51c
776 1358 1017 1385 PROCEDITUR.
1047 1335 1209 1384 Videtur
1237 1348 1341 1396 quod

296 1379 397 1462 Ι(
414 1407 458 1447 a·
482 1403 590 1440 ideae
618 1413 698 1439 non
727 1399 842 1438 sintss.
872 1400 971 1438 Dicit
997 1399 1099 1437 enirn
1119 1400 1340 1449 Dionysius,

289 1463 323 1504 Α
388 1437 530 1503 χι’(ἶνιι
550 1467 632 1504 cap.
649 1455 695 1492 de
714 1454 802 1491 Div.
818 1454 937 1491 Nom.
953 1453 984 1501 *,
1011 1453 1117 1502 quod
1136 1455 1242 1491 Deus
1263 1466 1342 1491 non

327 1487 412 1537 3³,
440 1502 679 1557 &cognoscit
720 1520 779 1545 res
822 1507 1037 1545 secundum
1080 1506 1220 1545 ideam.
1265 1507 1341 1545 Sed

266 1563 375 1601 ideae
404 1574 484 1599 non
510 1569 707 1611 ponuntur
735 1561 785 1599 ad
809 1561 923 1608 aliud,
944 1559 1016 1598 nisi
1044 1567 1085 1597 ut
1103 1573 1173 1610 per
1194 1573 1257 1598 eas
1278 1574 1341 1598 60-

267 1623 500 1665 gnoscantur
527 1628 599 1653 res.
630 1616 733 1663 Ergo
762 1614 871 1652 ideae
900 1626 980 1651 non
1009 1621 1106 1651 sunt.

323 1681 358 1707 2.
375 1670 610 1717 PRAETEREA,
627 1670 734 1706 Deus
749 1668 787 1705 in
802 1668 930 1717 seipso
951 1667 1147 1715 cognoscit
1167 1667 1298 1705 omnia
1313 1672 1339 1714 ⁷,

149 1743 157 1756 ‚
203 1743 210 1750 ·
233 1743 240 1750 ·
266 1730 310 1761 ut
336 1735 451 1772 supra
469 1722 490 1745 '¹‘
515 1722 658 1760 dictum
688 1729 755 1760 est.
787 1722 865 1759 Sed
893 1721 1062 1770 seipsum
1091 1733 1171 1758 non
1200 1733 1340 1770 cogno—

20 2101 34 2111 ·
49 2099 98 2128 Qu.
113 2105 176 2122 xxm.

269 1776 339 1815 scit
365 1788 435 1826 per
462 1776 602 1814 ideam.
633 1776 736 1824 Ergo
766 1787 838 1812 nec
866 1774 949 1812 alia.

323 1831 359 1868 3.
387 1830 622 1877 Palam-sam,
651 1829 738 1866 idea
765 1828 922 1878 ponitur
949 1836 990 1865 ut
1017 1827 1249 1877 principium
1276 1840 1340 1865 co-

267 1882 478 1933 gnoscendi
498 1891 534 1920 et
553 1882 750 1932 operandi.
773 1881 851 1919 Sed
866 1881 1028 1919 essentia
1049 1880 1179 1919 divina
1193 1889 1249 1918 est
1265 1881 1340 1918 suf-

267 1937 402 1974 ficiens
415 1937 647 1986 principium
664 1934 922 1984 cognoscendi
938 1943 974 1972 et
993 1934 1179 1984 operandi
1194 1934 1337 1972 omnia.

267 1991 362 2028 Non
391 2002 480 2039 ergo
510 2002 666 2027 necesse
695 1996 751 2026 est
778 2001 924 2038 ponere
952 1988 1069 2026 ideas.

323 2044 398 2081 SED
428 2055 576 2081 CONTRA
595 2055 661 2080 EST
681 2042 788 2092 quod
809 2042 898 2080 dicit
915 2041 1161 2091 Augustinus,
1183 2040 1221 2078 in
1240 2041 1337 2078 libro

273 2097 472 2147 Octoginta
492 2097 606 2134 trium
631 2097 780 2139 Quaest.
801 2095 838 2132 ⁹¹⁸:
862 2097 983 2133 Tanta
1002 2095 1059 2132 vis
1078 2095 1116 2132 in
1142 2095 1232 2132 ideis
1251 2107 1339 2132 con-

266 2151 440 2197 stituitur,
471 2156 526 2197 ut,
555 2150 629 2187 nisi
644 2149 702 2187 his
720 2149 920 2195 intellectis,
949 2149 1098 2198 sapiens
1122 2160 1200 2185 esse
1228 2160 1338 2185 nemo

261 2204 392 2254 possit.

321 2258 549 2295 RESPONDEO
577 2267 763 2293 DICENDUM
792 2255 899 2305 quod
927 2267 1083 2292 necesse
1113 2262 1169 2291 est
1192 2266 1338 2303 ponere

265 2311 306 2348 in
333 2317 462 2347 mente
492 2309 620 2348 divina
647 2309 764 2348 ideas.
794 2309 887 2346 Idea
917 2308 1020 2345 enim
1048 2320 1198 2357 graece,
1229 2307 1340 2344 latine

265 2365 395 2410 forma
423 2363 580 2401 dicitur:
614 2362 718 2400 unde
745 2375 816 2412 per
848 2362 953 2400 ideas
981 2362 1239 2410 intelliguntur
1266 2361 1342 2398 for-

267 2430 357 2455 mae
376 2417 536 2454 aliarum
556 2429 698 2464 rerum,
722 2423 875 2465 praeter
893 2415 995 2465 ipsas
1015 2427 1074 2453 res
1091 2413 1104 2437 δ
1126 2415 1338 2452 existentes.

268 2471 412 2508 Forma
431 2478 561 2508 autem
577 2470 734 2507 alicuius
754 2470 808 2507 rei
826 2477 978 2518 praeter
996 2469 1119 2518 ipsam
1131 2475 1143 2490 ‘
1163 2468 1337 2515 existens,

268 2524 318 2562 ad
338 2524 416 2562 duo
438 2536 521 2561 esse
540 2530 686 2573 potest:
710 2524 774 2560 vel
792 2530 835 2560 ut
854 2522 900 2560 sit
920 2523 1115 2572 exemplar
1134 2522 1215 2559 eius
1236 2522 1341 2558 cuius

268 2577 404 2616 dicitur
431 2577 574 2624 forma3
604 2577 666 2614 vel
699 2583 742 2613 ut
770 2576 817 2614 sit
847 2575 1079 2625 principium
1115 2575 1341 2624 cognitionis

268 2629 407 2680 ipsius,
442 2630 656 2668 secundum
694 2629 800 2678 quod
838 2630 987 2666 formae
1025 2629 1341 2678 cognoscibilium

269 2684 445 2722 dicuntur
483 2696 564 2721 esse
603 2683 642 2720 in
678 2690 944 2731 cognoscente.
985 2683 1034 2720 Et
1069 2690 1255 2732 quantum
1292 2683 1340 2719 ad

228 2786 231 2788 -
268 2745 476 2785 utrumque
506 2743 562 2774 est
589 2748 745 2774 necesse
773 2748 918 2786 ponere
946 2736 1063 2774 ideas.

20 2901 38 2914 ⁴
50 2894 82 2925 1³).
95 2901 146 2931 783.

28 3502 43 3513 ¹
57 3501 94 3524 Cf.
108 3507 173 3524 num.
188 3507 221 3524 m.

23 3545 42 3558 ⁴
57 3546 94 3569 Cf.
109 3552 174 3570 num.
189 3553 220 3569 w.

324 2790 443 2838 Quod
463 2789 516 2827 sic
534 2797 648 2839 patet.
680 2791 723 2827 In
752 2789 932 2827 omnibus
962 2789 1064 2827 enim
1094 2801 1191 2839 quae
1221 2801 1299 2826 non
1321 2801 1343 2826 a

270 2856 361 2881 casu
381 2851 620 2892 generantur,
646 2855 803 2880 necesse
824 2850 880 2880 est
898 2843 1064 2880 formam
1085 2854 1169 2880 esse
1189 2842 1203 2869 ζ
1223 2843 1341 2879 finem

269 2897 524 2946 generationis
559 2897 837 2945 cuiuscumque
862 2896 893 2934 ²¹⁵.
929 2898 1058 2945 Agens
1094 2903 1224 2933 autem
1262 2908 1340 2932 non

323 3011 350 3044 α)
371 3011 404 3036 de
421 3011 540 3036 scientia.
559 3025 578 3030 —
595 3011 722 3036 scientiae
739 3011 886 3037 ABCDEG.

325 3045 350 3079 β)
369 3046 432 3072 sint.
449 3060 469 3066 -
486 3050 550 3072 sunt
568 3047 595 3072 in
617 3047 674 3071 Deo
693 3047 722 3071 B.

322 3082 349 3115 γ)
370 3081 460 3107 omnia
477 3096 497 3101 -
514 3082 570 3107 alia
588 3082 688 3112 ACEG,
709 3082 799 3107 omnia
818 3082 874 3107 alia
892 3090 909 3107 a
927 3090 955 3108 se
974 3084 1004 3108 B.

323 3116 348 3150 ὃ)
364 3119 477 3149 praeter
495 3117 567 3150 ipsas
586 3125 636 3143 res.
654 3131 674 3137 -
686 3125 739 3150 per
757 3125 785 3142 se
803 3118 906 3142 codices
925 3124 951 3143 et
969 3119 1010 3144 ed.
1028 3125 1054 3143 a.

1395 1355 1523 1395 ageret
1541 1356 1698 1397 propter
1716 1349 1894 1396 formam,
1920 1349 1989 1386 nisi
2010 1349 2235 1399 inquantum
2256 1351 2459 1390 similitudo

1396 1400 1542 1437 formae
1564 1409 1620 1438 est
1643 1401 1681 1438 in
1700 1401 1796 1451 ipso.
1828 1402 1946 1449 Quod
1966 1403 2121 1452 quidem
2142 1403 2323 1453 contingit
2342 1405 2461 1465 dupli-

1397 1453 1499 1491 citer.
1517 1455 1559 1491 In
1580 1454 1811 1504 quibusdam
1827 1455 1928 1492 enirn
1946 1456 2142 1504 agentibus
2157 1458 2370 1506 praeexistit
2388 1459 2462 1496 for-

1396 1519 1460 1544 ma
1479 1515 1494 1539 ⁷³
1526 1507 1580 1544 rei
1599 1508 1766 1546 fiendae*
1771 1509 1984 1546 secundum
2006 1522 2088 1547 esse
2109 1512 2287 1558 naturale,
2309 1511 2404 1548 sicut
2422 1511 2460 1549 in
2586 1521 2601 1544 η

1394 1560 1453 1597 his
1482 1573 1581 1610 quae
1601 1569 1716 1610 agunt
1734 1574 1804 1611 per
1823 1570 2014 1610 naturam3
2045 1563 2141 1600 sicut
2167 1564 2288 1601 homo
2308 1558 2462 1613 generat

1394 1614 1613 1662 hominem,
1644 1623 1681 1652 et
1717 1615 1812 1663 ignis
1851 1616 1989 1664 ignem.
2029 1617 2070 1653 In
2107 1617 2337 1665 quibusdam
2365 1630 2458 1655 vero

1395 1668 1609 1705 secundum
1639 1680 1720 1705 esse
1749 1669 1987 1718 intelligibile,
2008 1677 2049 1706 ut
2072 1669 2110 1706 in
2139 1670 2197 1707 his
2223 1683 2320 1719 quae
2346 1679 2462 1719 agunt

1395 1733 1463 1769 per
1491 1721 1741 1768 intellectum;
1771 1722 1866 1759 sicut
1894 1722 2099 1760 similitudo
2130 1723 2268 1761 domus
2291 1725 2460 1773 praeexi-

1395 1774 1456 1811 stit
1474 1774 1512 1811 in
1532 1783 1660 1812 mente
1681 1775 1946 1813 aedificatoris.
1967 1777 2017 1812 Et
2030 1776 2126 1813 haec
2143 1785 2268 1825 potest
2289 1777 2360 1815 dici
2374 1778 2459 1815 idea

1395 1827 1552 1865 domus:
1591 1828 1680 1877 quia
1709 1829 1838 1866 artifex
1867 1829 2026 1866 intendit
2059 1829 2220 1867 domum
2254 1831 2459 1868 assimilare

1393 1881 1540 1918 formae
1569 1894 1686 1930 quam
1715 1890 1843 1919 mente
1874 1882 2077 1931 concepit..

1448 1934 1548 1982 Quia
1567 1935 1678 1983 igitur
1696 1937 1864 1973 mundus
1883 1948 1963 1973 non
1984 1943 2038 1973 est
2058 1947 2147 1972 casu
2166 1936 2297 1984 factus,
2318 1937 2385 1974 sed
2406 1945 2462 1974 est

1392 1988 1512 2025 factus
1532 2000 1554 2024 a
1573 1989 1658 2025 Deo
1677 2001 1747 2038 per
1765 1989 1997 2026 intellectum
2017 1997 2163 2037 agente,
2184 1997 2226 2027 ut
2240 1990 2337 2027 infra
2352 1990 2372 2012 '¹‘
2394 2003 2459 2039 pa-

1392 2041 1494 2088 tebit,
1521 2053 1678 2079 necesse
1703 2050 1758 2079 est
1776 2043 1882 2092 quod
1900 2042 1938 2079 in
1958 2050 2085 2080 mente
2109 2043 2237 2080 divina
2256 2043 2302 2080 sit
2320 2044 2458 2092 forma,

1393 2095 1443 2132 ad
1471 2094 1758 2132 similitudinem
1787 2096 1892 2133 cuius
1920 2095 2087 2133 mundus
2112 2104 2167 2133 est
2191 2097 2322 2135 factus.
2354 2098 2403 2134 Et
2421 2097 2460 2134 in

1393 2149 1468 2185 hoc
1495 2148 1663 2185 consistit
1691 2148 1785 2185 ratio
1813 2149 1934 2186 ideae.

1447 2203 1506 2238 AD
1535 2213 1672 2238 PRIMUM
1700 2213 1799 2238 ERGO
1828 2214 2012 2239 DICENDUM
2041 2203 2146 2252 quod
2173 2204 2279 2240 Deus
2308 2216 2386 2240 non
2405 2203 2459 2241 in—

1393 2254 1521 2314 telligit
1549 2267 1608 2291 res
1638 2255 1850 2292 secundum
1878 2255 2005 2292 ideam
2035 2264 2138 2294 extra
2163 2269 2204 2294 se
2225 2256 2458 2295 existentem.

1394 2309 1444 2344 Et
1463 2307 1516 2344 sic
1531 2308 1645 2345 etiam
1660 2308 1881 2346 Aristoteles
1900 2308 2093 2358 improbat
2105 2309 2125 2332 ’¹‘
2141 2309 2362 2359 opinionem
2378 2312 2461 2348 Pla·
2488 2321 2529 2343 1
2550 2320 2682 2369 Metaphys·
2691 2336 2700 2347 ‚

1394 2361 1494 2398 tonis
1515 2361 1562 2399 de
1582 2361 1687 2410 ideis,
1718 2362 1932 2400 secundum
1951 2363 2057 2412 quod
2075 2364 2245 2412 ponebat
2262 2363 2282 2385 ‘¹‘
2306 2375 2370 2401 eas
2392 2377 2462 2414 per
2489 2353 2630 2396 ἓῗΐὴιῆἐη
2606 2363 2639 2395 ets
2649 2380 2679 2395 xv
2688 2358 2699 2363 ’

1396 2428 1436 2452 se
1466 2415 1679 2462 existentes,
1709 2428 1788 2453 non
1816 2416 1854 2452 in
1883 2416 2084 2453 intellectu.
2489 2401 2701 2475 Χῗζιιῗέάοέἓῷἒῖἰ

1449 2470 1508 2506 AD
1541 2479 1732 2506 SECUNDUM
1770 2481 1957 2506 DICENDUM
1986 2470 2109 2518 quod,
2139 2469 2223 2506 licet
2260 2471 2366 2507 Deus
2393 2483 2462 2519 per
2488 2460 2549 2476 mem
2576 2460 2652 2481 ΜΨ
2667 2459 2699 2475 ¹

1396 2521 1598 2559 essentiam
1627 2535 1737 2559 suam
1767 2535 1806 2559 se
1837 2530 1873 2559 et
1901 2522 1974 2559 alia
2002 2530 2218 2570 cognoscat,
2248 2530 2377 2560 tamen
2407 2536 2462 2561 es-

1396 2575 1517 2612 sentia
1531 2587 1600 2612 sua
1616 2583 1671 2612 est
1688 2575 1916 2625 principium
1933 2575 2172 2624 operativum
2189 2575 2362 2624 aliorum,
2383 2589 2462 2614 non

1395 2636 1525 2666 autem
1550 2628 1607 2665 sui
1633 2628 1751 2677 ipsius
1772 2626 1800 2665 ⁰:
1832 2636 1868 2666 et
1895 2628 1983 2666 ideo
2007 2629 2122 2666 habet
2149 2629 2336 2666 rationem
2354 2630 2461 2679 ideae
2588 2639 2601 2664 o

1396 2682 1608 2719 secundum
1637 2682 1743 2731 quod
1771 2682 1819 2719 ad
1847 2682 1920 2719 alia
1940 2690 2201 2731 comparatur,
2231 2695 2310 2720 non
2334 2691 2462 2721 autem

1397 2735 1607 2772 secundum
1636 2735 1743 2783 quod
1772 2743 2015 2784 comparatur
2043 2737 2091 2773 ad
2119 2736 2246 2785 ipsum
2275 2738 2415 2774 Deum.

2488 2000 2496 2008 '
2507 1999 2608 2027 Quaux,
2620 2004 2664 2021 art.
2672 2007 2687 2026 4

2488 2032 2526 2054 qu.
2537 2032 2596 2054 mv,
2611 2030 2654 2048 art.
2664 2033 2685 2055 3.

1450 2790 1509 2825 AD
1538 2799 1698 2825 ‘smmum
1717 2800 1902 2826 mcssNDUM
1923 2789 2027 2837 quod
2047 2790 2152 2826 Deus
2172 2790 2385 2827 secundum
2406 2803 2462 2828 es-

1398 2841 1559 2879 sentiam
1574 2854 1683 2878 suam
1701 2849 1756 2878 est
1775 2841 1980 2880 similitudo
1998 2842 2173 2880 omnium
2189 2855 2328 2881 rerum.
2350 2844 2460 2881 Unde

1397 2895 1483 2932 idea
1510 2894 1549 2931 in
1581 2896 1667 2932 Deo
1696 2894 1787 2932 nihil
1816 2903 1872 2932 est
1900 2896 2001 2933 aliud
2033 2908 2150 2944 quam
2178 2896 2274 2934 Dei‘
2302 2897 2462 2934 essentia
2593 2909 2599 2924 ι

1448 3010 1472 3042 ζ)
1493 3017 1596 3035 necesse
1613 3013 1653 3034 est
1665 3010 1787 3043 formam
1806 3016 1869 3034 esse.
1888 3024 1908 3029 -
1927 3016 2030 3035 necesse
2049 3013 2087 3035 est
2101 3016 2203 3042 ponere
2220 3010 2341 3043 sormam
2361 3009 2397 3041 G,
2417 3017 2462 3035 ne-

1395 3053 1465 3071 cesse
1483 3048 1523 3070 est
1541 3052 1596 3070 esse
1607 3046 1730 3078 sormam
1749 3045 1906 3070 ACDEFab.

1448 3081 1475 3113 η)
1488 3082 1593 3114 forma.
1610 3094 1630 3099 -
1646 3080 1794 3106 similitudo
1812 3080 1959 3105 ACDEFG.

1448 3115 1472 3149 θ)
1491 3116 1534 3141 sui
1551 3116 1642 3147 ipsius.
1659 3130 1678 3134 -
1697 3116 1779 3148 ipsius
1804 3116 1948 3144 ACEFGb,
1968 3116 2050 3148 ipsius
2076 3116 2150 3141 ideae
2169 3116 2210 3141 ed.
2227 3124 2253 3141 a.
2271 3129 2291 3134 —
2307 3117 2375 3141 Ante
2400 3116 2459 3142 ideo

324 3153 346 3186 ε)
357 3156 470 3184 praeter
482 3153 722 3185 ipsam-praeter
737 3153 877 3185 ipsammet
891 3153 936 3185 sD,
945 3157 1058 3186 praeter
1070 3153 1119 3186 pA,
1128 3156 1240 3186 praeter
1254 3153 1339 3185 ipsam
1396 3152 1449 3177 Pab
1468 3153 1589 3176 omittunt
1607 3154 1642 3176 et.

270 3195 327 3213 rem
347 3188 398 3230 εᾼ,
414 3195 467 3220 per
485 3188 570 3220 ipsam
590 3189 636 3221 pF,
652 3196 704 3221 per
722 3196 750 3214 se
769 3189 809 3214 ed.
829 3196 855 3213 a.

1448 3187 1466 3220 ι)
1487 3187 1547 3212 1)6ἱ.
1565 3200 1583 3206 -
1601 3187 1657 3212 eius
1677 3186 1787 3211 codices.

957 3276 1291 3309 Commentaria
1314 3275 1563 3309 Cardinalis
1587 3274 1787 3307 Caietani

275 3374 322 3437 IN
345 3363 439 3395 titulo
463 3363 542 3394 nihil
560 3364 647 3395 aliud
670 3365 850 3396 notandum
874 3372 928 3401 est,
951 3364 1011 3395 nisi
1034 3365 1123 3406 quod
1139 3365 1216 3406 quid
1239 3366 1342 3396 nomi-

304 3410 354 3440 nis
376 3408 464 3438 ideae
487 3408 520 3438 in
545 3418 678 3449 corpore
702 3409 885 3440 declaratur.

329 3453 523 3492 incorpore
546 3452 618 3483 tria:
640 3453 755 3493 primo,
780 3453 933 3494 proponit
957 3453 1197 3484 conclusionem
1213 3463 1342 3494 respon-

273 3497 375 3528 sivam
400 3496 560 3538 quaesito;
586 3497 742 3534 secundo,
770 3498 907 3538 assignat
932 3498 1008 3538 quid
1039 3499 1178 3529 nominis
1203 3497 1338 3534 ideae*;

273 3541 376 3578 tertio,
401 3542 516 3582 probat
539 3540 780 3571 conclusionem
802 3542 1022 3582 responsivam
1039 3540 1064 3573 *.

328 3586 366 3617 11.
387 3586 504 3623 Quoad
522 3586 678 3625 primum,
703 3585 867 3616 conclusio
892 3586 1075 3626 responsiva
1099 3586 1242 3628 quaesito
1263 3585 1343 3616 affir-

275 3630 390 3661 mative
418 3636 479 3661 est:
508 3630 642 3660 Necesse
673 3635 720 3660 est
749 3639 867 3670 ponere
890 3630 976 3661 ideas
1000 3631 1033 3661 in
1057 3637 1163 3662 mente
1188 3631 1302 3662 divina.
1325 3647 1342 3653 -

1397 3364 1460 3395 Ubi
1485 3363 1609 3394 adverte
1633 3362 1722 3403 quod
1746 3372 1812 3393 esse
1836 3362 1869 3393 in
1889 3370 1994 3393 mente
2018 3362 2153 3393 sumitur
2175 3362 2358 3400 formaliter,
2382 3363 2463 3394 idest

1397 3409 1588 3449 inquantum
1611 3416 1701 3437 mens
1725 3414 1780 3437 est.
1806 3407 1878 3438 Hoc
1894 3414 2000 3437 autem
2025 3413 2070 3437 est
2093 3416 2158 3437 esse
2175 3407 2337 3444 obiective,
2359 3415 2394 3438 ut
2416 3407 2463 3438 in—

1397 3453 1558 3484 tellectum
1581 3451 1614 3481 in
1638 3450 1845 3492 intelligente;
1867 3458 1896 3482 et
1918 3461 1985 3481 non
2005 3457 2040 3481 ut
2061 3450 2163 3481 forma
2186 3451 2219 3481 in
2243 3461 2281 3482 eo
2304 3452 2393 3483 cuius
2418 3458 2464 3482 est

1398 3497 1510 3527 forma.
1529 3496 1645 3526 Sensus
1670 3505 1744 3535 ergo
1769 3494 1981 3526 conclusionis
2005 3502 2059 3531 est,
2076 3495 2164 3536 quod
2187 3505 2312 3526 necesse
2337 3503 2382 3527 est
2405 3506 2462 3536 po-

1399 3551 1472 3572 nere
1495 3540 1580 3570 ideas
1603 3539 1756 3570 obiective
1778 3539 1811 3569 in
1834 3539 1993 3570 intellectu
2017 3538 2135 3570 divino.

1452 3585 1503 3615 111.
1522 3583 1639 3621 Quoad
1655 3583 1829 3614 secundum
1846 3584 1877 3614 *:
1903 3583 1973 3614 idea
1998 3582 2151 3623 significat
2173 3583 2311 3614 formam
2330 3584 2463 3615 alicuius
2490 3595 2499 3603 ·
2515 3592 2550 3615 ef.
2565 3598 2629 3614 num.
2645 3598 2665 3614 ι.

1399 3629 1442 3660 rei
1457 3636 1578 3670 praeter
1601 3637 1668 3658 rem
1684 3627 1786 3668 ipsam
1802 3627 1994 3658 existentem.
2012 3627 2053 3659 Et
2072 3628 2245 3659 declaratur
2261 3638 2297 3659 ex
2312 3628 2463 3659 idiomate
