2768 4178
20 602 32 614 ·
45 602 99 624 Lib.
115 601 146 630 V,
166 607 238 630 prosa

982 257 1250 305 QUAESTIO
1278 258 1331 305 x,
1360 259 1657 297 ARTmULUs
1687 260 1737 297 tv

262 336 475 375 differentia
503 350 573 387 per
592 338 779 385 accidens,
801 344 837 374 et
855 349 934 374 non
952 349 1023 386 per
1042 349 1095 375 se.
1125 337 1226 384 Quia
1247 337 1335 374 dato

265 390 370 450 quod
403 398 557 440 tempus
590 403 744 450 semper
775 390 887 427 fuerit
921 398 958 427 et
985 402 1139 450 semper
1166 391 1337 427 futurum

263 443 320 490 sit,
342 444 557 482 secundum
576 444 807 493 positionem
837 455 972 480 eorum
989 443 1054 492 qui
1074 450 1224 480 motum
1245 443 1339 480 caeli

262 505 412 556 ponunt
431 497 721 557 sempiternum,
742 494 869 533 adhuc
893 496 1106 533 remanebit
1125 496 1338 533 differentia

263 550 361 588 inter
398 550 658 588 aeternitatem
694 557 731 586 et
767 556 939 598 tempus,
978 557 1019 586 ut
1057 549 1146 587 dicit
1181 549 1337 587 Boetius

263 603 304 641 in
331 603 428 640 libro
457 604 504 640 de
535 602 722 640 Consolat.
752 602 792 650 ³¹²,
823 615 869 640 ex
897 603 972 640 hoc
1000 603 1108 652 quod
1136 603 1336 640 aeternitas

265 664 322 694 est
348 664 427 694 tota
452 656 577 703 simul,
598 656 704 705 quod
733 655 899 705 tempori
919 668 998 693 non
1018 655 1218 694 convenit:
1247 656 1337 705 quia

264 710 467 747 aeternitas
495 717 551 746 est
577 721 760 746 mensura
789 721 872 746 esse
891 709 1164 758 permanentis,
1185 718 1338 759 tempus

263 774 360 800 vero
390 770 446 799 est
473 774 658 799 mensura
676 770 818 799 motus.

319 815 360 852 Si
378 823 510 853 tamen
536 815 732 864 praedicta
751 815 965 853 differentia
984 816 1200 854 attendatur
1218 829 1336 866 quan—

263 876 348 906 tum
367 868 418 906 ad
436 876 670 916 mensurata,
688 876 725 906 et
747 882 828 906 non
847 876 1035 929 quantum
1055 869 1104 907 ad
1123 882 1335 918 mensuras,

262 922 318 959 sic
343 922 462 959 habet
489 922 658 972 aliquam
685 928 695 942 ‘
723 922 937 960 rationem:
967 935 1057 971 quia
1085 924 1212 960 solum
1241 924 1336 961 illud

265 982 509 1013 mensuratur
535 982 729 1024 tempore,
760 976 866 1025 quod
893 976 1011 1013 habet
1040 977 1271 1026 principium
1301 985 1338 1014 et

232 1027 418 1067 finem
410 1040 449 1066 1n
467 1036 656 1078 tempore,
676 1037 718 1066 ut
737 1029 900 1067 dicitur
891 1042 931 1066 1n
950 1030 1002 1067 IV
1019 1031 1169 1078 Pitysic.
1185 1030 1205 1051 ’¹‘
1224 1030 1336 1068 Unde

265 1081 296 1119 si
313 1088 444 1119 motus
465 1082 558 1119 caeli
587 1095 742 1131 semper
761 1083 931 1130 duraret,
957 1090 1111 1132 ternpus
1130 1096 1211 1120 non
1230 1095 1336 1120 men-

265 1142 412 1172 suraret
429 1135 558 1184 ipsum
578 1136 792 1173 secundum
811 1148 923 1173 suam
942 1143 1063 1173 totam
1083 1136 1336 1184 durationem,

221 1226 224 1227 ⁷
265 1200 356 1226 cum
384 1188 578 1226 infinitum
607 1202 687 1227 non
716 1189 763 1227 sit
781 1189 1057 1234 mensurabile;
1086 1189 1156 1226 sed
1182 1201 1338 1226 mensu-

35 1278 47 1291 ,
100 1253 101 1260 ¹
229 1242 603 1291 “raretaquamlibet
631 1242 936 1293 circulationem,
965 1254 1065 1290 quae
1094 1243 1210 1279 habet
1236 1242 1338 1291 prin·

267 1294 412 1344 cipium
441 1303 478 1333 et
503 1296 624 1334 finem
649 1295 689 1333 in
707 1302 896 1344 tempore.

320 1349 453 1386 Potest
469 1356 601 1387 tamen
615 1356 652 1386 et
670 1348 784 1386 aliam
805 1348 994 1386 rationem
1008 1348 1153 1385 habere
1173 1361 1219 1386 ex
1233 1355 1339 1398 parte

265 1402 426 1439 istarum
455 1414 737 1448 mensurarum,
768 1401 799 1439 si
827 1401 1035 1451 accipiatur
1062 1401 1150 1439 finis
1175 1409 1213 1439 et
1238 1402 1340 1451 prin-

267 1454 410 1504 cipium
438 1454 478 1492 in
504 1454 685 1504 potentia.
717 1454 819 1502 Quia
848 1454 962 1492 etiam
992 1454 1082 1492 dato
1111 1455 1217 1504 quod
1245 1463 1340 1492 tem-

266 1520 340 1558 pus
366 1519 521 1557 semper
549 1508 669 1556 duret,
697 1515 827 1545 tamen
849 1507 1031 1558 possibile
1059 1515 1115 1546 est
1134 1508 1282 1556 signare
1302 1508 1341 1546 in

265 1568 443 1611 tempore
471 1561 485 1587 ς
522 1569 559 1598 et
593 1561 825 1611 principium
863 1570 900 1599 et
936 1562 1077 1609 finem,
1116 1562 1340 1611 accipiendo

266 1614 412 1664 aliquas
442 1621 569 1664 partes
601 1615 740 1664 ipsius,
778 1615 875 1652 sicut
911 1614 1074 1652 dicimus
1110 1615 1341 1664 principium

268 1676 306 1707 et
336 1667 458 1707 finem
491 1667 566 1706 diei
598 1669 662 1706 vel
694 1668 805 1706 anni:
841 1668 948 1718 quod
982 1680 1063 1706 non
1095 1668 1277 1717 contingit
1303 1668 1341 1706 in

267 1721 499 1760 aeternitate.

268 1802 273 1805 »
321 1774 400 1813 Sed
436 1782 567 1813 tamen
600 1781 614 1799 '¹
648 1775 741 1812 istae
779 1775 1015 1813 differentiae
1054 1782 1342 1824 consequuntur

267 1840 356 1867 eam
385 1841 483 1878 quae
513 1837 570 1866 est
595 1842 665 1878 per
684 1841 724 1866 se
755 1836 791 1866 et
809 1828 949 1878 primo,
976 1828 1242 1875 differentiam,
1272 1841 1341 1877 per

318 1961 341 1992 ε)
360 1961 487 1994 aliquam.
508 1975 522 1980 -
542 1961 624 1986 aliam
644 1961 707 1986 Pae.

320 1997 347 2030 ζ)
366 2000 493 2029 tempore.
510 2010 530 2016 —
547 1997 605 2029 ipso
623 1997 746 2022 ABCDE.

322 2033 350 2065 η)
369 2036 496 2058 tamen.—-
507 2032 570 2058 Om.
584 2032 686 2057 codices
701 2037 727 2057 et
740 2033 780 2057 ed.
795 2039 821 2058 a.
832 2047 851 2052 -
864 2032 915 2057 Pro
930 2032 1118 2067 differentiam,
1134 2032 1284 2067 differentia
1295 2033 1338 2058 sF.

321 2065 347 2101 Θ)
366 2075 514 2094 mensurae.
530 2081 551 2088 -
569 2074 694 2093 mensura
713 2067 891 2101 ACDEF'GpB
910 2073 935 2093 et
953 2068 1012 2093 edd.
1031 2069 1083 2093 ab.

323 2103 342 2136 ι)
361 2110 496 2129 mensura.
513 2117 533 2123 -
550 2104 613 2129 Om.
632 2104 735 2128 codices
755 2108 781 2128 et
799 2104 840 2128 ed.
853 2111 880 2128 α.

2405 274 2454 309 99

1391 338 1466 374 hoc
1498 338 1605 386 quod
1642 339 1841 376 aeternitas
1871 347 1926 376 est
1952 348 2030 377 tota
2058 341 2191 388 simul,
2222 354 2300 378 non
2329 349 2455 378 autem

1391 398 1556 440 tempus.

1445 446 1504 480 An
1532 456 1669 481 PR1MUM
1698 456 1796 482 ERGO
1825 457 2008 483 DICENDUM
2037 448 2142 495 quod
2166 447 2260 484 ratio
2289 447 2350 484 illa
2368 460 2456 496 pro-

1392 497 1554 544 cederet,
1575 497 1605 534 si
1631 505 1783 546 tempus
1804 506 1840 535 et
1859 499 2056 536 aeternitas
2076 508 2201 537 essent
2221 513 2424 537 mensurae
2444 499 2457 521 ⁰

1390 551 1503 587 unius
1531 550 1700 599 generis:
1731 551 1836 600 quod
1872 559 1975 600 patet
2013 565 2095 589 esse
2133 553 2289 601 falsum,
2321 566 2365 590 ex
2398 554 2456 591 his

1391 616 1558 653 quorum
1588 611 1643 641 est
1670 611 1822 654 tempus
1851 612 1888 641 et
1915 605 2114 642 aeternitas
2143 618 2323 643 mensura
2349 614 2368 643 ¹.

1444 658 1504 694 An
1532 669 1722 694 SECUNDUM
1751 669 1935 695 montinum
1955 658 2059 707 quod
2079 671 2179 695 nunc
2197 660 2382 708 temporis
2403 667 2457 697 est

1391 710 1495 747 idem
1515 710 1687 747 subiecto
1715 710 1755 748 in
1783 718 1863 748 toto
1889 718 2084 760 tempore,
2114 713 2181 749 sed
2202 712 2380 750 differens
2400 726 2457 750 ra·

1390 763 1515 801 tione:
1547 776 1592 800 eo
1622 763 1745 812 quod,
1779 764 1876 801 sicut
1907 771 2059 813 tempus
2088 766 2294 814 respondet
2322 767 2455 814 motui,

1391 816 1442 854 ita
1470 829 1570 854 nunc
1596 817 1781 865 temporis
1809 817 2017 877 respondet
2043 818 2197 865 mobili;
2227 819 2370 856 mobile
2393 832 2458 856 au-

1390 877 1469 907 tem
1499 877 1554 909 est
1580 869 1683 907 idem
1713 870 1884 907 subiecto
1912 871 1951 908 in
1978 878 2059 908 toto
2080 871 2244 908 decursu
2261 872 2457 921 temporis,

1391 923 1459 961 sed
1489 923 1710 960 differens
1731 923 1890 970 ratione,
1920 924 2148 973 inquantum
2174 931 2230 962 est
2256 925 2318 962 hic
2338 933 2374 962 et
2391 925 2456 963 ibi.

1391 977 1441 1014 Et
1454 977 1524 1013 ista
1539 975 1764 1014 alternatio
1779 984 1834 1014 est
1848 985 1989 1014 motus.
2007 977 2188 1015 Similiter
2201 978 2350 1015 fluxus
2342 979 2459 1028 ipsius

1391 1042 1503 1076 nunc,
1524 1030 1737 1067 secundum
1756 1030 1863 1080 quod
1883 1031 2088 1068 alternatur
2112 1031 2269 1079 ratione,
2291 1039 2347 1068 est
2365 1039 2460 1069 tem-

1391 1095 1474 1131 pus.
1504 1083 1717 1119 Aeternitas
1745 1090 1873 1120 autem
1903 1092 2035 1121 manet
2058 1084 2195 1122 eadem
2224 1092 2261 1122 et
2289 1085 2459 1122 subiecto

1393 1144 1429 1173 et
1456 1135 1612 1173 ratione.
1651 1136 1764 1174 Unde
1792 1137 1994 1174 aeternitas
2027 1150 2107 1175 non
2139 1145 2195 1175 est
2221 1137 2324 1175 idem
2355 1139 2460 1187 quod

1392 1201 1493 1226 nunc
1520 1188 1716 1237 temporis.

1446 1244 1505 1278 An
1533 1253 1693 1279 TERTIUM
1721 1254 1905 1280 mCENDUM
1929 1244 2046 1290 quod,
2067 1243 2164 1280 sieut
2187 1244 2385 1282 aeternitas
2405 1253 2461 1282 est

1393 1294 1548 1344 propria
1575 1307 1756 1332 mensura
1782 1295 1901 1344 ipsius
1928 1308 2024 1343 esse,
2045 1296 2095 1333 ita
2122 1304 2275 1345 tempus
2299 1305 2356 1334 est
2373 1309 2461 1346 pro—

1392 1347 1476 1397 pria
1503 1360 1684 1385 mensura
1712 1355 1852 1385 motus.
1882 1349 1994 1386 Unde
2022 1350 2235 1387 secundum
2263 1351 2369 1399 quod
2396 1351 2462 1387 ali-

1394 1400 1500 1451 quod
1529 1413 1612 1438 esse
1642 1401 1782 1439 recedit
1810 1414 1832 1438 a
1855 1402 2120 1450 permanentia
2140 1402 2291 1440 essendi
2315 1411 2351 1440 et
2374 1404 2461 1440 sub-

1395 1454 1494 1492 ditur
1521 1454 1848 1502 transmutationi,
1878 1455 2091 1493 secundum
2111 1456 2187 1492 hoc
2205 1463 2224 1483 Ι*
2243 1456 2386 1494 recedit
2413 1457 2461 1494 ab

1395 1507 1613 1545 aeternitate
1638 1515 1674 1544 et
1702 1507 1876 1545 subditur
1893 1509 2068 1558 tempori.
2099 1510 2194 1546 Esse
2224 1522 2314 1558 ergo
2334 1522 2462 1547 rerum

1396 1560 1710 1610 corruptibilium,
1731 1561 1822 1609 quia
1850 1570 1906 1599 est
1928 1562 2227 1610 transmutabile,
2248 1575 2327 1600 non
2355 1575 2462 1600 men-

1395 1622 1545 1652 suratur
1572 1614 1810 1662 aeternitate,
1840 1615 1908 1652 sed
1936 1623 2122 1665 ternpore.
2157 1617 2332 1665 Tempus
2361 1616 2462 1654 enirn

1396 1675 1592 1706 mensurat
1609 1680 1689 1706 non
1717 1669 1843 1705 solum
1873 1681 1971 1717 quae
1990 1675 2287 1706 transmutantur
2305 1669 2344 1706 in
2363 1677 2460 1718 actu,

1395 1721 1463 1759 sed
1492 1734 1591 1770 quae
1611 1729 1699 1759 sunt
1721 1722 2022 1759 transmutabilia
2045 1729 2066 1759 '.
2089 1722 2200 1760 Unde
2229 1735 2308 1760 non
2336 1723 2462 1760 solum

1395 1782 1593 1812 mensurat
1624 1782 1795 1822 motum,
1825 1775 1894 1812 sed
1922 1775 2037 1813 etiam
2066 1775 2250 1824 quietem;
2280 1788 2378 1825 quae
2408 1784 2463 1813 est

1396 1828 1476 1865 eius
1505 1829 1610 1877 quod
1638 1836 1771 1866 natum
1800 1836 1855 1866 est
1882 1829 2042 1877 moveri,
2073 1836 2109 1866 et
2132 1841 2210 1866 non
2230 1837 2420 1867 movetur.

1448 1961 1474 1994 κ)
1494 1961 1628 1995 differens.
1645 1974 1666 1981 —
1683 1961 1774 1996 differt
1790 1962 1891 1987 codices
1911 1967 1936 1986 et
1955 1962 1995 1986 ed.
2009 1969 2035 1986 α.

1449 1997 1476 2029 λ)
1495 1997 1650 2022 alternatio.
1667 2011 1686 2016 -
1702 1997 1847 2023 alternatio
1865 1997 1922 2022 eius
1940 1997 1994 2026 FG,
2013 1998 2139 2023 alteratio
2155 1997 2210 2022 eius
2224 1998 2324 2027 ACDE.
2337 1999 2463 2023 alteratio

1395 2033 1437 2058 vel
1455 2033 1600 2058 alternatio
1618 2033 1674 2058 eius
1693 2033 1726 2063 B;
1746 2041 1836 2066 margo
1855 2033 1877 2057 D
1897 2033 1938 2057 vel
1955 2033 2107 2058 alternatio.

1450 2068 1478 2102 μ)
1498 2068 1642 2093 secundum
1662 2068 1719 2093 hoc.
1736 2082 1755 2087 -
1774 2068 1836 2093 Om.
1855 2068 1956 2093 codices
1976 2073 2002 2092 et
2020 2069 2061 2093 ed.
2075 2076 2101 2093 a.

1449 2104 1472 2136 ν)
1493 2104 1719 2129 transmutabilia.
1736 2118 1755 2123 —
1773 2104 1799 2129 in
1814 2103 1939 2136 potentia
1957 2103 2026 2128 addit
2043 2104 2073 2128 B.

952 2200 1287 2233 Commentaria
1310 2200 1564 2233 Cardinalis
1585 2199 1788 2232 Caietam

302 2307 324 2328 n
351 2297 464 2333 titulo,
492 2298 584 2329 aliud
610 2298 741 2329 realiter.
766 2315 786 2320 —
810 2297 844 2328 In
874 2307 1008 2339 corpore
1036 2298 1188 2339 quinque.
1212 2298 1340 2335 Primo,

274 2309 442 2373 lostendit
457 2342 546 2383 quod
563 2341 698 2373 dubium
714 2342 747 2373 in
763 2342 825 2373 hoc
842 2342 988 2383 quaesito
1005 2342 1054 2378 sit,
1068 2353 1134 2373 non
1150 2341 1340 2383 quaesitum,

270 2385 327 2416 sed
349 2385 431 2417 ratio
455 2385 598 2427 quaesiti.

325 2429 482 2466 Secundo,
507 2430 601 2462 refert
623 2431 787 2472 quandam
810 2430 998 2472 opinionem
1014 2430 1094 2461 circa
1117 2430 1253 2461 dubium
1270 2429 1342 2472 (sci-

269 2473 345 2506 licet
359 2474 516 2507 rationem
538 2474 672 2507 alietatis
689 2475 771 2506 inter
789 2473 901 2517 haec):
927 2475 1053 2511 scilicet,
1078 2482 1208 2516 propter
1226 2475 1343 2506 habere

265 2519 464 2560 principium
489 2525 521 2550 et
532 2519 638 2561 finem
663 2527 694 2551 et
717 2529 780 2550 non
799 2519 918 2550 habere
940 2519 1026 2550 haec.

333 2563 451 2602 Tertio,
467 2563 680 2605 improbatur:
697 2564 774 2604 quia
789 2564 851 2594 hoc
870 2571 916 2594 est
929 2574 986 2605 per
1001 2563 1154 2595 accidens.
1171 2564 1340 2594 Probatur:

273 2606 358 2648 quia,
375 2607 435 2638 hac
450 2607 623 2639 differentia
640 2608 773 2644 sublata,
794 2614 969 2639 remaneret
984 2608 1044 2638 alia
1060 2618 1077 2638 a
1093 2608 1206 2640 Boetio
1223 2607 1342 2648 posita;

273 2650 400 2687 scilicet,
423 2661 481 2692 per
503 2661 572 2683 esse
594 2657 694 2683 totum
717 2653 815 2683 simul
838 2659 868 2683 et
887 2662 955 2683 esse
976 2653 1200 2683 successivum.

331 2694 468 2733 Quarto,
494 2696 634 2727 salvatur
650 2696 830 2737 improbata
846 2696 957 2738 opinio
978 2698 1156 2728 secundum
1180 2696 1342 2737 duplicem

274 2748 420 2770 sensum:
438 2739 564 2777 scilicet,
581 2740 786 2781 intelligendo
802 2740 892 2772 illam
907 2740 1116 2773 differentiam
1134 2741 1241 2782 quoad
1256 2750 1342 2771 men-

273 2788 408 2822 surata;
431 2784 482 2815 vel
507 2785 546 2815 de
568 2784 725 2827 principio
745 2792 775 2816 et
797 2783 860 2816 fine
879 2786 911 2816 in
929 2787 1085 2826 potentia.

331 2827 463 2867 Quinto,
487 2829 698 2870 respondetur
713 2829 868 2870 quaesito,
884 2830 1078 2871 inquantum
1094 2827 1265 2861 dubitabile
1285 2836 1341 2865 est,

274 2881 339 2903 una
358 2873 563 2904 conclusione
587 2873 817 2914 complectente
840 2874 1084 2915 quodammodo
1112 2873 1221 2904 omnia
1251 2873 1342 2904 dicta.

274 2916 316 2948 Et
331 2923 378 2948 est
391 2917 465 2949 ista:
486 2918 570 2949 Inter
585 2917 802 2949 aeternitatem
826 2925 857 2950 et
877 2925 1006 2960 tempus
1029 2929 1085 2960 per
1101 2928 1134 2948 se
1157 2917 1263 2959 primo
1284 2917 1342 2947 dif-

275 2960 407 2992 ferentia
429 2968 476 2993 est
497 2972 555 3003 per
574 2972 642 2993 esse
665 2967 764 2993 totum
788 2963 885 2994 simul
908 2969 939 2994 et
962 2973 1025 2994 non
1050 2972 1119 2993 esse
1140 2962 1323 2993 huiusmodi
1328 2971 1342 3000 ;

274 3004 319 3036 ita
334 3006 423 3046 quod
437 3007 559 3048 reliqua
574 3007 655 3037 hanc
672 3014 922 3047 consequuntur.
939 3009 981 3039 Et
995 3007 1186 3048 relinquitur
1200 3016 1236 3036 ex
1253 3006 1342 3037 dictis

276 3055 364 3081 nota.

322 3093 358 3124 11.
373 3093 511 3128 Adverte
524 3095 586 3132 hic,
610 3094 700 3136 quod
716 3095 826 3136 opinio
846 3095 972 3127 recitata
991 3096 1024 3126 in
1039 3095 1141 3127 littera
1157 3102 1219 3126 tres
1233 3104 1343 3125 sensus

276 3133 392 3168 habere
419 3145 539 3180 potest:
568 3139 688 3190 primo,
713 3140 751 3170 de
779 3139 893 3170 habere
920 3140 1113 3192 principium
1137 3145 1168 3170 et
1189 3138 1287 3170 finem
1311 3140 1343 3169 in

275 3182 381 3222 seipsa
405 3192 575 3222 mensura,
603 3184 638 3214 in
661 3191 732 3215 actu
760 3191 881 3219 tamem
906 3184 1057 3221 secundo,
1081 3185 1114 3214 in
1138 3184 1343 3220 mensuratis,

277 3225 449 3258 similiter
441 3237 474 3258 m
497 3234 583 3265 actu;
607 3228 710 3265 tertio,
735 3230 766 3259 in
781 3229 937 3269 potentia,
953 3229 988 3259 in
1006 3228 1109 3270 seipsa
1131 3235 1239 3259 tamen
1257 3237 1345 3258 men-

277 3279 359 3301 sura.
383 3271 424 3302 Et
440 3271 524 3313 quia,
549 3282 624 3303 cum
647 3273 754 3314 aliqua
777 3272 949 3304 differentia
971 3272 1010 3303 de
1026 3273 1134 3323 aliquo
1159 3272 1345 3312 assignatur,

275 3313 461 3356 intelligitur
476 3316 565 3356 quod
581 3316 634 3375 illa
649 3317 822 3348 differentia
837 3317 911 3348 insit
926 3316 996 3347 illi
988 3327 1020 3347 tn
1038 3316 1156 3358 seips0;
1182 3323 1212 3347 et
1228 3326 1345 3352 rursus,

1398 2307 1472 2328 cum
1487 2297 1631 2328 absolute
1655 2296 1790 2327 dicimus
1808 2297 2002 2338 principium
2025 2304 2080 2328 aut
2096 2296 2201 2333 finem,
2226 2296 2409 2337 intelligitur
2432 2298 2464 2327 in

1397 2338 1484 2378 actu;
1509 2341 1581 2372 ideo
1600 2341 1722 2382 primus
1742 2351 1852 2372 sensus
1875 2341 2019 2372 absolute
2042 2342 2240 2382 improbatus
2264 2348 2319 2372 est.
2346 2339 2464 2373 Secun-

1397 2386 1457 2416 dus
1472 2395 1547 2416 vero
1565 2393 1595 2416 et
1610 2385 1730 2422 tertius,
1755 2385 1810 2426 qui
1827 2394 1961 2426 possunt
1985 2386 2173 2426 exponendo
2197 2385 2325 2421 sufferri,
2352 2386 2464 2416 deinde

1397 2430 1536 2471 appositi
1561 2437 1596 2460 ut
1618 2430 1682 2460 veri
1707 2437 1790 2461 sunt.
1822 2430 1884 2460 Sed
1906 2429 2060 2470 quoniam
2090 2439 2156 2460 non
2180 2429 2346 2460 radicalem
2377 2429 2463 2460 diffe-

1398 2475 1540 2511 rentiam,
1565 2474 1621 2505 sed
1643 2474 1863 2505 secundariam
1892 2474 2080 2514 tangebant,
2104 2474 2176 2504 ideo
2200 2473 2314 2504 ultimo
2338 2483 2465 2514 respon-

1398 2519 1503 2549 dendo
1535 2519 1673 2549 radicem
1695 2518 1814 2558 posuit.
1834 2518 1955 2549 Omnia
1977 2517 2010 2548 in
2033 2517 2135 2549 littera
2159 2518 2239 2548 clare
2262 2524 2381 2558 patent.

1452 2563 1503 2593 111.
1529 2562 1622 2594 Circa
1646 2563 1724 2593 illud
1741 2562 1862 2593 dictum
1886 2563 1918 2592 in
1942 2562 2082 2592 secundo
2106 2572 2210 2597 sensu,
2234 2561 2350 2592 scilicet
2375 2562 2464 2603 quod

1398 2612 1502 2638 motus
1521 2608 1613 2644 caeli,
1630 2608 1659 2637 si
1674 2612 1755 2637 esset
1777 2612 1942 2642 aeternus,
1967 2616 2030 2636 non
2057 2611 2302 2637 mensuraretur
2325 2612 2465 2647 tempore

1397 2651 1572 2682 secundum
1589 2656 1700 2688 totum,
1714 2650 1770 2681 sed
1784 2650 1958 2681 secundum
1974 2656 2100 2691 partes,
2119 2650 2254 2681 dubium
2277 2650 2412 2681 occurrit
2428 2660 2464 2680 ex

1398 2695 1505 2732 Scoto‚
1520 2695 1553 2725 in
1568 2695 1726 2731 Secundo,
1737 2694 1807 2725 dist.
1819 2705 1851 2731 n,
1864 2705 1919 2735 qu.
1935 2705 1978 2725 111.
1994 2694 2056 2725 Sed
2072 2694 2148 2735 quia
2159 2694 2221 2725 hoc
2237 2701 2355 2735 spectat
2371 2694 2411 2724 ad
2423 2695 2468 2725 IV-

1397 2740 1537 2781 Plrysie„
1562 2740 1595 2769 in
1618 2746 1704 2770 textu
1726 2750 1735 2769 1
1749 2750 1784 2780 17
1800 2739 1826 2775 *,
1843 2739 1917 2770 ideo
1933 2739 1994 2775 hic,
2010 2739 2065 2769 ubi
2081 2749 2147 2770 non
2162 2749 2199 2770 ex
2215 2738 2381 2779 proposito
2398 2746 2464 2770 tan-

1397 2784 1491 2824 gitur,
1517 2784 1689 2814 omittatur.

1451 2829 1493 2859 Et
1508 2827 1651 2858 similiter
1668 2827 1823 2858 dubitatio
1840 2827 1921 2858 circa
1935 2827 2132 2858 identitatem
2149 2837 2235 2858 nunc
2250 2827 2282 2857 in
2298 2833 2367 2858 toto
2384 2834 2464 2858 tem—

1398 2882 1492 2913 pore,
1518 2879 1633 2903 tactam
1655 2871 1689 2902 in
1712 2871 1918 2912 responsione
1942 2871 1982 2902 ad
2006 2872 2197 2907 secundum,
2222 2881 2295 2902 cum
2318 2877 2465 2902 tractetur

1398 2917 1430 2947 in
1454 2917 1569 2947 eodem
1593 2922 1718 2957 quarto,
1735 2926 1753 2946 a
1769 2922 1854 2947 textu
1877 2916 1934 2946 103
1953 2926 2055 2957 usque
2079 2916 2119 2946 ad
2141 2922 2262 2946 textum
2283 2915 2341 2946 108
2354 2915 2381 2951 *‚
2406 2915 2464 2945 ibi-

1399 2961 1483 2997 dem,
1505 2961 1575 2991 Deo
1592 2961 1696 2996 dante,
1713 2959 1908 2996 tractabitur;
1924 2967 1955 2990 et
1969 2960 2008 2990 de
2023 2960 2072 2990 his
2089 2966 2135 2990 est
2149 2959 2293 3000 quaestio
2309 2959 2463 2999 specialis.

1455 3005 1506 3036 IV.
1532 3005 1568 3035 In
1591 3004 1800 3045 responsione
1823 3005 1863 3034 ad
1886 3004 2029 3040 tertium,
2053 3011 2100 3034 est
2123 3003 2258 3034 dubium
2282 3003 2362 3034 circa
2384 3003 2464 3033 iilud

1399 3050 1530 3085 dictum,
1555 3049 1672 3080 scilicet
1692 3049 1782 3091 quod
1797 3058 1865 3080 esse
1879 3058 1988 3079 rerum
2003 3048 2236 3089 generabilium
2261 3053 2465 3078 mensuretur

1400 3100 1549 3135 tempore.
1561 3093 1675 3133 Arguit
1688 3092 1773 3123 enim
1786 3099 1896 3124 contra
1907 3092 1986 3123 illud
1998 3093 2120 3128 Scotus,
2135 3092 2168 3122 in
2181 3091 2337 3128 Secundo,
2349 3091 2419 3122 dist.
2430 3101 2462 3127 11,

1400 3148 1453 3179 qu.
1470 3149 1510 3174 1v,
1528 3138 1638 3168 volens
1661 3137 1750 3178 quod
1774 3137 1917 3168 absolute
1932 3143 2132 3168 mensuretur
2150 3146 2239 3166 aevo.
2264 3135 2325 3166 Sed
2341 3135 2416 3176 quia
2431 3135 2464 3165 in

1401 3182 1544 3223 sequenti
1560 3181 1692 3222 articulo
1708 3181 1776 3212 aevi
1790 3188 1902 3212 natura
1917 3180 2108 3212 notificanda
2124 3187 2178 3216 est,
2191 3187 2222 3210 et
2236 3180 2350 3210 eodem
2367 3179 2464 3210 utitur

1401 3227 1515 3258 Scotus
1539 3232 1727 3266 argumento
1751 3232 1860 3256 contra
1882 3225 1944 3256 hoc
1968 3232 1999 3256 et
2017 3232 2126 3255 contra
2147 3234 2331 3254 mensuram
2354 3233 2463 3264 opera-

1402 3271 1497 3302 tionis
1521 3270 1689 3311 angelicae,
1714 3269 1831 3301 idcirco
1855 3279 1956 3311 usque
1975 3269 2014 3299 ad
2031 3275 2216 3310 sequentem
2240 3267 2399 3299 differatur
2417 3278 2463 3298 ar-

1403 3315 1538 3346 ticulum
1552 3314 1578 3345 *.

2580 934 2595 949 κ

2491 2745 2502 2755 ⁸
2518 2744 2574 2772 Cap.
2586 2750 2623 2772 xu,
2635 2750 2658 2766 n.
2668 2750 2701 2766 10.

2492 2923 2499 2931 ·
2512 2921 2569 2948 Cap.
2578 2927 2611 2948 xi,
2620 2926 2643 2942 n.
2651 2926 2702 2948 7·¹¹›

2490 3317 2499 3327 “
2513 3316 2583 3338 Num.
2594 3322 2642 3337 xix.
