2768 4178
96 871 234 915 ,Ιοιτξίι4

983 242 1252 289 QUAESTIO
1282 243 1314 290 Ι,
1344 244 1643 282 ARTICULUS
1670 245 1740 282 VII

2419 263 2463 298 19

1055 396 1376 439 ARTICULUS
1406 397 1676 440 SEPTIMUS

831 488 990 519 UTRUM
1013 488 1126 520 DEUS
1150 489 1218 520 SIT
1242 489 1494 522 SUBIECTUM
1518 492 1650 523 Hums
1674 492 1904 524 sclENrtAE

778 577 875 608 Supra,
894 582 942 601 art.
964 575 987 606 3,
1007 577 1039 601 ad
1062 584 1084 608 15
1102 576 1112 601 l
1133 577 1218 607 Sent„
1237 577 1317 607 Ptol..
1336 583 1382 603 art.
1402 586 1433 610 45
1453 579 1479 603 in
1498 580 1573 605 Boet.
1592 580 1626 605 de
1648 580 1732 610 Trin„
1752 588 1798 614 qu.
1816 589 1841 612 v,
1861 586 1907 606 art.
1925 589 1951 613 4.

382 810 394 819 ,
423 770 430 777 ²
464 762 523 800 ln
552 763 719 813 qualibet
753 764 856 801 enim
885 764 1041 801 scientia
1075 772 1227 814 oportet
1255 778 1343 815 sup-

368 819 413 845 'ffr‘
459 836 470 845 κ-
488 829 626 854 sonere
656 817 703 854 de
732 817 905 855 subiecto
932 818 1024 867 quid
1041 824 1105 865 est,
1127 820 1343 857 secundum

262 869 544 931 Philosophum
579 870 618 908 in
648 872 825 908 IPoster.
855 871 875 893 ’¹‘
905 872 983 909 Sed
1017 872 1114 909 haec
1150 872 1306 910 scientia
1326 880 1343 894 ‘²‘

262 935 343 961 non
375 924 559 973 supponit
592 924 641 962 de
669 925 756 962 Deo
794 926 886 975 quid
912 932 986 963 est:
1016 925 1106 963 dicit
1135 926 1238 963 enim
1267 928 1345 964 Da-

262 989 467 1015 mascenus
491 977 529 1015 *z
559 978 597 1015 in
625 979 710 1015 Deo
739 979 831 1027 quid
856 985 929 1025 est,
959 980 1085 1016 dicere
1117 980 1345 1030 impossibile

231 1048 234 1050 v
262 1036 326 1068 est.
357 1031 460 1079 Ergo
481 1032 588 1069 Deus
608 1043 688 1069 non
709 1040 764 1069 est
783 1032 998 1070 subiectum
1018 1033 1132 1070 huius
1151 1034 1343 1071 scientiae.

317 1095 353 1121 2.
384 1085 632 1133 PRAETEREA,
663 1085 795 1123 omnia
833 1098 933 1134 quae
972 1086 1274 1124 determinantur
1306 1087 1344 1124 in

262 1137 389 1186 aliqua
427 1138 605 1188 scientia,
645 1140 1024 1188 comprehenduntur
1061 1140 1133 1177 sub
1172 1140 1344 1178 subiecto

260 1190 358 1228 illius
386 1191 580 1230 scientiae.
611 1193 689 1230 Sed
717 1192 756 1230 in
783 1205 891 1230 sacra
910 1193 1095 1242 scriptura
1115 1193 1345 1231 determina—

258 1251 323 1282 tur
351 1244 400 1282 de
428 1242 559 1283 multis
587 1246 670 1283 aliis
698 1258 818 1294 quam
847 1246 895 1284 de
924 1247 1023 1293 Deo,
1044 1254 1138 1295 puta
1168 1247 1216 1284 de
1242 1260 1346 1284 crea-

261 1297 356 1335 turis
374 1297 404 1344 Ρ,
435 1307 472 1336 et
491 1299 539 1337 de
558 1299 732 1336 moribus
752 1298 970 1337 hominum.
1000 1301 1103 1348 Ergo
1134 1302 1241 1338 Deus
1264 1313 1344 1338 non

263 1358 321 1389 est
347 1352 565 1390 subiectum
594 1352 708 1390 huius
737 1353 930 1390 scientiae.

317 1405 393 1442 SED
422 1410 586 1454 (ῑοΝτιιΑ,
614 1405 709 1444 illud
737 1414 794 1444 est
826 1407 1044 1444 subiectum
1073 1407 1267 1455 scientiae,
1298 1408 1345 1445 de

262 1469 341 1508 quo
362 1465 418 1496 est
437 1471 564 1497 sermo
584 1459 623 1497 in
643 1459 812 1497 scientia.
845 1460 951 1498 Sed
942 1473 982 1498 in
1000 1461 1074 1498 hac
1097 1461 1255 1498 scientia
1273 1462 1317 1499 fit
1332 1467 1346 1488 ⁷

263 1523 393 1550 sermo
411 1512 459 1550 de
473 1514 578 1551 Deo:
600 1513 736 1551 dicitur
755 1514 859 1551 enirn
875 1514 1078 1565 theologus,
1088 1527 1205 1563 quasi
1219 1527 1345 1552 sermo

261 1565 308 1603 de
325 1564 439 1603 Deo.
453 1567 556 1615 Ergo
581 1568 689 1604 Deus
709 1575 766 1604 est
784 1567 999 1605 subiectum
1018 1568 1132 1605 huius
1152 1568 1344 1606 scientiae.

317 1619 546 1658 REspoumzo
574 1633 761 1658 memnon
790 1621 896 1670 quod
924 1623 1033 1659 Deus
1053 1629 1109 1659 est
1128 1622 1344 1659 subiectum

261 1672 375 1710 huius
409 1673 588 1711 scientiae
607 1674 639 1712 *.
671 1674 735 1712 Sic
763 1674 868 1712 enim
906 1687 947 1712 se
978 1675 1096 1712 habet
1129 1675 1345 1714 subiectum

246 1753 248 1755 -
263 1726 314 1765 ad
332 1726 544 1775 scientiam,
565 1727 662 1765 sicut
680 1728 876 1766 obiectum
897 1728 945 1766 ad
964 1728 1179 1778 potentiam
1197 1731 1261 1767 vel
1279 1730 1347 1767 ha-

262 1779 399 1818 bitum.
429 1781 589 1830 Proprie
610 1789 740 1819 autem
765 1782 856 1820 illud
876 1780 890 1803 ⁸
919 1782 1132 1831 assignatur
1151 1783 1346 1820 obiectum

263 1833 423 1872 alicuius
451 1835 643 1884 potentiae
670 1836 734 1872 vel
763 1836 928 1883 habitus,
959 1837 1030 1873 sub
1060 1836 1169 1873 cuius
1198 1837 1345 1874 ratione

263 1888 396 1926 omnia
415 1889 632 1926 referuntur
650 1889 700 1927 ad
719 1890 932 1938 potentiam
946 1890 1010 1927 vel
1029 1890 1224 1927 habitum:
1251 1891 1348 1928 sicut

262 1941 385 1979 homo
407 1949 444 1979 et
457 1942 553 1992 lapis
569 1943 782 1980 referuntur
797 1943 847 1981 ad
860 1943 990 1980 visum
1009 1943 1238 1992 inquantum
1259 1952 1347 1981 sunt

215 2024 219 2032 ,
264 1995 446 2043 colorata,
471 1995 576 2033 unde
600 1996 814 2034 coloratum
835 2004 892 2034 est
909 1997 1111 2046 proprium
1121 2003 1138 2026 ‘·
1152 1997 1346 2035 obiectum

264 2048 382 2086 visus.
414 2049 557 2086 Omnia
586 2057 715 2087 autem
743 2058 1019 2099 pertractantur
1038 2050 1053 2077 ς
1080 2050 1119 2088 in
1148 2063 1256 2088 sacra
1278 2051 1346 2088 do-

319 2217 348 2249 α)
366 2216 488 2242 scientia.
506 2230 525 2235 -
542 2203 677 2249 sapientia
695 2216 750 2242 Ac.

319 2251 345 2285 β)
364 2252 506 2277 creaturis.
524 2265 544 2271 —
561 2255 689 2278 creatura
708 2253 738 2277 B.

318 2288 346 2322 γ)
358 2288 404 2322 fit.
421 2301 441 2307 -
458 2291 499 2313 est
516 2288 571 2313 BD.

318 2323 344 2356 ὃ)
363 2323 440 2349 illud.
458 2335 477 2342 -
495 2323 558 2348 Om.
573 2324 605 2352 G,
624 2329 685 2356 post
703 2323 810 2349 habitus
829 2329 929 2356 ponunt
948 2325 1035 2349 ceteri.

318 2359 341 2392 ε)
355 2360 510 2392 proprium.
529 2373 547 2378 -
561 2359 675 2392 proprie
692 2359 842 2384 ACDEFG.

317 2394 344 2428 ζ)
355 2398 574 2428 pertractantur.
586 2409 605 2414 -
619 2398 774 2420 tractantur
788 2395 891 2420 codices
910 2400 936 2420 et
954 2402 971 2420 a
981 2395 1004 2420 b.
1025 2409 1045 2414 -
1063 2395 1114 2420 Pro
1129 2394 1261 2424 doctrina,
1279 2396 1345 2421 scri-

285 2434 350 2457 tura
367 2432 400 2456 A.

260 2439 283 2464 P
318 2467 346 2499 η)
357 2467 404 2500 fit.
422 2480 442 2484 -
459 2470 500 2492 est
518 2467 551 2492 D.
568 2480 587 2485 -
604 2467 656 2492 Pro
674 2473 743 2499 quae
761 2470 809 2496 est,
829 2467 875 2499 qui
893 2470 933 2492 est
951 2467 1023 2499 pBD,
1041 2466 1088 2499 qui
1105 2469 1168 2491 sunt
1187 2467 1255 2491 sBD.

319 2500 345 2535 θ)
363 2502 400 2527 ad
418 2509 460 2528 ea.
477 2514 496 2522 —
514 2509 546 2528 ea
559 2502 707 2528 ACDEFG.
725 2515 744 2522 -
762 2502 822 2527 Mox
835 2502 917 2527 aliter
930 2510 984 2527 om.
997 2503 1034 2533 A;
1054 2510 1102 2535 pro
1115 2502 1271 2532 subiectum,
1287 2509 1344 2527 ma-

265 2538 364 2573 teriam
383 2538 496 2564 codices.

1399 659 1516 696 ctrina
1536 660 1607 697 sub
1637 660 1784 698 ratione
1812 661 1907 698 Dei:
1936 663 1999 699 vel
2023 662 2114 711 quia
2132 671 2220 700 sunt
2246 664 2327 713 ipse
2347 666 2471 712 Deus;

1396 713 1460 750 vel
1489 713 1578 762 quia
1604 714 1749 751 habent
1777 714 1955 752 ordinem
1984 716 2033 753 ad
2061 717 2202 764 Deum,
2222 725 2265 754 ut
2293 718 2342 755 ad
2369 719 2473 767 prin-

1399 765 1540 816 cipium
1570 775 1606 804 et
1633 768 1765 805 finem.
1795 768 1906 806 Unde
1935 769 2106 818 sequitur
2130 770 2236 819 quod
2256 772 2362 808 Deus
2381 785 2474 809 vere

1398 820 1445 856 sit
1463 820 1680 858 subiectum
1699 821 1813 858 huius
1833 821 2064 859 scientiae·
2086 823 2203 883 Quod
2220 824 2333 861 etiam
2354 826 2474 862 mani-

1398 873 1536 911 festum
1555 874 1598 911 fit
1612 880 1627 898 ‘¹
1647 887 1693 911 ex
1711 874 1907 924 principiis
1926 875 2040 913 huius
2059 876 2249 924 scientiae,
2271 889 2369 926 quae
2390 886 2476 916 sunt

1397 927 1541 964 articuli
1567 927 1672 976 fidei,
1703 941 1802 976 quae
1833 936 1888 966 est
1917 929 1964 966 de
1993 931 2097 967 Deo:
2126 930 2232 968 idem
2260 939 2389 968 autem
2420 939 2476 969 est

1397 981 1614 1019 subiectum
1645 981 1923 1031 principiorum
1953 990 1989 1020 et
2015 983 2130 1020 totius
2159 983 2357 1032 scientiae,
2388 997 2476 1022 cum

1397 1041 1477 1072 tota
1505 1034 1661 1072 scientia
1688 1035 1827 1073 virtute
1858 1036 2097 1074 contineatur
2124 1036 2163 1074 in
2190 1037 2396 1086 principiis.

1453 1088 1624 1134 Quidam
1642 1101 1751 1136 vero,
1772 1089 2012 1126 attendentes
2040 1090 2089 1127 ad
2119 1088 2191 1127 ea⁰
2210 1103 2310 1139 quae
2338 1091 2378 1128 in
2406 1091 2476 1128 ista

1378 1161 1386 1165 -
1398 1140 1553 1178 scientia
1581 1149 1799 1190 tractantur,
1821 1150 1858 1179 et
1876 1155 1956 1180 non
1975 1143 2023 1180 ad
2052 1143 2241 1181 rationem
2261 1144 2475 1182 secundum

1399 1206 1519 1242 quam
1549 1195 1857 1243 considerantur,
1889 1196 2178 1244 assignaverunt
2213 1197 2318 1234 aliter
2351 1198 2476 1235 subie-

1399 1255 1504 1284 ctum
1528 1247 1642 1285 huius
1671 1248 1870 1285 scientiae:
1900 1250 1964 1286 vel
1983 1261 2044 1286 res
2064 1257 2100 1286 et
2119 1250 2246 1298 signa;
2275 1252 2338 1287 vel
2359 1263 2477 1300 opera

1399 1301 1666 1350 reparationis;
1694 1301 1758 1338 vel
1786 1309 1908 1339 totum
1939 1302 2147 1351 Christum,
2171 1303 2269 1340 idest
2297 1312 2412 1353 caput
2441 1312 2478 1341 et

1398 1355 1577 1391 membra
1596 1361 1614 1390 ¹.
1645 1355 1704 1391 De
1726 1355 1906 1392 omnibus
1932 1355 2034 1392 enim
2054 1356 2133 1393 istis
2152 1363 2332 1394 tractatur
2350 1357 2389 1394 in
2407 1357 2477 1394 ista

1399 1407 1570 1455 scientia,
1600 1407 1669 1445 sed
1698 1408 1911 1446 secundum
1941 1409 2120 1446 ordinem
2150 1410 2199 1447 ad
2226 1411 2368 1448 Deum.

1452 1463 1512 1498 An
1542 1473 1680 1499 Palmum
1708 1473 1808 1498 ERGO
1837 1474 2023 1502 DICENDUM
2052 1463 2170 1511 quod,
2199 1463 2286 1500 licet
2314 1464 2362 1501 de
2391 1465 2476 1501 Deo

1399 1527 1479 1552 non
1507 1514 1702 1564 possimus
1717 1521 1729 1535 ¹‘
1750 1514 1845 1552 scire
1865 1515 1957 1564 quid
1983 1522 2047 1562 est,
2073 1516 2218 1553 utimur
2245 1524 2376 1554 tamen
2396 1517 2476 1554 eius

1399 1568 1551 1615 effectu,
1572 1568 1610 1605 in
1630 1569 1703 1605 hac
1731 1568 1921 1615 doctrina,
1951 1570 2013 1606 vel
2042 1577 2200 1607 naturae
2228 1571 2291 1607 vel
2318 1570 2472 1618 gratiae,

1399 1622 1487 1659 loco
1516 1621 1761 1669 definitionis,
1790 1622 1840 1659 ad
1869 1634 1915 1659 ea
1934 1635 2032 1671 quae
2063 1623 2110 1660 de
2139 1624 2224 1660 Deo
2249 1623 2288 1661 in
2316 1625 2390 1661 hac
2410 1624 2476 1661 do-

1400 1676 1520 1713 ctrina
1549 1675 1858 1713 considerantur:
1889 1676 1984 1713 sicut
2004 1684 2041 1713 et
2054 1674 2066 1697 λ
2085 1676 2124 1714 in
2143 1677 2333 1726 aliquibus
2357 1677 2477 1714 scien·
2520 1667 2524 1671 ”

1398 1730 1458 1767 tiis
1486 1729 1762 1779 philosophicis
1800 1729 2085 1767 demonstratur
2113 1730 2256 1779 aliquid
2285 1731 2333 1768 de
2362 1743 2478 1768 causa

1398 1796 1469 1833 per
1497 1783 1691 1830 effectum,
1712 1782 1937 1832 accipiendo
1967 1783 2148 1821 effectum
2176 1785 2263 1821 loco
2290 1784 2477 1822 definitio-

1399 1837 1458 1875 nis
1488 1849 1626 1874 causae
1645 1835 1678 1873 ²¹³.

1453 1892 1512 1927 An
1542 1901 1733 1927 SECUNDUM
1762 1902 1947 1928 DICENDUM
1976 1890 2082 1939 quod
2112 1891 2243 1928 omnia
2271 1891 2343 1928 alia
2378 1904 2476 1940 quae

1399 1944 1702 1982 determinantur
1720 1942 1759 1980 in
1779 1956 1886 1980 sacra
1906 1943 2078 1980 doctrina
2091 1951 2121 1990 μ,
2144 1945 2477 1993 comprehendun-

1398 2006 1460 2035 tur
1488 1997 1560 2034 sub
1589 1998 1696 2034 Deo:
1727 2009 1807 2034 non
1835 2004 1877 2033 ut
1903 2005 2030 2046 partes
2058 1999 2121 2034 vel
2149 1998 2296 2047 species
2324 1999 2387 2035 vel
2416 2011 2476 2035 ac-

1399 2051 1573 2098 cidentia,
1599 2050 1667 2087 sed
1695 2058 1735 2087 ut
1763 2050 1939 2088 ordinata
1968 2050 2178 2100 aliqualiter
2205 2052 2254 2088 ad
2282 2051 2420 2100 ipsum.

1454 2217 1472 2249 ι)
1492 2218 1534 2242 vel
1551 2224 1631 2242 res...
1646 2218 1773 2242 membra.
1792 2232 1810 2235 —
1832 2217 1908 2242 Unde
1926 2217 2036 2250 quidam
2052 2217 2184 2242 dixerunt
2201 2218 2275 2250 quod
2288 2219 2434 2243 subiectum
2449 2219 2476 2244 in

1399 2253 1450 2278 hac
1468 2253 1580 2278 scientia
1598 2256 1667 2278 esset
1685 2253 1727 2278 vel
1740 2259 1790 2282 res,
1811 2252 1906 2285 (marg.
1920 2253 1980 2278 add.
1993 2253 2044 2285 vel)
2063 2253 2151 2286 signa,
2164 2254 2206 2278 vel
2224 2261 2307 2285 opera
2327 2255 2477 2286 reparatio-

1399 2289 1449 2318 nis,
1464 2289 1504 2313 vel
1518 2291 1590 2313 totus
1613 2288 1743 2318 Christus,
1759 2288 1829 2313 idest
1847 2289 1933 2321 ipsum
1947 2292 2028 2321 caput
2042 2291 2068 2313 et
2083 2289 2202 2314 membra
2215 2290 2250 2319 B;
2269 2289 2347 2315 etiam
2360 2290 2478 2315 ACDEG

1399 2324 1434 2349 sF
1454 2324 1544 2357 legunt
1563 2327 1635 2349 torus
1657 2324 1788 2349 Otr-istus.

1453 2360 1479 2392 κ)
1493 2360 1638 2392 possimus.
1655 2373 1675 2381 -
1688 2367 1832 2392 possumus
1856 2360 2007 2393 BDpCFab.
2021 2374 2040 2378 -
2058 2360 2109 2384 Pro
2128 2360 2184 2385 eius
2203 2360 2295 2394 effectu
2316 2361 2341 2386 in
2361 2361 2412 2386 hac
2431 2362 2477 2386 do-

1398 2396 1497 2425 ctrina,
1518 2395 1544 2420 in
1565 2395 1616 2421 hac
1635 2395 1760 2421 doctrina
1780 2395 1902 2428 (scientia
1921 2396 1952 2428 B)
1972 2395 2066 2429 effectu
2085 2395 2142 2420 eius
2161 2396 2274 2421 codices.

1452 2429 1481 2463 λ)
1499 2434 1534 2456 et.
1552 2445 1572 2450 —
1589 2431 1653 2456 Om.
1665 2431 1788 2456 ABCDE.
1806 2446 1827 2451 —
1844 2431 1896 2455 Pro
1916 2431 2062 2463 aliquibus,
2085 2431 2243 2464 quibusdam
2259 2431 2370 2456 codices.
2389 2446 2408 2451 -
2427 2433 2478 2457 Pro

1394 2467 1595 2499 philosophicis,
1612 2467 1724 2499 phisicis
1742 2467 1772 2491 F.

1400 2502 1639 2563 Βεῦιὲέἷξετνίηα.
1656 2516 1676 2523 -
1692 2503 1829 2535 scriptura
1853 2502 1975 2527 ABCDE.
1994 2516 2013 2522 —-
2032 2502 2083 2526 Pro
2109 2503 2150 2527 vel
2174 2508 2233 2527 ante
2258 2502 2425 2532 accidentia.
2452 2507 2478 2528 et

955 2630 1292 2664 Commentario.
1315 2630 1567 2663 Oardjnalis
1591 2629 1792 2663 Caietam·

298 2740 319 2760 N
343 2729 453 2765 titulo,
486 2735 563 2759 nota
590 2728 765 2759 terminum
793 2736 977 2771 utrumque.
1011 2731 1060 2771 Ly
1083 2731 1258 2761 subiectum
1287 2736 1347 2760 stat

271 2742 359 2815 Ipro
393 2773 536 2804 subiecto
565 2772 711 2809 formali,
746 2780 776 2805 et
805 2774 839 2815 ly
870 2775 962 2805 Deus
991 2781 1117 2806 tenetur
1151 2774 1345 2810 formaliter,

267 2819 350 2850 idest
368 2820 559 2859 inquantum
583 2818 693 2848 Deus:
715 2817 759 2848 ita
781 2819 872 2859 quod
888 2829 999 2850 sensus
1016 2826 1078 2850 est:
1103 2822 1155 2850 An
1179 2819 1277 2855 Deus,
1298 2818 1346 2848 in-

269 2869 429 2905 quantum
451 2863 559 2898 Deus,
584 2862 623 2893 sit
646 2861 826 2894 subiectum
849 2863 983 2894 formale
1006 2863 1103 2895 huius
1127 2863 1286 2894 scientiae.

325 2908 367 2939 Et
390 2907 430 2938 ad
458 2907 635 2938 bonitatem
663 2906 842 2944 doctrinae,
866 2915 996 2948 penetra
1019 2908 1099 2949 quid
1121 2908 1274 2948 importet
1297 2909 1346 2938 in-

205 2972 215 2983 ,
268 2957 426 2994 quantum
449 2952 558 2989 Deus,
583 2961 620 2982 ex
645 2951 855 2983 declaratione
878 2953 965 2984 Scoti
987 2953 1020 2983 in
1035 2953 1094 2984 hac
1118 2953 1304 2994 quaestione
1319 2952 1346 2983 *.

270 2996 559 3035 Quemadmodum
581 2996 682 3027 homo
707 3002 813 3037 potest
835 2997 1084 3038 quadrupliciter
1102 2997 1216 3037 accipi:
1242 2997 1348 3037 primo

270 3048 307 3072 ut
330 3040 449 3072 animal
464 3041 633 3077 rationale;
659 3049 690 3072 et
713 3041 756 3072 sic
779 3041 964 3082 intelligitur
980 3042 1198 3083 quidditative,
1213 3042 1349 3083 inquan-

271 3092 343 3116 tum
358 3086 473 3116 homo:
495 3086 636 3116 secundo
652 3093 688 3117 ut
704 3086 892 3123 substantia;
913 3093 944 3118 et
959 3087 1003 3117 sic
1020 3087 1200 3127 concipitur
1214 3087 1247 3117 in
1265 3096 1351 3117 com-

272 3130 380 3160 muni:
396 3130 489 3161 tertio
505 3136 542 3161 ut
555 3131 738 3161 naturaliter
750 3137 970 3168 mansuetum;
989 3138 1020 3162 et
1039 3131 1082 3162 sic
1099 3131 1279 3172 concipitur
1295 3141 1351 3171 per

272 3174 427 3212 accidens,
444 3175 520 3215 quia
544 3185 611 3205 esse
635 3182 840 3206 mansuetum
864 3182 911 3206 est
932 3176 1077 3207 accidens
1097 3186 1152 3207 seu
1170 3175 1276 3216 passio
1292 3176 1351 3206 ho-

273 3219 383 3249 minis:
403 3225 518 3261 quarto
534 3226 570 3250 ut
585 3219 824 3250 nobilissimum
843 3220 1046 3256 animalium;
1064 3227 1094 3251 et
1113 3221 1156 3251 sic
1173 3220 1351 3260 concipitur

273 3263 402 3294 relative
417 3264 458 3294 ad
481 3263 583 3297 aliud:
599 3281 620 3286 -
634 3264 678 3295 ita
699 3265 732 3295 in
749 3265 927 3305 proposito,
948 3265 1060 3296 ordine
1076 3265 1260 3305 retrogrado
1277 3275 1351 3305 pro-

274 3308 427 3343 cedendo,
445 3308 532 3338 Deus
555 3315 661 3348 potest
676 3309 868 3346 considerari
892 3316 928 3340 ut
944 3309 1096 3340 altissima
1113 3319 1215 3345 causa,
1234 3316 1264 3340 et
1281 3309 1351 3340 uni-

252 3382 256 3387 ,
274 3352 433 3383 versaliter
456 3353 633 3383 secundum
647 3353 877 3395 quodcumque
901 3353 1117 3394 praedicatum
1139 3354 1351 3394 respectivum

275 3398 316 3427 ad
332 3403 430 3432 extra;
457 3402 487 3427 et
510 3396 555 3427 sic
569 3397 787 3429 consideratur
802 3398 931 3429 relative
951 3399 991 3428 ad
1010 3405 1111 3429 extra:
1131 3405 1238 3438 potest
1257 3398 1352 3429 etiam

276 3441 466 3472 considerari
483 3447 519 3471 ut
538 3441 672 3481 sapiens,
689 3443 803 3479 bonus,
819 3443 932 3479 iustus,
943 3440 984 3473 'et
1004 3442 1222 3473 universaliter
1241 3453 1351 3474 secun-

277 3486 356 3516 dum
387 3485 526 3516 rationes
557 3485 766 3523 attributales;
791 3494 822 3518 et
851 3488 896 3518 sic
924 3487 1141 3518 consideratur
1171 3487 1262 3528 quasi
1295 3498 1351 3528 per

277 3530 435 3561 accidens:
461 3536 567 3570 potest
590 3530 686 3560 etiam
705 3531 896 3562 considerari
915 3538 951 3563 ut
973 3542 1039 3568 ens,
1056 3539 1092 3563 ut
1111 3538 1208 3568 actus,
1226 3539 1300 3568 etc.;
1321 3538 1352 3562 et

278 3575 322 3605 sic
345 3575 562 3606 consideratur
585 3574 618 3604 in
635 3575 811 3606 communi.
836 3576 877 3607 Et
892 3577 932 3606 ad
951 3576 1011 3607 hos
1029 3583 1091 3607 tres
1115 3577 1242 3612 modos,
1260 3576 1350 3617 quasi

278 3619 448 3659 simplices,
474 3619 669 3650 reducuntur
693 3619 959 3659 considerationes
984 3621 1191 3661 compositae,
1214 3627 1292 3661 puta
1315 3627 1350 3651 ut

1399 2735 1487 2759 actus
1511 2739 1621 2769 purus,
1639 2735 1675 2759 ut
1698 2739 1754 2759 ens
1777 2728 1930 2769 primum,
1948 2736 2021 2760 etc.:
2047 2729 2263 2760 consideratur
2282 2740 2420 2771 namque
2443 2730 2476 2760 in

1399 2773 1586 2804 huiusmodi
1610 2773 1714 2809 Deus,
1740 2779 1776 2804 ut
1799 2780 1860 2804 stat
1882 2774 1942 2804 sub
1967 2780 2124 2814 conceptu
2149 2774 2324 2810 communi,
2345 2781 2376 2805 et
2398 2774 2476 2804 rela-

1399 2818 1465 2849 tivo
1490 2825 1545 2848 aut
1568 2817 1726 2857 negativo,
1743 2824 1780 2848 ut
1795 2824 1892 2858 patet.
1909 2821 1992 2849 Ante
2009 2828 2122 2849 omnes
2142 2825 2250 2849 autem
2265 2819 2326 2849 hos
2349 2819 2475 2854 modOS,

1400 2868 1505 2903 potest
1519 2862 1710 2892 considerari
1726 2863 1814 2893 Deus
1835 2863 2014 2893 secundum
2032 2873 2124 2893 suam
2140 2863 2304 2903 propriam
2319 2863 2476 2904 quiddita-

1400 2914 1480 2938 tem:
1505 2906 1582 2937 haec
1607 2906 1693 2937 enim
1716 2913 1764 2938 est
1793 2907 1914 2947 prima,
1940 2907 2118 2938 secundum
2141 2914 2306 2943 naturam,
2336 2907 2476 2947 cognitio

1401 2951 1560 2987 omnium,
1581 2957 1612 2982 et
1630 2951 1878 2983 fundamentum
1900 2959 2088 2983 ceterarum:
2114 2959 2144 2982 et
2162 2952 2244 2982 hanc
2267 2951 2477 2992 quidditatem

1402 2995 1689 3036 circumloquimur
1701 2995 1830 3027 deitatis
1844 2996 1986 3027 nomine.
2001 2997 2042 3027 Et
2058 2996 2111 3033 sic,
2132 2996 2313 3037 quaerendo
2330 3006 2370 3026 an
2389 2996 2476 3026 Deus

1402 3041 1461 3071 sub
1486 3040 1607 3070 ratione
1631 3040 1763 3077 deitatis,
1788 3048 1824 3072 ut
1848 3041 2051 3081 distinguitur
2074 3047 2182 3071 contra
2205 3040 2362 3071 rationem
2386 3040 2476 3070 boni-

1402 3085 1473 3116 tatis
1489 3091 1558 3120 etc„
1577 3084 1615 3115 sit
1631 3084 1810 3116 subiectum
1830 3085 1926 3116 huius
1950 3085 2107 3121 scientiae,
2129 3091 2176 3115 est
2194 3094 2344 3125 quaerere
2368 3091 2477 3115 utrum

1403 3131 1490 3161 Deus
1516 3130 1576 3160 sub
1599 3129 1722 3160 ratione
1746 3140 1822 3160 suae
1845 3130 1992 3170 propriae
2017 3129 2214 3171 quidditatis‚
2235 3129 2275 3159 sit
2297 3129 2477 3160 subiectum

1403 3174 1536 3205 formale
1559 3173 1655 3204 huius
1679 3174 1840 3211 scientiae;
1865 3175 1908 3205 ita
1932 3175 2021 3220 quod
2053 3174 2211 3215 quidditas
2235 3173 2294 3204 Dei
2327 3173 2366 3204 sit
2395 3173 2476 3204 ratio

1404 3219 1547 3250 formalis
1571 3218 1667 3249 huius
1691 3219 1824 3250 subiecti
1847 3226 1883 3250 ut
1906 3229 1954 3249 res
1979 3225 2034 3255 est,
2051 3225 2108 3249 etc.

1459 3263 1551 3294 11.1n
1569 3272 1702 3303 corpore
1719 3263 1799 3294 duo:
1826 3263 1930 3304 primo
1957 3263 2088 3304 ponitur
2107 3262 2269 3293 conclusio
2293 3262 2478 3302 responsiva

1405 3308 1549 3348 quaesito
1574 3306 1779 3344 affirmative;
1808 3308 1949 3338 secundo
1973 3307 2152 3338 referuntur
2182 3306 2319 3337 aliorum
2343 3306 2425 3338 dicta
2446 3306 2511 3337 ἦ·

1405 3352 1524 3390 Quoad
1546 3352 1698 3392 primurn,
1723 3352 1887 3383 conclusio
1913 3358 1973 3382 est:
1999 3352 2085 3382 Deus
2109 3357 2156 3382 est
2179 3351 2357 3382 subiectum
2380 3350 2476 3381 huius

1405 3397 1562 3428 scientiae.

1461 3441 1617 3471 Probatur
1641 3441 1807 3481 dupliciter
1823 3440 1850 3471 ⁴⁵.
1875 3441 1993 3470 Primo.
2015 3439 2186 3478 Obiectum
2210 3439 2343 3470 alicuius
2362 3446 2475 3479 poten—

1405 3486 1466 3517 tiae
1489 3485 1539 3515 vel
1562 3485 1687 3516 habitus
1707 3492 1753 3516 est
1775 3485 1817 3520 id,
1836 3485 1894 3515 sub
1917 3484 2006 3515 cuius
2030 3483 2152 3514 ratione
2171 3484 2281 3514 omnia
2299 3484 2476 3515 referuntur

1405 3531 1445 3560 ad
1468 3529 1644 3570 potentiam
1667 3529 1717 3560 vel
1740 3529 1903 3560 habitum:
1933 3538 2007 3568 ergo
2036 3528 2215 3559 subiectum
2242 3529 2388 3559 scientiae
2418 3535 2473 3564 est,

1405 3575 1463 3605 sub
1496 3574 1585 3605 cuius
1609 3573 1730 3604 ratione
1754 3573 1863 3604 omnia
1891 3573 2129 3604 considerantur
2155 3573 2188 3603 in
2219 3573 2356 3604 scientia.
2389 3573 2473 3613 Ergo

1406 3619 1582 3650 subiectum
1606 3618 1702 3649 huius
1726 3618 1871 3649 scientiae
1895 3623 1942 3648 est
1963 3618 2061 3648 Deus.

2505 1844 2513 1854 “
2529 1844 2557 1865 Ι).
2573 1850 2608 1871 5¹¹·

2529 3311 2564 3332 Cf.
2581 3318 2637 3333 nurn
2644 3328 2650 3333 .
2667 3317 2718 3333 xm.

2504 3448 2564 3470 *cf.
2580 3455 2645 3470 num.
2656 3448 2697 3470 vit.
