2768 4178
48 428 59 441 *⁸
74 427 122 455 Qu.
131 433 204 454 xxvu,
218 430 261 449 art.

48 460 73 481 ²3
84 459 209 482 quanm,
218 457 261 475 art.

49 486 69 508 2,
81 480 109 502 ad
119 486 140 509 3,
150 487 179 507 43
190 483 262 508 nrt-3.

50 1423 143 1446 'Vei-⁸.
157 1429 194 1447 ιο.

11 1515 13 1518 ’
49 1528 104 1552 ἰ).
118 1528 170 1552 ειε.

50 1787 62 1799 '
77 1786 192 1811 Vnt-18.

49 2006 192 2035 ’Vere-29.

51 2639 63 2650 '¹
77 2638 126 2667 Qu.
139 2644 178 2667 ιι,
192 2641 266 2661 nrt-2.

982 284 1248 331 QUAESTIO
1277 284 1377 330 XLI,
1406 283 1702 320 ARTICULUS
1732 283 1781 319 111

290 364 389 402 nitus
418 365 466 402 de
494 364 629 411 nihilo,
661 365 727 401 sed
756 364 804 401 de
829 364 1036 400 substantia
1055 364 1186 401 Patris.
1218 364 1354 400 Osten-

290 431 377 455 sum
398 425 454 454 est
473 418 575 454 enim
601 429 716 466 supra
739 416 759 438 ’¹‘
788 416 892 465 quod
917 416 1133 465 paternitas,
1156 424 1192 453 et
1210 416 1353 462 filiatio,

290 479 326 508 et
354 470 545 516 nativitas,
575 482 667 507 vere
697 477 733 506 et
759 468 912 518 proprie
941 476 998 505 est
1023 469 1061 505 in
1091 469 1238 506 divinis.
1270 470 1356 505 Hoc

290 531 419 561 autem
456 523 610 560 interest
645 522 742 559 inter
778 521 1064 569 generationem
1099 534 1253 569 veram,
1287 534 1356 570 per

289 589 406 625 quarn
445 575 579 624 aliquis
615 574 788 623 procedit
823 581 865 610 ut
897 573 1018 621 filius,
1054 581 1090 610 et
1126 574 1354 620 factionem,

289 629 395 677 quod
429 628 570 665 faciens
602 626 690 663 facit
723 626 865 675 aliquid
894 627 940 663 de
971 626 1144 663 exteriori
1178 627 1353 674 materia,

290 682 386 718 sicut
404 692 604 718 scamnum
625 679 712 716 facit
731 679 861 716 artifex
881 680 928 716 de
948 679 1066 727 ligno;
1086 680 1205 716 homo
1226 687 1353 716 autem

290 741 444 782 generat
483 732 605 770 filium
642 733 690 769 de
728 731 865 780 seipso.
909 732 1013 768 Sicut
1055 740 1182 769 autem
1225 733 1355 769 artifex

291 794 438 823 creatus
466 785 552 822 facit
579 784 720 833 aliquid
749 796 794 821 ex
813 785 980 831 materia,
1001 785 1051 821 ita
1070 786 1175 822 Deus
1203 786 1290 822 facit
1309 798 1354 822 ex

290 839 425 886 nihilo,
454 845 496 874 ut
523 837 619 874 infra
637 837 657 859 '¹‘
685 838 919 875 ostendetur:
949 850 1029 874 non
1056 838 1161 887 quod
1194 838 1354 875 nihilum

291 892 400 928 cedat
426 891 465 927 in
494 890 743 927 substantiam
773 890 845 937 rei,
876 891 942 927 sed
972 891 1060 939 quia
1088 892 1136 927 ab
1164 891 1246 939 ipso
1277 899 1355 927 tota

290 943 498 981 substantia
532 943 585 979 rei
619 943 856 992 producitur,
886 944 989 980 nullo
1018 943 1091 980 alio
1120 956 1354 993 praesuppo-

290 996 373 1034 sito.
414 996 453 1033 Si
489 1007 577 1044 ergo
616 995 731 1032 Filius
767 996 993 1045 procederet
1025 1009 1047 1033 a
1079 998 1190 1033 Patre
1226 1004 1267 1033 ut
1307 996 1354 1033 de

290 1049 404 1087 nihilo
434 1049 607 1096 existens,
636 1049 711 1085 hoc
739 1049 859 1086 modo
888 1061 928 1085 se
956 1049 1113 1086 haberet
1133 1050 1181 1086 ad
1201 1050 1353 1086 Patrem

289 1110 332 1140 ut
359 1101 598 1139 artificiatum
618 1102 667 1138 ad
687 1101 889 1138 artificem:
910 1102 1016 1149 quod
1036 1102 1279 1139 manifestum
1299 1109 1355 1138 est

290 1167 434 1192 nomen
462 1154 652 1191 filiationis
680 1154 831 1203 proprie
858 1155 1001 1191 habere
1029 1167 1108 1191 non
1127 1167 1256 1203 posse,
1287 1155 1353 1191 sed

291 1209 416 1245 solum
454 1207 667 1244 secundum
701 1207 868 1256 aliquam
905 1207 1203 1244 similitudinem.
1242 1207 1353 1244 Unde

290 1260 512 1311 relinquitur
539 1260 656 1308 quod,
686 1259 716 1296 si
746 1259 860 1296 Filius
888 1260 961 1296 Dei
987 1260 1214 1308 procederet
1242 1272 1264 1296 a
1283 1260 1354 1296 Pa-

291 1312 348 1351 tie
376 1313 484 1362 quasi
514 1313 676 1350 existens
706 1324 751 1349 ex
786 1312 920 1358 nihilo,
955 1325 1034 1349 non
1068 1320 1166 1349 esset
1192 1324 1283 1349 vere
1319 1320 1355 1348 et

289 1366 443 1415 proprie
472 1366 598 1402 Filius.
635 1365 754 1401 Cuius
783 1365 1014 1401 contrarium
1044 1365 1176 1402 dicitur
1205 1366 1218 1401 I
1250 1366 1352 1402 Ioan.

290 1419 355 1456 ult.
380 1419 421 1456 *ε
449 1424 492 1455 ut
515 1419 633 1455 simus
661 1418 698 1454 in
726 1428 816 1454 vero
844 1417 941 1454 Filio
970 1418 1048 1454 eius
1074 1419 1161 1454 Iesu
1195 1418 1352 1454 Christo.

291 1471 406 1509 Filius
432 1471 543 1519 igitur
569 1470 642 1507 Dei
661 1482 776 1507 verus
804 1482 884 1507 non
905 1478 960 1507 est
980 1482 1024 1507 ex
1044 1470 1181 1518 nihilo,
1211 1482 1282 1507 nec
1301 1470 1355 1506 fa-

291 1531 372 1562 ctus
389 1524 426 1571 ¹¹⁸,
456 1524 524 1561 sed
551 1530 697 1560 tantum
726 1523 885 1570 genitus.

344 1577 385 1615 Si
412 1575 477 1626 qui
514 1583 642 1612 autem
682 1587 726 1612 ex
758 1575 874 1612 nihilo
904 1588 926 1612 a
953 1577 1038 1613 Deo
1072 1575 1157 1612 facti
1186 1575 1250 1612 filii
1283 1575 1355 1612 Dei

291 1629 474 1676 dicantur,
493 1629 568 1666 hoc
593 1628 660 1665 erit
687 1628 958 1677 metaphorice,
979 1628 1192 1665 secundum
1213 1628 1355 1676 aliqua—

289 1682 366 1720 lem
384 1688 399 1706 n
427 1681 737 1719 assimilationem
762 1681 810 1718 ad
837 1693 925 1718 eum
956 1682 1020 1730 qui
1039 1693 1129 1718 vere
1151 1681 1266 1718 Filius
1287 1689 1353 1717 est.

289 1734 414 1782 Unde,
443 1734 668 1783 inquantum
689 1734 792 1770 solus
818 1742 873 1771 est
890 1746 1006 1771 verus
1027 1742 1063 1771 et
1086 1734 1263 1771 naturalis
1282 1734 1355 1771 Dei

291 1787 418 1835 Filius,
435 1787 569 1825 dicitur
588 1787 812 1836 unigenitus,
829 1787 1040 1824 secundum
1060 1787 1150 1824 illud
1171 1788 1276 1824 Ioan.
1294 1799 1303 1823 1
1318 1786 1354 1823 *z

296 1841 529 1890 Unigenitus,
557 1841 622 1888 qui
649 1845 704 1876 est
721 1840 757 1876 in
777 1840 861 1876 sinu
884 1841 1020 1886 Patris,
1050 1841 1126 1888 ipse
1149 1840 1353 1877 enarravit.

292 1895 522 1943 Inquantum
541 1905 636 1930 vero
654 1904 724 1941 per
751 1892 1060 1929 assimilationem
1080 1894 1128 1930 ad
1147 1893 1273 1942 ipsum
1294 1892 1356 1929 alii

293 1946 468 1985 dicuntur
494 1945 560 1982 filii
588 1945 769 1994 adoptivi,
800 1945 906 1994 quasi
935 1945 1193 1994 metaphorice
1223 1945 1356 1982 dicitur

292 2011 375 2036 esse
405 1998 700 2048 primogenitus,
734 1999 945 2035 secundum
974 1998 1067 2035 illud
1094 2000 1205 2035 Rom.
1236 1997 1353 2035 V111*:

295 2053 396 2095 Quos
418 2051 632 2100 praescivit,
661 2057 698 2088 et
716 2052 1010 2099 praedestinavit
1032 2052 1245 2100 conformes
1262 2051 1358 2099 fieri

291 2105 470 2154 imaginis
487 2103 577 2140 Filii
595 2105 665 2151 sui,
683 2110 723 2140 ut
738 2104 787 2141 sit
803 2105 880 2152 ipse
896 2105 1173 2153 primogenitus
1202 2105 1238 2141 in
1259 2104 1354 2141 mul-

290 2158 335 2195 tis
350 2157 554 2206 fratribus.

343 2209 587 2258 Relinquitur
615 2221 704 2257 ergo
725 2210 830 2258 quod
849 2210 921 2246 Dei
941 2209 1056 2246 Filius
1077 2209 1122 2246 sit
1141 2209 1285 2257 genitus
1308 2210 1355 2246 de

291 2262 500 2301 substantia
529 2262 660 2299 Patris.
694 2262 813 2299 Aliter
844 2270 974 2299 tamen
1006 2275 1123 2310 quam
1156 2262 1255 2298 filius
1287 2263 1355 2299 ho-

289 2316 413 2353 minis.
444 2317 536 2352 Pars
565 2315 666 2351 enim
694 2315 924 2352 substantiae
952 2315 1119 2352 hominis
1143 2315 1355 2362 generantis

289 2369 421 2406 transit
448 2368 486 2404 in
515 2368 763 2405 substantiam
796 2368 921 2416 geniti.
958 2368 1035 2405 Sed
1064 2367 1190 2405 divina
1223 2375 1356 2404 natura

291 2421 525 2471 impartibilis
551 2419 564 2441 ⁰
592 2428 658 2458 est.
688 2420 800 2458 Unde
828 2433 985 2458 necesse
1015 2428 1070 2457 est
1098 2420 1203 2470 quod
1230 2421 1353 2468 Pater,

290 2474 509 2524 generando
530 2473 678 2519 Filium,
700 2486 779 2510 non
805 2481 954 2522 partem
978 2480 1134 2510 naturae
1162 2472 1199 2509 in
1227 2473 1354 2521 ipsum

291 2526 552 2573 transfuderit,
583 2526 649 2563 sed
682 2533 801 2562 totam
830 2534 1005 2562 naturam
1035 2526 1068 2562 ei
1098 2526 1355 2562 communica-

290 2580 399 2626 verit,
416 2586 637 2615 remanente
653 2578 888 2615 distinctione
903 2579 1029 2615 solum
1050 2578 1262 2616 secundum
1283 2578 1356 2615 ori-

291 2632 432 2681 ginem,
461 2639 503 2668 ut
527 2643 572 2668 ex
601 2630 706 2668 dietis
724 2631 745 2652 '¹‘
772 2638 886 2680 patet.

345 2686 404 2722 An
434 2696 571 2721 PRIMUM
590 2695 688 2720 ERGO
708 2695 891 2721 mCENDUM
915 2683 1032 2732 quod,
1054 2696 1142 2721 cum
1163 2683 1278 2721 Filius
1299 2683 1352 2720 di-

293 2738 388 2775 citur
414 2744 524 2774 natus
553 2737 598 2773 de
624 2738 756 2782 Patre,
785 2737 880 2773 haec
912 2736 1143 2786 praepositio
1172 2737 1218 2773 de
1245 2732 1355 2784 signi-

291 2791 382 2828 ficat
413 2789 642 2839 principium
680 2801 865 2837 generans
899 2789 1239 2836 consubstantiale;
1277 2802 1355 2826 non

293 2851 421 2881 autem
439 2842 667 2892 principium
687 2849 693 2862 ¹
723 2842 927 2879 materiale.
958 2842 1076 2889 Quod
1095 2842 1195 2879 enim
1214 2842 1355 2890 produ-

294 2897 387 2934 citur
416 2896 463 2934 de
492 2895 670 2942 materia,
699 2895 743 2932 fit
769 2907 838 2943 per
869 2895 1224 2932 transmutationem
1258 2894 1354 2931 illius

294 2950 342 2987 de
371 2961 449 2997 quo
477 2947 716 2998 producitur,
745 2947 784 2984 in
818 2947 984 2996 aliquam
1011 2949 1197 2985 formam:
1228 2947 1356 2984 divina

294 3009 421 3039 autem
450 3001 610 3039 essentia
638 3013 716 3038 non
745 3008 800 3037 est
824 3001 1130 3047 transmutabilis,
1160 3012 1284 3049 neque
1305 3001 1356 3037 al-

294 3055 409 3092 terius
437 3054 583 3097 formae
612 3053 837 3102 susceptiva.

317 3143 324 3149 ,
347 3109 405 3144 An
425 3118 614 3144 SECUNDUM
632 3118 815 3144 DICENDUM
844 3106 961 3154 quod,
982 3118 1070 3143 cum
1091 3105 1224 3142 dicitur
1243 3105 1356 3143 Filius

294 3159 440 3208 genitus
472 3160 518 3196 de
549 3160 705 3196 essentia
737 3159 880 3205 Patris,
910 3159 1122 3196 secundum
1155 3158 1356 3207 expositio-

295 3225 385 3249 nem
414 3212 596 3260 Magistri,
626 3223 650 3248 v
678 3212 760 3250 dist.
782 3213 796 3248 Ι
826 3213 944 3257 Sent.,
974 3212 1143 3259 designat
1170 3211 1357 3248 habitudi—

294 3277 385 3302 nem
404 3265 577 3314 principii
600 3265 706 3314 quasi
726 3265 856 3302 activi:
886 3264 951 3300 ubi
969 3264 1022 3301 sic
1042 3264 1211 3313 exponit:
1239 3264 1357 3301 Filius

295 3324 349 3355 est
373 3318 521 3368 genitus
548 3318 593 3354 de
620 3318 775 3355 essentia
803 3318 941 3363 Patris,
971 3317 1063 3353 idest
1092 3317 1137 3353 de
1163 3318 1276 3353 Patre
1303 3329 1356 3353 es-

2395 290 2471 327 427

1409 362 1546 406 sentia,·
1573 370 1729 410 propter
1760 362 1834 399 hoc
1869 361 1973 409 quod
2000 360 2249 408 Augustinus,
2280 360 2350 396 XV
2378 359 2471 396 libro

1410 415 1455 450 de
1486 416 1522 451 T
1518 415 1590 452 rin.
1615 414 1656 462 ²⁸,
1691 414 1798 451 dicit:
1834 414 1923 451 Tale
1956 420 2009 450 est
2035 414 2135 462 quod
2160 413 2260 458 dico,
2290 413 2335 449 de
2361 414 2474 449 Patre

1411 461 1584 512 essentia,
1614 479 1660 504 ac
1686 468 1720 504 si
1747 467 1957 515 expressius
1985 467 2167 511 dicerem,
2197 466 2242 502 de
2269 466 2391 502 Patris
2419 477 2472 501 es-

1409 521 1538 556 sentia.
1555 541 1579 547 -
1597 520 1673 557 Sed
1692 520 1767 556 hoc
1786 532 1864 556 non
1883 519 2033 556 videtur
2054 519 2228 555 sufficere
2249 518 2297 555 ad
2317 530 2472 555 sensum

1411 573 1630 609 huiusmodi
1651 572 1861 609 locutionis.
1878 573 2088 608 Possumus
2105 572 2204 608 enim
2225 571 2348 608 dicere
2369 571 2472 619 quod

1412 633 1581 662 creatura
1616 634 1670 662 est
1708 637 1757 661 ex
1783 626 1866 662 Deo
1895 625 2070 661 essentia:
2098 637 2176 661 non
2205 631 2333 660 tamen
2367 623 2472 672 quod

1410 678 1456 714 sit
1483 690 1533 714 ex
1551 678 1705 715 essentia
1724 678 1808 715 Dei.
1829 699 1853 705 -
1874 678 1986 715 Unde
2010 677 2114 713 aliter
2134 677 2206 713 dici
2224 684 2348 725 potest
2366 676 2472 724 quod

1409 731 1504 767 haec
1531 730 1761 779 praepositio
1789 731 1835 767 de
1862 742 2015 778 semper
2043 730 2197 766 denotat
2226 729 2471 766 consubstan-

1410 783 1612 820 tialitatem.
1642 783 1754 821 Unde
1782 795 1861 820 non
1890 783 2047 820 dicimus
2076 782 2180 830 quod
2205 782 2344 818 domus
2364 781 2409 818 sit
2427 782 2472 818 de

1409 837 1664 884 aedificatore,
1694 848 1782 872 cum
1810 848 1889 872 non
1918 835 1963 872 sit
1992 847 2105 871 causa
2134 833 2470 871 consubstantialis.

1410 890 1621 926 Possumus
1654 896 1782 925 autem
1813 888 1937 925 dicere
1967 887 2071 936 quod
2100 887 2240 935 aliquid
2269 887 2315 923 sit
2343 888 2390 923 de
2410 886 2472 923 ali-

1410 954 1499 990 quo,
1521 953 1766 990 quocumque
1786 941 1904 978 modo
1929 940 2020 977 illud
2049 940 2277 987 significetur
2304 946 2345 975 ut
2372 940 2472 988 prin-

1409 994 1551 1042 cipium
1581 994 1918 1032 consubstantiale:
1949 993 2028 1030 sive
2056 992 2147 1029 illud
2176 992 2220 1029 sit
2246 991 2471 1041 principium

1410 1047 1578 1084 activum
1598 1054 1622 1094 '‘,
1653 1046 1747 1083 sicut
1774 1046 1873 1083 filius
1898 1046 2030 1083 dicitur
2059 1058 2140 1082 esse
2169 1045 2214 1082 de
2234 1050 2363 1093 patre‚·
2391 1045 2471 1082 sive

1410 1100 1456 1136 sit
1473 1099 1701 1148 principium
1716 1100 1921 1145 materiale,
1938 1098 2033 1135 sicut
2053 1099 2221 1135 cultellus
2242 1098 2374 1135 dicitur
2389 1110 2470 1134 esse

1409 1153 1455 1188 de
1467 1154 1602 1200 serro;
1621 1152 1702 1189 sive
1722 1152 1768 1188 sit
1786 1151 2012 1200 principium
2034 1152 2204 1197 formale,
2225 1151 2263 1187 in
2282 1151 2339 1187 his
2359 1150 2470 1187 dum-

1409 1212 1510 1241 taxat
1538 1205 1576 1241 in
1606 1205 1743 1253 quibus
1771 1205 1874 1253 ipsae
1907 1205 2052 1241 formae
2086 1211 2172 1240 sunt
2206 1203 2469 1249 subsistentes,

1410 1265 1446 1293 et
1465 1270 1543 1293 non
1572 1257 1817 1294 advenientes
1846 1256 1968 1302 alteri;
1997 1268 2202 1305 possumus
2223 1256 2323 1292 enim
2348 1256 2470 1293 dicere

1410 1310 1515 1358 quod
1540 1310 1694 1357 angelus
1714 1309 1843 1358 aliquis
1864 1317 1918 1346 est
1937 1310 1982 1346 de
2000 1315 2137 1345 natura
2158 1308 2402 1345 intellectuali.
2423 1309 2472 1345 Et

1409 1374 1479 1410 per
1506 1363 1608 1398 hunc
1633 1362 1794 1399 modum
1815 1362 1974 1398 dicimus
1994 1362 2099 1409 quod
2118 1361 2232 1398 Filius
2252 1369 2307 1398 est
2326 1361 2470 1408 genitus

1411 1415 1457 1452 de
1479 1415 1639 1451 essentia
1654 1414 1789 1460 Patris3
1810 1414 2033 1463 inquantum
2054 1414 2212 1451 essentia
2231 1414 2360 1460 Patris,
2378 1414 2470 1451 Filio

1410 1479 1479 1516 per
1506 1467 1789 1516 generationem
1819 1467 2108 1514 communicata,
2137 1467 2175 1504 in
2199 1479 2245 1503 eo
2266 1466 2442 1504 subsistit.

1463 1522 1522 1557 AD
1550 1532 1710 1557 TERTmM
1738 1532 1921 1557 DICENDUM
1941 1521 2056 1569 quod,
2079 1532 2166 1556 cum
2187 1519 2329 1565 dicitur,
2352 1519 2470 1556 Filius

1410 1579 1465 1610 est
1488 1573 1636 1623 genitus
1664 1574 1709 1610 de
1736 1573 1891 1609 essentia
1918 1573 2051 1619 Patris,
2081 1572 2230 1609 additur
2257 1572 2393 1620 aliquid
2414 1585 2469 1609 re-

1411 1633 1542 1675 spectu
1576 1626 1681 1662 cuius
1714 1633 1838 1674 potest
1874 1626 2009 1662 salvari
2038 1625 2234 1662 distinctio.
2275 1625 2350 1662 Sed
2381 1638 2469 1662 cum

1412 1679 1546 1716 dicitur
1565 1679 1669 1727 quod
1688 1684 1761 1715 tres
1779 1680 1968 1715 Personae
1986 1684 2073 1715 sunt
2094 1679 2140 1715 de
2158 1678 2312 1714 essentia
2331 1678 2469 1723 divina,

1410 1744 1488 1768 non
1515 1731 1668 1780 ponitur
1695 1731 1832 1780 aliquid
1861 1738 2033 1780 respectu
2063 1731 2166 1768 cuius
2193 1730 2312 1779 possit
2330 1730 2471 1779 impor-

1409 1784 1478 1821 tari
1506 1784 1689 1822 distinctio
1722 1796 1791 1833 per
1823 1784 2144 1833 praepositionem
2176 1783 2391 1831 significata.
2422 1784 2470 1819 Et

1409 1837 1497 1874 ideo
1527 1849 1605 1874 non
1635 1845 1691 1874 est
1718 1837 1849 1874 simile.

1462 1892 1521 1926 AD
1551 1901 1724 1932 QUARTUM
1750 1902 1934 1927 DICENDUM
1967 1890 2083 1937 quod,
2115 1901 2202 1926 cum
2231 1888 2381 1934 dicitur,
2410 1901 2469 1925 sa-

1404 1943 1546 1991 pientia
1574 1948 1628 1979 est
1653 1948 1791 1989 creata,
1820 1950 1945 1992 potest
1962 1942 2124 1990 intelligi,
2149 1953 2227 1978 non
2247 1942 2293 1978 de
2315 1941 2469 1990 Sapien-

1408 1995 1457 2031 tia
1486 2007 1584 2044 quae
1614 2003 1669 2032 est
1697 1995 1809 2032 Filius
1837 1995 1925 2042 Dei,
1955 1996 2021 2032 sed
2051 1995 2097 2032 de
2126 1994 2306 2043 sapientia
2335 2002 2468 2041 creata,

1409 2060 1527 2096 quam
1542 2049 1648 2085 Deus
1667 2048 1799 2085 indidit
1819 2048 2011 2085 creaturis:
2029 2048 2163 2085 dicitur
2179 2047 2278 2084 enim
2291 2047 2398 2083 Eccli
2411 2046 2468 2083 1²¹⁸:

1409 2102 1494 2149 Ipse
1513 2102 1654 2138 creavit
1672 2113 1768 2147 eam,
1798 2101 1935 2137 scilicet
1955 2101 2187 2150 sapientiam,
2213 2100 2351 2148 Spiritu
2375 2101 2469 2136 San-

1410 2160 1480 2200 cto,
1496 2160 1532 2190 et
1548 2154 1680 2203 effudit
1697 2154 1799 2191 illam
1818 2166 1930 2202 super
1949 2154 2076 2190 omnia
2096 2165 2210 2202 opera
2229 2165 2310 2189 sua.
2332 2153 2468 2200 Neque

1411 2214 1466 2243 est
1493 2206 1766 2243 inconveniens
1790 2208 1895 2255 quod
1919 2206 1957 2243 in
1975 2218 2054 2243 uno
2076 2213 2250 2243 contextu
2271 2205 2469 2242 locutionis

1409 2260 1587 2306 loquatur
1616 2259 1809 2308 Scriptura
1837 2260 1884 2296 de
1914 2259 2104 2307 Sapientia
2127 2258 2251 2306 genita
2271 2266 2306 2294 et
2325 2266 2468 2294 creata:

1410 2313 1500 2361 quia
1519 2312 1699 2361 sapientia
1719 2319 1843 2349 creata
1867 2319 1922 2348 est
1939 2312 2171 2360 participatio
2193 2310 2381 2359 quaedam
2402 2311 2469 2347 Sa-

1409 2365 1570 2414 pientiae
1590 2365 1787 2402 increatae.
1804 2386 1827 2392 -
1843 2365 1913 2401 Vel
1932 2372 2057 2413 potest
2075 2364 2203 2401 referri
2227 2364 2275 2400 ad
2295 2371 2468 2399 naturam

1411 2426 1576 2455 creatam
1609 2425 1845 2466 assumptam
1873 2430 1895 2454 a
1924 2418 2039 2464 Filio,
2074 2424 2115 2453 ut
2142 2416 2187 2453 sit
2221 2428 2373 2452 sensus:
2408 2416 2468 2451 Ab

1410 2471 1512 2507 initio
1541 2477 1577 2507 et
1593 2477 1679 2507 ante
1705 2470 1855 2507 saecula
1884 2476 2010 2506 creata
2037 2482 2132 2515 sum,
2160 2469 2266 2515 idest,
2289 2468 2467 2516 praevisa

1407 2536 1491 2560 sum
1511 2529 1707 2560 creaturae
1727 2523 1836 2559 uniri.
1848 2543 1871 2549 -
1883 2523 1964 2569 Vel,
1980 2534 2048 2570 per
2066 2522 2140 2558 hoc
2160 2521 2264 2570 quod
2280 2521 2469 2569 Sapientia

1409 2582 1535 2612 creata
1565 2583 1601 2612 et
1627 2576 1755 2625 genita
1783 2582 2033 2623 nuncupatur,
2063 2575 2202 2611 modus
2231 2574 2378 2611 divinae
2406 2586 2467 2621 ge-

1409 2628 1612 2665 nerationis
1640 2628 1749 2665 nobis
1777 2627 1996 2664 insinuatur.
2027 2628 2069 2663 In
2092 2626 2331 2675 generatione
2353 2626 2466 2672 enim,

1409 2681 1515 2730 quod
1534 2688 1735 2729 generatur
1762 2680 1896 2729 accipit
1923 2686 2098 2717 naturam
2118 2679 2342 2727 generantis,
2363 2679 2468 2726 quod

1409 2734 1649 2783 perfectionis
1685 2741 1760 2770 est:
1794 2733 1832 2769 in
1867 2733 2054 2769 creatione
2086 2744 2197 2779 vero,
2227 2744 2358 2768 creans
2390 2744 2468 2768 non

1410 2795 1576 2824 mutatur
1590 2785 1613 2833 λ,
1630 2787 1698 2823 sed
1718 2793 1885 2822 creatum
1905 2798 1983 2822 non
2003 2785 2132 2834 recipit
2151 2791 2323 2821 naturam
2341 2797 2468 2820 crean-

1410 2840 1467 2877 tis.
1503 2839 1645 2876 Dicitur
1674 2851 1761 2886 ergo
1792 2838 1905 2875 Filius
1934 2838 2043 2875 simul
2072 2845 2217 2874 creatus
2247 2844 2282 2873 et
2309 2837 2466 2884 genitus,

1409 2901 1451 2930 ut
1480 2905 1524 2929 ex
1553 2892 1740 2929 creatione
1776 2890 1978 2939 accipiatur
2014 2890 2296 2927 immutabilitas
2328 2889 2466 2936 Patris,

1412 2953 1447 2982 et
1476 2957 1520 2982 ex
1546 2945 1790 2995 generatione
1816 2943 1939 2980 unitas
1968 2951 2123 2980 naturae
2151 2943 2189 2979 in
2217 2943 2327 2979 Patre
2354 2949 2389 2978 et
2408 2941 2469 2978 Fi-

1410 2999 1471 3035 lio.
1502 2998 1551 3034 Et
1579 2997 1630 3034 sic
1659 2996 1857 3045 exponitur
1883 2996 2090 3033 intellectus
2117 2996 2228 3032 huius
2255 2994 2467 3042 scripturae

1412 3051 1459 3088 ab
1489 3050 1648 3096 Hilario,
1678 3049 1716 3086 in
1744 3049 1838 3086 libro
1867 3049 1913 3085 de
1941 3049 2081 3097 Synod.
2102 3047 2132 3085 ²¹⁶.
2162 3069 2185 3075 -
2215 3046 2466 3084 Auctoritates

1411 3111 1540 3140 autem
1558 3103 1732 3140 inductae
1752 3114 1831 3138 non
1850 3101 2056 3150 loquuntur
2084 3101 2130 3138 de
2151 3100 2288 3149 Spiritu
2314 3100 2465 3146 Sancto,

1413 3157 1480 3194 sed
1500 3156 1546 3193 de
1575 3155 1705 3204 spiritu
1730 3161 1872 3200 creato;
1894 3155 1957 3203 qui
1976 3154 2207 3202 quandoque
2228 3152 2359 3190 dicitur
2376 3164 2469 3189 ven-

1411 3218 1482 3256 tus,
1512 3207 1744 3257 quandoque
1770 3218 1844 3255 aer,
1865 3207 2095 3256 quandoque
2115 3213 2133 3233 Ι*
2160 3206 2272 3243 flatus
2290 3205 2466 3252 hominis,

1412 3262 1642 3311 quandoque
1678 3260 1789 3296 etiam
1822 3260 1970 3307 anima,
1998 3260 2061 3296 vel
2089 3270 2352 3307 quaecumque
2381 3257 2467 3294 sub-

1412 3314 1544 3352 stantia
1570 3312 1776 3350 invisibilis.

347 3448 374 3479 η)
393 3447 544 3480 aliqualem.
561 3460 580 3466 -
597 3447 713 3480 aliquam
732 3447 854 3479 ABCEG,
873 3448 989 3480 aliquam
1009 3448 1050 3472 vel
1068 3447 1209 3479 aliqualem
1228 3447 1261 3471 D.

349 3481 372 3515 θ)
389 3482 593 3515 impartibilis.-
603 3482 766 3507 substantiae
781 3484 877 3508 addunt
886 3483 964 3513 BDG,
975 3483 1045 3515 quod
1060 3483 1080 3506 B
1096 3482 1198 3514 corrigit
1210 3482 1235 3506 in
1245 3489 1357 3514 semper.

349 3519 367 3551 ι)
381 3517 555 3550 principium.
572 3530 593 3537 -
610 3517 670 3542 Om.
690 3517 743 3542 BD.

1463 3445 1489 3477 κ)
1508 3444 1632 3469 activum.
1650 3456 1669 3463 -η
1687 3443 1727 3468 vel
1745 3443 1821 3476 quasi
1839 3443 1954 3468 activum
1974 3443 2069 3467 addunt
2087 3442 2164 3466 BDG.

1462 3479 1490 3512 λ)
1510 3482 1639 3504 mutatur.
1656 3492 1675 3497 -—
1694 3479 1851 3503 immutatur
1869 3478 1989 3502 ABCDE.

1465 3516 1492 3549 μ)
1512 3521 1565 3543 aer,
1586 3514 1750 3546 quandoque.
1768 3527 1787 3532 -
1805 3517 1892 3538 autem
1912 3513 1941 3542 Β,
1960 3520 2007 3537 aer
2025 3516 2072 3537 aut
2091 3512 2176 3537 ceteri.

2500 423 2509 432 '¹
2525 422 2582 450 Cap.
2597 428 2649 444 xm.

2498 2056 2506 2065 '¹
2520 2057 2588 2078 Vers.
2603 2061 2625 2083 9,
2641 2061 2673 2078 ιο.

2495 3047 2505 3055 ·
2520 3045 2595 3073 Super
2608 3051 2657 3068 can.
2672 3052 2688 3067 v

2494 3073 2612 3100 Ancyran.

2590 3213 2609 3238 μ
