2768 4178
29 1142 64 1167 lv
85 1149 113 1166 οι
132 1160 139 1166 .
148 1150 184 1172 m,
194 1150 242 1167 ιιι.

27 1181 41 1188 -
183 1171 242 1198 ,lib.

23 1196 172 1247 4ἑ“”τ“ἰῗ.”ῑ.ζ«ζε.
180 1204 241 1247 &113³

27 2137 40 2148 ⁶
54 2136 104 2165 Qu.
117 2141 161 2164 vu,
174 2138 220 2158 nrt.
228 2141 241 2158 2

12 2203 13 2207 Ἰ
27 2168 81 2192 “lq-

26 2510 173 2540 *Cusum

11 2728 13 2730 ·
26 2719 170 2775 ἕὶῖὲθῖ

178 2726 241 2747 xm,

23 3092 43 3104 ‘⁴
55 3091 127 3120 Prop.
142 3098 176 3119 m,
192 3098 224 3114 lx.

0 3775 28 4178 “²2·mp*w·tw=r-e-⁷·
10 3739 11 3743 .
14 3699 15 3702 „

15 1117 40 1130 ··
52 1116 189 1145 nemi-01„
199 1117 240 1140 lib.
288 1115 291 1120 ·
307 1111 323 1159 '⁴

967 290 1234 336 QUAESTIO
1263 293 1386 340 ΧΙΝ,
1415 295 1711 333 ARTICULUS
1741 298 1775 333 v

270 367 387 399 habent
403 378 470 398 esse
487 368 531 399 sic
546 367 636 409 quod
658 367 691 398 in
715 377 774 398 suo
799 377 866 398 esse
883 368 1075 405 subsistunt;
1099 370 1220 410 reliqua
1235 377 1343 401 autem

271 412 420 443 dicuntur
442 412 557 444 habere
581 422 657 448 esse,
682 422 748 442 non
772 411 862 452 quasi
886 412 955 452 ipsa
974 413 1045 449 sint,
1066 414 1120 443 sed
1136 414 1210 454 quia
1229 414 1272 444 eis
1288 415 1341 445 ali—

2383 302 2462 349 469

1452 373 1493 404 Et
1512 384 1548 404 ex
1571 374 1629 405 hac
1653 376 1877 416 sequitur'alia
1908 377 2078 409 differentia
2101 379 2134 409 in
2158 378 2363 409 conclusione
2387 389 2462 410 con-

1398 422 1492 448 tenta.
1512 418 1596 448 Nam
1612 419 1691 450 sicut
1708 420 1774 450 sola
1791 421 1989 452 subsistentia
2006 429 2080 453 sunt
2095 423 2186 459 entia,
2205 430 2235 453 et
2251 423 2372 464 reliqua
2389 430 2463 454 sunt

272 456 350 496 quid
373 463 433 493 est,
458 463 494 488 ut
517 463 602 498 patet
626 456 664 487 de
688 456 840 487 albedine.
865 456 906 486 Et
930 456 1134 488 confirmatur
1157 459 1341 490 auctoritate
1398 461 1607 498 coexistentia,
1628 463 1670 493 ita
1694 464 1761 494 sola
1777 464 1975 496 subsistentia
1991 474 2064 497 sunt
2081 474 2190 503 creata,
2207 474 2237 497 et
2252 467 2373 510 reliqua
2389 475 2462 498 sunt

271 500 469 542 Philosophi.

1366 517 1368 542 Ι
1398 511 1576 536 concreata.

1071 659 1388 702 ARTICULUS
1419 661 1673 713 QUINTUS

953 755 1130 787 UTRUM
1161 755 1332 787 somus
1363 757 1443 788 DEI
1475 759 1550 790 sir
1581 760 1775 793 CREARE

584 846 659 877 1nfm,
679 855 723 880 qu.
743 854 800 877 va,
819 851 866 870 art.
888 844 917 886 33
937 852 980 878 qu.
1000 851 1041 873 xe.
1061 848 1108 869 art.
1131 843 1160 873 33
1181 843 1202 867 11
1222 843 1305 872 Seni..
1326 844 1384 869 dist.
1404 852 1422 874 1,
1441 853 1485 877 qu.
1504 853 1521 875 ι,
1541 852 1588 871 art.
1610 847 1636 879 ὃς
1657 848 1697 877 IV,
1718 849 1776 874 dist.
1795 858 1819 881 v,
1839 858 1884 883 qu,
1903 859 1920 882 1,
1939 857 1984 876 art.
2006 852 2029 882 3,
2050 854 2096 885 qu.
2119 853 2148 882 3,

338 876 359 901 11
381 877 457 903 Cont-
474 880 560 909 Geni„
581 889 637 914 cap.
655 891 695 914 xx,
714 889 769 913 xx1;
790 882 832 907 De
850 881 944 910 vemt..
965 887 1047 913 (μὴν,
1067 884 1114 903 art.
1133 886 1163 919 ψ
1185 879 1227 903 De
1246 879 1312 907 Por„
1334 887 1378 911 qu·
1397 888 1434 911 111,
1454 886 1500 905 art.
1519 890 1550 913 4;
1572 882 1668 912 Quodl.
1687 884 1726 914 ΙΙΙ,
1746 893 1790 917 qu.
1809 893 1846 914 111,
1867 891 1913 911 art.
1932 894 1955 917 1;
1979 888 2121 920 Compend.
2140 889 2236 919 Theoi„
2257 898 2311 923 cap.
2331 898 2392 920 Lxx;

808 917 908 950 Opusc.
927 916 983 946 XV,
1003 915 1036 940 de
1054 914 1173 947 Angelis,
1194 922 1251 946 cap.
1270 922 1299 945 x;
1320 915 1446 945 XXXVII,
1467 917 1499 941 de
1520 917 1644 947 Quatuor
1665 919 1792 951 Opposit„
1813 928 1869 953 cap.
1887 929 1921 946 w.

310 1040 318 1048 s
356 1025 366 1049 ε
391 1035 432 1058 ,4
485 1020 508 1044 Ι)
537 1019 701 1051 QU1NTUM
725 1018 779 1044 sm
798 1016 1040 1043 PROCEDITUR.
1061 1003 1221 1040 Videtur
1237 1003 1341 1052 quod

339 1057 346 1064 ’
413 1059 457 1107 ⁵⁴⁹:
486 1074 564 1098 non
593 1061 709 1098 solius
737 1059 810 1107 Dei
838 1058 884 1095 sit
913 1069 1053 1094 creare.
1085 1057 1186 1104 Quia
1206 1069 1340 1093 secun-

334 1154 336 1157 ,
466 1111 471 1115 ”
487 1115 580 1152 dum
595 1113 876 1162 Philosophum
886 1111 918 1159 ²¹⁶,
933 1111 1144 1160 perfectum
1161 1118 1216 1147 est
1236 1110 1341 1159 quod

328 1163 347 1192 *¹
440 1158 471 1201 Κ
485 1175 610 1217 potest
631 1167 702 1205 sibi
722 1166 842 1204 simile
871 1165 1008 1202 facere.
1040 1164 1117 1201 Sed
1147 1171 1341 1200 creaturae

269 1221 538 1259 immateriales
566 1229 653 1258 sunt
680 1218 925 1270 perfectiores
960 1216 1138 1255 creaturis
1166 1217 1341 1254 materia-

268 1274 518 1323 libusfquae
556 1274 699 1312 faciunt
737 1273 807 1310 sibi
844 1271 987 1308 simile:
1017 1270 1112 1319 ignis
1142 1270 1244 1307 enim
1279 1283 1342 1318 ge-

269 1335 378 1365 nerat
404 1327 544 1376 ignem,
567 1335 603 1364 et
629 1329 750 1365 homo
776 1332 932 1374 generat
949 1330 967 1346 ⁰⁸
995 1323 1206 1362 hominem.
1238 1324 1340 1372 Ergo

270 1381 482 1419 substantia
509 1380 769 1419 immaterialis
789 1386 914 1428 potest
941 1378 1066 1414 facere
1091 1377 1342 1414 substantiam

269 1434 341 1472 sibi
369 1433 534 1472 similem
555 1433 585 1471 Ρ.
617 1434 695 1472 Sed
728 1431 938 1471 substantia
975 1430 1234 1468 immaterialis
1263 1443 1342 1468 non

268 1495 396 1537 potest
413 1488 497 1526 fieri
515 1487 586 1525 nisi
605 1500 675 1537 per
694 1486 946 1524 creationem:
977 1497 1066 1522 cum
1095 1497 1175 1521 non
1203 1485 1343 1521 habeat

268 1540 471 1579 materiam
491 1553 537 1578 ex
557 1553 633 1590 qua
652 1541 729 1578 fiat.
755 1541 858 1588 Ergo
879 1538 1004 1588 aliqua
1026 1546 1198 1575 creatura
1215 1546 1343 1587 potest

270 1607 400 1632 creare
417 1600 444 1632 ².

324 1660 360 1686 2.
381 1648 617 1694 PRAETEREA,
647 1654 790 1696 quanto
821 1646 945 1683 maior
974 1653 1030 1682 est
1058 1643 1268 1682 resistentia
1297 1657 1342 1681 ex

267 1709 376 1752 parte
404 1701 512 1748 facti,
541 1707 647 1738 tanto
675 1700 800 1738 maior
835 1699 954 1737 virtus
984 1698 1187 1748 requiritur
1222 1698 1261 1735 in
1289 1698 1341 1735 fa-

269 1755 404 1793 ciente.
440 1754 519 1792 Sed
546 1755 632 1803 plus
662 1754 799 1791 resistit
828 1752 1060 1790 contrarium
1089 1764 1208 1799 quam
1237 1751 1339 1788 nihil.

269 1809 374 1857 Ergo
401 1807 558 1845 maioris
585 1807 733 1844 virtutis
762 1815 818 1844 est
845 1806 988 1855 aliquid
1022 1806 1147 1842 facere
1177 1817 1222 1842 ex
1252 1817 1341 1842 con-

269 1862 397 1910 trario,
417 1861 524 1911 quod
551 1868 683 1898 tamen
712 1867 884 1897 creatura
916 1859 1023 1905 facit;
1053 1871 1170 1907 quam
1199 1858 1340 1907 aliquid

234 1926 236 1929 ’
269 1915 394 1953 facere
415 1927 461 1951 ex
481 1914 610 1952 nihilo.
640 1915 764 1951 Multo
793 1913 914 1962 magis
934 1913 1044 1961 igitur
1073 1920 1243 1949 creatura
1266 1913 1342 1949 hoc

269 1969 395 2006 facere
424 1975 560 2018 potest.

326 2023 361 2060 3.
382 2023 618 2068 PRAETEREA,
647 2020 767 2058 virtus
795 2019 965 2057 facientis
994 2018 1256 2057 consideratur
1283 2031 1340 2056 se-

271 2077 441 2114 cundum
471 2086 694 2111 mensuram
723 2073 805 2110 eius
833 2074 939 2122 quod
958 2073 1012 2110 fit.
1043 2072 1121 2110 Sed
1141 2085 1208 2110 ens
1238 2085 1340 2109 crea-

268 2136 352 2166 tum
373 2136 429 2166 est
447 2128 610 2175 finitum,
625 2135 668 2164 ut
686 2139 800 2176 supra
818 2126 839 2148 ’¹‘
866 2127 1073 2175 probatum
1095 2134 1162 2173 est,
1184 2138 1272 2163 cum
1294 2126 1341 2163 de

269 2182 344 2220 Dei
363 2180 377 2204 ὅ
404 2181 587 2219 infinitate
616 2188 802 2229 ageretur.
836 2181 939 2228 Ergo
969 2180 1018 2218 ad
1046 2179 1340 2228 producendum

269 2248 339 2286 per
368 2235 598 2272 creationem
636 2233 781 2283 aliquid
809 2241 999 2280 creatum,
1033 2245 1112 2270 non
1141 2233 1342 2281 requiritur

270 2289 341 2326 nisi
355 2289 476 2326 virtus
495 2288 613 2326 finita.
636 2287 713 2324 Sed
733 2287 874 2323 habere
894 2286 1076 2323 virtutem
1095 2285 1242 2323 finitam
1263 2298 1342 2322 non

271 2349 328 2380 est
347 2350 478 2379 contra
506 2341 693 2378 rationem
723 2348 927 2377 creaturae.
958 2340 1062 2388 Ergo
1091 2351 1170 2376 non
1191 2346 1246 2376 est
1274 2338 1342 2375 im-

269 2395 452 2446 possibile
482 2402 694 2431 creaturam
723 2405 864 2430 creare.

325 2450 400 2486 SED
429 2460 576 2486 CONTRA
603 2459 669 2484 EST
697 2447 804 2496 quod
831 2445 1066 2494 Augustinus
1095 2445 1195 2492 dicit,
1223 2445 1262 2482 in
1291 2446 1341 2481 III

270 2502 317 2540 de
348 2503 384 2538 T
380 2502 451 2539 rin.
471 2501 508 2548 ²³⁶,
538 2500 644 2549 quod
673 2512 799 2548 neque
828 2500 920 2537 boni
948 2511 1074 2548 neque
1102 2499 1191 2536 mali
1221 2498 1343 2546 angeli

269 2562 432 2605 possunt
460 2566 543 2591 esse
573 2560 763 2590 creatores
787 2553 944 2590 alicuius
973 2552 1036 2590 rei.
1063 2553 1185 2590 Multo
1215 2552 1342 2589 minus

271 2608 382 2656 igitur
409 2607 503 2645 aliae
533 2614 740 2644 creaturae.
1326 2652 1330 2655 ι

324 2662 552 2699 ΒεεΡοΝΒΕο
567 2672 753 2698 DICENDUM
764 2659 871 2709 quod
885 2658 974 2696 satis
989 2667 1148 2708 apparet
1162 2659 1200 2696 in
1215 2658 1341 2708 primo

270 2722 440 2764 aspectu,
461 2713 676 2751 secundum
704 2713 914 2763 praemissa
928 2712 959 2761 ²¹⁶,
981 2714 1085 2762 quod
1115 2724 1243 2749 creare
1264 2724 1342 2748 non

269 2775 396 2818 potest
424 2780 507 2805 esse
526 2773 537 2788 ²
565 2766 720 2816 propria
739 2766 836 2803 actio
866 2766 937 2803 nisi
965 2766 1082 2803 solius
1101 2766 1186 2803 Dei.
1217 2766 1343 2814 Opor-

270 2829 323 2859 tet
352 2821 454 2858 enim
477 2820 772 2858 universaliores
802 2819 960 2857 effectus
979 2819 1018 2857 in
1044 2818 1341 2857 universaliores

272 2883 308 2913 et
335 2874 482 2925 priores
518 2886 651 2911 causas
689 2875 883 2911 reducere.
914 2875 1014 2910 Inter
1043 2885 1179 2910 omnes
1214 2880 1340 2909 autem

272 2928 442 2976 effectus,
461 2926 831 2965 universalissimum
861 2933 917 2964 est
948 2927 1076 2976 ipsum
1106 2938 1199 2963 esse.
1231 2925 1342 2963 Unde

272 2989 423 3031 oportet
442 2981 549 3031 quod
577 2981 623 3018 sit
641 2980 817 3030 proprius
847 2980 1004 3017 effectus
1027 2980 1175 3029 primae
1205 2986 1242 3016 et
1259 2978 1342 3015 uni-

271 3034 552 3072 versalissimae
582 3046 731 3081 causae,
753 3046 851 3083 quae
873 3041 928 3070 est
946 3035 1064 3071 Deus.
1086 3034 1198 3071 Unde
1229 3032 1343 3069 etiam

272 3088 408 3126 dicitur
426 3087 522 3125 libro
542 3088 589 3124 de
612 3087 745 3125 Causis
763 3087 794 3134 ³¹⁸,
824 3086 930 3135 quod
950 3099 1076 3136 neque
1100 3084 1343 3134 intelligentia

271 3141 334 3178 vel
363 3140 490 3178 anima
517 3141 653 3178 nobilis
683 3141 746 3178 dat
775 3153 871 3188 esse,
901 3140 972 3177 nisi
999 3140 1226 3189 inquantum
1253 3151 1343 3188 ope-

273 3202 375 3232 ratur
409 3195 630 3243 operatione
670 3194 810 3231 divina.
849 3193 1070 3231 Producere
1103 3200 1231 3230 autem
1261 3204 1343 3229 esse

273 3247 458 3295 absolute,
480 3260 559 3284 non
578 3247 805 3296 inquantum
827 3254 883 3284 est
901 3247 976 3284 hoc
994 3247 1057 3284 vel
1076 3247 1161 3294 tale,
1182 3245 1346 3295 pertinet

273 3300 323 3338 ad
338 3300 525 3337 rationem
546 3300 757 3338 creationis.
778 3300 891 3338 Unde
906 3300 1153 3337 manifestum
1169 3307 1225 3336 est
1240 3298 1345 3349 quod

274 3354 415 3391 creatio
445 3361 501 3390 est
527 3354 682 3403 propria
710 3354 807 3391 actio
837 3354 953 3403 ipsius
981 3354 1065 3391 Dei.

327 3468 355 3500 α)
374 3471 496 3501 generat.
513 3483 532 3487 —
550 3468 612 3494 Om.
631 3468 753 3493 ABCDE.

328 3502 353 3536 β)
369 3506 460 3535 potest
475 3505 571 3536 facere
588 3503 764 3529 substantiam
783 3505 834 3529 sibi
851 3505 972 3530 similem.
991 3519 1010 3523 —
1023 3507 1114 3536 potest
1125 3504 1221 3538 facere
1239 3504 1289 3528 sibi
1307 3503 1342 3527 si-

274 3539 335 3564 mile
353 3539 382 3570 F,
398 3542 488 3571 potest
500 3539 595 3572 facere
613 3538 663 3564 sibi
680 3538 792 3564 similem
811 3540 862 3565 Ga.

325 3575 352 3608 γ)
372 3581 472 3599 creare.
491 3589 508 3593 —
526 3574 629 3607 aliquid
647 3581 739 3600 creare
757 3575 787 3599 B.

327 3609 351 3642 ὃ)
372 3610 432 3634 Dei.
450 3624 469 3629 -
487 3610 549 3635 Om.
568 3610 656 3635 FGab.

327 3647 349 3678 ε)
364 3649 455 3678 potest
473 3652 537 3671 esse.
554 3659 574 3664 -
591 3648 632 3671 est
650 3646 697 3671 Fa.

1451 1005 1643 1055 Contingit
1662 1017 1788 1046 autem
1811 1011 1915 1059 quod
1939 1011 2079 1061 aliquid
2099 1013 2295 1062 participet
2310 1014 2324 1040 t
2344 1015 2458 1052 actio-

1396 1063 1490 1118 nem
1514 1061 1710 1109 propriam
1735 1063 1890 1101 alicuius
1919 1065 2080 1112 alterius,
2110 1078 2188 1103 non
2206 1066 2343 1104 virtute
2372 1080 2459 1117 pro—

1395 1124 1489 1160 pria,
1511 1114 1578 1150 sed
1607 1114 1947 1165 instrumentaliter,
1968 1118 2193 1165 inquantum
2223 1120 2295 1167 agit
2317 1120 2356 1157 in
2384 1121 2457 1158 vir-

1396 1172 1473 1202 tute
1502 1167 1670 1213 alterius;
1701 1168 1795 1206 sicut
1826 1182 1891 1206 aer
1917 1183 1986 1219 per
2011 1171 2190 1208 virtutem
2223 1172 2317 1220 ignis
2345 1174 2459 1211 habet

1398 1219 1602 1256 calefacere
1624 1228 1660 1257 et
1679 1221 1806 1269 ignire.
1829 1223 1878 1259 Et
1905 1224 2116 1261 secundum
2134 1225 2220 1271 hoc,
2246 1225 2359 1275 aliqui
2379 1227 2458 1276 opi-

1397 1271 1473 1308 nati
1493 1281 1579 1310 sunt
1599 1275 1715 1322 quod,
1736 1275 1820 1312 licet
1849 1276 1987 1313 creatio
2017 1277 2063 1314 sit
2081 1278 2233 1326 propria
2261 1279 2357 1316 actio
2377 1281 2458 1317 uni-

1396 1325 1554 1362 versalis
1584 1339 1742 1375 causae,
1769 1336 1898 1366 tamen
1927 1330 2050 1378 aliqua
2078 1330 2299 1368 inferiorum
2328 1345 2456 1370 causa-

1397 1390 1504 1426 rum,
1535 1379 1759 1428 inquantum
1789 1382 1863 1429 agit
1889 1382 1926 1419 in
1954 1383 2090 1419 virtute
2122 1383 2269 1432 primae
2304 1397 2456 1434 causae,

1396 1439 1522 1480 potest
1537 1445 1676 1470 creare.
1699 1434 1747 1470 Et
1761 1434 1814 1470 sic
1828 1436 1954 1483 posuit
1968 1436 2165 1473 Avicenna
2178 1436 2198 1458 '³‘
2217 1438 2320 1486 quod
2335 1439 2459 1487 prima

1397 1485 1606 1522 substantia
1643 1495 1838 1535 separata,
1869 1497 1993 1526 creata
2021 1502 2043 1526 a
2075 1491 2180 1535 Deo,
2211 1498 2311 1527 creat
2347 1492 2458 1529 aliam

1396 1546 1484 1587 post
1502 1551 1555 1586 se,
1577 1547 1614 1576 et
1633 1541 1883 1578 substantiam
1903 1543 2018 1590 orbis,
2040 1550 2077 1579 et
2095 1543 2262 1580 animam
2293 1545 2393 1592 eius3
2423 1553 2459 1582 et

1397 1593 1504 1639 quod
1533 1593 1740 1630 substantia
1761 1594 1861 1631 orbis
1887 1603 1988 1632 creat
2015 1596 2212 1633 materiam
2238 1597 2459 1635 inferiorum

1397 1657 1617 1693 corporum.
1639 1647 1688 1682 Et
1707 1647 1917 1684 secundum
1938 1649 2039 1685 hunc
2063 1650 2175 1687 etiam
2196 1651 2357 1687 modum
2377 1652 2459 1688 Ma-

1396 1698 1511 1746 gister
1530 1699 1628 1746 dicit,
1650 1699 1688 1736 in
1707 1711 1731 1736 v
1750 1700 1832 1737 dist.
1854 1702 1906 1738 IV
1925 1702 2042 1748 Sent.,
2072 1703 2176 1750 quod
2205 1704 2309 1741 Deus
2337 1711 2461 1753 potest

1397 1759 1593 1789 creaturae
1609 1753 1894 1791 communicare
1905 1756 2115 1803 potentiam
2131 1757 2293 1804 creandi,
2305 1765 2346 1794 ut
2362 1765 2461 1794 creet

1396 1818 1466 1854 per
1493 1805 1758 1854 ministerium,
1779 1820 1858 1844 non
1885 1809 2040 1857 propria
2068 1809 2298 1847 auctoritate.

1454 1859 1532 1896 Sed
1559 1860 1634 1896 hoc
1663 1872 1746 1896 esse
1774 1873 1854 1897 non
1873 1869 2008 1910 potest.
2040 1862 2140 1909 Quia
2161 1875 2274 1900 causa
2293 1863 2459 1900 secunda

1397 1912 1692 1949 instrumentalis
1721 1926 1799 1950 non
1819 1914 2016 1964 participat
2035 1915 2224 1953 actionem
2245 1929 2380 1953 causae
2400 1929 2460 1953 su-

1396 1965 1566 2014 perioris,
1588 1965 1658 2003 nisi
1678 1966 1905 2016 inquantum
1925 1980 1994 2017 per
2014 1969 2153 2018 aliquid
2173 1969 2242 2006 sibi
2262 1969 2459 2018 proprium

1397 2019 1617 2068 dispositive
1638 2027 1818 2068 operatur
1841 2020 1889 2058 ad
1919 2021 2098 2058 effectum
2118 2022 2331 2071 principalis
2350 2035 2460 2071 agen-

1395 2072 1452 2109 tis.
1484 2073 1523 2109 Si
1547 2073 1658 2121 igitur
1676 2073 1768 2110 nihil
1787 2073 1837 2110 ibi
1859 2083 1987 2122 ageret
2006 2075 2217 2112 secundum
2246 2076 2336 2113 illud
2356 2076 2461 2125 quod

1397 2134 1453 2172 est
1481 2126 1552 2163 sibi
1581 2126 1798 2175 proprium,
1832 2127 1968 2165 frustra
2005 2128 2246 2165 adhiberetur
2273 2129 2322 2166 ad
2350 2142 2461 2176 agen-

1397 2179 1511 2216 dum:
1541 2191 1612 2216 nec
1633 2187 1824 2228 oporteret
1844 2193 1926 2217 esse
1948 2181 2195 2218 determinata
2215 2182 2461 2219 instrumenta

1398 2233 1733 2269 determinatarum
1749 2233 1955 2271 actionum.
1974 2235 2036 2271 Sic
2052 2235 2153 2272 enirn
2168 2235 2342 2272 videmus
2357 2235 2461 2284 quod

1380 2285 1559 2333 securis,
1589 2286 1799 2323 scindendo
1832 2287 1996 2335 lignum,
2027 2288 2132 2336 quod
2160 2289 2274 2325 habet
2303 2301 2347 2325 ex
2374 2301 2461 2337 pro-

1397 2339 1552 2388 prietate
1582 2351 1674 2376 suae
1703 2340 1862 2387 formae,
1883 2341 2059 2389 producit
2078 2342 2222 2378 scamni
2251 2342 2415 2378 formam
2434 2347 2459 2388 η,

1397 2405 1497 2441 quae
1518 2400 1573 2429 est
1592 2393 1749 2429 effectus
1763 2394 1940 2441 proprius
1958 2394 2172 2443 principalis
2192 2395 2345 2442 agentis.
2367 2395 2461 2431 Illud

1398 2454 1527 2483 autem
1556 2446 1661 2495 quod
1700 2454 1756 2482 est
1782 2447 1958 2495 proprius
1995 2447 2150 2484 effectus
2179 2448 2251 2484 Dei
2284 2447 2458 2495 creantis,

1400 2507 1455 2536 est
1482 2499 1572 2536 illud
1600 2500 1704 2548 quod
1732 2500 2053 2548 praesupponitur
2081 2500 2259 2537 omnibus
2278 2501 2368 2548 aliis,
2390 2500 2460 2537 sci-

1396 2553 1481 2590 licet
1521 2565 1602 2589 esse
1641 2553 1824 2589 absolute.
1864 2551 1974 2590 Unde
2011 2565 2089 2589 non
2122 2561 2247 2602 potest
2280 2553 2421 2602 aliquid
2446 2551 2459 2574 ⁰

1397 2606 1545 2655 operari
1583 2605 1801 2654 dispositive
1840 2613 1876 2642 et
1911 2605 2241 2643 instrumentaliter
2277 2607 2326 2643 ad
2358 2608 2459 2643 hunc

1397 2660 1588 2706 effectum,
1610 2672 1699 2695 cum
1728 2658 1865 2695 creatio
1885 2670 1964 2695 non
1993 2659 2039 2695 sit
2061 2671 2105 2696 ex
2135 2659 2258 2708 aliquo
2278 2672 2458 2708 praesup-

1396 2714 1534 2762 posito,
1556 2713 1661 2761 quod
1688 2712 1807 2761 possit
1836 2711 1985 2761 disponi
2011 2725 2080 2761 per
2108 2712 2295 2749 actionem
2325 2713 2458 2749 instru-

1396 2766 1569 2804 mentalis
1589 2765 1743 2814 agentis.
1764 2787 1787 2792 -
1811 2765 1871 2801 Sic
1899 2765 2009 2812 igitur
2027 2765 2259 2815 impossibile
2281 2773 2335 2802 est
2354 2766 2458 2814 quod

1396 2820 1504 2857 alicui
1535 2826 1727 2856 creaturae
1766 2818 1966 2855 conveniat
1995 2831 2139 2866 creare,
2170 2831 2293 2867 neque
2321 2819 2457 2856 virtute

1396 2872 1561 2922 propria,
1583 2885 1708 2921 neque
1736 2871 2066 2909 instrumentaliter
2094 2872 2174 2909 sive
2206 2884 2274 2920 per
2292 2872 2457 2908 ministe-

1397 2927 1495 2964 rium
1515 2925 1545 2962 ²¹⁵.

1451 2981 1499 3016 Et
1518 2980 1592 3015 hoc
1620 2977 1822 3027 praecipue
1851 2977 2123 3015 inconveniens
2153 2985 2208 3014 est
2236 2977 2308 3014 dici
2328 2978 2374 3014 de
2395 2977 2458 3013 ali—

1397 3045 1474 3081 quo
1511 3043 1691 3079 corpore,
1721 3031 1825 3079 quod
1855 3038 1974 3067 creet:
2013 3043 2100 3067 cum
2138 3031 2283 3067 nullum
2321 3042 2458 3079 corpus

1398 3093 1483 3134 agat
1510 3084 1578 3121 nisi
1607 3083 1796 3131 tangendo
1817 3084 1878 3120 vel
1897 3090 1905 3104 ‘
1933 3083 2149 3129 movendo;
2181 3091 2216 3120 et
2235 3083 2287 3120 sic
2306 3083 2460 3131 requirit

1398 3140 1435 3176 in
1465 3151 1532 3175 sua
1561 3137 1708 3174 actione
1737 3136 1877 3184 aliquid
1904 3136 2179 3185 praeexistens,
2210 3137 2314 3185 quod
2340 3135 2460 3185 possit

1398 3191 1499 3239 tangi
1519 3198 1555 3227 et
1574 3189 1739 3236 moveri;
1769 3189 1873 3238 quod
1903 3198 1957 3226 est
1985 3197 2115 3226 contra
2143 3189 2329 3226 rationem
2358 3191 2459 3226 crea-

1399 3244 1520 3282 tionis.

1452 3300 1510 3334 AD
1539 3309 1676 3334 PR1MUM
1705 3308 1802 3333 ERGO
1840 3307 2022 3332 DICENDUM
2052 3296 2156 3342 quod
2195 3294 2348 3343 aliquod
2375 3306 2460 3343 per-

1399 3352 1538 3388 fectum
1566 3349 1794 3398 participans
1822 3349 1988 3397 aliquam
2021 3355 2215 3395 naturam,
2245 3348 2331 3385 facit
2358 3347 2428 3384 sibi
2447 3354 2460 3369 ⁸

1450 3466 1474 3498 ζ)
1492 3465 1645 3497 participet.
1663 3478 1682 3483 -
1696 3464 1845 3495 participat
1863 3463 1964 3487 codices
1984 3467 2009 3487 et
2026 3470 2042 3487 a
2053 3463 2075 3487 b.

1451 3501 1477 3533 η)
1502 3500 1605 3525 scamni
1621 3501 1753 3533 sormam.
1776 3513 1794 3518 -
1815 3499 1852 3523 ad
1872 3499 1993 3531 sormam
2018 3505 2154 3522 scamnum
2179 3498 2259 3528 ACE,
2283 3497 2320 3522 ad
2337 3498 2459 3530 formam

1397 3536 1499 3562 scamni
1516 3536 1547 3566 D,
1558 3536 1680 3568 formam
1700 3534 1801 3559 scamni
1819 3534 1900 3563 BFG;
1919 3536 2035 3558 statuam
2055 3541 2144 3565 margo
2162 3534 2194 3557 A.

1451 3570 1474 3604 θ)
1494 3570 1604 3603 aliquid.
1622 3584 1640 3589 -
1658 3570 1761 3602 aliquid
1778 3569 1853 3594 aliud
1870 3569 1992 3593 ABCDE.

1451 3607 1469 3639 t)
1490 3607 1537 3631 vel.
1555 3620 1574 3625 -
1592 3609 1619 3630 et
1637 3605 1746 3630 codices.

1451 3643 1475 3674 κ)
1495 3642 1552 3667 sibi.
1568 3655 1589 3660 -
1608 3641 1668 3666 Orn.
1687 3640 1786 3665 ACDE.

2486 1449 2497 1460 ⁸
2512 1450 2652 1478 Metaphys..
2665 1454 2695 1473 tr.

2486 1476 2525 1503 IX,
2541 1482 2590 1504 cap.
2606 1483 2636 1499 ιν.

2585 2549 2598 2574 θ

2488 2934 2495 2943 ”
2510 2933 2541 2954 D.
2555 2938 2603 2959 410,
2618 2931 2666 2959 418.

2590 3094 2597 3109 Ι.
