2768 4178
22 787 33 799 “
49 787 96 815 Qu.
112 793 138 813 u,
153 789 197 808 art.
211 792 232 814 3.

20 1056 31 1066 ·
45 1055 106 1078 Ibid.
119 1076 122 1077 γ

961 215 1230 262 QUAESTIO
1261 216 1327 263 ΙΙΙ,
1358 215 1653 252 ARTICULUS
1682 216 1768 252 VIII

2408 228 2459 265 47

261 296 441 346 partium,
462 296 552 345 quia
581 308 720 345 corpus
754 308 833 333 non
853 303 929 341 est;
959 307 1085 343 neque
1106 294 1334 343 compositio
1361 293 1365 346 1
1391 294 1571 331 similium
1599 294 1786 343 partium,
1821 295 1906 331 licet
1939 295 2079 344 aliquid
2112 296 2217 343 quod
2251 295 2383 332 dicitur
2412 296 2458 332 de

262 351 408 387 formae
439 357 475 386 et
504 349 703 387 materiae:
734 361 860 398 neque
889 348 929 385 in
948 360 994 384 eo
1016 348 1061 384 sit
1081 348 1182 385 aliud
1202 355 1336 384 natura

262 411 299 440 et
336 403 598 452 suppositum;
637 402 764 450 neque
798 401 900 438 aliud
934 401 1097 438 essentia
1122 406 1135 427 ⁷
1166 408 1201 437 et
1229 414 1334 438 esse:

261 469 389 505 neque
418 457 456 493 in
485 469 532 493 eo
569 456 615 493 sit
649 454 878 504 compositio
907 454 1055 502 generis
1089 461 1126 491 et
1158 454 1335 491 differen-

261 510 353 555 tiae;
383 508 509 558 neque
529 509 689 547 subiecti
709 516 746 545 et
764 508 984 545 accidentis:
1015 508 1258 545 manifestum
1281 516 1336 545 est

262 564 370 612 quod
399 565 505 600 Deus
534 562 638 600 nullo
667 562 786 599 modo
818 561 1055 610 compositus
1085 569 1152 609 est,
1183 562 1251 599 sed
1281 570 1336 599 est

263 617 424 654 omnino
454 616 626 665 simplex.
1063 618 1067 622 ’

317 670 510 717 Secundo,
532 669 621 718 quia
650 681 767 706 omne
790 668 1051 716 compositum
1071 675 1127 705 est
1146 668 1335 716 posterius

262 724 339 761 suis
368 722 707 772 componentibus,
739 730 775 771 et
803 722 1026 770 dependens
1056 733 1100 758 ex
1129 722 1194 759 eis.
1229 723 1335 759 Deus

262 775 475 814 autem‘est
503 776 672 825 primum
701 788 780 822 ens,
800 783 843 812 ut
871 787 987 824 supra
1016 782 1212 812 ostensum
1234 783 1289 811 est
1303 775 1333 812 ²¹⁵.

315 830 459 877 Tertio,
480 829 571 879 quia
590 841 707 866 omne
737 829 996 877 compositum
1022 841 1178 866 causam
1198 829 1334 866 habet:

262 896 363 932 quae
393 883 496 921 enim
525 883 739 920 secundum
770 895 810 920 se
840 882 991 919 diversa
1020 890 1118 929 sunt,
1146 895 1224 919 non
1246 895 1335 919 con-

261 937 422 975 veniunt
441 937 480 974 in
500 936 658 986 aliquod
674 934 686 957 δ
706 948 842 983 unum,
864 936 934 973 nisi
963 948 1032 984 per
1061 936 1228 984 aliquam
1248 949 1335 973 cau-

262 1003 346 1028 sam
384 991 617 1028 adunantem
656 990 750 1039 ipsa.
794 991 901 1027 Deus
939 997 1068 1026 autem
1107 1002 1185 1026 non
1220 990 1335 1027 habet

262 1056 431 1091 causam,
451 1052 494 1080 ut
513 1056 629 1093 supra
649 1051 847 1081 ostensum
877 1051 932 1080 est
957 1043 988 1089 ²⁸,
1020 1055 1108 1079 cum
1138 1043 1184 1079 sit
1211 1043 1335 1091 prima

263 1109 378 1136 causa
407 1097 588 1135 efficiens.

317 1151 478 1199 Quarto,
508 1151 597 1199 quia
626 1151 664 1188 in
693 1152 798 1188 omni
828 1150 1043 1199 composito
1073 1157 1224 1198 oportet
1253 1162 1335 1186 esse

261 1205 474 1254 potentiam
496 1213 537 1242 et*
555 1212 696 1251 actum,
728 1206 832 1254 quod
859 1204 898 1241 in
925 1205 1011 1240 Deo
1032 1215 1111 1239 non
1141 1211 1214 1239 est:
1245 1203 1335 1252 quia

258 1259 325 1295 vel
339 1267 430 1295 ‘una
448 1258 614 1307 partium
637 1266 692 1295 est
712 1265 817 1295 actus
837 1264 1012 1305 respectu
1037 1262 1047 1276 ²
1076 1256 1244 1302 alterius3
1274 1257 1335 1293 vel

262 1312 397 1349 saltem
427 1324 564 1349 omnes
595 1319 722 1361 partes
760 1318 847 1348 sunt
880 1310 976 1347 sicut
1010 1310 1048 1346 in
1081 1310 1250 1358 potentia
1279 1322 1335 1346 re-

263 1373 396 1414 spectu
424 1365 551 1402 totius.

317 1418 482 1466 Quinto,
522 1418 611 1467 quia
649 1429 766 1454 omne
805 1417 1063 1466 compositum
1103 1424 1158 1453 est
1195 1416 1335 1465 aliquid

262 1472 368 1520 quod
397 1483 478 1509 non
507 1471 688 1509 convenit
721 1471 831 1508 alicui
860 1482 1017 1507 suarum
1046 1470 1223 1518 partium.
1255 1471 1304 1506 Et
1323 1470 1337 1496 ζ

262 1525 420 1574 quidem
448 1525 486 1562 in
516 1525 602 1562 totis
627 1524 868 1562 dissimilium
889 1524 1068 1573 partium,
1090 1523 1335 1560 manifestum

262 1586 338 1616 est:
369 1579 472 1615 nulla
501 1578 603 1616 enim
632 1578 796 1628 partium
825 1577 992 1615 hominis
1022 1585 1076 1614 est
1100 1578 1242 1624 homo,
1273 1590 1336 1613 ne-

262 1643 338 1680 que
367 1632 495 1681 aliqua
522 1632 687 1681 partium
721 1631 829 1680 pedis
859 1639 914 1668 est
942 1643 1021 1680 pes.
1054 1632 1095 1667 In
1123 1631 1208 1667 totis
1241 1643 1336 1667 vero

315 1746 342 1780 γ)
358 1747 484 1772 essentia.
502 1760 522 1766 -
539 1749 640 1771 natura
658 1746 761 1771 codices
781 1751 806 1770 et
825 1746 883 1770 edd.
903 1753 920 1770 a
931 1747 955 1770 b.

315 1781 340 1814 ὃ)
353 1782 472 1815 aliquod.
486 1796 505 1801 —
518 1781 580 1807 Om.
594 1782 706 1807 codices.
720 1795 739 1801 -
752 1782 803 1806 Pro
817 1782 943 1814 aliquam,
958 1781 1039 1806 aliam
1055 1781 1113 1806 edd.
1132 1789 1149 1805 a
1160 1781 1188 1810 b;
1208 1789 1255 1813 pro
1269 1781 1335 1805 adu-

262 1821 379 1846 nantem,
398 1817 571 1843 adiuvantem
591 1818 732 1850 CEGpAB.

312 1853 338 1886 ε)
357 1856 487 1886 respectu.
505 1867 524 1872 -
542 1853 604 1878 Om.
619 1853 798 1885 ABCEFGpD
818 1858 843 1877 et
861 1853 920 1877 edd.
940 1860 956 1877 a
967 1853 990 1877 b.

1390 355 1493 395 toto,
1523 348 1668 385 dicatur
1696 348 1744 384 de
1772 356 1899 396 parte,
1931 348 2026 384 sicut
2057 361 2146 397 pars
2175 349 2269 385 aeris
2300 356 2354 385 est
2382 361 2457 395 aer,

1392 409 1427 438 et
1456 413 1579 450 aquae
1618 413 1738 449 aqua;
1769 401 1911 448 aliquid
1945 409 2074 438 tamen
2109 402 2244 438 dicitur
2273 402 2320 438 de
2354 409 2458 448 toto,

1391 455 1496 503 quod
1524 467 1603 491 non
1632 454 1812 491 convenit
1840 454 1951 490 alicui
1979 455 2164 503 partium:
2194 467 2272 492 non
2302 454 2405 491 enim
2429 455 2459 491 si

1389 515 1468 545 tota
1497 520 1598 556 aqua
1627 515 1682 544 est
1710 507 1889 553 bicubita,
1920 515 1956 543 et
1981 520 2067 556 pars
2088 508 2179 544 eius.
2211 508 2274 545 Sic
2293 508 2402 556 igitur
2421 508 2459 544 in

1391 561 1497 598 omni
1527 560 1742 609 composito
1773 567 1828 597 est
1852 560 1993 608 aliquid
2013 561 2118 608 quod
2138 573 2216 597 non
2237 569 2292 598 est
2318 561 2457 609 ipsum.

1391 616 1477 651 Hoc
1506 622 1634 651 autem
1665 614 1733 650 etsi
1761 614 1881 662 possit
1909 613 1982 650 dici
2012 614 2058 650 de
2087 615 2251 651 habente
2281 615 2457 660 formam,

1389 669 1496 717 quod
1524 668 1663 704 scilicet
1691 668 1831 704 habeat
1859 667 2001 715 aliquid
2030 667 2134 715 quod
2159 680 2238 704 non
2259 676 2314 704 est
2333 667 2458 716 ipsum

1390 724 1501 770 (puta
1529 721 1568 758 in
1597 722 1684 758 albo
1720 728 1776 757 est
1804 720 1947 768 aliquid
1976 720 2082 768 quod
2110 733 2189 757 non
2223 721 2383 769 pertinet
2411 721 2459 757 ad

1390 775 1576 812 rationem
1597 774 1708 820 albi):
1738 781 1868 810 tamen
1888 773 1926 810 in
1946 774 2027 822 ipsa
2047 774 2171 810 forma
2190 774 2280 810 nihil
2302 782 2355 810 est
2374 774 2459 810 alie·

1390 841 1496 865 num.
1527 829 1650 875 Unde,
1673 839 1760 864 cum
1785 828 1891 864 Deus
1920 827 1966 863 sit
1994 827 2076 876 ipsa
2095 827 2231 874 forma,
2251 828 2313 863 vel
2333 827 2459 875 potius

1389 882 1517 931 ipsum
1547 894 1640 928 esse,
1664 881 1768 917 nullo
1798 880 1917 917 modo
1948 880 2184 928 compositus
2213 892 2294 917 esse
2324 888 2458 928 potest.

1390 936 1439 971 Et
1466 936 1565 972 hanc
1595 934 1783 971 rationem
1812 933 1930 981 tangit
1949 933 2126 981 Hilarius,
2146 934 2215 970 VII
2236 934 2281 970 de
2304 935 2339 970 T
2336 934 2407 970 rin.
2427 933 2458 979 ²⁸,

1391 988 1538 1025 dicens:
1568 989 1684 1033 Deus,
1706 988 1772 1036 qui
1788 987 1906 1024 virtus
1935 993 1998 1033 est,
2020 999 2070 1023 ex
2089 987 2248 1035 infirmis
2277 999 2351 1023 non
2372 999 2459 1023 con-

1390 1042 1545 1078 tinetur:
1575 1053 1695 1090 neque
1722 1041 1788 1089 qui
1813 1041 1883 1077 lux
1901 1046 1964 1086 est,
1986 1052 2036 1076 ex
2054 1041 2221 1076 obscuris
2249 1046 2457 1088 coaptatur.

1443 1098 1502 1132 AD
1532 1107 1669 1132 Palmum
1699 1106 1797 1131 ERGO
1826 1105 2011 1131 DlCENDUM
2041 1093 2146 1142 quod
2175 1106 2219 1130 ea
2248 1106 2346 1142 quae
2374 1102 2461 1130 sunt

1390 1161 1412 1185 a
1441 1150 1547 1195 Deo,
1582 1148 1776 1185 imitantur
1813 1148 1941 1184 Deum
1980 1147 2075 1184 sicut
2114 1155 2266 1184 causata
2294 1147 2458 1196 primam

1391 1214 1559 1238 causam.
1590 1202 1658 1238 Est
1687 1208 1815 1238 autem
1845 1201 1919 1237 hoc
1948 1201 1995 1238 de
2016 1200 2161 1237 ratione
2182 1201 2334 1247 causati,
2356 1201 2459 1249 quod

1390 1255 1434 1291 sit
1453 1255 1581 1303 aliquo
1603 1254 1722 1291 modo
1745 1253 2022 1303 compositum:
2053 1254 2142 1302 quia
2162 1254 2210 1291 ad
2231 1254 2357 1291 minus
2377 1267 2459 1290 esse

1391 1308 1471 1345 eius
1505 1317 1561 1345 est
1598 1308 1700 1344 aliud
1729 1320 1847 1355 quam
1883 1308 1985 1355 quod
2016 1308 2106 1356 quid
2132 1316 2147 1338 η
2176 1314 2248 1353 est,
2287 1315 2328 1344 ut
2365 1307 2460 1344 infra

1390 1362 1533 1411 patebit
1547 1361 1577 1398 ³⁸.

1444 1418 1503 1452 AD
1532 1426 1723 1452 SECUNDUM
1752 1426 1937 1451 mei-:NDUM
1963 1415 2068 1463 quod
2088 1414 2192 1463 apud
2211 1427 2282 1451 nos
2303 1410 2459 1463 compo-

1390 1469 1458 1506 sita
1487 1477 1574 1506 sunt
1601 1468 1762 1505 meliora
1790 1467 2043 1516 simplicibus,
2074 1468 2164 1516 quia
2192 1468 2372 1517 perfectio
2393 1468 2459 1505 bo-

1391 1522 1514 1559 nitatis
1544 1529 1737 1559 creaturae
1767 1533 1846 1557 non
1875 1521 2066 1558 invenitur
2093 1522 2132 1558 in
2156 1534 2236 1558 uno
2256 1521 2417 1570 simplici
2435 1519 2459 1567 ⁰,

1391 1576 1459 1613 sed
1487 1576 1527 1612 in
1554 1575 1692 1612 multis.
1725 1574 1802 1611 Sed
1829 1575 2010 1623 perfectio
2040 1575 2191 1612 divinae
2211 1575 2388 1612 bonitatis
2407 1575 2459 1612 in-

1390 1630 1541 1667 venitur
1570 1629 1607 1666 in
1635 1641 1714 1665 uno
1745 1628 1918 1677 simplici,
1948 1636 1990 1665 ut
2018 1629 2112 1666 infra
2141 1629 2361 1666 ostendetur
2374 1628 2406 1665 ³¹¹.

1444 1745 1469 1776 ζ)
1491 1745 1534 1769 Et.
1552 1758 1572 1763 -
1591 1744 1670 1774 Quod
1689 1745 1718 1768 B.

1444 1781 1470 1812 η)
1490 1780 1562 1812 quod
1580 1779 1646 1812 quid
1664 1782 1710 1804 est.
1729 1793 1747 1797 —
1765 1779 1837 1811 quod
1855 1782 1895 1804 est
1914 1779 2024 1804 codiceS.

1444 1814 1468 1848 0)
1488 1815 1610 1847 simplici.
1629 1828 1646 1833 -
1666 1815 1727 1839 Om.
1741 1815 1843 1839 codices
1863 1820 1888 1839 et
1907 1815 1947 1839 ed.
1960 1822 1986 1839 a.

946 1931 1278 1964 Commentario.
1301 1930 1551 1963 Oardinalis
1574 1930 1775 1962 Caietam

294 2022 315 2044 N
331 2013 435 2048 titulo,
463 2026 478 2040 «
493 2012 628 2043 omnino
652 2011 786 2052 simplex
799 2020 831 2041 »:
857 2012 888 2040 in
905 2012 1020 2051 seipso,
1045 2020 1176 2040 omnem
1196 2020 1215 2039 a
1231 2010 1335 2050 seipso

266 2025 576 2098 Icompositionem,
590 2066 656 2087 non
669 2056 980 2096 componibilitatem,
993 2055 1178 2085 excludens:
1197 2054 1235 2085 de
1252 2064 1338 2085 com-

263 2099 461 2143 ponibilitate
485 2101 573 2132 enim
596 2101 654 2131 erit
677 2110 812 2141 sequens
837 2099 995 2135 articulus,
1021 2106 1079 2129 etc.

320 2147 355 2177 In
380 2156 513 2187 corpore
534 2155 600 2176 una
623 2144 798 2180 conclusio,
824 2143 1008 2184 responsiva
1032 2143 1176 2184 quaesito
1201 2142 1336 2173 affirma-

264 2191 340 2222 tive:
360 2191 448 2222 Deus
463 2197 510 2221 est
524 2189 659 2220 omnino
680 2189 823 2229 simplex.
841 2206 861 2211 -
873 2188 1029 2218 Probatur
1045 2187 1188 2228 quinque
1208 2187 1336 2217 mediis:

258 2237 378 2277 primo,
397 2245 434 2266 ex
451 2234 618 2266 sufficienti
643 2233 864 2265 numeratione
885 2233 1060 2263 modorum
1077 2231 1336 2272 compositionis;

263 2279 415 2318 secundo,
425 2279 500 2321 quia
517 2279 659 2319 primum
674 2287 743 2314 ens;
761 2279 866 2315 tertio,
876 2278 952 2318 quia
966 2277 1069 2317 prima
1085 2285 1191 2312 causa;
1209 2282 1336 2317 quarto,

264 2324 340 2366 quia
364 2331 452 2355 actus
476 2332 590 2364 purus;
615 2325 736 2364 quinto,
761 2323 837 2363 quia
860 2322 968 2362 ipsum
992 2331 1069 2352 esse.

321 2369 358 2400 11.
383 2369 419 2399 In
443 2368 651 2409 responsione
672 2368 712 2398 ad
732 2367 883 2408 primum,
906 2367 1032 2396 adverte
1056 2365 1145 2406 quod
1165 2365 1289 2401 Scotus‚
1306 2366 1339 2396 in

265 2413 392 2450 Primo,
418 2413 488 2444 dist.
509 2423 577 2448 vm,
601 2412 634 2442 in
658 2412 801 2453 quaesito
826 2411 913 2442 iuxta
936 2410 1074 2451 primam
1098 2410 1337 2450 quaestionem,

266 2457 359 2488 refert
381 2458 463 2488 hanc
487 2457 697 2498 positionem,
721 2456 811 2497 quod
834 2465 928 2486 omne
952 2460 1119 2486 causatum
1146 2460 1192 2485 est
1216 2465 1339 2495 compo-

265 2504 374 2540 situm,
396 2509 426 2533 et
444 2501 658 2542 reprehendit:
684 2511 721 2531 ea
743 2501 864 2531 ratione
886 2500 971 2541 quia,
993 2500 1018 2530 si
1041 2499 1208 2540 quodlibet
1232 2510 1339 2530 causa-

266 2554 337 2578 tum
362 2553 408 2577 est
431 2546 659 2587 compositum,
675 2545 870 2586 accipiantur
891 2544 1132 2585 componentia:
1150 2561 1169 2566 —
1189 2551 1243 2574 aut
1267 2551 1341 2575 sunt

266 2591 432 2632 simplicia,
451 2597 505 2621 aut
520 2591 635 2621 iterum
653 2589 847 2630 composita;
873 2596 904 2619 et
922 2589 975 2625 sic,
996 2595 1051 2619 aut
1070 2589 1292 2629 procederetur
1308 2589 1340 2618 in

267 2635 439 2671 infinitum,
460 2642 515 2666 aut
530 2635 588 2665 erit
606 2641 705 2665 status
725 2634 765 2664 ad
788 2644 836 2664 res
858 2634 1018 2674 simplices
1035 2639 1275 2673 componentes.
1301 2633 1342 2664 Et

269 2690 343 2710 cum
360 2685 483 2710 constet
499 2678 725 2719 componentia
748 2688 815 2708 esse
839 2684 975 2713 causata,
995 2678 1139 2718 sequitur
1162 2678 1250 2718 quod
1275 2688 1340 2707 non

267 2734 366 2754 omne
390 2730 555 2755 causatum
579 2730 626 2754 est
649 2722 880 2763 compositum,
905 2729 941 2753 ut
963 2722 1014 2753 hic
1039 2722 1161 2752 dicitur.

1390 2009 1550 2040 intellectu
1568 2009 1697 2040 litterae.
1716 2009 1892 2040 Causatum
1910 2009 2005 2044 enirn,
2023 2009 2073 2039 vel
2090 2016 2238 2045 creatura,
2257 2016 2362 2049 potest
2378 2010 2461 2040 sumi

1391 2054 1573 2094 dupliciter:
1589 2055 1724 2094 proprie
1739 2053 1864 2089 scilicet,
1883 2060 1913 2083 et
1929 2054 2033 2094 large.
2052 2053 2083 2084 Si
2101 2053 2237 2084 sumitur
2254 2053 2389 2094 proprie,
2407 2054 2460 2090 sic,

1392 2108 1467 2129 curn
1491 2106 1556 2128 tam
1580 2098 1697 2128 causati
1722 2108 1820 2138 quam
1844 2104 2002 2128 creaturae
2027 2098 2065 2127 sit
2089 2098 2216 2138 proprie
2240 2097 2305 2128 fieri
2330 2105 2360 2129 et
2384 2109 2460 2134 esse,

1391 2142 1477 2173 solae
1493 2153 1540 2172 res
1555 2143 1759 2173 subsistentes
1780 2142 1928 2172 dicuntur
1945 2149 2070 2172 causata
2085 2152 2139 2172 seu
2161 2149 2334 2173 creaturae:
2362 2149 2462 2173 cetera

1392 2193 1499 2217 autem
1519 2187 1668 2217 dicuntur
1684 2191 1878 2217 concausata
1899 2193 1929 2216 et
1948 2191 2130 2224 concreata,
2148 2193 2184 2216 ut
2200 2193 2312 2226 partes,
2330 2186 2461 2223 formae,

1393 2231 1573 2266 accidentia,
1599 2238 1657 2261 etc.
1684 2231 1782 2270 Large
1807 2237 1923 2266 autem,
1942 2241 2038 2260 omne
2063 2230 2149 2261 aliud
2173 2241 2190 2260 a
2214 2231 2282 2261 Deo
2304 2231 2337 2261 in
2356 2241 2462 2261 rerum

1393 2283 1503 2306 natura
1533 2275 1665 2306 existens
1690 2285 1897 2316 quocumque
1921 2275 2037 2310 modo,
2063 2281 2228 2305 causatum
2258 2275 2317 2306 dici
2349 2283 2461 2316 potest.

1393 2321 1428 2351 In
1453 2320 1619 2360 proposito
1644 2320 1754 2359 igitur,
1780 2326 1945 2350 causatum
1969 2320 2105 2350 sumitur
2129 2319 2272 2359 proprie,
2297 2327 2332 2350 ut
2355 2320 2462 2350 distin-

1393 2365 1500 2405 guitur
1517 2375 1583 2394 non
1608 2364 1715 2395 solum
1739 2371 1847 2394 contra
1867 2374 2005 2399 causam,
2023 2364 2077 2394 sed
2094 2364 2190 2394 etiam
2205 2371 2313 2394 contra
2329 2374 2463 2395 concau-

1394 2416 1508 2440 satum.
1534 2409 1574 2439 Et
1593 2409 1666 2439 ideo
1682 2408 1829 2444 obiectio,
1847 2418 1929 2449 quae
1945 2408 1984 2439 de
2001 2408 2196 2439 concausatis
2215 2408 2368 2449 loquitur,
2386 2409 2464 2438 nihil

1394 2455 1506 2485 obstat.
1533 2454 1626 2484 Unde
1645 2453 1676 2483 in
1697 2453 1798 2483 littera
1817 2454 1969 2493 probatur
1985 2453 2103 2483 causati
2123 2453 2315 2493 compositio
2332 2463 2369 2483 ex
2388 2463 2463 2483 con-

1394 2499 1507 2529 stantia
1523 2508 1559 2528 ex
1575 2508 1642 2528 esse
1659 2504 1690 2528 et
1706 2497 1894 2538 quidditate:
1920 2497 1996 2527 haec
2011 2497 2097 2527 enim
2113 2497 2240 2537 proprie
2257 2497 2374 2528 causati
2391 2504 2465 2528 sunt

1395 2542 1622 2583 compositiva,
1647 2552 1713 2572 non
1738 2541 2013 2581 componentium.
2039 2541 2080 2571 Et
2103 2548 2139 2572 ut
2161 2548 2247 2581 patet
2270 2542 2302 2571 in
2327 2542 2338 2571 I
2363 2542 2464 2579 Sem„

1396 2587 1465 2618 dist.
1483 2598 1547 2623 vm,
1567 2597 1621 2627 qu.
1639 2597 1672 2622 v,
1699 2593 1755 2616 art.
1777 2597 1786 2615 1
1804 2585 1831 2621 ἢ
1858 2593 1984 2616 sanctus
2000 2586 2145 2615 Thomas
2169 2585 2283 2616 fecerat
2306 2586 2394 2615 illam
2418 2596 2464 2616 ra—

1395 2632 1517 2662 tionem
1541 2631 1711 2661 adductam
1736 2641 1753 2660 a
1777 2630 1883 2660 Scoto.

1452 2677 1503 2706 111.
1529 2676 1564 2706 In
1588 2675 1795 2715 responsione
1827 2675 1865 2704 ad
1897 2674 2092 2709 secundum,
2119 2682 2198 2705 esset
2221 2675 2395 2705 videndum
2426 2685 2465 2704 an

1396 2720 1580 2761 simplicitas
1600 2720 1639 2750 sit
1658 2719 1808 2759 perfectio
1833 2718 2025 2759 simpliciter.
2050 2718 2111 2749 Sed
2135 2719 2243 2759 scripsi
2267 2719 2331 2749 iam
2348 2719 2385 2749 de
2405 2719 2466 2749 hoc

324 2769 376 2799 Ad
391 2768 453 2799 hoc
469 2767 603 2799 breviter
626 2767 749 2803 dicitur,
767 2767 857 2808 quod
877 2767 1012 2798 obiectio
1033 2766 1176 2806 procedit
1195 2776 1232 2796 ex
1255 2766 1341 2796 malo
1395 2766 1429 2795 in
1453 2764 1688 2795 commentariis
1711 2763 1750 2794 de
1773 2763 1857 2794 Ente
1881 2769 1911 2794 et
1933 2763 2084 2794 Essentia
2100 2762 2126 2793 *.

1057 2911 1374 2953 ARTICULUS
1405 2909 1678 2952 OCTAVUS

787 3002 944 3033 UTRUM
968 3001 1079 3032 naus
1105 3001 1147 3031 1N
1173 2999 1533 3031 COMPOSITIONEM
1558 2997 1756 3028 ALloRUM
1780 2998 1943 3028 VENIAT

375 3089 480 3117 ISent.,
496 3087 555 3113 dist.
569 3095 623 3118 vm,
643 3094 688 3119 qu.
702 3094 718 3117 ι,
739 3091 785 3110 art.
807 3092 836 3115 2;
857 3086 865 3109 I
881 3086 956 3110 Cone.
975 3087 1062 3114 Gent.,
1083 3092 1138 3117 cap.
1153 3092 1213 3113 xvn,
1228 3091 1293 3115 xxvx,
1309 3091 1390 3113 xxvn;
1411 3084 1450 3113 111,
1467 3091 1521 3115 cap.
1537 3090 1575 3113 L1;
1597 3082 1638 3106 De
1657 3082 1725 3111 Pot„
1745 3090 1791 3114 qu.
1805 3089 1843 3112 vx,
1864 3087 1910 3106 art.
1924 3081 1953 3112 6;
1975 3082 2016 3106 De
2040 3081 2128 3110 Ver-it„
2150 3089 2193 3114 qu.
2208 3088 2256 3110 xx1.
2277 3085 2323 3105 art.
2337 3088 2363 3111 4.

314 3199 362 3223 m,
426 3180 509 3231 ,(1)
530 3179 704 3205 ocTAthM
725 3179 777 3204 sxc
799 3178 1040 3204 PROCEDITUR.
1058 3165 1219 3203 Videtur
1238 3165 1344 3214 quod

308 3210 463 3286 ᾖξ’ᾼξέἒ
488 3222 594 3258 Deus
618 3221 657 3259 in
677 3219 1000 3269 compositionem
1017 3219 1179 3256 aliorum
1203 3218 1343 3255 veniat.

308 3181 423 3210 iam„

293 3271 342 3330 {I
355 3288 414 3323 *q
436 3278 457 3319 6
471 3271 477 3276 ’
489 3274 589 3311 Dicit
604 3274 706 3311 enim
726 3273 947 3322 Dionysius,
961 3285 997 3309 1v
1012 3285 1094 3321 cap.
1110 3272 1345 3309 CaeI.Hier..·

332 3318 568 3363 ”Nesse
595 3329 765 3365 omnium
793 3333 865 3373 est,
900 3338 997 3375 quae
1033 3337 1146 3374 super
1183 3337 1261 3362 esse
1295 3331 1348 3362 est

275 3371 401 3418 deitas.
439 3380 517 3416 Sed
550 3392 632 3417 esse
661 3381 836 3418 omnium
874 3380 985 3417 intrat
1023 3378 1344 3427 compositionem

276 3433 587 3483 uniuscuiusque.
608 3434 711 3482 Ergo
730 3435 838 3472 Deus
857 3433 896 3470 in
915 3432 1236 3482 compositionem
1256 3431 1345 3468 alio-

275 3500 364 3526 rum
393 3495 509 3524 venit.

1454 3176 1488 3201 2.
1519 3164 1753 3209 PRAETEREA,
1774 3164 1880 3199 Deus
1901 3170 1956 3199 est
1985 3163 2127 3199 forma:
2159 3162 2247 3199 dicit
2267 3162 2368 3199 enim
2389 3164 2460 3198 Au-

1399 3217 1578 3265 gustinus,
1600 3216 1640 3255 in
1663 3215 1759 3253 libro
1788 3216 1834 3252 de
1860 3216 1988 3253 Verbis
2011 3216 2169 3252 Domini
2185 3215 2216 3261 ³⁸,
2247 3215 2352 3264 quod
2378 3217 2467 3253 Ver-

1400 3272 1487 3307 bum
1517 3270 1591 3307 Dez'
1618 3269 1743 3318 (quod
1772 3277 1829 3306 est
1857 3271 1977 3315 Deus)
2006 3275 2061 3305 est
2076 3269 2215 3316 forma
2244 3269 2431 3317 quaedam
2451 3274 2467 3289 α

1400 3336 1474 3361 non
1482 3325 1671 3372 formata.
1699 3323 1775 3360 Sed
1796 3323 1920 3359 forma
1940 3329 1994 3358 est
2013 3333 2101 3371 pars
2122 3322 2334 3370 compositi.
2365 3322 2466 3369 Ergo

1400 3379 1506 3415 Deus
1535 3384 1591 3412 est
1618 3387 1706 3424 pars
1735 3375 1892 3412 alicuius
1922 3374 2136 3424 compositi.

1457 3431 1490 3467 3.
1512 3431 1746 3477 PRAETEREA,
1769 3441 2035 3478 quaecumque
2062 3436 2148 3465 sunt
2169 3435 2205 3465 et
2223 3428 2327 3465 nullo
2349 3427 2467 3464 modo

1372 3482 1375 3535 Ι
1402 3483 1588 3529 differunt,
1611 3490 1697 3519 sunt
1720 3482 1835 3519 idem.
1868 3483 1944 3519 Sed
1973 3483 2078 3518 Deus
2108 3489 2144 3518 et
2170 3481 2327 3518 materia
2347 3481 2468 3530 prima

334 3601 362 3636 α)
382 3602 522 3634 quaedam.
541 3615 559 3620 -
578 3601 639 3626 Om.
654 3601 790 3626 ABCEFG
810 3607 835 3626 et
854 3602 911 3626 edd.
931 3610 947 3626 a
959 3603 981 3626 b.

2488 936 2496 943 ·
2512 934 2582 956 Num.
2593 941 2628 962 ²7·

2581 1315 2596 1337 η

2489 1363 2496 1370 ·
2514 1362 2600 1388 Qu.1.,
2616 1366 2658 1383 art.
2674 1368 2699 1388 2,

2488 1388 2516 1409 ad
2531 1395 2551 1416 3.

2587 1521 2599 1545 θ

2489 1616 2496 1623 ·
2515 1614 2561 1641 Qu.
2578 1621 2612 1640 iv,
2628 1617 2669 1635 art.
2679 1620 2699 1640 2,

2489 1641 2516 1662 ad
2532 1647 2547 1662 1.

2493 2595 2500 2603 “
2517 2594 2573 2621 Arg.
2583 2600 2604 2622 3.

2494 2760 2504 2770 ⁸
2519 2759 2576 2786 Cap.
2589 2765 2621 2780 νι.

2495 3228 2503 3235 ·
2519 3225 2594 3246 Serm.
2610 3225 2644 3246 ad
2660 3225 2706 3245 Po—

2493 3252 2540 3280 pul.
2578 3257 2639 3273 cxvii
2660 3252 2706 3277 (al.

2495 3279 2524 3300 de
2537 3269 2616 3299 Verbis
2628 3278 2707 3304 nom„

2494 3307 2596 3330 xxxviii),
2608 3310 2660 3331 cap.
2668 3311 2692 3325 n.

2590 3341 2607 3356 α
