2768 4178
97 3517 104 3525 ·
121 3515 172 3536 Art.
183 3520 203 3536 2.

348 290 424 325 228

346 367 561 404 veniuntur.
600 368 704 404 Nam
736 367 884 416 primo,
924 367 1011 404 finis
1046 376 1178 405 movet
1215 376 1413 416 agentem;

347 433 462 469 agens
490 432 583 457 vero
603 420 810 469 principale
831 428 887 458 est
905 421 1012 469 quod
1030 433 1100 470 per
1120 433 1230 458 suam
1249 421 1413 458 formam

347 474 441 522 agit;
473 481 509 510 et
531 474 606 510 hoc
625 478 639 500 ⁷
667 473 859 511 interdum
887 474 962 522 agit
992 486 1063 522 per
1095 474 1251 522 aliquod
1279 474 1416 511 instru-

346 534 533 573 mentum,
561 526 667 574 quod
701 539 781 564 non
809 527 884 575 agit
904 539 948 564 ex
967 527 1104 564 virtute
1134 539 1225 564 suae
1253 527 1413 576 formae,

346 579 412 616 sed
434 591 478 615 ex
497 579 634 616 virtute
652 579 870 628 principalis
890 581 1051 628 agentis;
1082 580 1142 617 cui
1161 580 1414 618 instrumento

346 632 527 684 competit
553 633 634 669 sola
663 633 834 670 executio
864 633 1032 670 aetionis.

399 685 647 723 Inveniuntur
674 686 785 734 igitur
811 687 1016 735 quaedam,
1047 698 1145 735 quae
1169 695 1329 724 movent
1356 699 1414 724 se-

344 737 438 787 ipsa,
466 751 545 776 non
571 739 702 776 habito
732 748 906 788 respectu
934 740 982 776 ad
1011 740 1176 776 formam
1198 740 1261 776 vel
1280 740 1412 787 finem,

344 803 443 839 quae
466 791 564 829 inest
583 793 637 829 eis
656 805 678 829 a
698 800 843 841 natura,
864 793 931 830 sed
952 790 965 814 ὃ
993 793 1119 829 solum
1148 800 1335 840 quantum
1364 793 1413 830 ad

345 845 608 882 executionem
637 853 787 883 motus:
816 846 885 883 sed
907 846 1032 883 forma
1049 857 1120 894 per
1137 858 1256 894 quam
1285 854 1411 894 agunt,

345 905 381 934 et
412 898 499 935 finis
527 906 684 948 propter
711 911 829 948 quem
849 907 975 947 agunt,
998 899 1296 936 determinantur
1317 899 1371 936 eis
1391 911 1413 935 a

343 958 490 989 natura.
520 953 569 989 Et
596 952 819 989 huiusmodi
847 960 935 990 sunt
961 954 1125 1001 plantae,
1151 964 1249 1001 quae
1278 964 1412 989 secun-

344 1004 437 1041 dum
466 1005 632 1042 formam
665 1005 824 1042 inditam
854 1005 907 1042 eis
936 1018 958 1042 a
987 1014 1136 1053 natura,
1166 1013 1327 1042 movent
1355 1018 1412 1042 se-

342 1057 443 1106 ipsas
472 1058 685 1095 secundum
719 1066 968 1106 augmentum
999 1067 1034 1095 et
1064 1059 1364 1096 decrementum.

397 1110 600 1158 Quaedam
619 1123 714 1148 vero
742 1111 896 1148 ulterius
916 1119 1076 1149 movent
1095 1112 1230 1161 seipsa,
1252 1125 1331 1149 non
1351 1124 1412 1149 so-

342 1163 423 1199 lum
450 1163 580 1200 habito
609 1172 784 1213 respectu
812 1165 861 1201 ad
891 1165 1155 1202 executionem
1181 1173 1322 1213 motus,
1343 1166 1412 1203 sed

343 1216 456 1253 etiam
486 1224 671 1266 quantum
701 1218 750 1255 ad
782 1218 947 1255 formam
971 1231 1070 1268 quae
1101 1218 1412 1268 est'principium

342 1277 481 1317 motus,
498 1282 615 1318 quam
634 1283 705 1319 per
724 1283 763 1308 se
784 1271 995 1319 acquirunt.
1017 1273 1066 1309 Et
1084 1272 1306 1309 huiusmodi
1325 1280 1413 1309 sunt

342 1322 540 1371 animalia,
576 1336 742 1372 quorum
775 1332 904 1361 motus
935 1324 1168 1374 principium
1203 1333 1258 1363 est
1286 1326 1411 1362 forma

342 1388 421 1413 non
449 1389 471 1414 a
499 1384 633 1414 natura
665 1376 802 1425 indita,
841 1377 909 1415 sed
944 1390 1014 1427 per
1051 1391 1207 1416 sensum
1242 1387 1409 1428 accepta.

341 1429 452 1466 Unde
482 1438 623 1479 quanto
652 1431 918 1479 perfectiorem
947 1443 1103 1469 sensum
1127 1433 1279 1480 habent,
1305 1440 1410 1470 tanto

340 1483 541 1531 perfectius
570 1491 730 1536 movent
752 1484 888 1533 seipsa.
919 1485 1022 1522 Nam
1053 1497 1098 1522 ea
1126 1498 1225 1534 quae
1245 1498 1324 1523 non
1344 1487 1410 1523 ha—

341 1537 433 1573 bent
460 1536 530 1573 nisi
559 1549 716 1574 sensum
739 1545 860 1574 tactus
884 1545 912 1585 ε,
943 1547 1103 1576 movent
1131 1540 1255 1576 solum
1285 1539 1410 1588 seipsa

341 1597 450 1626 motu
480 1589 705 1627 dilatationis
734 1598 771 1627 et
799 1591 1087 1638 constrictionis,
1117 1600 1158 1629 ut
1187 1600 1322 1639 ostrea,
1344 1605 1410 1641 pa-

341 1655 426 1679 rurn
456 1643 676 1680 excedentia
704 1651 855 1681 motum
883 1645 1047 1694 plantae.
1079 1646 1190 1692 Quae
1217 1658 1313 1683 vero
1342 1647 1408 1683 ha-

341 1696 432 1732 bent
459 1696 638 1733 virtutem
668 1697 888 1734 sensitivam
915 1699 1146 1746 perfectam,
1177 1711 1256 1736 non
1285 1700 1410 1736 solum

341 1749 390 1786 ad
419 1749 730 1797 cognoscendum
769 1750 971 1788 coniuncta
1000 1759 1036 1788 et
1055 1751 1069 1778 t
1097 1752 1307 1800 tangentia,
1343 1753 1408 1789 sed

341 1802 454 1839 etiam
484 1803 533 1839 ad
559 1804 870 1851 cognoscendum
891 1804 1076 1852 distantia,
1105 1813 1266 1843 movent
1285 1805 1409 1855 seipsa

339 1868 378 1892 in
407 1863 597 1893 remotum
626 1864 735 1893 motu
762 1857 996 1905 processivo.

395 1909 471 1946 Sed
491 1909 668 1957 quamvis
687 1909 907 1948 huiusmodi
928 1910 1106 1948 animalia
1125 1911 1290 1948 formam
1310 1924 1408 1961 quae

341 1969 396 1998 est
423 1974 652 2011 pr1ncip1um
682 1970 821 2010 motus,
837 1976 907 2012 per
926 1976 1082 2001 sensum
1112 1965 1308 2014 accipiant,
1329 1977 1408 2002 non

340 2022 468 2052 tamen
501 2028 570 2064 per
602 2015 726 2064 seipsa
745 2022 758 2039 ”
777 2017 1027 2065 praestituunt
1060 2017 1131 2054 sibi
1163 2018 1282 2055 finem
1317 2031 1408 2056 suae

341 2068 583 2117 operationis,
604 2070 666 2106 vel
691 2069 748 2106 sui
776 2078 925 2117 motus;
956 2070 1023 2107 sed
1053 2078 1109 2107 est
1138 2071 1190 2108 eis
1218 2071 1358 2109 inditus
1386 2085 1408 2109 a

339 2129 485 2170 natura,
517 2122 623 2159 cuius
651 2122 826 2160 instinctu
855 2124 903 2161 ad
932 2123 1073 2173 aliquid
1101 2125 1294 2172 agendum
1325 2137 1408 2162 mo-

338 2183 477 2212 ventur
494 2188 565 2224 per
583 2176 746 2213 formam
765 2189 879 2213 sensu
899 2178 1190 2226 apprehensam.
1213 2178 1325 2216 Unde
1346 2191 1407 2216 su-

338 2241 408 2278 pra
426 2228 512 2266 talia
527 2226 540 2249 ⁰
559 2229 737 2266 animalia
757 2237 844 2267 sunt
871 2229 933 2267 illa
962 2242 1060 2279 quae
1089 2239 1249 2268 movent
1269 2232 1406 2280 seipsa,

340 2282 455 2319 etiam
482 2282 612 2319 habito
642 2290 816 2331 respectu
845 2282 894 2320 ad
922 2283 1054 2330 finem,
1077 2295 1191 2332 quern
1211 2284 1280 2321 sibi
1299 2297 1408 2333 prae-

339 2335 505 2372 stituunt.
537 2335 654 2382 Quod
683 2335 840 2383 quidem
865 2348 944 2373 non
971 2337 1015 2373 fit
1042 2336 1113 2373 nisi
1132 2349 1201 2385 per
1220 2337 1407 2374 rationem

340 2396 377 2425 et
395 2388 637 2436 intellectum,
659 2388 766 2426 cuius
786 2396 842 2426 est
861 2401 1093 2437 cognoscere
1116 2390 1406 2439 proportionem

338 2441 425 2479 finis
446 2450 482 2480 et
501 2441 581 2479 eius
605 2441 711 2490 quod
732 2449 786 2479 est
805 2442 855 2479 ad
883 2443 1014 2491 finem,
1036 2450 1073 2480 et
1090 2455 1211 2480 unum
1233 2444 1408 2481 ordinare

338 2495 376 2532 in
404 2495 578 2533 alterurn.
616 2495 729 2533 Unde
756 2495 960 2544 perfectior
996 2496 1137 2534 modus
1165 2496 1322 2534 vivendi
1352 2505 1407 2534 est

340 2561 474 2586 eorum
503 2560 601 2598 quae
628 2549 771 2586 habent
798 2548 1048 2587 intellectum:
1077 2550 1172 2586 haec
1201 2550 1303 2587 enim
1324 2563 1408 2599 per-

339 2602 470 2639 fectius
491 2610 651 2639 movent
669 2602 805 2651 seipsa.
835 2603 885 2639 Et
912 2602 1024 2639 huius
1045 2610 1101 2639 est
1119 2603 1279 2651 signum,
1301 2604 1407 2653 quod

339 2655 377 2691 in
396 2668 474 2692 uno
495 2663 531 2692 et
550 2655 690 2692 eodem
714 2655 871 2692 homine
890 2655 1009 2692 virtus
1028 2655 1257 2694 intellectiva
1276 2665 1408 2694 movet

338 2708 526 2757 potentias
563 2708 778 2754 sensitivas;
810 2716 846 2745 et
873 2709 1064 2757 potentiae
1103 2709 1306 2747 sensitivae
1338 2723 1408 2760 per

340 2774 453 2798 suum
482 2761 707 2810 imperium⁴
727 2769 887 2798 movent
915 2774 1069 2810 organa,
1093 2775 1192 2812 quae
1213 2766 1407 2813 exequun-

338 2822 399 2851 tur
417 2823 577 2852 motum.
609 2814 713 2851 Sicut
737 2814 850 2851 etiam
871 2815 909 2851 in
929 2815 1082 2863 artibus,
1103 2816 1282 2854 videmus
1303 2818 1407 2866 quod

339 2880 399 2905 ars
428 2869 476 2905 ad
505 2880 623 2917 quam
650 2867 812 2916 pertinet
839 2880 930 2905 usus
959 2869 1078 2917 navis,
1101 2869 1241 2906 scilicet
1261 2882 1320 2907 ars
1340 2882 1407 2918 gu-

390 2981 417 3015 γ)
437 2982 494 3007 hoc.
512 2994 531 3000 —
548 2981 648 3006 scilicet
665 2987 748 3014 agens
763 2981 915 3014 principale
934 2982 1002 3007 addit
1020 2983 1050 3008 B.

390 3017 415 3050 ὃ)
435 3025 487 3043 non
513 3017 639 3042 habito...
657 3016 713 3042 sed.
731 3030 750 3035 -
768 3016 830 3042 Om.
854 3017 964 3042 codices.
989 3018 1034 3043 FG
1059 3018 1167 3052 insuper
1195 3027 1249 3045 om.
1276 3020 1407 3046 solum...

337 3057 485 3122 mags-nm
502 3095 607 3114 sensum
631 3091 725 3113 tactus.
743 3101 762 3108 -
786 3087 837 3113 nisi
854 3095 945 3114 sensus
966 3091 1053 3115 tactus
1071 3090 1168 3115 ACEF.
1186 3104 1203 3110 -—
1224 3090 1275 3115 Pro
1300 3094 1406 3115 movent

337 3126 420 3166 solum
439 3125 534 3156 seipsa,
550 3127 690 3149 moventur
704 3124 789 3149 solum
809 3124 882 3158 infra
900 3124 986 3156 seipsa
1006 3125 1093 3156 PGah,
1115 3129 1255 3151 moventur
1273 3126 1358 3151 solum
1379 3126 1405 3151 in

336 3160 471 3228 381Ρέῗὲ
485 3210 504 3215 -
523 3196 585 3221 Om.
604 3195 714 3220 codices.

390 3231 416 3263 η)
436 3231 531 3263 seipsa.
548 3245 568 3250 -
586 3231 666 3256 istum
685 3237 790 3255 sensum
810 3231 839 3256 Β.

390 3265 413 3299 θ)
434 3267 509 3292 talia.
527 3281 546 3285 -
564 3266 620 3292 alia
639 3266 749 3291 codices.

391 3303 409 3335 ι)
430 3302 579 3334 imperium.
597 3316 615 3321 —
633 3301 732 3327 scilicet
751 3301 908 3327 intellective
927 3301 995 3327 addit
1014 3303 1043 3327 Β.

1020 289 1287 335 QUAESTIO
1317 289 1460 336 XVIII,
1489 289 1786 326 ARTICULUS
1817 290 1866 325 III

1470 367 1696 415 bernatoria,
1725 367 1908 416 praecipit
1928 368 1960 404 ei
1981 380 2079 417 quae
2109 367 2252 406 inducit
2280 369 2444 406 formam
2474 382 2545 407 na-v

1469 421 1544 457 vis:
1575 428 1611 457 et
1630 422 1725 457 haec
1744 421 1926 470 praecipit
1945 421 1994 457 illi
2014 433 2113 469 quae
2133 422 2249 459 habet
2277 423 2539 460 executionem

1469 481 1628 521 tantum,
1658 474 1696 510 in
1726 474 1964 523 disponendo
1993 474 2204 511 materiam.

1524 527 1602 564 Sed
1640 525 1816 576 quamvis
1853 527 2061 564 intellectus
2099 535 2228 564 noster
2264 528 2314 565 ad
2342 527 2469 577 aliqua
2497 541 2537 566 se

1469 588 1565 628 agat,
1595 588 1724 617 tamen
1753 581 1878 629 aliqua
1906 589 1994 617 sunt
2022 581 2056 617 ei
2084 581 2306 630 praestituta
2333 593 2356 617 a
2384 589 2537 627 natura;

1469 633 1564 670 sicut
1583 642 1670 670 sunt
1687 633 1812 682 prima
1832 633 2017 683 principia
2032 640 2056 681 ⁸,
2080 634 2177 671 circa
2197 646 2296 683 quae
2315 646 2395 671 non
2413 642 2538 683 potest

1468 686 1573 722 aliter
1592 699 1631 723 se
1651 687 1806 734 habere,
1828 695 1865 724 et
1883 687 2039 724 ultimus
2059 687 2157 734 finis,
2179 699 2295 736 quem
2315 683 2395 724 non
2413 695 2539 736 potest

1467 751 1547 775 non
1565 741 1675 776 velle.
1697 740 1818 787 Unde,
1839 740 1925 777 licet
1944 748 2130 789 quantum
2151 741 2200 778 ad
2220 740 2363 789 aliquid
2382 747 2539 777 moveat

1468 804 1529 838 se,
1560 799 1687 829 tamen
1716 800 1867 841 oportet
1898 793 2003 842 quod
2041 802 2226 842 quantum
2256 794 2460 843 ad.aliqua
2488 794 2536 830 ab

1467 844 1540 881 alio
1569 853 1784 882 moveatur.
1823 847 1919 883 Illud
1947 846 2057 894 igitur
2086 848 2193 884 cuius
2221 859 2290 884 sua
2319 855 2453 884 natura
2482 854 2537 884 est

1466 897 1594 945 ipsum
1623 898 1703 935 eius
1728 898 1943 947 intelligere,
1964 907 2000 936 et
2020 900 2080 936 cui
2098 899 2110 921 ³
2139 901 2175 938 id
2196 900 2301 950 quod
2319 900 2538 937 naturaliter

1466 951 1602 998 habet,
1631 963 1711 988 non
1739 951 2011 993 determinatur
2039 954 2087 990 ab
2121 954 2213 1000 alio,
2242 955 2318 991 hoc
2346 962 2402 991 est
2430 954 2537 1002 quod

1467 1004 1612 1041 obtinet
1639 1016 1838 1041 summum
1867 1005 2029 1052 gradum
2058 1006 2170 1043 vitae.
2202 1008 2296 1043 Tale
2322 1015 2450 1044 autem
2481 1015 2536 1044 est

1466 1058 1583 1094 Deus.
1614 1058 1726 1095 Unde
1755 1057 1794 1094 in
1821 1058 1907 1094 Deo
1927 1058 2094 1095 maxime
2115 1067 2170 1096 est
2187 1060 2278 1096 vita.
2306 1060 2419 1098 Unde
2448 1060 2536 1097 Phi-

1466 1111 1662 1160 losophus,
1683 1111 1722 1148 in
1742 1111 1812 1147 XII
1831 1112 2050 1160 Metaphys.
2070 1111 2101 1158 ²¹⁴,
2129 1120 2283 1150 ostenso
2303 1113 2409 1162 quod
2428 1114 2535 1150 Deus

1466 1164 1512 1201 sit
1539 1164 1758 1213 intelligens,
1781 1165 1972 1201 concludit
1991 1165 2096 1213 quod
2115 1165 2256 1202 habeat
2275 1165 2395 1204 vitam
2413 1167 2536 1215 perfe-

1467 1218 1673 1255 ctissimam
1703 1225 1739 1254 et
1767 1218 2059 1267 sempiternam:
2094 1218 2184 1266 quia
2212 1218 2422 1256 intellectus
2455 1219 2535 1256 eius

1466 1279 1522 1308 est
1548 1271 1856 1320 perfectissimus,
1888 1278 1925 1308 et
1952 1283 2106 1320 semper
2134 1271 2172 1308 in
2201 1280 2300 1309 actu.

1518 1326 1577 1362 An
1607 1337 1744 1362 PRxMUM
1764 1335 1863 1361 ERGO
1883 1336 2068 1361 DICENDUM
2089 1326 2206 1373 quod,
2228 1325 2323 1362 sicut
2343 1324 2478 1362 dicitur
2495 1324 2535 1362 in

1466 1379 1518 1415 IX
1532 1378 1792 1427 Metaphys.*,
1814 1378 1953 1426 duplex
1970 1386 2026 1415 est
2041 1378 2154 1415 actio:
2176 1391 2264 1426 una,
2286 1390 2384 1428 quae
2404 1377 2536 1416 transit

1463 1431 1502 1468 in
1532 1431 1757 1468 exteriorem
1787 1431 2001 1478 materiam,
2022 1439 2065 1468 ut
2084 1432 2290 1469 calefacere
2319 1439 2355 1468 et
2383 1443 2534 1477 secare;

1464 1484 1546 1531 alia,
1573 1497 1673 1533 quae
1698 1492 1828 1522 manet
1846 1484 1885 1521 in
1905 1492 2051 1533 agente,
2081 1493 2122 1522 ut
2149 1485 2366 1533 intelligere,
2395 1484 2534 1522 sentire

1465 1546 1501 1575 et
1514 1539 1624 1575 velle.
1647 1538 1823 1585 Quarum
1838 1538 1934 1574 haec
1950 1546 2005 1575 est
2021 1538 2248 1576 differentia:
2270 1538 2359 1587 quia
2372 1544 2392 1566 μ
2410 1535 2534 1587 prima

1464 1591 1562 1628 actio
1593 1604 1671 1629 non
1697 1600 1752 1628 est
1778 1591 1961 1640 perfectio
1991 1591 2134 1639 agentis
2163 1591 2268 1640 quod
2297 1599 2443 1638 movet,
2464 1591 2533 1629 sed

1463 1644 1580 1693 ipsius
1613 1645 1728 1691 moti;
1768 1644 1938 1682 secunda
1970 1652 2098 1681 autern
2128 1644 2226 1682 actio
2261 1652 2317 1682 est
2348 1644 2531 1694 perfectio

1464 1698 1617 1746 agentis.
1648 1699 1772 1745 Unde,
1802 1697 1890 1747 quia
1919 1705 2046 1734 motus
2067 1706 2122 1735 est
2146 1706 2251 1735 actus
2280 1698 2443 1746 mobilis,
2474 1709 2531 1735 se-

1464 1751 1589 1788 cunda
1615 1751 1724 1799 actio,
1745 1751 1971 1799 inquantum
1997 1759 2052 1788 est
2079 1758 2184 1788 actus
2203 1757 2215 1771 ⁹
2244 1751 2447 1800 operantis,
2478 1749 2532 1788 di-

1464 1804 1558 1842 citur
1586 1812 1715 1842 motus
1745 1804 1843 1849 eius;
1865 1816 1909 1840 ex
1929 1805 2001 1840 hac
2021 1804 2276 1851 similitudine,
2297 1804 2414 1854 quod,
2436 1804 2532 1841 sicut

1462 1866 1590 1894 motus
1621 1866 1677 1895 est
1705 1865 1809 1894 aetus
1839 1857 2001 1903 mobilis,
2032 1857 2082 1894 ita
2109 1857 2331 1895 huiusmodi
2358 1857 2456 1894 actio
2477 1865 2532 1894 est

1463 1919 1568 1948 actus
1588 1908 1602 1934 ‘
1630 1910 1793 1959 agentis3
1824 1909 1909 1947 licet
1940 1918 2068 1947 motus
2097 1910 2143 1947 sit
2174 1918 2279 1947 actus
2308 1909 2529 1959 imperfecti,

1463 1964 1602 2001 scilicet
1637 1963 1828 2001 existentis
1861 1963 1899 2000 in
1931 1963 2122 2012 potentia,
2151 1963 2375 2001 huiusmodi
2403 1970 2532 2001 autem

1463 2017 1561 2055 actio
1592 2025 1647 2054 est
1676 2026 1781 2054 actus
1809 2016 1977 2066 perfecti,
2007 2016 2103 2054 idest
2138 2016 2328 2054 existentis
2360 2017 2399 2054 in
2431 2025 2530 2064 actu,

1462 2078 1503 2108 ut
1524 2071 1659 2108 dicitur
1676 2071 1714 2107 in
1735 2071 1784 2107 III
1805 2071 1851 2107 de
1868 2070 2010 2107 Anima
2025 2070 2055 2107 *.
2078 2070 2166 2107 Hoc
2184 2069 2294 2119 igitur
2312 2070 2432 2108 modo
2453 2082 2531 2120 quo

1462 2124 1666 2172 intelligere
1695 2131 1751 2161 est
1770 2131 1910 2170 motus,
1931 2123 1969 2160 id
1989 2123 2095 2172 quod
2128 2135 2168 2160 se
2196 2123 2375 2172 intelligit,
2397 2123 2533 2161 dicitur

1462 2190 1502 2214 se
1530 2189 1701 2215 movere.
1732 2178 1781 2213 Et
1798 2189 1869 2225 per
1891 2177 1994 2213 hunc
2017 2176 2180 2214 modum
2201 2177 2315 2214 etiam
2335 2177 2443 2214 Plato
2461 2189 2531 2227 po·

1462 2230 1535 2267 suit
1556 2230 1576 2252 '¹‘
1605 2230 1711 2278 quod
1730 2231 1836 2267 Deus
1856 2237 1990 2267 movet
2009 2229 2199 2279 seipsum:
2230 2242 2309 2268 non
2335 2243 2382 2268 eo
2411 2229 2530 2268 modo

1462 2295 1539 2332 quo
1569 2291 1697 2320 motus
1726 2290 1781 2320 est
1809 2290 1914 2319 actus
1941 2282 2163 2331 imperfecti.

1515 2338 1574 2373 AD
1612 2347 1802 2373 SECUNDUM
1840 2347 2027 2373 DICENDUM
2060 2337 2181 2384 quod,
2212 2336 2308 2373 sicut
2335 2337 2441 2374 Deus
2475 2345 2532 2374 est

1461 2390 1588 2439 ipsum
1621 2401 1734 2426 suurn
1770 2401 1851 2425 esse
1886 2397 1922 2426 et
1954 2401 2068 2426 suum
2106 2388 2330 2437 intelligere,
2365 2389 2415 2427 ita
2448 2394 2531 2428 est‘

1462 2455 1575 2480 suurn
1594 2442 1737 2479 vivere.
1769 2443 1817 2479 Et
1845 2449 2000 2492 propter
2018 2443 2105 2490 hoc,
2126 2442 2179 2479 sic
2197 2441 2303 2491 vivit,
2325 2443 2429 2493 quod
2450 2454 2528 2482 non

1460 2497 1575 2534 habet
1602 2495 1758 2533 vivendi
1786 2495 2027 2544 principium.

1515 2551 1574 2586 AD
1603 2561 1762 2586 TERTIUM
1791 2561 1975 2586 DICENDUM
1996 2549 2100 2597 quod
2119 2549 2196 2586 vita
2216 2549 2254 2586 in
2274 2548 2351 2586 istis
2380 2549 2529 2587 inferio-

1461 2603 1565 2640 ribus
1594 2602 1772 2651 recipitur
1799 2602 1837 2638 in
1866 2610 2000 2639 natura
2030 2602 2262 2651 corruptibili
2282 2608 2317 2649 π,
2348 2615 2446 2652 quae
2475 2603 2530 2640 in-

1462 2656 1563 2704 diget
1592 2664 1628 2692 et
1656 2655 1897 2704 generatione
1927 2655 1975 2692 ad
2006 2655 2338 2693 conservationem
2374 2655 2530 2705 speciei,

1463 2717 1499 2747 et
1518 2709 1698 2746 alimento
1719 2708 1767 2745 ad
1789 2708 2121 2746 conservationem
2148 2708 2345 2746 individui.
2376 2709 2425 2746 Et
2442 2721 2530 2758 pro-

1461 2771 1545 2812 pter
1572 2763 1659 2809 hoc,
1690 2762 1727 2799 in
1756 2761 1832 2798 istis
1861 2762 2101 2799 inferioribus
2130 2774 2208 2799 non
2237 2762 2426 2799 invenitur
2454 2762 2531 2800 vita

1462 2816 1542 2854 sine
1571 2815 1699 2853 anima
1718 2815 1931 2863 vegetabili.
1963 2815 2040 2852 Sed
2068 2816 2142 2852 hoc
2170 2828 2249 2852 non
2268 2816 2383 2852 habet
2401 2816 2530 2853 locum

1462 2870 1500 2907 in
1530 2869 1643 2906 rebus
1671 2868 2016 2917 incorruptibilibus
2035 2874 2061 2905 Ρ.
2491 2886 2494 2890 ·

1514 2986 1538 3016 κ)
1554 2984 1700 3016 principia.
1714 2997 1733 3002 -
1747 2990 1763 3007 α
1783 2983 1875 3015 quibus
1895 2983 2091 3008 determinatur
2106 2981 2252 3007 intellectus
2268 2981 2306 3006 ita
2325 2981 2397 3014 quod
2415 2989 2468 3008 non
2479 2990 2531 3016 po·

1461 3023 1512 3045 rest
1530 3027 1582 3044 non
1602 3018 1732 3044 assentire
1750 3019 1788 3043 eis
1806 3018 1876 3042 addit
1895 3019 1924 3043 B.

1513 3054 1541 3087 λ)
1561 3055 1612 3080 cui.
1621 3069 1640 3074 -
1655 3055 1716 3079 Om.
1728 3054 1905 3079 ABCDEFab.
1914 3068 1933 3074 -
1943 3054 1992 3078 Pro
2008 3053 2209 3082 determinatur,
2221 3053 2397 3078 determinari
2410 3053 2530 3080 Acus.-

1459 3091 1510 3115 Pro
1528 3090 1577 3116 hoc
1595 3093 1635 3115 est
1654 3090 1732 3122 quod,
1752 3090 1801 3114 hoc
1820 3089 1924 3122 quidem
1945 3089 2066 3114 ABCDE.

1514 3126 1542 3159 μ)
1562 3125 1633 3158 quia.
1651 3139 1670 3144 —
1689 3125 1762 3157 quod
1780 3125 1834 3150 FG.

1512 3162 1535 3192 ν)
1555 3164 1640 3186 actus.
1657 3174 1676 3179 -
1694 3160 1765 3186 actio
1783 3160 1905 3185 ABCDE.

1514 3194 1537 3227 Ε)
1556 3199 1640 3221 actus.
1659 3209 1677 3214 —
1695 3195 1765 3221 actio
1785 3195 1882 3221 ABCE.

1515 3232 1540 3263 ο)
1560 3235 1607 3256 est.
1625 3245 1644 3250 -
1662 3234 1688 3256 et
1706 3231 1768 3256 Pab.

1514 3268 1543 3298 π)
1562 3267 1738 3299 corruptibili.
1756 3280 1776 3286 —
1793 3266 1928 3299 corporali
1946 3267 1975 3291 Β.
1993 3279 2012 3285 -
2029 3268 2054 3290 ei
2074 3272 2126 3290 orn.
2148 3265 2199 3291 FG.

1514 3303 1538 3335 ρ)
1560 3302 1813 3334 incorruptibilibus.
1832 3316 1850 3320 -
1871 3301 2081 3334 incorporalibus
2100 3300 2130 3325 Β.

1015 3391 1350 3424 commentat-ia
1371 3389 1623 3423 Cardinalis
1645 3390 1846 3424 Caietani

342 3479 387 3541 IN
412 3468 514 3505 titulo,
533 3470 700 3500 conveniat
718 3468 903 3509 intelligitur
925 3468 1115 3500 formaliter:
1142 3479 1216 3500 nam
1234 3468 1406 3500 virtualiter
1461 3468 1547 3498 enim
1564 3468 1741 3509 simplicem
1758 3468 1977 3509 quaestionem
1994 3478 2036 3499 an
2054 3474 2099 3499 est
2123 3469 2162 3500 de
2178 3469 2240 3500 vita
2256 3469 2331 3500 Dei:
2355 3468 2526 3510 respondet

369 3513 438 3543 Deo
450 3513 531 3543 vitae
543 3513 770 3553 perfectionem
784 3513 961 3549 convenire,
973 3513 1005 3543 in
1023 3523 1076 3555 qu.
1088 3524 1117 3543 rv
1127 3513 1144 3533 *
1160 3514 1331 3554 probatum
1348 3519 1403 3543 est.

1461 3520 1567 3543 autem
1591 3513 1629 3543 de
1650 3512 1900 3542 eminentissimo
1925 3513 2024 3542 modo
2048 3512 2182 3544 vivendi.
2214 3513 2300 3544 Fecit
2323 3520 2429 3544 autem
2452 3512 2524 3549 hoc,

396 3557 432 3587 11.
459 3557 494 3587 In
511 3567 652 3597 corpore,
670 3568 734 3588 una
754 3557 917 3588 conclusio
938 3557 1122 3598 responsiva
1146 3557 1307 3598 quaesito:
1332 3556 1405 3588 Vita
1460 3557 1614 3597 quoniam
1638 3557 1744 3587 Deum
1760 3556 1873 3591 vivere,
1892 3566 1928 3586 ex
1945 3557 2131 3597 supradictis
2155 3557 2228 3588 satis
2252 3557 2429 3593 constabat,
2451 3566 2525 3587 curn

339 3601 475 3631 maxime
492 3601 618 3641 proprie
634 3601 665 3631 in
682 3602 752 3632 Deo
770 3608 825 3633 est.
841 3619 859 3624 —
877 3601 949 3638 Ubi,
966 3608 1138 3643 antequam
1154 3602 1315 3642 probetur,
1329 3608 1405 3631 nota
1460 3601 1651 3631 declaratum
1670 3600 1734 3630 iam
1759 3600 1797 3631 sit
1813 3600 1830 3633 ’3‘
1853 3600 1959 3640 ipsum
1976 3611 2041 3631 esse
2058 3601 2274 3632 intellectualis
2299 3608 2445 3632 naturae:
2470 3601 2524 3631 sed
2551 3605 2561 3615 ·
2578 3605 2625 3633 Qu·
2636 3611 2683 3631 ¹¹¹¹.
2694 3608 2735 3627 m-
2746 3609 2764 3626 ¹-

338 3645 428 3686 quod
451 3647 572 3675 Auctor
604 3645 690 3676 aliud
720 3645 857 3686 quaerit,
892 3653 922 3677 et
946 3645 1032 3676 aliud
1059 3646 1240 3686 respondet.
1273 3644 1404 3682 Quaerit
1458 3645 1625 3685 quomodo
1649 3644 1751 3680 vivat,
1777 3654 1813 3675 ex
1837 3644 1972 3685 propriis
1996 3646 2230 3676 ostendendum
2254 3652 2328 3676 erat.

2563 1122 2571 1130 ·
2581 1119 2658 1142 S.Th.
2666 1120 2766 1143 leet-vni

2563 1159 2574 1163 -
2589 1146 2644 1168 Did.
2665 1146 2706 1169 lib.
2725 1147 2757 1169 XI

2563 1179 2614 1201 cap.
2625 1179 2663 1202 vn,
2678 1179 2701 1196 n.
2713 1180 2734 1202 7.

2562 1387 2571 1395 '
2583 1384 2717 1408 s.·rh.1ect.
2724 1391 2764 1407 vm

2562 1423 2573 1428 -
2587 1411 2641 1434 Did.
2656 1412 2696 1434 lib.
2711 1412 2768 1439 Vlll1

2561 1444 2613 1466 cap.
2623 1444 2670 1465 vm,
2685 1445 2708 1460 n.
2720 1445 2743 1467 9,

2657 1546 2676 1571 μ

2557 2075 2612 2099 'Ca
2631 2082 2768 2104 .vn,n.1.-

2558 2102 2584 2125 S.
2594 2082 2640 2126 'Iz-
2655 2103 2707 2126 lect.
2718 2109 2757 2126 xri.

2557 2235 2569 2247 ⁶
2591 2235 2697 2258 Pluaedri
2719 2241 2768 2264 cap.

2557 2268 2621 2284 xxiv.
