2768 4178
950 284 1218 331 QUAESTIO
1247 284 1391 331 XXIV,
1420 284 1717 322 ARTICULUS
1748 287 1797 322 III
2100 308 2102 310 ·
2386 292 2460 338 289

282 361 467 398 sectibiliter,
489 368 519 392 et
542 358 771 393 defectibiliter:
796 372 871 403 ergo
888 363 1079 403 scriptorum
1101 363 1292 404 simpliciter,
1318 369 1349 393 et

282 405 459 436 secundum
478 405 567 446 quid:
589 416 664 446 ergo
680 406 906 443 indelebilium,
925 413 955 438 et
971 406 1153 438 delebilium
1172 407 1348 437 secundum

282 450 444 480 veritatem
467 450 526 480 rei:
551 450 640 491 quod
665 457 729 481 erat
750 450 921 481 intentum.

338 493 444 524 Prima
468 494 693 535 consequentia
715 494 882 535 probatur:
907 494 982 535 quia
1005 494 1045 524 ad
1067 494 1166 525 vitam
1188 501 1348 525 aeternam

282 547 319 568 ex
345 537 394 568 his
425 538 551 568 duobus
579 537 692 578 aliquis
725 537 896 568 ordinatur.
927 538 969 569 Et
997 538 1036 568 de
1063 537 1347 578 praedestinatione

282 581 427 622 quidem,
451 587 546 622 patet.
570 582 618 612 De
642 581 796 622 praesenti
820 588 927 612 autem
949 581 1056 622 gratia,
1080 582 1247 622 probatur:
1273 582 1347 622 quia

281 625 478 666 quicumque
500 625 595 656 habet
616 625 757 665 gratiam,
778 635 815 655 ex
838 626 899 656 hoc
922 625 993 666 ipso
1017 626 1131 665 dignus
1147 632 1194 656 est
1215 625 1278 656 vita
1297 636 1346 656 ae-

281 676 379 701 terna.
395 687 416 692 -
432 669 578 700 Secunda
597 675 705 699 autem
723 669 889 709 probatur:
915 669 990 710 quia
1006 670 1086 700 ordo
1101 669 1216 709 gratiae
1233 676 1279 700 est
1295 670 1346 700 de-

281 712 437 750 fectibilis,
454 712 747 753 praedestinationis
761 722 836 743 vero
852 713 1080 744 indefectibilis.
1095 731 1114 736 -
1131 713 1238 744 Tertia
1253 723 1344 744 vero:

281 757 357 797 quia
379 756 604 787 indefectibiles
621 762 695 787 sunt
710 756 816 796 scripti
833 757 872 787 ad
888 757 986 787 vitam
1005 764 1164 788 aeternam
1179 757 1212 788 in
1229 758 1344 798 seipsa;

282 800 473 832 defectibiles
484 810 559 830 vero
572 806 646 831 sunt
662 800 768 840 scripti
783 800 821 830 ad
833 800 931 831 vitam
947 808 1105 832 aeternam
1119 801 1152 832 in
1169 812 1225 832 sua
1241 812 1344 839 causa,

281 844 397 875 scilicet
419 843 590 874 meritoria.
606 861 626 866 —
642 843 762 875 Ultima
784 851 893 875 autem
915 852 1000 886 patet
1023 855 1060 876 ex
1083 845 1233 877 terr’ninis.

332 888 489 925 Secundo,
507 887 692 928 explanatur
707 898 817 919 sensus
835 888 869 919 in
885 899 951 930 quo
970 889 1172 930 intelligenda
1195 897 1241 921 est
1264 890 1346 921 dicta

281 931 454 968 conclusio,
469 931 526 962 ibi:
548 937 583 962 ut
597 931 711 963 deletio
728 942 791 963 non
808 932 975 974 referatur
989 939 1045 965 etc.
1065 931 1172 965 Potest
1187 934 1272 965 enim
1287 935 1343 964 du-

279 976 401 1017 pliciter
423 975 632 1016 interpretari:
657 986 724 1007 uno
748 977 858 1013 modo,
876 987 912 1008 ex
928 984 1015 1018 parte
1033 977 1208 1009 intellectus
1229 978 1343 1015 divini;

279 1020 421 1051 secundo
437 1020 546 1056 mode,
564 1029 601 1050 ex
616 1026 703 1060 parte
718 1020 763 1051 rei
779 1021 920 1061 scriptae,
938 1028 974 1052 ut
990 1022 1070 1052 clare
1085 1028 1171 1062 patet
1185 1022 1219 1052 in
1232 1022 1343 1053 littera.

336 1063 388 1094 ΙΙΙ.
401 1063 492 1095 Circa
506 1064 702 1101 antecedens,
717 1074 812 1105 super
827 1075 893 1106 quo
909 1065 1060 1097 fundatur
1075 1072 1162 1097 totus
1175 1066 1342 1103 discursus,

235 1133 239 1139 .
279 1108 415 1139 dubium
429 1108 574 1139 occurrit.
599 1108 772 1146 Quoniam,
790 1119 864 1140 curn
890 1109 1056 1140 definitum
1072 1119 1137 1141 non
1154 1120 1186 1140 se
1201 1110 1346 1141 extendat

279 1152 362 1183 ultra
385 1162 477 1183 suam
500 1151 728 1189 definitionem,
745 1159 800 1184 aut
819 1153 898 1184 liber
919 1153 1001 1184 vitae
1024 1153 1106 1184 male
1130 1153 1277 1184 definitus
1298 1161 1344 1184 est

278 1196 313 1227 in
335 1196 440 1236 primo
465 1196 616 1233 articulo,
647 1197 781 1228 dicendo
805 1197 894 1238 quod
924 1204 971 1228 est
998 1198 1187 1238 conscriptio
1203 1198 1343 1238 praede-

278 1241 492 1272 stinatorum:
514 1247 570 1279 aut
597 1241 680 1271 male
709 1241 886 1272 extenditur
907 1241 958 1271 hic
988 1241 1066 1272 liber
1088 1241 1169 1272 vitae
1193 1241 1233 1271 ad
1255 1242 1342 1272 ordi-

278 1289 373 1321 natos
389 1285 548 1316 &primm
572 1290 750 1323 aeternam,
776 1285 840 1315 sive
863 1285 1110 1325 praedestinatos
1133 1285 1198 1315 sive
1221 1295 1296 1316 non.

334 1329 376 1359 Et
397 1335 530 1369 augetur
553 1328 718 1359 dubitatio.
744 1329 837 1366 Quia,
862 1329 887 1359 si
910 1329 988 1359 liber
1002 1329 1084 1360 vitae
1103 1329 1280 1360 extenditur
1302 1329 1342 1359 ad

279 1382 392 1403 omnes
415 1372 576 1403 ordinatos
595 1372 628 1402 in
646 1372 742 1403 vitam
768 1379 935 1408 aetemam‚
960 1382 1026 1403 non
1050 1372 1157 1403 solum
1181 1372 1343 1404 constituti

277 1415 312 1447 in
334 1416 490 1456 praesenti
517 1416 632 1456 gratia,
657 1416 711 1446 sed
735 1426 847 1446 omnes
875 1416 1059 1453 Christiani,
1084 1416 1151 1447 imo
1176 1423 1206 1447 et
1229 1427 1342 1447 omnes

277 1459 424 1491 homines
447 1467 551 1491 essent
573 1459 679 1500 scripti
701 1460 735 1490 in
753 1460 834 1490 libro
853 1460 952 1490 vitae:
977 1460 1131 1502 quoniam
1155 1471 1267 1491 omnes
1291 1471 1341 1491 or-

277 1503 376 1535 dinati
389 1510 464 1535 sunt
481 1504 514 1534 in
529 1503 626 1535 vitam
642 1509 810 1540 aeternam,
836 1514 872 1535 ex
894 1504 957 1535 hoc
979 1504 1051 1545 ipso
1070 1505 1159 1546 quod
1175 1505 1341 1536 rationales

277 1554 362 1585 sunt,
385 1547 472 1579 iuxta
493 1547 574 1578 illud
591 1547 775 1588 Augustini:
799 1548 839 1579 de
856 1549 971 1579 Pmed.
988 1549 1096 1581 Sanct.
1113 1549 1146 1580 *ε
1165 1559 1262 1590 posse
1284 1550 1341 1580 ha-

275 1592 351 1624 bere
372 1593 551 1630 caritatem,
572 1597 710 1623 naturae
733 1597 780 1623 est
801 1593 976 1623 hominum.

329 1634 384 1667 lv.
406 1636 458 1666 Ad
479 1635 542 1667 hoc
564 1636 792 1677 respondetur,
826 1637 915 1678 quod
938 1636 1079 1668 definitio
1103 1637 1247 1678 superius
1271 1638 1342 1668 data

275 1677 337 1711 fuit
350 1679 497 1720 perfecta,
515 1686 626 1721 utpote
643 1680 800 1721 explicans
820 1681 1035 1712 substantialia
1053 1681 1124 1712 libri
1144 1681 1240 1712 vitae:
1266 1692 1340 1712 con-

1403 363 1530 403 scriptio
1546 363 1631 394 enim
1645 364 1949 404 praedestinatorum
1969 367 2008 396 ad
2027 368 2232 398 substantiam
2246 369 2379 409 pertinet
2393 370 2463 400 libri

1401 407 1492 438 vitae.
1506 407 1707 448 Conscriptio
1723 415 1829 439 autern
1845 409 2062 441 ordinatorum
2077 412 2252 442 secundum
2267 420 2463 453 praesentem

1401 450 1570 488 iustitiam,
1594 452 1688 483 habet
1711 462 1744 482 se
1767 453 1806 482 ad
1834 452 1951 483 librum
1973 454 2054 485 vitae
2082 462 2118 486 ut
2144 456 2300 493 accidens,
2329 458 2405 498 quia
2427 465 2463 488 ut

1402 505 1600 536 consequens
1616 496 1827 527 substantiale.
1852 497 1926 527 Non
1950 497 2034 528 enirn
2057 499 2096 529 ad
2114 499 2231 540 librum
2245 501 2325 531 vitae
2344 508 2463 541 spectat

1400 538 1512 569 talium
1536 538 1743 580 conscriptio,
1774 540 1834 570 nisi
1860 550 1898 571 ex
1920 541 1982 572 hoc
2004 541 2074 582 ipso
2098 544 2186 584 quod
2210 551 2255 575 est
2281 545 2359 575 liber
2380 545 2461 576 vitae

1400 582 1528 622 gloriae,
1545 584 1583 613 ad
1603 594 1701 624 quam
1717 584 1776 614 soli
1799 585 2020 624 praedestinati
2043 587 2291 619 conscribuntur.
2314 589 2406 626 Nam,
2426 597 2462 620 ut

1399 626 1433 656 in
1449 627 1655 667 responsione
1678 628 1719 658 ad
1733 628 1861 659 tertium
1877 629 2088 668 praecedentis
2108 631 2228 662 articuli
2245 632 2365 669 dicitur,
2386 643 2461 664 con—

1401 670 1499 701 stituti
1522 671 1554 701 in
1571 671 1725 712 praesenti
1744 672 1850 712 gratia,
1870 682 1929 712 pro
1946 679 2033 703 tanto
2050 675 2088 704 ad
2107 675 2372 715 conscriptionem
2390 677 2460 707 libri

1399 714 1481 745 vitae
1497 721 1646 755 spectant,
1662 726 1720 756 pro
1740 723 1861 757 quanto
1880 716 1977 747 vitam
1997 717 2084 747 illam
2104 719 2276 758 gloriosam
2294 730 2352 759 pro
2375 731 2460 752 nunc

1400 758 1508 799 aliquo
1531 759 1630 789 modo
1654 760 1850 800 participant.
1875 761 1916 791 Et
1938 760 1989 791 hic
2013 761 2126 792 dicitur
2146 761 2190 804 (et
2209 763 2241 793 in
2266 763 2351 794 idem
2367 763 2458 806 redit)

1400 803 1489 843 quod
1511 810 1677 843 propterea
1701 804 1950 840 conscribuntur,
1975 805 2049 845 quia
2065 805 2162 836 vitam
2183 813 2341 837 aeternam
2355 807 2387 838 in
2404 819 2460 839 sua

1400 857 1493 877 causa
1519 847 1655 878 habituri
1684 854 1767 879 sunt.
1800 848 1848 878 Ex
1870 847 1919 878 his
1943 849 2029 879 enim
2051 856 2136 890 patet
2166 851 2254 891 quod
2282 851 2321 881 ad
2343 852 2459 882 librum

1398 891 1479 921 vitae
1495 891 1630 931 pertinet
1645 891 1835 932 conscriptio
1849 891 2035 923 habentium
2055 901 2250 933 praesentem
2266 895 2407 935 gratiam,
2423 906 2460 926 ex

1399 935 1622 976 consequenti:
1647 942 1678 966 et
1701 935 1744 966 sic
1767 936 1836 966 talis
1860 936 2050 977 conscriptio
2067 944 2125 968 est
2148 944 2231 968 extra
2254 939 2460 970 substantiam

1397 978 1468 1008 libri
1490 979 1581 1010 vitae.
1613 980 1679 1010 Nec
1702 979 1734 1010 in
1765 979 1948 1010 definitione
1972 981 2081 1012 debuit
2104 981 2250 1022 exprimi:
2276 982 2344 1019 sed,
2369 989 2404 1014 ut
2426 983 2459 1013 in

1397 1022 1499 1054 littera
1521 1022 1572 1059 fit,
1597 1024 1807 1064 postmodum
1830 1024 1952 1055 deduci.
2380 1053 2383 1055 a

1455 1067 1506 1096 Ad
1529 1067 1623 1097 aliam
1646 1074 1753 1098 autem
1781 1067 1993 1099 obiectionem
2016 1069 2106 1100 facile
2136 1079 2173 1100 ex
2200 1069 2301 1101 littera
2327 1080 2459 1111 respon-

1398 1111 1498 1147 detur,
1515 1112 1603 1151 quod
1627 1121 1692 1142 non
1712 1112 1956 1152 quomodolibet
1979 1113 2113 1144 ordinati
2129 1114 2162 1143 in
2177 1114 2274 1145 vitam
2290 1121 2457 1151 aeternam,

1398 1154 1453 1184 sed
1468 1154 1610 1186 ordinati
1623 1157 1670 1186 sic
1684 1156 1768 1196 quod
1782 1161 1858 1186 sunt
1872 1156 1964 1197 digni
1978 1158 2043 1187 vita
2059 1163 2203 1195 aeterna,
2220 1158 2461 1189 conscribuntur

1396 1198 1430 1228 in
1453 1198 1533 1229 libro
1561 1199 1653 1229 vitae.
1684 1200 1724 1230 Et
1754 1206 1921 1240 propterea
1948 1210 2051 1241 neque
2084 1211 2195 1232 omnes
2219 1201 2388 1233 Christiani
2411 1200 2458 1244 (si

1396 1241 1510 1282 aliquis
1534 1249 1579 1274 est
1602 1243 1658 1283 qui
1682 1253 1848 1284 nunquam
1871 1243 1931 1274 fuit
1952 1244 1986 1274 in
2008 1245 2118 1284 gratia;
2143 1246 2231 1286 quod
2254 1253 2361 1286 posset
2379 1246 2458 1277 acci-

1397 1285 1469 1316 dere
1492 1286 1525 1316 in
1548 1286 1618 1317 ficte
1642 1287 1806 1318 accedente
1830 1288 1869 1317 ad
1893 1287 2115 1331 baptismum),
2140 1299 2242 1329 neque
2266 1300 2378 1320 omnes
2401 1290 2458 1320 ho-

1397 1329 1498 1359 mines
1525 1337 1599 1361 sunt
1630 1330 1737 1371 aliquo
1768 1331 1867 1361 modo
1901 1332 2006 1372 scripti
2028 1332 2061 1362 in
2084 1333 2164 1363 libro
2187 1333 2288 1364 vitae:
2313 1334 2458 1374 quamvis

1395 1373 1572 1414 potentiam
1588 1374 1749 1414 quandam
1764 1375 1854 1405 valde
1874 1382 2029 1406 remotam
2044 1377 2083 1406 ad
2099 1376 2186 1407 illam
2201 1377 2298 1407 vitam
2312 1377 2456 1408 habeant.

1440 1417 1479 1448 V.
1505 1416 1596 1448 Circa
1613 1428 1648 1448 ea
1664 1428 1745 1459 quae
1760 1418 1793 1448 in
1810 1418 1892 1449 calce
1915 1419 2035 1450 litterae
2055 1420 2158 1460 posita
2176 1427 2258 1457 sunt,
2276 1421 2353 1452 scito
2370 1422 2458 1462 quod

1396 1461 1498 1492 deleri
1520 1472 1562 1492 ex
1579 1467 1678 1503 parte
1700 1462 1890 1500 deletorum,
1915 1473 1981 1494 non
2004 1463 2153 1504 importat
2172 1465 2341 1506 scripturae
2358 1475 2458 1496 cassa-

1395 1505 1531 1542 tionem;
1556 1507 1609 1536 sed
1634 1506 1845 1537 mutationem
1869 1507 1907 1537 de
1931 1507 2052 1547 scriptis
2081 1508 2113 1538 in
2136 1518 2203 1538 non
2226 1509 2366 1550 scriptos.
2392 1510 2457 1547 Qui

1396 1550 1482 1580 enim
1509 1549 1576 1580 heri
1601 1550 1659 1581 fuit
1686 1550 1719 1580 in
1743 1551 1858 1590 gratia,
1890 1557 1921 1581 et
1948 1558 2176 1593 consequenter
2203 1553 2282 1584 inter
2308 1553 2455 1593 scriptos,

1394 1594 1502 1634 lapsus
1525 1594 1630 1631 hodie,
1655 1601 1796 1625 mutatus
1819 1602 1866 1626 est
1888 1605 1943 1635 per
1965 1596 2084 1635 peccati
2107 1596 2278 1634 maculam,
2303 1597 2457 1639 desiitque

1394 1638 1474 1669 inter
1489 1638 1621 1680 scriptos
1638 1648 1714 1670 esse.
1740 1639 1780 1670 Et
1795 1639 1858 1670 hoc
1871 1646 2002 1670 vocatur
2020 1640 2115 1671 deleri
2134 1651 2170 1671 ex
2188 1648 2276 1681 parte
2291 1641 2336 1672 rei
2352 1641 2458 1678 scitae,

1394 1689 1430 1713 ut
1453 1689 1538 1722 patet
1560 1682 1593 1712 in
1615 1682 1726 1714 littera.

408 3691 516 3715 Summas
536 3690 636 3714 Tutor„
656 3690 686 3714 D.
702 3690 814 3716 Tuomst
833 3689 866 3715 T.
883 3690 892 3714 1

2260 3672 2292 3722 '³7
