<?xml version="1.0" encoding="UTF-8"?>
<!DOCTYPE html PUBLIC "-//W3C//DTD XHTML 1.0 Transitional//EN"
    "http://www.w3.org/TR/xhtml1/DTD/xhtml1-transitional.dtd">
<html xmlns="http://www.w3.org/1999/xhtml" xml:lang="en" lang="en">
 <head>
  <title>
</title>
<meta http-equiv="Content-Type" content="text/html;charset=utf-8" />
  <meta name='ocr-system' content='tesseract 3.04.00' />
  <meta name='ocr-capabilities' content='ocr_page ocr_carea ocr_par ocr_line ocrx_word'/>
</head>
<body>
  <div class='ocr_page' id='page_1' title='image "./operaomniaiussui04thom/operaomniaiussui04thom_0167.png"; bbox 0 0 2768 4178; ppageno 0'>
   <div class='ocr_carea' id='block_1_1' title="bbox 39 305 225 328">
    <p class='ocr_par' dir='ltr' id='par_1_1' title="bbox 39 305 225 328">
     <span class='ocr_line' id='line_1_1' title="bbox 39 305 225 328; baseline 0 0"><span class='ocrx_word' id='word_1_1' title='bbox 39 307 49 317; x_wconf 91' lang='grc'><em>·</em></span> <span class='ocrx_word' id='word_1_2' title='bbox 65 305 103 328; x_wconf 79' lang='lat' dir='ltr'>Cf.</span> <span class='ocrx_word' id='word_1_3' title='bbox 119 311 183 328; x_wconf 86' lang='lat' dir='ltr'>num.</span> <span class='ocrx_word' id='word_1_4' title='bbox 198 311 225 328; x_wconf 78' lang='grc' dir='ltr'>ιι.</span> 
     </span>
    </p>
   </div>
   <div class='ocr_carea' id='block_1_2' title="bbox 34 792 250 848">
    <p class='ocr_par' dir='ltr' id='par_1_2' title="bbox 34 792 250 848">
     <span class='ocr_line' id='line_1_2' title="bbox 34 792 250 821; baseline 0 -6"><span class='ocrx_word' id='word_1_5' title='bbox 34 792 46 804; x_wconf 82' lang='lat'>⁸</span> <span class='ocrx_word' id='word_1_6' title='bbox 67 792 125 821; x_wconf 77' lang='lat' dir='ltr'>cap.</span> <span class='ocrx_word' id='word_1_7' title='bbox 139 798 176 821; x_wconf 85' lang='lat' dir='ltr'>rv,</span> <span class='ocrx_word' id='word_1_8' title='bbox 196 799 220 815; x_wconf 87' lang='lat' dir='ltr'>n.</span> <span class='ocrx_word' id='word_1_9' title='bbox 233 799 250 820; x_wconf 88' lang='grc'><strong>4</strong></span> 
     </span>
     <span class='ocr_line' id='line_1_3' title="bbox 34 825 87 848; baseline 0.019 -1"><span class='ocrx_word' id='word_1_10' title='bbox 34 825 87 848; x_wconf 65' lang='lat'>⁸⁴1¹!-</span> 
     </span>
    </p>
   </div>
   <div class='ocr_carea' id='block_1_3' title="bbox 976 226 1773 284">
    <p class='ocr_par' dir='ltr' id='par_1_3' title="bbox 976 226 1773 284">
     <span class='ocr_line' id='line_1_4' title="bbox 976 226 1773 284; baseline 0.005 -21"><span class='ocrx_word' id='word_1_11' title='bbox 976 227 1244 284; x_wconf 76' lang='lat' dir='ltr'>QUAESTIO</span> <span class='ocrx_word' id='word_1_12' title='bbox 1274 227 1379 274; x_wconf 88' lang='lat' dir='ltr'>XIII,</span> <span class='ocrx_word' id='word_1_13' title='bbox 1409 226 1708 266; x_wconf 90' lang='lat' dir='ltr'>ARTICULUS</span> <span class='ocrx_word' id='word_1_14' title='bbox 1737 231 1773 267; x_wconf 92' lang='lat' dir='ltr'>V</span> 
     </span>
    </p>
   </div>
   <div class='ocr_carea' id='block_1_4' title="bbox 277 301 1352 921">
    <p class='ocr_par' dir='ltr' id='par_1_4' title="bbox 277 301 1352 876">
     <span class='ocr_line' id='line_1_5' title="bbox 337 301 1352 344; baseline 0.002 -12"><span class='ocrx_word' id='word_1_15' title='bbox 337 301 390 333; x_wconf 87' lang='lat' dir='ltr'>IX.</span> <span class='ocrx_word' id='word_1_16' title='bbox 421 301 542 334; x_wconf 86' lang='lat' dir='ltr'>Contra</span> <span class='ocrx_word' id='word_1_17' title='bbox 573 304 766 344; x_wconf 85' lang='lat' dir='ltr'>praedictam</span> <span class='ocrx_word' id='word_1_18' title='bbox 799 304 1040 336; x_wconf 88' lang='lat' dir='ltr'>conclusionem</span> <span class='ocrx_word' id='word_1_19' title='bbox 1057 305 1075 324; x_wconf 91' lang='lat'><strong>*</strong></span> <span class='ocrx_word' id='word_1_20' title='bbox 1098 305 1231 341; x_wconf 91' lang='lat' dir='ltr'>Scotus,</span> <span class='ocrx_word' id='word_1_21' title='bbox 1264 304 1298 334; x_wconf 93' lang='lat' dir='ltr'>in</span> <span class='ocrx_word' id='word_1_22' title='bbox 1323 305 1352 341; x_wconf 89' lang='lat' dir='ltr'>I,</span> 
     </span>
     <span class='ocr_line' id='line_1_6' title="bbox 281 346 1351 389; baseline 0.004 -13"><span class='ocrx_word' id='word_1_23' title='bbox 281 346 352 377; x_wconf 88' lang='lat' dir='ltr'>dist.</span> <span class='ocrx_word' id='word_1_24' title='bbox 367 357 411 383; x_wconf 84' lang='lat'>111,</span> <span class='ocrx_word' id='word_1_25' title='bbox 429 357 483 388; x_wconf 90' lang='lat' dir='ltr'>qu.</span> <span class='ocrx_word' id='word_1_26' title='bbox 500 357 512 378; x_wconf 90' lang='lat'>1</span> <span class='ocrx_word' id='word_1_27' title='bbox 528 355 558 379; x_wconf 92' lang='lat' dir='ltr'>et</span> <span class='ocrx_word' id='word_1_28' title='bbox 573 359 616 385; x_wconf 87' lang='lat'>111,</span> <span class='ocrx_word' id='word_1_29' title='bbox 642 356 672 380; x_wconf 93' lang='lat' dir='ltr'>et</span> <span class='ocrx_word' id='word_1_30' title='bbox 687 349 758 380; x_wconf 88' lang='lat' dir='ltr'>dist.</span> <span class='ocrx_word' id='word_1_31' title='bbox 778 359 842 386; x_wconf 90' lang='lat' dir='ltr'>vm,</span> <span class='ocrx_word' id='word_1_32' title='bbox 859 359 914 389; x_wconf 92' lang='lat' dir='ltr'>qu.</span> <span class='ocrx_word' id='word_1_33' title='bbox 931 359 975 385; x_wconf 77' lang='lat'>111,</span> <span class='ocrx_word' id='word_1_34' title='bbox 999 349 1103 389; x_wconf 89' lang='lat' dir='ltr'>arguit</span> <span class='ocrx_word' id='word_1_35' title='bbox 1125 348 1351 389; x_wconf 86' lang='lat' dir='ltr'>multipliciter.</span> 
     </span>
     <span class='ocr_line' id='line_1_7' title="bbox 279 391 1352 434; baseline 0.003 -13"><span class='ocrx_word' id='word_1_36' title='bbox 279 391 370 421; x_wconf 93' lang='lat' dir='ltr'>Tum</span> <span class='ocrx_word' id='word_1_37' title='bbox 385 391 461 432; x_wconf 92' lang='lat' dir='ltr'>quia</span> <span class='ocrx_word' id='word_1_38' title='bbox 483 392 617 423; x_wconf 91' lang='lat' dir='ltr'>nomina</span> <span class='ocrx_word' id='word_1_39' title='bbox 640 393 826 424; x_wconf 88' lang='lat' dir='ltr'>huiusmodi</span> <span class='ocrx_word' id='word_1_40' title='bbox 841 393 959 424; x_wconf 90' lang='lat' dir='ltr'>habent</span> <span class='ocrx_word' id='word_1_41' title='bbox 973 400 1166 434; x_wconf 91' lang='lat' dir='ltr'>conceptum</span> <span class='ocrx_word' id='word_1_42' title='bbox 1182 400 1304 425; x_wconf 91' lang='lat' dir='ltr'>certum</span> <span class='ocrx_word' id='word_1_43' title='bbox 1319 393 1352 424; x_wconf 91' lang='lat' dir='ltr'>in</span> 
     </span>
     <span class='ocr_line' id='line_1_8' title="bbox 280 436 1352 478; baseline 0.003 -12"><span class='ocrx_word' id='word_1_44' title='bbox 280 436 463 472; x_wconf 88' lang='lat' dir='ltr'>communi,</span> <span class='ocrx_word' id='word_1_45' title='bbox 488 443 589 468; x_wconf 90' lang='lat' dir='ltr'>stante</span> <span class='ocrx_word' id='word_1_46' title='bbox 613 437 810 468; x_wconf 84' lang='lat' dir='ltr'>dubitatione</span> <span class='ocrx_word' id='word_1_47' title='bbox 834 437 874 468; x_wconf 93' lang='lat' dir='ltr'>de</span> <span class='ocrx_word' id='word_1_48' title='bbox 897 437 1102 478; x_wconf 89' lang='lat' dir='ltr'>conceptibus</span> <span class='ocrx_word' id='word_1_49' title='bbox 1131 438 1191 468; x_wconf 91' lang='lat' dir='ltr'>Dei</span> <span class='ocrx_word' id='word_1_50' title='bbox 1214 444 1245 469; x_wconf 92' lang='lat' dir='ltr'>et</span> <span class='ocrx_word' id='word_1_51' title='bbox 1268 448 1352 469; x_wconf 90' lang='lat' dir='ltr'>crea-</span> 
     </span>
     <span class='ocr_line' id='line_1_9' title="bbox 279 481 1352 523; baseline 0.002 -12"><span class='ocrx_word' id='word_1_52' title='bbox 279 486 378 511; x_wconf 89' lang='lat' dir='ltr'>turae.</span> <span class='ocrx_word' id='word_1_53' title='bbox 396 497 415 503; x_wconf 92' lang='lat'>-</span> <span class='ocrx_word' id='word_1_54' title='bbox 431 481 520 511; x_wconf 89' lang='lat' dir='ltr'>Turn</span> <span class='ocrx_word' id='word_1_55' title='bbox 543 481 619 522; x_wconf 89' lang='lat' dir='ltr'>quia</span> <span class='ocrx_word' id='word_1_56' title='bbox 642 491 808 522; x_wconf 86' lang='lat' dir='ltr'>processus</span> <span class='ocrx_word' id='word_1_57' title='bbox 837 481 1099 523; x_wconf 89' lang='lat' dir='ltr'>metaphysicales</span> <span class='ocrx_word' id='word_1_58' title='bbox 1131 489 1266 513; x_wconf 90' lang='lat' dir='ltr'>utuntur</span> <span class='ocrx_word' id='word_1_59' title='bbox 1288 492 1352 513; x_wconf 89' lang='lat' dir='ltr'>una</span> 
     </span>
     <span class='ocr_line' id='line_1_10' title="bbox 279 524 1352 562; baseline 0.002 -7"><span class='ocrx_word' id='word_1_60' title='bbox 279 524 402 555; x_wconf 89' lang='lat' dir='ltr'>ratione</span> <span class='ocrx_word' id='word_1_61' title='bbox 425 525 552 560; x_wconf 77' lang='lat' dir='ltr'>formali</span> <span class='ocrx_word' id='word_1_62' title='bbox 574 525 608 556; x_wconf 91' lang='lat' dir='ltr'>in</span> <span class='ocrx_word' id='word_1_63' title='bbox 631 525 832 562; x_wconf 83' lang='lat' dir='ltr'>huiusmodi,</span> <span class='ocrx_word' id='word_1_64' title='bbox 860 532 891 556; x_wconf 92' lang='lat' dir='ltr'>et</span> <span class='ocrx_word' id='word_1_65' title='bbox 913 526 1086 557; x_wconf 89' lang='lat' dir='ltr'>auferendo</span> <span class='ocrx_word' id='word_1_66' title='bbox 1110 527 1149 557; x_wconf 89' lang='lat' dir='ltr'>ab</span> <span class='ocrx_word' id='word_1_67' title='bbox 1174 537 1211 557; x_wconf 87' lang='lat' dir='ltr'>ea</span> <span class='ocrx_word' id='word_1_68' title='bbox 1239 537 1352 557; x_wconf 90' lang='lat' dir='ltr'>omnes</span> 
     </span>
     <span class='ocr_line' id='line_1_11' title="bbox 280 569 1352 612; baseline 0.003 -13"><span class='ocrx_word' id='word_1_69' title='bbox 280 569 479 600; x_wconf 88' lang='lat' dir='ltr'>conditiones</span> <span class='ocrx_word' id='word_1_70' title='bbox 494 569 754 610; x_wconf 84' lang='lat' dir='ltr'>imperfectionis,</span> <span class='ocrx_word' id='word_1_71' title='bbox 767 569 943 601; x_wconf 85' lang='lat' dir='ltr'>attribuunt</span> <span class='ocrx_word' id='word_1_72' title='bbox 959 580 1030 601; x_wconf 90' lang='lat' dir='ltr'>eam</span> <span class='ocrx_word' id='word_1_73' title='bbox 1045 571 1126 602; x_wconf 92' lang='lat' dir='ltr'>Deo.</span> <span class='ocrx_word' id='word_1_74' title='bbox 1139 589 1160 594; x_wconf 85' lang='lat'><em>-</em></span> <span class='ocrx_word' id='word_1_75' title='bbox 1172 571 1261 602; x_wconf 90' lang='lat' dir='ltr'>Tum</span> <span class='ocrx_word' id='word_1_76' title='bbox 1276 571 1352 612; x_wconf 90' lang='lat' dir='ltr'>quia</span> 
     </span>
     <span class='ocr_line' id='line_1_12' title="bbox 280 613 1351 657; baseline 0.002 -13"><span class='ocrx_word' id='word_1_77' title='bbox 280 613 368 644; x_wconf 85' lang='lat' dir='ltr'>aliter</span> <span class='ocrx_word' id='word_1_78' title='bbox 390 613 478 644; x_wconf 86' lang='lat' dir='ltr'>Deus</span> <span class='ocrx_word' id='word_1_79' title='bbox 500 623 567 644; x_wconf 91' lang='lat' dir='ltr'>non</span> <span class='ocrx_word' id='word_1_80' title='bbox 591 621 672 645; x_wconf 89' lang='lat' dir='ltr'>esset</span> <span class='ocrx_word' id='word_1_81' title='bbox 694 614 877 646; x_wconf 83' lang='lat' dir='ltr'>naturaliter</span> <span class='ocrx_word' id='word_1_82' title='bbox 900 615 1123 655; x_wconf 81' lang='lat' dir='ltr'>cognoscibilis</span> <span class='ocrx_word' id='word_1_83' title='bbox 1146 615 1255 657; x_wconf 90' lang='lat' dir='ltr'>aliquo</span> <span class='ocrx_word' id='word_1_84' title='bbox 1275 616 1351 646; x_wconf 89' lang='lat' dir='ltr'>sim-</span> 
     </span>
     <span class='ocr_line' id='line_1_13' title="bbox 279 657 1351 699; baseline 0.003 -11"><span class='ocrx_word' id='word_1_85' title='bbox 279 657 354 698; x_wconf 89' lang='lat' dir='ltr'>plici</span> <span class='ocrx_word' id='word_1_86' title='bbox 384 664 558 698; x_wconf 89' lang='lat' dir='ltr'>conceptu:</span> <span class='ocrx_word' id='word_1_87' title='bbox 588 668 628 689; x_wconf 89' lang='lat' dir='ltr'>eo</span> <span class='ocrx_word' id='word_1_88' title='bbox 659 658 749 699; x_wconf 93' lang='lat' dir='ltr'>quod</span> <span class='ocrx_word' id='word_1_89' title='bbox 777 658 830 689; x_wconf 93' lang='lat' dir='ltr'>ille</span> <span class='ocrx_word' id='word_1_90' title='bbox 854 666 1028 699; x_wconf 89' lang='lat' dir='ltr'>conceptus</span> <span class='ocrx_word' id='word_1_91' title='bbox 1056 670 1123 690; x_wconf 92' lang='lat' dir='ltr'>non</span> <span class='ocrx_word' id='word_1_92' title='bbox 1154 660 1351 691; x_wconf 86' lang='lat' dir='ltr'>clauderetur</span> 
     </span>
     <span class='ocr_line' id='line_1_14' title="bbox 279 702 1350 746; baseline 0.004 -14"><span class='ocrx_word' id='word_1_93' title='bbox 279 702 484 733; x_wconf 84' lang='lat' dir='ltr'>essentialiter</span> <span class='ocrx_word' id='word_1_94' title='bbox 515 712 573 733; x_wconf 91' lang='lat' dir='ltr'>nec</span> <span class='ocrx_word' id='word_1_95' title='bbox 595 702 770 733; x_wconf 90' lang='lat' dir='ltr'>virtualiter</span> <span class='ocrx_word' id='word_1_96' title='bbox 798 703 831 734; x_wconf 91' lang='lat' dir='ltr'>in</span> <span class='ocrx_word' id='word_1_97' title='bbox 862 703 972 744; x_wconf 89' lang='lat' dir='ltr'>aliquo</span> <span class='ocrx_word' id='word_1_98' title='bbox 1002 704 1162 735; x_wconf 89' lang='lat' dir='ltr'>relucente</span> <span class='ocrx_word' id='word_1_99' title='bbox 1189 704 1222 735; x_wconf 91' lang='lat' dir='ltr'>in</span> <span class='ocrx_word' id='word_1_100' title='bbox 1250 705 1350 746; x_wconf 86' lang='lat' dir='ltr'>phan-</span> 
     </span>
     <span class='ocr_line' id='line_1_15' title="bbox 278 746 1351 790; baseline 0.004 -14"><span class='ocrx_word' id='word_1_101' title='bbox 278 752 419 777; x_wconf 89' lang='lat' dir='ltr'>tasmate.</span> <span class='ocrx_word' id='word_1_102' title='bbox 435 764 456 768; x_wconf 98' lang='lat'><em>-</em></span> <span class='ocrx_word' id='word_1_103' title='bbox 472 746 562 777; x_wconf 88' lang='lat' dir='ltr'>Tum</span> <span class='ocrx_word' id='word_1_104' title='bbox 591 746 667 787; x_wconf 90' lang='lat' dir='ltr'>quia</span> <span class='ocrx_word' id='word_1_105' title='bbox 690 747 796 778; x_wconf 89' lang='lat' dir='ltr'>omnis</span> <span class='ocrx_word' id='word_1_106' title='bbox 827 748 1024 788; x_wconf 88' lang='lat' dir='ltr'>comparatio</span> <span class='ocrx_word' id='word_1_107' title='bbox 1049 756 1096 780; x_wconf 92' lang='lat' dir='ltr'>est</span> <span class='ocrx_word' id='word_1_108' title='bbox 1118 749 1151 779; x_wconf 87' lang='lat' dir='ltr'>in</span> <span class='ocrx_word' id='word_1_109' title='bbox 1175 749 1351 790; x_wconf 82' lang='lat' dir='ltr'>aliqualiter</span> 
     </span>
     <span class='ocr_line' id='line_1_16' title="bbox 278 789 1349 835; baseline 0.005 -15"><span class='ocrx_word' id='word_1_110' title='bbox 278 790 427 827; x_wconf 90' lang='lat' dir='ltr'>univoco,</span> <span class='ocrx_word' id='word_1_111' title='bbox 451 800 489 821; x_wconf 85' lang='lat' dir='ltr'>ex</span> <span class='ocrx_word' id='word_1_112' title='bbox 511 791 569 822; x_wconf 89' lang='lat' dir='ltr'>VII</span> <span class='ocrx_word' id='word_1_113' title='bbox 585 791 713 832; x_wconf 74' lang='lat' dir='ltr'>Pluysic.</span> <span class='ocrx_word' id='word_1_114' title='bbox 727 789 757 822; x_wconf 75' lang='grc' dir='ltr'>*ε</span> <span class='ocrx_word' id='word_1_115' title='bbox 782 799 907 824; x_wconf 90' lang='lat' dir='ltr'>constat</span> <span class='ocrx_word' id='word_1_116' title='bbox 929 792 1015 823; x_wconf 92' lang='lat' dir='ltr'>enim</span> <span class='ocrx_word' id='word_1_117' title='bbox 1038 793 1144 824; x_wconf 90' lang='lat' dir='ltr'>Deum</span> <span class='ocrx_word' id='word_1_118' title='bbox 1168 803 1235 824; x_wconf 92' lang='lat' dir='ltr'>esse</span> <span class='ocrx_word' id='word_1_119' title='bbox 1249 794 1349 835; x_wconf 87' lang='lat' dir='ltr'>perfe-</span> 
     </span>
     <span class='ocr_line' id='line_1_17' title="bbox 277 834 733 876; baseline 0.002 -11"><span class='ocrx_word' id='word_1_120' title='bbox 277 834 358 866; x_wconf 89' lang='lat' dir='ltr'>ctius</span> <span class='ocrx_word' id='word_1_121' title='bbox 382 844 437 865; x_wconf 91' lang='lat' dir='ltr'>ens</span> <span class='ocrx_word' id='word_1_122' title='bbox 461 845 560 876; x_wconf 90' lang='lat' dir='ltr'>quam</span> <span class='ocrx_word' id='word_1_123' title='bbox 583 842 733 867; x_wconf 84' lang='lat' dir='ltr'>creatura.</span> 
     </span>
    </p>

    <p class='ocr_par' dir='ltr' id='par_1_5' title="bbox 331 879 1350 921">
     <span class='ocr_line' id='line_1_18' title="bbox 331 879 1350 921; baseline 0.006 -12"><span class='ocrx_word' id='word_1_124' title='bbox 331 879 371 911; x_wconf 89' lang='lat' dir='ltr'>X.</span> <span class='ocrx_word' id='word_1_125' title='bbox 393 879 435 910; x_wconf 82' lang='lat' dir='ltr'>Et</span> <span class='ocrx_word' id='word_1_126' title='bbox 450 879 596 921; x_wconf 88' lang='lat' dir='ltr'>quamvis</span> <span class='ocrx_word' id='word_1_127' title='bbox 620 879 732 911; x_wconf 86' lang='lat' dir='ltr'>diffuse</span> <span class='ocrx_word' id='word_1_128' title='bbox 756 881 833 912; x_wconf 90' lang='lat' dir='ltr'>haec</span> <span class='ocrx_word' id='word_1_129' title='bbox 853 882 886 912; x_wconf 91' lang='lat' dir='ltr'>in</span> <span class='ocrx_word' id='word_1_130' title='bbox 903 882 1139 914; x_wconf 90' lang='lat' dir='ltr'>commentariis</span> <span class='ocrx_word' id='word_1_131' title='bbox 1153 884 1205 914; x_wconf 83' lang='lat' dir='ltr'>De</span> <span class='ocrx_word' id='word_1_132' title='bbox 1219 884 1304 914; x_wconf 87' lang='lat' dir='ltr'>Ente</span> <span class='ocrx_word' id='word_1_133' title='bbox 1319 889 1350 915; x_wconf 85' lang='lat' dir='ltr'>et</span> 
     </span>
    </p>
   </div>
   <div class='ocr_carea' id='block_1_5' title="bbox 274 923 1354 968">
    <p class='ocr_par' dir='ltr' id='par_1_6' title="bbox 274 923 1354 968">
     <span class='ocr_line' id='line_1_19' title="bbox 274 923 1354 968; baseline 0.004 -13"><span class='ocrx_word' id='word_1_134' title='bbox 274 923 426 956; x_wconf 79' lang='lat' dir='ltr'>Essentia</span> <span class='ocrx_word' id='word_1_135' title='bbox 439 923 458 943; x_wconf 87' lang='grc'>*</span> <span class='ocrx_word' id='word_1_136' title='bbox 479 930 609 956; x_wconf 90' lang='lat' dir='ltr'>tractata</span> <span class='ocrx_word' id='word_1_137' title='bbox 625 925 697 962; x_wconf 89' lang='lat' dir='ltr'>sint,</span> <span class='ocrx_word' id='word_1_138' title='bbox 718 935 804 957; x_wconf 90' lang='lat' dir='ltr'>nunc</span> <span class='ocrx_word' id='word_1_139' title='bbox 821 933 929 957; x_wconf 90' lang='lat' dir='ltr'>tamen</span> <span class='ocrx_word' id='word_1_140' title='bbox 952 927 1086 958; x_wconf 87' lang='lat' dir='ltr'>breviter</span> <span class='ocrx_word' id='word_1_141' title='bbox 1109 928 1354 968; x_wconf 74' lang='lat' dir='ltr'>respondeatur.</span> 
     </span>
    </p>
   </div>
   <div class='ocr_carea' id='block_1_6' title="bbox 272 968 1348 1235">
    <p class='ocr_par' dir='ltr' id='par_1_7' title="bbox 272 968 1348 1235">
     <span class='ocr_line' id='line_1_20' title="bbox 329 968 1348 1012; baseline 0.005 -14"><span class='ocrx_word' id='word_1_142' title='bbox 329 968 381 999; x_wconf 83' lang='lat' dir='ltr'>Ad</span> <span class='ocrx_word' id='word_1_143' title='bbox 404 968 548 1009; x_wconf 89' lang='lat' dir='ltr'>primum</span> <span class='ocrx_word' id='word_1_144' title='bbox 563 969 711 1010; x_wconf 86' lang='lat' dir='ltr'>quidem:</span> <span class='ocrx_word' id='word_1_145' title='bbox 734 970 814 1001; x_wconf 88' lang='lat' dir='ltr'>illud</span> <span class='ocrx_word' id='word_1_146' title='bbox 834 978 1059 1012; x_wconf 86' lang='lat' dir='ltr'>argumentum</span> <span class='ocrx_word' id='word_1_147' title='bbox 1075 972 1155 1003; x_wconf 87' lang='lat' dir='ltr'>nihil</span> <span class='ocrx_word' id='word_1_148' title='bbox 1169 972 1256 1003; x_wconf 89' lang='lat' dir='ltr'>aliud</span> <span class='ocrx_word' id='word_1_149' title='bbox 1273 982 1348 1003; x_wconf 92' lang='lat' dir='ltr'>con-</span> 
     </span>
     <span class='ocr_line' id='line_1_21' title="bbox 275 1010 1347 1057; baseline 0.004 -14"><span class='ocrx_word' id='word_1_150' title='bbox 275 1012 375 1044; x_wconf 90' lang='lat' dir='ltr'>cludit</span> <span class='ocrx_word' id='word_1_151' title='bbox 396 1013 457 1043; x_wconf 90' lang='lat' dir='ltr'>nisi</span> <span class='ocrx_word' id='word_1_152' title='bbox 481 1013 640 1045; x_wconf 84' lang='lat' dir='ltr'>alietatem</span> <span class='ocrx_word' id='word_1_153' title='bbox 663 1010 836 1056; x_wconf 80' lang='lat' dir='ltr'>conceptus</span> <span class='ocrx_word' id='word_1_154' title='bbox 861 1015 1046 1056; x_wconf 86' lang='lat' dir='ltr'>sapientiae,</span> <span class='ocrx_word' id='word_1_155' title='bbox 1074 1016 1161 1047; x_wconf 90' lang='lat' dir='ltr'>verbi</span> <span class='ocrx_word' id='word_1_156' title='bbox 1183 1016 1290 1057; x_wconf 87' lang='lat' dir='ltr'>gratia,</span> <span class='ocrx_word' id='word_1_157' title='bbox 1314 1017 1347 1047; x_wconf 92' lang='lat' dir='ltr'>in</span> 
     </span>
     <span class='ocr_line' id='line_1_22' title="bbox 275 1057 1348 1101; baseline 0.004 -13"><span class='ocrx_word' id='word_1_158' title='bbox 275 1057 452 1095; x_wconf 90' lang='lat' dir='ltr'>communi,</span> <span class='ocrx_word' id='word_1_159' title='bbox 468 1068 487 1088; x_wconf 91' lang='lat' dir='ltr'>a</span> <span class='ocrx_word' id='word_1_160' title='bbox 502 1058 654 1099; x_wconf 87' lang='lat' dir='ltr'>sapientia</span> <span class='ocrx_word' id='word_1_161' title='bbox 669 1059 728 1090; x_wconf 90' lang='lat' dir='ltr'>Dei</span> <span class='ocrx_word' id='word_1_162' title='bbox 745 1067 776 1091; x_wconf 89' lang='lat' dir='ltr'>et</span> <span class='ocrx_word' id='word_1_163' title='bbox 791 1060 945 1101; x_wconf 86' lang='lat' dir='ltr'>sapientia</span> <span class='ocrx_word' id='word_1_164' title='bbox 959 1067 1127 1092; x_wconf 89' lang='lat' dir='ltr'>creaturae.</span> <span class='ocrx_word' id='word_1_165' title='bbox 1152 1061 1215 1092; x_wconf 91' lang='lat' dir='ltr'>Sed</span> <span class='ocrx_word' id='word_1_166' title='bbox 1234 1071 1270 1092; x_wconf 87' lang='lat' dir='ltr'>ex</span> <span class='ocrx_word' id='word_1_167' title='bbox 1285 1061 1348 1092; x_wconf 92' lang='lat' dir='ltr'>hoc</span> 
     </span>
     <span class='ocr_line' id='line_1_23' title="bbox 273 1101 1347 1146; baseline 0.003 -14"><span class='ocrx_word' id='word_1_168' title='bbox 273 1101 398 1139; x_wconf 87' lang='lat' dir='ltr'>inferre,</span> <span class='ocrx_word' id='word_1_169' title='bbox 419 1112 500 1144; x_wconf 83' lang='lat' dir='ltr'>ergo</span> <span class='ocrx_word' id='word_1_170' title='bbox 523 1104 680 1135; x_wconf 80' lang='lat' dir='ltr'>univocus</span> <span class='ocrx_word' id='word_1_171' title='bbox 695 1110 876 1145; x_wconf 81' lang='lat' dir='ltr'>conceptus,</span> <span class='ocrx_word' id='word_1_172' title='bbox 895 1112 942 1136; x_wconf 90' lang='lat' dir='ltr'>est</span> <span class='ocrx_word' id='word_1_173' title='bbox 956 1105 1121 1145; x_wconf 87' lang='lat' dir='ltr'>sophisma</span> <span class='ocrx_word' id='word_1_174' title='bbox 1137 1104 1347 1146; x_wconf 90' lang='lat' dir='ltr'>Consequen-</span> 
     </span>
     <span class='ocr_line' id='line_1_24' title="bbox 273 1146 1346 1189; baseline 0.003 -12"><span class='ocrx_word' id='word_1_175' title='bbox 273 1146 330 1178; x_wconf 86' lang='lat' dir='ltr'>tis:</span> <span class='ocrx_word' id='word_1_176' title='bbox 355 1147 511 1188; x_wconf 87' lang='lat' dir='ltr'>quoniam</span> <span class='ocrx_word' id='word_1_177' title='bbox 527 1155 700 1189; x_wconf 89' lang='lat' dir='ltr'>conceptus</span> <span class='ocrx_word' id='word_1_178' title='bbox 716 1149 870 1189; x_wconf 88' lang='lat' dir='ltr'>analogus</span> <span class='ocrx_word' id='word_1_179' title='bbox 886 1156 934 1180; x_wconf 90' lang='lat' dir='ltr'>est</span> <span class='ocrx_word' id='word_1_180' title='bbox 949 1149 1043 1180; x_wconf 90' lang='lat' dir='ltr'>etiam</span> <span class='ocrx_word' id='word_1_181' title='bbox 1065 1149 1146 1180; x_wconf 92' lang='lat' dir='ltr'>alius</span> <span class='ocrx_word' id='word_1_182' title='bbox 1162 1150 1202 1180; x_wconf 88' lang='lat' dir='ltr'>ab</span> <span class='ocrx_word' id='word_1_183' title='bbox 1217 1149 1346 1180; x_wconf 83' lang='lat' dir='ltr'>inferio-</span> 
     </span>
     <span class='ocr_line' id='line_1_25' title="bbox 272 1190 1346 1235; baseline 0.002 -13"><span class='ocrx_word' id='word_1_184' title='bbox 272 1190 371 1223; x_wconf 90' lang='lat' dir='ltr'>ribus.</span> <span class='ocrx_word' id='word_1_185' title='bbox 390 1192 466 1222; x_wconf 93' lang='lat' dir='ltr'>Non</span> <span class='ocrx_word' id='word_1_186' title='bbox 481 1199 589 1223; x_wconf 87' lang='lat' dir='ltr'>tamen</span> <span class='ocrx_word' id='word_1_187' title='bbox 606 1202 645 1223; x_wconf 93' lang='lat' dir='ltr'>eo</span> <span class='ocrx_word' id='word_1_188' title='bbox 660 1193 791 1224; x_wconf 88' lang='lat' dir='ltr'>alietatis</span> <span class='ocrx_word' id='word_1_189' title='bbox 807 1194 918 1230; x_wconf 88' lang='lat' dir='ltr'>modo,</span> <span class='ocrx_word' id='word_1_190' title='bbox 931 1204 998 1235; x_wconf 91' lang='lat' dir='ltr'>quo</span> <span class='ocrx_word' id='word_1_191' title='bbox 1015 1200 1062 1224; x_wconf 89' lang='lat' dir='ltr'>est</span> <span class='ocrx_word' id='word_1_192' title='bbox 1077 1193 1157 1224; x_wconf 90' lang='lat' dir='ltr'>alius</span> <span class='ocrx_word' id='word_1_193' title='bbox 1173 1200 1346 1234; x_wconf 90' lang='lat' dir='ltr'>conceptus</span> 
     </span>
    </p>
   </div>
   <div class='ocr_carea' id='block_1_7' title="bbox 253 1235 1345 1279">
    <p class='ocr_par' dir='ltr' id='par_1_8' title="bbox 253 1235 1345 1279">
     <span class='ocr_line' id='line_1_26' title="bbox 253 1235 1345 1279; baseline 0.002 -12"><span class='ocrx_word' id='word_1_194' title='bbox 253 1265 260 1271; x_wconf 81' lang='grc'>,</span> <span class='ocrx_word' id='word_1_195' title='bbox 273 1235 496 1277; x_wconf 25' lang='lat' dir='ltr'>univocusrab</span> <span class='ocrx_word' id='word_1_196' title='bbox 510 1236 702 1268; x_wconf 86' lang='lat' dir='ltr'>univocatis:</span> <span class='ocrx_word' id='word_1_197' title='bbox 727 1238 804 1279; x_wconf 89' lang='lat' dir='ltr'>quia</span> <span class='ocrx_word' id='word_1_198' title='bbox 826 1238 878 1268; x_wconf 87' lang='lat' dir='ltr'>hic</span> <span class='ocrx_word' id='word_1_199' title='bbox 899 1244 946 1269; x_wconf 91' lang='lat' dir='ltr'>est</span> <span class='ocrx_word' id='word_1_200' title='bbox 967 1238 1049 1268; x_wconf 90' lang='lat' dir='ltr'>alius</span> <span class='ocrx_word' id='word_1_201' title='bbox 1072 1244 1108 1268; x_wconf 86' lang='lat' dir='ltr'>ut</span> <span class='ocrx_word' id='word_1_202' title='bbox 1130 1237 1291 1278; x_wconf 89' lang='lat' dir='ltr'>praecisus</span> <span class='ocrx_word' id='word_1_203' title='bbox 1306 1239 1345 1269; x_wconf 93' lang='lat' dir='ltr'>ab</span> 
     </span>
    </p>
   </div>
   <div class='ocr_carea' id='block_1_8' title="bbox 267 1278 1345 1722">
    <p class='ocr_par' dir='ltr' id='par_1_9' title="bbox 272 1278 1345 1367">
     <span class='ocr_line' id='line_1_27' title="bbox 273 1278 1345 1322; baseline 0.001 -11"><span class='ocrx_word' id='word_1_204' title='bbox 273 1278 328 1317; x_wconf 87' lang='lat' dir='ltr'>eis,</span> <span class='ocrx_word' id='word_1_205' title='bbox 348 1280 400 1311; x_wconf 90' lang='lat' dir='ltr'>ille</span> <span class='ocrx_word' id='word_1_206' title='bbox 423 1291 500 1316; x_wconf 89' lang='lat' dir='ltr'>vero</span> <span class='ocrx_word' id='word_1_207' title='bbox 517 1288 553 1312; x_wconf 92' lang='lat' dir='ltr'>ut</span> <span class='ocrx_word' id='word_1_208' title='bbox 569 1281 734 1313; x_wconf 91' lang='lat' dir='ltr'>continens</span> <span class='ocrx_word' id='word_1_209' title='bbox 753 1292 818 1318; x_wconf 84' lang='lat' dir='ltr'>eos,</span> <span class='ocrx_word' id='word_1_210' title='bbox 840 1289 876 1313; x_wconf 94' lang='lat' dir='ltr'>ut</span> <span class='ocrx_word' id='word_1_211' title='bbox 891 1282 1004 1313; x_wconf 85' lang='lat' dir='ltr'>diffuse</span> <span class='ocrx_word' id='word_1_212' title='bbox 1023 1281 1205 1322; x_wconf 85' lang='lat' dir='ltr'>scripsimus</span> <span class='ocrx_word' id='word_1_213' title='bbox 1229 1282 1262 1312; x_wconf 91' lang='lat' dir='ltr'>in</span> <span class='ocrx_word' id='word_1_214' title='bbox 1285 1289 1345 1313; x_wconf 87' lang='lat' dir='ltr'>tra-</span> 
     </span>
     <span class='ocr_line' id='line_1_28' title="bbox 272 1325 860 1367; baseline 0 -11"><span class='ocrx_word' id='word_1_215' title='bbox 272 1331 357 1357; x_wconf 89' lang='lat' dir='ltr'>ctatu</span> <span class='ocrx_word' id='word_1_216' title='bbox 379 1325 432 1356; x_wconf 87' lang='lat' dir='ltr'>De</span> <span class='ocrx_word' id='word_1_217' title='bbox 453 1326 617 1367; x_wconf 81' lang='lat' dir='ltr'>Analogia</span> <span class='ocrx_word' id='word_1_218' title='bbox 640 1326 816 1357; x_wconf 85' lang='lat' dir='ltr'>Nominum</span> <span class='ocrx_word' id='word_1_219' title='bbox 833 1325 860 1357; x_wconf 91' lang='lat'>*.</span> 
     </span>
    </p>

    <p class='ocr_par' dir='ltr' id='par_1_10' title="bbox 267 1369 1345 1722">
     <span class='ocr_line' id='line_1_29' title="bbox 327 1369 1345 1412; baseline 0.001 -12"><span class='ocrx_word' id='word_1_220' title='bbox 327 1370 380 1401; x_wconf 85' lang='lat' dir='ltr'>Ad</span> <span class='ocrx_word' id='word_1_221' title='bbox 403 1370 583 1401; x_wconf 89' lang='lat' dir='ltr'>secundum</span> <span class='ocrx_word' id='word_1_222' title='bbox 605 1379 680 1401; x_wconf 90' lang='lat' dir='ltr'>vero</span> <span class='ocrx_word' id='word_1_223' title='bbox 705 1369 837 1407; x_wconf 90' lang='lat' dir='ltr'>dicitur,</span> <span class='ocrx_word' id='word_1_224' title='bbox 864 1371 954 1411; x_wconf 91' lang='lat' dir='ltr'>quod</span> <span class='ocrx_word' id='word_1_225' title='bbox 977 1369 1241 1412; x_wconf 87' lang='lat' dir='ltr'>metaphysicales</span> <span class='ocrx_word' id='word_1_226' title='bbox 1271 1381 1345 1411; x_wconf 91' lang='lat' dir='ltr'>pro-</span> 
     </span>
     <span class='ocr_line' id='line_1_30' title="bbox 271 1414 1344 1456; baseline 0 -10"><span class='ocrx_word' id='word_1_227' title='bbox 271 1424 379 1446; x_wconf 84' lang='lat' dir='ltr'>cessus</span> <span class='ocrx_word' id='word_1_228' title='bbox 401 1420 537 1446; x_wconf 88' lang='lat' dir='ltr'>utuntur</span> <span class='ocrx_word' id='word_1_229' title='bbox 559 1424 624 1445; x_wconf 87' lang='lat' dir='ltr'>una</span> <span class='ocrx_word' id='word_1_230' title='bbox 646 1414 768 1445; x_wconf 88' lang='lat' dir='ltr'>ratione</span> <span class='ocrx_word' id='word_1_231' title='bbox 792 1414 975 1455; x_wconf 89' lang='lat' dir='ltr'>simpliciter</span> <span class='ocrx_word' id='word_1_232' title='bbox 989 1415 1022 1445; x_wconf 91' lang='lat' dir='ltr'>in</span> <span class='ocrx_word' id='word_1_233' title='bbox 1038 1415 1194 1456; x_wconf 89' lang='lat' dir='ltr'>principio</span> <span class='ocrx_word' id='word_1_234' title='bbox 1213 1415 1344 1456; x_wconf 86' lang='lat' dir='ltr'>inquisi-</span> 
     </span>
     <span class='ocr_line' id='line_1_31' title="bbox 270 1458 1342 1501; baseline -0.001 -10"><span class='ocrx_word' id='word_1_235' title='bbox 270 1458 380 1495; x_wconf 81' lang='lat' dir='ltr'>tionis;</span> <span class='ocrx_word' id='word_1_236' title='bbox 404 1458 460 1489; x_wconf 87' lang='lat' dir='ltr'>sed</span> <span class='ocrx_word' id='word_1_237' title='bbox 474 1458 508 1489; x_wconf 90' lang='lat' dir='ltr'>in</span> <span class='ocrx_word' id='word_1_238' title='bbox 524 1458 671 1495; x_wconf 88' lang='lat' dir='ltr'>termino,</span> <span class='ocrx_word' id='word_1_239' title='bbox 690 1465 825 1490; x_wconf 91' lang='lat' dir='ltr'>utuntur</span> <span class='ocrx_word' id='word_1_240' title='bbox 851 1459 972 1491; x_wconf 83' lang='lat' dir='ltr'>ratione</span> <span class='ocrx_word' id='word_1_241' title='bbox 988 1470 1053 1491; x_wconf 88' lang='lat' dir='ltr'>una</span> <span class='ocrx_word' id='word_1_242' title='bbox 1069 1469 1136 1490; x_wconf 92' lang='lat' dir='ltr'>non</span> <span class='ocrx_word' id='word_1_243' title='bbox 1150 1459 1342 1501; x_wconf 87' lang='lat' dir='ltr'>simpliciter,</span> 
     </span>
     <span class='ocr_line' id='line_1_32' title="bbox 269 1502 1343 1545; baseline 0.001 -11"><span class='ocrx_word' id='word_1_244' title='bbox 269 1503 326 1534; x_wconf 86' lang='lat' dir='ltr'>sed</span> <span class='ocrx_word' id='word_1_245' title='bbox 348 1502 527 1534; x_wconf 90' lang='lat' dir='ltr'>secundum</span> <span class='ocrx_word' id='word_1_246' title='bbox 550 1503 746 1544; x_wconf 87' lang='lat' dir='ltr'>analogiam:</span> <span class='ocrx_word' id='word_1_247' title='bbox 772 1504 816 1535; x_wconf 94' lang='lat' dir='ltr'>sic</span> <span class='ocrx_word' id='word_1_248' title='bbox 844 1504 931 1534; x_wconf 89' lang='lat' dir='ltr'>enim</span> <span class='ocrx_word' id='word_1_249' title='bbox 953 1511 1000 1535; x_wconf 90' lang='lat' dir='ltr'>est</span> <span class='ocrx_word' id='word_1_250' title='bbox 1022 1514 1087 1535; x_wconf 89' lang='lat' dir='ltr'>una</span> <span class='ocrx_word' id='word_1_251' title='bbox 1117 1504 1197 1535; x_wconf 90' lang='lat' dir='ltr'>ratio</span> <span class='ocrx_word' id='word_1_252' title='bbox 1220 1505 1343 1545; x_wconf 90' lang='lat' dir='ltr'>sapien-</span> 
     </span>
     <span class='ocr_line' id='line_1_33' title="bbox 269 1546 1342 1589; baseline 0.002 -11"><span class='ocrx_word' id='word_1_253' title='bbox 269 1546 340 1585; x_wconf 85' lang='lat' dir='ltr'>tiae,</span> <span class='ocrx_word' id='word_1_254' title='bbox 358 1547 489 1589; x_wconf 90' lang='lat' dir='ltr'>quando</span> <span class='ocrx_word' id='word_1_255' title='bbox 514 1547 671 1587; x_wconf 88' lang='lat' dir='ltr'>expoliata</span> <span class='ocrx_word' id='word_1_256' title='bbox 695 1554 741 1579; x_wconf 91' lang='lat' dir='ltr'>est</span> <span class='ocrx_word' id='word_1_257' title='bbox 764 1549 803 1579; x_wconf 92' lang='lat' dir='ltr'>ab</span> <span class='ocrx_word' id='word_1_258' title='bbox 826 1548 1131 1589; x_wconf 78' lang='lat' dir='ltr'>imperfectionibus,</span> <span class='ocrx_word' id='word_1_259' title='bbox 1159 1549 1252 1580; x_wconf 90' lang='lat' dir='ltr'>Unde</span> <span class='ocrx_word' id='word_1_260' title='bbox 1276 1559 1342 1580; x_wconf 92' lang='lat' dir='ltr'>non</span> 
     </span>
     <span class='ocr_line' id='line_1_34' title="bbox 269 1591 1343 1635; baseline 0.002 -13"><span class='ocrx_word' id='word_1_261' title='bbox 269 1598 317 1623; x_wconf 89' lang='lat' dir='ltr'>est</span> <span class='ocrx_word' id='word_1_262' title='bbox 338 1601 396 1633; x_wconf 89' lang='lat' dir='ltr'>par</span> <span class='ocrx_word' id='word_1_263' title='bbox 418 1591 508 1629; x_wconf 89' lang='lat' dir='ltr'>ratio,</span> <span class='ocrx_word' id='word_1_264' title='bbox 526 1598 562 1623; x_wconf 90' lang='lat' dir='ltr'>ut</span> <span class='ocrx_word' id='word_1_265' title='bbox 578 1591 693 1623; x_wconf 90' lang='lat' dir='ltr'>Scotus</span> <span class='ocrx_word' id='word_1_266' title='bbox 709 1592 828 1630; x_wconf 85' lang='lat' dir='ltr'>obiicit,</span> <span class='ocrx_word' id='word_1_267' title='bbox 846 1593 884 1624; x_wconf 92' lang='lat' dir='ltr'>de</span> <span class='ocrx_word' id='word_1_268' title='bbox 907 1593 1014 1634; x_wconf 79' lang='lat' dir='ltr'>lapide&#39;</span> <span class='ocrx_word' id='word_1_269' title='bbox 1032 1601 1063 1625; x_wconf 92' lang='lat' dir='ltr'>et</span> <span class='ocrx_word' id='word_1_270' title='bbox 1082 1593 1250 1634; x_wconf 88' lang='lat' dir='ltr'>sapientia:</span> <span class='ocrx_word' id='word_1_271' title='bbox 1268 1594 1343 1635; x_wconf 89' lang='lat' dir='ltr'>quia</span> 
     </span>
     <span class='ocr_line' id='line_1_35' title="bbox 267 1636 1342 1679; baseline 0.001 -11"><span class='ocrx_word' id='word_1_272' title='bbox 267 1636 349 1668; x_wconf 86' lang='lat' dir='ltr'>ratio</span> <span class='ocrx_word' id='word_1_273' title='bbox 370 1636 486 1677; x_wconf 90' lang='lat' dir='ltr'>lapidis</span> <span class='ocrx_word' id='word_1_274' title='bbox 508 1646 567 1667; x_wconf 93' lang='lat' dir='ltr'>nec</span> <span class='ocrx_word' id='word_1_275' title='bbox 590 1636 623 1667; x_wconf 89' lang='lat' dir='ltr'>in</span> <span class='ocrx_word' id='word_1_276' title='bbox 646 1637 804 1678; x_wconf 90' lang='lat' dir='ltr'>principio</span> <span class='ocrx_word' id='word_1_277' title='bbox 827 1647 886 1669; x_wconf 89' lang='lat' dir='ltr'>nec</span> <span class='ocrx_word' id='word_1_278' title='bbox 907 1637 941 1668; x_wconf 91' lang='lat' dir='ltr'>in</span> <span class='ocrx_word' id='word_1_279' title='bbox 965 1638 1102 1669; x_wconf 89' lang='lat' dir='ltr'>termino</span> <span class='ocrx_word' id='word_1_280' title='bbox 1126 1638 1342 1679; x_wconf 88' lang='lat' dir='ltr'>inquisitionis</span> 
     </span>
     <span class='ocr_line' id='line_1_36' title="bbox 267 1681 1341 1722; baseline 0.003 -11"><span class='ocrx_word' id='word_1_281' title='bbox 267 1687 375 1722; x_wconf 83' lang='lat' dir='ltr'>potest</span> <span class='ocrx_word' id='word_1_282' title='bbox 396 1690 559 1712; x_wconf 87' lang='lat' dir='ltr'>remanere</span> <span class='ocrx_word' id='word_1_283' title='bbox 582 1691 648 1712; x_wconf 91' lang='lat' dir='ltr'>una</span> <span class='ocrx_word' id='word_1_284' title='bbox 668 1681 848 1722; x_wconf 84' lang='lat' dir='ltr'>analogice,</span> <span class='ocrx_word' id='word_1_285' title='bbox 873 1682 990 1714; x_wconf 85' lang='lat' dir='ltr'>salvata</span> <span class='ocrx_word' id='word_1_286' title='bbox 1018 1682 1192 1714; x_wconf 88' lang='lat' dir='ltr'>formaliter</span> <span class='ocrx_word' id='word_1_287' title='bbox 1214 1682 1247 1713; x_wconf 91' lang='lat' dir='ltr'>in</span> <span class='ocrx_word' id='word_1_288' title='bbox 1270 1683 1341 1714; x_wconf 91' lang='lat' dir='ltr'>Deo</span> 
     </span>
    </p>
   </div>
   <div class='ocr_carea' id='block_1_9' title="bbox 268 1725 1340 1768">
    <p class='ocr_par' dir='ltr' id='par_1_11' title="bbox 219 1725 1340 1775">
     <span class='ocr_line' id='line_1_37' title="bbox 268 1725 1340 1768; baseline 0 -10"><span class='ocrx_word' id='word_1_289' title='bbox 268 1732 301 1758; x_wconf 79' lang='lat' dir='ltr'>et</span> <span class='ocrx_word' id='word_1_290' title='bbox 316 1725 436 1767; x_wconf 85' lang='lat' dir='ltr'>lapide:</span> <span class='ocrx_word' id='word_1_291' title='bbox 453 1725 530 1767; x_wconf 84' lang='lat' dir='ltr'>quia</span> <span class='ocrx_word' id='word_1_292' title='bbox 544 1735 670 1767; x_wconf 86' lang='lat' dir='ltr'>semper</span> <span class='ocrx_word' id='word_1_293' title='bbox 691 1726 805 1767; x_wconf 89' lang='lat' dir='ltr'>lapidis</span> <span class='ocrx_word' id='word_1_294' title='bbox 821 1727 901 1758; x_wconf 90' lang='lat' dir='ltr'>ratio</span> <span class='ocrx_word' id='word_1_295' title='bbox 920 1727 1196 1768; x_wconf 87' lang='lat' dir='ltr'>imperfectionem</span> <span class='ocrx_word' id='word_1_296' title='bbox 1212 1727 1340 1759; x_wconf 88' lang='lat' dir='ltr'>claudit.</span> 
     </span>
    </p>
   </div>
   <div class='ocr_carea' id='block_1_10' title="bbox 23 2133 238 2164">
    <p class='ocr_par' dir='ltr' id='par_1_12' title="bbox 23 2133 238 2164">
     <span class='ocr_line' id='line_1_38' title="bbox 23 2133 238 2164; baseline 0.005 -8"><span class='ocrx_word' id='word_1_297' title='bbox 23 2133 176 2162; x_wconf 67' lang='lat' dir='ltr'>&#39;Opusc.eit.‚</span> <span class='ocrx_word' id='word_1_298' title='bbox 185 2140 238 2164; x_wconf 74' lang='lat' dir='ltr'>cap.</span> 
     </span>
    </p>
   </div>
   <div class='ocr_carea' id='block_1_11' title="bbox 22 2218 200 2243">
    <p class='ocr_par' dir='ltr' id='par_1_13' title="bbox 22 2218 200 2243">
     <span class='ocr_line' id='line_1_39' title="bbox 22 2218 200 2243; baseline 0 -1"><span class='ocrx_word' id='word_1_299' title='bbox 22 2220 35 2230; x_wconf 74' lang='lat'><em>⁶</em></span> <span class='ocrx_word' id='word_1_300' title='bbox 49 2218 86 2242; x_wconf 71' lang='lat' dir='ltr'>Cf.</span> <span class='ocrx_word' id='word_1_301' title='bbox 100 2225 168 2242; x_wconf 82' lang='lat' dir='ltr'>num.</span> <span class='ocrx_word' id='word_1_302' title='bbox 181 2226 200 2243; x_wconf 86' lang='grc' dir='ltr'>ι.</span> 
     </span>
    </p>
   </div>
   <div class='ocr_carea' id='block_1_12' title="bbox 20 2755 198 2784">
    <p class='ocr_par' dir='ltr' id='par_1_14' title="bbox 20 2755 198 2784">
     <span class='ocr_line' id='line_1_40' title="bbox 20 2755 198 2784; baseline -0.011 -5"><span class='ocrx_word' id='word_1_303' title='bbox 20 2756 33 2766; x_wconf 77' lang='grc'><strong>’</strong></span> <span class='ocrx_word' id='word_1_304' title='bbox 47 2755 106 2784; x_wconf 71' lang='lat' dir='ltr'>cup.</span> <span class='ocrx_word' id='word_1_305' title='bbox 116 2761 132 2784; x_wconf 82' lang='lat' dir='ltr'>r,</span> <span class='ocrx_word' id='word_1_306' title='bbox 146 2761 170 2778; x_wconf 86' lang='lat' dir='ltr'>n.</span> <span class='ocrx_word' id='word_1_307' title='bbox 181 2761 198 2778; x_wconf 85' lang='grc' dir='ltr'>ι.</span> 
     </span>
    </p>
   </div>
   <div class='ocr_carea' id='block_1_13' title="bbox 18 3065 236 3120">
    <p class='ocr_par' dir='ltr' id='par_1_15' title="bbox 18 3065 236 3120">
     <span class='ocr_line' id='line_1_41' title="bbox 18 3065 236 3094; baseline 0 -6"><span class='ocrx_word' id='word_1_308' title='bbox 18 3065 173 3094; x_wconf 65' lang='lat' dir='ltr'>‘opusc-cit„</span> <span class='ocrx_word' id='word_1_309' title='bbox 182 3071 236 3094; x_wconf 81' lang='lat' dir='ltr'>cap.</span> 
     </span>
     <span class='ocr_line' id='line_1_42' title="bbox 23 3098 126 3120; baseline 0.01 -6"><span class='ocrx_word' id='word_1_310' title='bbox 23 3098 40 3120; x_wconf 84' lang='lat' dir='ltr'>r,</span> <span class='ocrx_word' id='word_1_311' title='bbox 54 3098 81 3120; x_wconf 79' lang='grc' dir='ltr'>ιι,</span> <span class='ocrx_word' id='word_1_312' title='bbox 92 3098 126 3115; x_wconf 85' lang='grc' dir='ltr'><em>ιιι.</em></span> 
     </span>
    </p>
   </div>
   <div class='ocr_carea' id='block_1_14' title="bbox 18 3461 194 3486">
    <p class='ocr_par' dir='ltr' id='par_1_16' title="bbox 18 3461 194 3486">
     <span class='ocr_line' id='line_1_43' title="bbox 18 3461 194 3486; baseline 0.006 -2"><span class='ocrx_word' id='word_1_313' title='bbox 18 3461 30 3474; x_wconf 73' lang='lat'>⁴</span> <span class='ocrx_word' id='word_1_314' title='bbox 46 3461 82 3485; x_wconf 69' lang='lat' dir='ltr'>cf.</span> <span class='ocrx_word' id='word_1_315' title='bbox 96 3467 162 3486; x_wconf 85' lang='lat' dir='ltr'>num.</span> <span class='ocrx_word' id='word_1_316' title='bbox 178 3469 194 3485; x_wconf 90' lang='grc' dir='ltr'>ι.</span> 
     </span>
    </p>
   </div>
   <div class='ocr_carea' id='block_1_15' title="bbox 262 1770 1342 3641">
    <p class='ocr_par' dir='ltr' id='par_1_17' title="bbox 266 1770 1342 1938">
     <span class='ocr_line' id='line_1_44' title="bbox 322 1770 1342 1813; baseline 0.002 -12"><span class='ocrx_word' id='word_1_317' title='bbox 322 1771 376 1802; x_wconf 83' lang='lat' dir='ltr'>Ad</span> <span class='ocrx_word' id='word_1_318' title='bbox 398 1770 529 1802; x_wconf 84' lang='lat' dir='ltr'>tertium</span> <span class='ocrx_word' id='word_1_319' title='bbox 551 1778 659 1802; x_wconf 89' lang='lat' dir='ltr'>autem</span> <span class='ocrx_word' id='word_1_320' title='bbox 682 1771 805 1809; x_wconf 84' lang='lat' dir='ltr'>dicitur,</span> <span class='ocrx_word' id='word_1_321' title='bbox 825 1772 915 1813; x_wconf 89' lang='lat' dir='ltr'>quod</span> <span class='ocrx_word' id='word_1_322' title='bbox 937 1772 1025 1803; x_wconf 90' lang='lat' dir='ltr'>Deus</span> <span class='ocrx_word' id='word_1_323' title='bbox 1049 1779 1096 1803; x_wconf 90' lang='lat' dir='ltr'>est</span> <span class='ocrx_word' id='word_1_324' title='bbox 1120 1772 1342 1813; x_wconf 89' lang='lat' dir='ltr'>cognoscibilis</span> 
     </span>
     <span class='ocr_line' id='line_1_45' title="bbox 267 1815 1341 1858; baseline 0 -10"><span class='ocrx_word' id='word_1_325' title='bbox 267 1821 426 1856; x_wconf 88' lang='lat' dir='ltr'>conceptu</span> <span class='ocrx_word' id='word_1_326' title='bbox 456 1815 593 1856; x_wconf 91' lang='lat' dir='ltr'>simplici</span> <span class='ocrx_word' id='word_1_327' title='bbox 617 1822 768 1847; x_wconf 91' lang='lat' dir='ltr'>contento</span> <span class='ocrx_word' id='word_1_328' title='bbox 790 1816 824 1847; x_wconf 90' lang='lat' dir='ltr'>in</span> <span class='ocrx_word' id='word_1_329' title='bbox 848 1816 973 1847; x_wconf 92' lang='lat' dir='ltr'>obiecto</span> <span class='ocrx_word' id='word_1_330' title='bbox 1002 1817 1160 1848; x_wconf 89' lang='lat' dir='ltr'>relucente</span> <span class='ocrx_word' id='word_1_331' title='bbox 1183 1817 1217 1848; x_wconf 92' lang='lat' dir='ltr'>in</span> <span class='ocrx_word' id='word_1_332' title='bbox 1240 1817 1341 1858; x_wconf 87' lang='lat' dir='ltr'>phan-</span> 
     </span>
     <span class='ocr_line' id='line_1_46' title="bbox 266 1860 1340 1903; baseline 0.001 -11"><span class='ocrx_word' id='word_1_333' title='bbox 266 1866 410 1897; x_wconf 82' lang='lat' dir='ltr'>tasmate,</span> <span class='ocrx_word' id='word_1_334' title='bbox 416 1860 647 1901; x_wconf 79' lang='lat' dir='ltr'>participative</span> <span class='ocrx_word' id='word_1_335' title='bbox 659 1860 710 1891; x_wconf 89' lang='lat' dir='ltr'>vel</span> <span class='ocrx_word' id='word_1_336' title='bbox 726 1861 890 1892; x_wconf 74' lang='lat' dir='ltr'>imitative.</span> <span class='ocrx_word' id='word_1_337' title='bbox 908 1861 975 1892; x_wconf 92' lang='lat' dir='ltr'>Nec</span> <span class='ocrx_word' id='word_1_338' title='bbox 991 1868 1119 1902; x_wconf 93' lang='lat' dir='ltr'>oportet</span> <span class='ocrx_word' id='word_1_339' title='bbox 1133 1862 1222 1903; x_wconf 90' lang='lat' dir='ltr'>quod</span> <span class='ocrx_word' id='word_1_340' title='bbox 1240 1862 1340 1893; x_wconf 91' lang='lat' dir='ltr'>conti-</span> 
     </span>
     <span class='ocr_line' id='line_1_47' title="bbox 266 1904 1339 1938; baseline 0.002 -2"><span class='ocrx_word' id='word_1_341' title='bbox 266 1911 379 1936; x_wconf 88' lang='lat' dir='ltr'>neatur</span> <span class='ocrx_word' id='word_1_342' title='bbox 389 1904 595 1936; x_wconf 85' lang='lat' dir='ltr'>essentialiter</span> <span class='ocrx_word' id='word_1_343' title='bbox 605 1911 662 1936; x_wconf 89' lang='lat' dir='ltr'>aut</span> <span class='ocrx_word' id='word_1_344' title='bbox 674 1905 861 1936; x_wconf 86' lang='lat' dir='ltr'>virtualiter:</span> <span class='ocrx_word' id='word_1_345' title='bbox 880 1906 972 1936; x_wconf 92' lang='lat' dir='ltr'>datur</span> <span class='ocrx_word' id='word_1_346' title='bbox 984 1906 1069 1936; x_wconf 89' lang='lat' dir='ltr'>enim</span> <span class='ocrx_word' id='word_1_347' title='bbox 1084 1906 1194 1938; x_wconf 90' lang='lat' dir='ltr'>tertius</span> <span class='ocrx_word' id='word_1_348' title='bbox 1210 1907 1339 1938; x_wconf 90' lang='lat' dir='ltr'>modus.</span> 
     </span>
    </p>

    <p class='ocr_par' dir='ltr' id='par_1_18' title="bbox 265 1949 1341 2205">
     <span class='ocr_line' id='line_1_48' title="bbox 322 1949 1341 1991; baseline 0.003 -12"><span class='ocrx_word' id='word_1_349' title='bbox 322 1949 375 1980; x_wconf 86' lang='lat' dir='ltr'>Ad</span> <span class='ocrx_word' id='word_1_350' title='bbox 397 1955 549 1991; x_wconf 89' lang='lat' dir='ltr'>quartum</span> <span class='ocrx_word' id='word_1_351' title='bbox 572 1949 686 1980; x_wconf 90' lang='lat' dir='ltr'>deinde</span> <span class='ocrx_word' id='word_1_352' title='bbox 709 1949 833 1987; x_wconf 89' lang='lat' dir='ltr'>dicitur,</span> <span class='ocrx_word' id='word_1_353' title='bbox 855 1951 944 1991; x_wconf 94' lang='lat' dir='ltr'>quod</span> <span class='ocrx_word' id='word_1_354' title='bbox 969 1951 1166 1991; x_wconf 89' lang='lat' dir='ltr'>comparatio</span> <span class='ocrx_word' id='word_1_355' title='bbox 1189 1950 1225 1983; x_wconf 89' lang='lat' dir='ltr'>fit</span> <span class='ocrx_word' id='word_1_356' title='bbox 1245 1951 1341 1982; x_wconf 82' lang='lat' dir='ltr'>etiam</span> 
     </span>
     <span class='ocr_line' id='line_1_49' title="bbox 265 1993 1339 2038; baseline 0.003 -14"><span class='ocrx_word' id='word_1_357' title='bbox 265 1993 300 2025; x_wconf 90' lang='lat' dir='ltr'>in</span> <span class='ocrx_word' id='word_1_358' title='bbox 322 1993 469 2034; x_wconf 88' lang='lat' dir='ltr'>analogo‚</span> <span class='ocrx_word' id='word_1_359' title='bbox 485 1994 576 2036; x_wconf 90' lang='lat' dir='ltr'>quod</span> <span class='ocrx_word' id='word_1_360' title='bbox 598 1994 744 2025; x_wconf 91' lang='lat' dir='ltr'>medium</span> <span class='ocrx_word' id='word_1_361' title='bbox 767 2002 814 2026; x_wconf 90' lang='lat' dir='ltr'>est</span> <span class='ocrx_word' id='word_1_362' title='bbox 836 1994 918 2026; x_wconf 89' lang='lat' dir='ltr'>inter</span> <span class='ocrx_word' id='word_1_363' title='bbox 933 1995 1111 2026; x_wconf 89' lang='lat' dir='ltr'>univocum</span> <span class='ocrx_word' id='word_1_364' title='bbox 1134 2002 1166 2027; x_wconf 94' lang='lat' dir='ltr'>et</span> <span class='ocrx_word' id='word_1_365' title='bbox 1188 1996 1339 2038; x_wconf 90' lang='lat' dir='ltr'>aequivo-</span> 
     </span>
     <span class='ocr_line' id='line_1_50' title="bbox 266 2038 1340 2080; baseline 0.002 -10"><span class='ocrx_word' id='word_1_366' title='bbox 266 2047 358 2070; x_wconf 89' lang='lat' dir='ltr'>cum:</span> <span class='ocrx_word' id='word_1_367' title='bbox 383 2045 415 2070; x_wconf 91' lang='lat' dir='ltr'>et</span> <span class='ocrx_word' id='word_1_368' title='bbox 428 2038 502 2070; x_wconf 90' lang='lat' dir='ltr'>ideo</span> <span class='ocrx_word' id='word_1_369' title='bbox 518 2045 652 2079; x_wconf 85' lang='lat' dir='ltr'>negatur</span> <span class='ocrx_word' id='word_1_370' title='bbox 670 2046 884 2080; x_wconf 90' lang='lat' dir='ltr'>assumptum.</span> <span class='ocrx_word' id='word_1_371' title='bbox 905 2039 991 2071; x_wconf 88' lang='lat' dir='ltr'>Cum</span> <span class='ocrx_word' id='word_1_372' title='bbox 1008 2040 1094 2071; x_wconf 89' lang='lat' dir='ltr'>enim</span> <span class='ocrx_word' id='word_1_373' title='bbox 1109 2040 1232 2078; x_wconf 89' lang='lat' dir='ltr'>dicitur,</span> <span class='ocrx_word' id='word_1_374' title='bbox 1249 2041 1340 2072; x_wconf 87' lang='lat' dir='ltr'>Deus</span> 
     </span>
     <span class='ocr_line' id='line_1_51' title="bbox 266 2082 1339 2125; baseline 0.001 -10"><span class='ocrx_word' id='word_1_375' title='bbox 266 2089 314 2115; x_wconf 86' lang='lat' dir='ltr'>est</span> <span class='ocrx_word' id='word_1_376' title='bbox 329 2082 512 2125; x_wconf 72' lang='lat' dir='ltr'>perfectius</span> <span class='ocrx_word' id='word_1_377' title='bbox 528 2093 585 2114; x_wconf 85' lang='lat' dir='ltr'>ens</span> <span class='ocrx_word' id='word_1_378' title='bbox 608 2089 774 2122; x_wconf 86' lang='lat' dir='ltr'>creatura,</span> <span class='ocrx_word' id='word_1_379' title='bbox 794 2084 990 2125; x_wconf 88' lang='lat' dir='ltr'>comparatio</span> <span class='ocrx_word' id='word_1_380' title='bbox 1006 2084 1043 2116; x_wconf 87' lang='lat' dir='ltr'>fit</span> <span class='ocrx_word' id='word_1_381' title='bbox 1061 2085 1094 2116; x_wconf 88' lang='lat' dir='ltr'>in</span> <span class='ocrx_word' id='word_1_382' title='bbox 1114 2085 1235 2116; x_wconf 90' lang='lat' dir='ltr'>ratione</span> <span class='ocrx_word' id='word_1_383' title='bbox 1259 2086 1339 2117; x_wconf 91' lang='lat' dir='ltr'>entis</span> 
     </span>
     <span class='ocr_line' id='line_1_52' title="bbox 265 2127 1340 2171; baseline 0.003 -12"><span class='ocrx_word' id='word_1_384' title='bbox 265 2138 331 2159; x_wconf 88' lang='lat' dir='ltr'>una</span> <span class='ocrx_word' id='word_1_385' title='bbox 346 2128 524 2159; x_wconf 91' lang='lat' dir='ltr'>secundum</span> <span class='ocrx_word' id='word_1_386' title='bbox 540 2127 730 2168; x_wconf 87' lang='lat' dir='ltr'>analogiam,</span> <span class='ocrx_word' id='word_1_387' title='bbox 746 2134 777 2159; x_wconf 92' lang='lat' dir='ltr'>et</span> <span class='ocrx_word' id='word_1_388' title='bbox 792 2128 836 2160; x_wconf 90' lang='lat' dir='ltr'>sic</span> <span class='ocrx_word' id='word_1_389' title='bbox 852 2129 1019 2160; x_wconf 91' lang='lat' dir='ltr'>communi</span> <span class='ocrx_word' id='word_1_390' title='bbox 1035 2130 1172 2171; x_wconf 92' lang='lat' dir='ltr'>utrique,</span> <span class='ocrx_word' id='word_1_391' title='bbox 1186 2136 1222 2161; x_wconf 94' lang='lat' dir='ltr'>ut</span> <span class='ocrx_word' id='word_1_392' title='bbox 1237 2130 1340 2161; x_wconf 86' lang='lat' dir='ltr'>alibi*</span> 
     </span>
     <span class='ocr_line' id='line_1_53' title="bbox 266 2172 446 2205; baseline 0 -2"><span class='ocrx_word' id='word_1_393' title='bbox 266 2172 446 2205; x_wconf 87' lang='lat' dir='ltr'>docuimus.</span> 
     </span>
    </p>

    <p class='ocr_par' dir='ltr' id='par_1_19' title="bbox 262 2216 1340 2526">
     <span class='ocr_line' id='line_1_54' title="bbox 319 2216 1339 2259; baseline 0.002 -10"><span class='ocrx_word' id='word_1_394' title='bbox 319 2217 375 2250; x_wconf 87' lang='lat' dir='ltr'>XI.</span> <span class='ocrx_word' id='word_1_395' title='bbox 400 2216 518 2254; x_wconf 90' lang='lat' dir='ltr'>Quoad</span> <span class='ocrx_word' id='word_1_396' title='bbox 540 2217 716 2248; x_wconf 76' lang='lat' dir='ltr'>secundum</span> <span class='ocrx_word' id='word_1_397' title='bbox 731 2217 758 2254; x_wconf 82' lang='lat'>*,</span> <span class='ocrx_word' id='word_1_398' title='bbox 783 2217 948 2249; x_wconf 87' lang='lat' dir='ltr'>conclusio</span> <span class='ocrx_word' id='word_1_399' title='bbox 969 2219 1115 2259; x_wconf 83' lang='lat' dir='ltr'>negativa</span> <span class='ocrx_word' id='word_1_400' title='bbox 1131 2226 1193 2250; x_wconf 90' lang='lat' dir='ltr'>est:</span> <span class='ocrx_word' id='word_1_401' title='bbox 1218 2219 1339 2251; x_wconf 89' lang='lat' dir='ltr'>Huius-</span> 
     </span>
     <span class='ocr_line' id='line_1_55' title="bbox 265 2261 1338 2306; baseline 0.001 -12"><span class='ocrx_word' id='word_1_402' title='bbox 265 2261 355 2294; x_wconf 85' lang='lat' dir='ltr'>modi</span> <span class='ocrx_word' id='word_1_403' title='bbox 378 2261 512 2292; x_wconf 91' lang='lat' dir='ltr'>nomina</span> <span class='ocrx_word' id='word_1_404' title='bbox 534 2271 602 2292; x_wconf 92' lang='lat' dir='ltr'>non</span> <span class='ocrx_word' id='word_1_405' title='bbox 635 2261 784 2293; x_wconf 92' lang='lat' dir='ltr'>dicuntur</span> <span class='ocrx_word' id='word_1_406' title='bbox 807 2262 847 2293; x_wconf 93' lang='lat' dir='ltr'>de</span> <span class='ocrx_word' id='word_1_407' title='bbox 869 2262 940 2293; x_wconf 93' lang='lat' dir='ltr'>Deo</span> <span class='ocrx_word' id='word_1_408' title='bbox 964 2269 996 2294; x_wconf 92' lang='lat' dir='ltr'>et</span> <span class='ocrx_word' id='word_1_409' title='bbox 1027 2263 1096 2295; x_wconf 89' lang='lat' dir='ltr'>aliis</span> <span class='ocrx_word' id='word_1_410' title='bbox 1119 2274 1199 2304; x_wconf 91' lang='lat' dir='ltr'>pure</span> <span class='ocrx_word' id='word_1_411' title='bbox 1231 2265 1338 2306; x_wconf 87' lang='lat' dir='ltr'>aequi-</span> 
     </span>
     <span class='ocr_line' id='line_1_56' title="bbox 263 2306 1340 2350; baseline 0.002 -11"><span class='ocrx_word' id='word_1_412' title='bbox 263 2317 352 2339; x_wconf 87' lang='lat' dir='ltr'>voce.</span> <span class='ocrx_word' id='word_1_413' title='bbox 372 2324 391 2330; x_wconf 96' lang='grc'>-</span> <span class='ocrx_word' id='word_1_414' title='bbox 407 2306 563 2337; x_wconf 88' lang='lat' dir='ltr'>Probatur</span> <span class='ocrx_word' id='word_1_415' title='bbox 586 2306 640 2338; x_wconf 86' lang='lat' dir='ltr'>sic.</span> <span class='ocrx_word' id='word_1_416' title='bbox 665 2306 698 2338; x_wconf 92' lang='lat' dir='ltr'>Si</span> <span class='ocrx_word' id='word_1_417' title='bbox 721 2306 899 2338; x_wconf 89' lang='lat' dir='ltr'>dicerentur</span> <span class='ocrx_word' id='word_1_418' title='bbox 921 2307 1104 2348; x_wconf 82' lang='lat' dir='ltr'>aequivoce,</span> <span class='ocrx_word' id='word_1_419' title='bbox 1128 2309 1208 2339; x_wconf 89' lang='lat' dir='ltr'>nihil</span> <span class='ocrx_word' id='word_1_420' title='bbox 1231 2316 1340 2350; x_wconf 93' lang='lat' dir='ltr'>posset</span> 
     </span>
     <span class='ocr_line' id='line_1_57' title="bbox 265 2350 1340 2392; baseline 0.002 -9"><span class='ocrx_word' id='word_1_421' title='bbox 265 2361 303 2383; x_wconf 88' lang='lat' dir='ltr'>ex</span> <span class='ocrx_word' id='word_1_422' title='bbox 319 2350 467 2383; x_wconf 88' lang='lat' dir='ltr'>creaturis</span> <span class='ocrx_word' id='word_1_423' title='bbox 483 2351 632 2392; x_wconf 89' lang='lat' dir='ltr'>cognosci</span> <span class='ocrx_word' id='word_1_424' title='bbox 647 2358 703 2383; x_wconf 85' lang='lat' dir='ltr'>aut</span> <span class='ocrx_word' id='word_1_425' title='bbox 726 2352 935 2383; x_wconf 86' lang='lat' dir='ltr'>demonstrari</span> <span class='ocrx_word' id='word_1_426' title='bbox 959 2353 997 2383; x_wconf 91' lang='lat' dir='ltr'>de</span> <span class='ocrx_word' id='word_1_427' title='bbox 1022 2353 1110 2383; x_wconf 90' lang='lat' dir='ltr'>Deo:</span> <span class='ocrx_word' id='word_1_428' title='bbox 1135 2354 1191 2384; x_wconf 92' lang='lat' dir='ltr'>sed</span> <span class='ocrx_word' id='word_1_429' title='bbox 1213 2354 1276 2385; x_wconf 92' lang='lat' dir='ltr'>hoc</span> <span class='ocrx_word' id='word_1_430' title='bbox 1293 2361 1340 2386; x_wconf 92' lang='lat' dir='ltr'>est</span> 
     </span>
     <span class='ocr_line' id='line_1_58' title="bbox 264 2395 1338 2440; baseline 0.003 -13"><span class='ocrx_word' id='word_1_431' title='bbox 264 2402 375 2428; x_wconf 89' lang='lat' dir='ltr'>contra</span> <span class='ocrx_word' id='word_1_432' title='bbox 401 2395 639 2436; x_wconf 89' lang='lat' dir='ltr'>Philosophum</span> <span class='ocrx_word' id='word_1_433' title='bbox 663 2403 694 2427; x_wconf 92' lang='lat' dir='ltr'>et</span> <span class='ocrx_word' id='word_1_434' title='bbox 716 2396 932 2437; x_wconf 88' lang='lat' dir='ltr'>Apostolum:</span> <span class='ocrx_word' id='word_1_435' title='bbox 961 2406 1047 2437; x_wconf 90' lang='lat' dir='ltr'>ergo.</span> <span class='ocrx_word' id='word_1_436' title='bbox 1064 2415 1085 2420; x_wconf 91' lang='lat'>—</span> <span class='ocrx_word' id='word_1_437' title='bbox 1100 2397 1338 2440; x_wconf 88' lang='lat' dir='ltr'>Consequentia</span> 
     </span>
     <span class='ocr_line' id='line_1_59' title="bbox 263 2440 1337 2483; baseline 0.003 -11"><span class='ocrx_word' id='word_1_438' title='bbox 263 2440 431 2483; x_wconf 88' lang='lat' dir='ltr'>probatur:</span> <span class='ocrx_word' id='word_1_439' title='bbox 452 2440 528 2482; x_wconf 91' lang='lat' dir='ltr'>quia</span> <span class='ocrx_word' id='word_1_440' title='bbox 542 2440 694 2472; x_wconf 89' lang='lat' dir='ltr'>incideret</span> <span class='ocrx_word' id='word_1_441' title='bbox 710 2440 832 2472; x_wconf 90' lang='lat' dir='ltr'>fallacia</span> <span class='ocrx_word' id='word_1_442' title='bbox 846 2441 1138 2482; x_wconf 90' lang='lat' dir='ltr'>Aequivocationis.</span> <span class='ocrx_word' id='word_1_443' title='bbox 1155 2443 1337 2475; x_wconf 90' lang='lat' dir='ltr'>Destructio</span> 
     </span>
     <span class='ocr_line' id='line_1_60' title="bbox 262 2480 707 2526; baseline -0.002 -9"><span class='ocrx_word' id='word_1_444' title='bbox 262 2495 340 2517; x_wconf 90' lang='lat' dir='ltr'>vero</span> <span class='ocrx_word' id='word_1_445' title='bbox 363 2480 587 2526; x_wconf 82' lang='lat' dir='ltr'>consequentis</span> <span class='ocrx_word' id='word_1_446' title='bbox 610 2491 707 2525; x_wconf 89' lang='lat' dir='ltr'>patet.</span> 
     </span>
    </p>

    <p class='ocr_par' dir='ltr' id='par_1_20' title="bbox 262 2529 1338 3103">
     <span class='ocr_line' id='line_1_61' title="bbox 318 2529 1337 2573; baseline 0.003 -12"><span class='ocrx_word' id='word_1_447' title='bbox 318 2529 388 2561; x_wconf 86' lang='lat' dir='ltr'>XII.</span> <span class='ocrx_word' id='word_1_448' title='bbox 404 2529 607 2560; x_wconf 86' lang='lat' dir='ltr'>Advertenda</span> <span class='ocrx_word' id='word_1_449' title='bbox 622 2536 697 2561; x_wconf 89' lang='lat' dir='ltr'>sunt</span> <span class='ocrx_word' id='word_1_450' title='bbox 715 2529 766 2560; x_wconf 89' lang='lat' dir='ltr'>hic</span> <span class='ocrx_word' id='word_1_451' title='bbox 782 2530 860 2561; x_wconf 92' lang='lat' dir='ltr'>duo.</span> <span class='ocrx_word' id='word_1_452' title='bbox 880 2530 1025 2562; x_wconf 82' lang='lat' dir='ltr'>Primum</span> <span class='ocrx_word' id='word_1_453' title='bbox 1042 2537 1089 2562; x_wconf 90' lang='lat' dir='ltr'>est</span> <span class='ocrx_word' id='word_1_454' title='bbox 1102 2531 1135 2573; x_wconf 92' lang='lat' dir='ltr'>ly</span> <span class='ocrx_word' id='word_1_455' title='bbox 1147 2542 1240 2573; x_wconf 85' lang='lat' dir='ltr'>pure.</span> <span class='ocrx_word' id='word_1_456' title='bbox 1261 2533 1337 2564; x_wconf 90' lang='lat' dir='ltr'>Non</span> 
     </span>
     <span class='ocr_line' id='line_1_62' title="bbox 264 2573 1338 2618; baseline 0.002 -11"><span class='ocrx_word' id='word_1_457' title='bbox 264 2575 350 2607; x_wconf 87' lang='lat' dir='ltr'>enim</span> <span class='ocrx_word' id='word_1_458' title='bbox 373 2574 407 2605; x_wconf 91' lang='lat' dir='ltr'>in</span> <span class='ocrx_word' id='word_1_459' title='bbox 429 2573 532 2605; x_wconf 89' lang='lat' dir='ltr'>littera</span> <span class='ocrx_word' id='word_1_460' title='bbox 555 2574 669 2605; x_wconf 90' lang='lat' dir='ltr'>dicitur</span> <span class='ocrx_word' id='word_1_461' title='bbox 692 2574 837 2605; x_wconf 90' lang='lat' dir='ltr'>absolute</span> <span class='ocrx_word' id='word_1_462' title='bbox 865 2575 955 2616; x_wconf 91' lang='lat' dir='ltr'>quod</span> <span class='ocrx_word' id='word_1_463' title='bbox 978 2585 1040 2606; x_wconf 92' lang='lat' dir='ltr'>non</span> <span class='ocrx_word' id='word_1_464' title='bbox 1064 2578 1259 2618; x_wconf 83' lang='lat' dir='ltr'>aequivoca:</span> <span class='ocrx_word' id='word_1_465' title='bbox 1282 2578 1338 2608; x_wconf 90' lang='lat' dir='ltr'>sed</span> 
     </span>
     <span class='ocr_line' id='line_1_63' title="bbox 264 2618 1335 2662; baseline 0.002 -11"><span class='ocrx_word' id='word_1_466' title='bbox 264 2629 340 2651; x_wconf 87' lang='lat' dir='ltr'>cum</span> <span class='ocrx_word' id='word_1_467' title='bbox 368 2618 558 2649; x_wconf 85' lang='lat' dir='ltr'>limitatione</span> <span class='ocrx_word' id='word_1_468' title='bbox 582 2618 714 2655; x_wconf 89' lang='lat' dir='ltr'>dicitur,</span> <span class='ocrx_word' id='word_1_469' title='bbox 739 2619 829 2660; x_wconf 93' lang='lat' dir='ltr'>quod</span> <span class='ocrx_word' id='word_1_470' title='bbox 852 2629 919 2650; x_wconf 91' lang='lat' dir='ltr'>non</span> <span class='ocrx_word' id='word_1_471' title='bbox 950 2627 1024 2652; x_wconf 89' lang='lat' dir='ltr'>sunt</span> <span class='ocrx_word' id='word_1_472' title='bbox 1040 2631 1128 2661; x_wconf 85' lang='lat' dir='ltr'>pure</span> <span class='ocrx_word' id='word_1_473' title='bbox 1150 2623 1335 2662; x_wconf 82' lang='lat' dir='ltr'>aequivoca.</span> 
     </span>
     <span class='ocr_line' id='line_1_64' title="bbox 263 2662 1335 2705; baseline 0.003 -11"><span class='ocrx_word' id='word_1_474' title='bbox 263 2663 383 2694; x_wconf 86' lang='lat' dir='ltr'>Addita</span> <span class='ocrx_word' id='word_1_475' title='bbox 398 2669 445 2693; x_wconf 90' lang='lat' dir='ltr'>est</span> <span class='ocrx_word' id='word_1_476' title='bbox 464 2669 572 2693; x_wconf 88' lang='lat' dir='ltr'>autem</span> <span class='ocrx_word' id='word_1_477' title='bbox 595 2662 672 2693; x_wconf 88' lang='lat' dir='ltr'>haec</span> <span class='ocrx_word' id='word_1_478' title='bbox 695 2663 843 2694; x_wconf 89' lang='lat' dir='ltr'>limitatio</span> <span class='ocrx_word' id='word_1_479' title='bbox 860 2664 945 2705; x_wconf 89' lang='lat' dir='ltr'>quia,</span> <span class='ocrx_word' id='word_1_480' title='bbox 965 2666 1143 2696; x_wconf 91' lang='lat' dir='ltr'>secundum</span> <span class='ocrx_word' id='word_1_481' title='bbox 1160 2666 1335 2704; x_wconf 89' lang='lat' dir='ltr'>veritatem,</span> 
     </span>
     <span class='ocr_line' id='line_1_65' title="bbox 264 2706 1335 2751; baseline 0.004 -13"><span class='ocrx_word' id='word_1_482' title='bbox 264 2707 400 2748; x_wconf 88' lang='lat' dir='ltr'>analoga</span> <span class='ocrx_word' id='word_1_483' title='bbox 423 2706 738 2748; x_wconf 89' lang='lat' dir='ltr'>comprehenduntur</span> <span class='ocrx_word' id='word_1_484' title='bbox 761 2708 820 2739; x_wconf 93' lang='lat' dir='ltr'>sub</span> <span class='ocrx_word' id='word_1_485' title='bbox 843 2709 1036 2750; x_wconf 84' lang='lat' dir='ltr'>aequivocis,</span> <span class='ocrx_word' id='word_1_486' title='bbox 1058 2720 1140 2751; x_wconf 89' lang='lat' dir='ltr'>quae</span> <span class='ocrx_word' id='word_1_487' title='bbox 1156 2711 1188 2741; x_wconf 92' lang='lat' dir='ltr'>in</span> <span class='ocrx_word' id='word_1_488' title='bbox 1204 2711 1335 2742; x_wconf 85' lang='lat' dir='ltr'>Praedi-</span> 
     </span>
     <span class='ocr_line' id='line_1_66' title="bbox 263 2751 1335 2796; baseline 0.004 -13"><span class='ocrx_word' id='word_1_489' title='bbox 263 2753 419 2784; x_wconf 80' lang='lat' dir='ltr'>camentis</span> <span class='ocrx_word' id='word_1_490' title='bbox 434 2751 453 2770; x_wconf 69' lang='lat'>*⁸</span> <span class='ocrx_word' id='word_1_491' title='bbox 477 2751 680 2783; x_wconf 88' lang='lat' dir='ltr'>definiuntur.</span> <span class='ocrx_word' id='word_1_492' title='bbox 705 2752 891 2793; x_wconf 87' lang='lat' dir='ltr'>Aequivoca</span> <span class='ocrx_word' id='word_1_493' title='bbox 909 2754 996 2784; x_wconf 91' lang='lat' dir='ltr'>enim</span> <span class='ocrx_word' id='word_1_494' title='bbox 1010 2755 1228 2796; x_wconf 88' lang='lat' dir='ltr'>multipliciter</span> <span class='ocrx_word' id='word_1_495' title='bbox 1250 2756 1335 2786; x_wconf 91' lang='lat' dir='ltr'>inve-</span> 
     </span>
     <span class='ocr_line' id='line_1_67' title="bbox 263 2796 1335 2839; baseline 0.003 -11"><span class='ocrx_word' id='word_1_496' title='bbox 263 2797 404 2828; x_wconf 90' lang='lat' dir='ltr'>niuntur.</span> <span class='ocrx_word' id='word_1_497' title='bbox 421 2796 588 2834; x_wconf 88' lang='lat' dir='ltr'>Quaedam</span> <span class='ocrx_word' id='word_1_498' title='bbox 603 2796 690 2827; x_wconf 91' lang='lat' dir='ltr'>enim</span> <span class='ocrx_word' id='word_1_499' title='bbox 702 2804 785 2834; x_wconf 91' lang='lat' dir='ltr'>sunt,</span> <span class='ocrx_word' id='word_1_500' title='bbox 798 2807 940 2839; x_wconf 86' lang='lat' dir='ltr'>quorum</span> <span class='ocrx_word' id='word_1_501' title='bbox 955 2808 1075 2830; x_wconf 87' lang='lat' dir='ltr'>nomen</span> <span class='ocrx_word' id='word_1_502' title='bbox 1090 2807 1335 2837; x_wconf 79' lang='lat' dir='ltr'>estcommune,</span> 
     </span>
     <span class='ocr_line' id='line_1_68' title="bbox 263 2840 1335 2876; baseline 0.002 -3"><span class='ocrx_word' id='word_1_503' title='bbox 263 2848 295 2873; x_wconf 94' lang='lat' dir='ltr'>et</span> <span class='ocrx_word' id='word_1_504' title='bbox 308 2841 389 2872; x_wconf 89' lang='lat' dir='ltr'>ratio</span> <span class='ocrx_word' id='word_1_505' title='bbox 404 2841 583 2872; x_wconf 91' lang='lat' dir='ltr'>secundum</span> <span class='ocrx_word' id='word_1_506' title='bbox 601 2840 682 2872; x_wconf 93' lang='lat' dir='ltr'>illud</span> <span class='ocrx_word' id='word_1_507' title='bbox 704 2851 825 2873; x_wconf 88' lang='lat' dir='ltr'>nomen</span> <span class='ocrx_word' id='word_1_508' title='bbox 840 2849 888 2874; x_wconf 92' lang='lat' dir='ltr'>est</span> <span class='ocrx_word' id='word_1_509' title='bbox 902 2843 1024 2874; x_wconf 90' lang='lat' dir='ltr'>diversa</span> <span class='ocrx_word' id='word_1_510' title='bbox 1037 2845 1189 2876; x_wconf 89' lang='lat' dir='ltr'>totaliter:</span> <span class='ocrx_word' id='word_1_511' title='bbox 1214 2851 1245 2875; x_wconf 87' lang='lat' dir='ltr'>et</span> <span class='ocrx_word' id='word_1_512' title='bbox 1258 2845 1335 2875; x_wconf 91' lang='lat' dir='ltr'>haec</span> 
     </span>
     <span class='ocr_line' id='line_1_69' title="bbox 262 2885 1332 2930; baseline 0.004 -14"><span class='ocrx_word' id='word_1_513' title='bbox 262 2892 419 2917; x_wconf 89' lang='lat' dir='ltr'>vocantur</span> <span class='ocrx_word' id='word_1_514' title='bbox 448 2895 528 2926; x_wconf 88' lang='lat' dir='ltr'>pure</span> <span class='ocrx_word' id='word_1_515' title='bbox 551 2885 743 2926; x_wconf 89' lang='lat' dir='ltr'>aequivoca:</span> <span class='ocrx_word' id='word_1_516' title='bbox 768 2893 799 2917; x_wconf 91' lang='lat' dir='ltr'>et</span> <span class='ocrx_word' id='word_1_517' title='bbox 822 2887 861 2918; x_wconf 93' lang='lat' dir='ltr'>de</span> <span class='ocrx_word' id='word_1_518' title='bbox 884 2887 933 2918; x_wconf 92' lang='lat' dir='ltr'>his</span> <span class='ocrx_word' id='word_1_519' title='bbox 955 2888 1099 2930; x_wconf 88' lang='lat' dir='ltr'>loquitur</span> <span class='ocrx_word' id='word_1_520' title='bbox 1123 2889 1224 2920; x_wconf 90' lang='lat' dir='ltr'>littera</span> <span class='ocrx_word' id='word_1_521' title='bbox 1247 2889 1332 2920; x_wconf 91' lang='lat' dir='ltr'>haec.</span> 
     </span>
     <span class='ocr_line' id='line_1_70' title="bbox 264 2931 1333 2971; baseline 0.003 -10"><span class='ocrx_word' id='word_1_522' title='bbox 264 2931 432 2968; x_wconf 85' lang='lat' dir='ltr'>Quaedam</span> <span class='ocrx_word' id='word_1_523' title='bbox 447 2940 523 2961; x_wconf 84' lang='lat' dir='ltr'>vero</span> <span class='ocrx_word' id='word_1_524' title='bbox 540 2937 623 2967; x_wconf 90' lang='lat' dir='ltr'>sunt,</span> <span class='ocrx_word' id='word_1_525' title='bbox 641 2940 783 2971; x_wconf 88' lang='lat' dir='ltr'>quorum</span> <span class='ocrx_word' id='word_1_526' title='bbox 806 2941 925 2963; x_wconf 91' lang='lat' dir='ltr'>nomen</span> <span class='ocrx_word' id='word_1_527' title='bbox 944 2939 992 2964; x_wconf 90' lang='lat' dir='ltr'>est</span> <span class='ocrx_word' id='word_1_528' title='bbox 1007 2943 1190 2970; x_wconf 89' lang='lat' dir='ltr'>commune,</span> <span class='ocrx_word' id='word_1_529' title='bbox 1208 2940 1239 2964; x_wconf 89' lang='lat' dir='ltr'>et</span> <span class='ocrx_word' id='word_1_530' title='bbox 1255 2933 1333 2964; x_wconf 90' lang='lat' dir='ltr'>ratio</span> 
     </span>
     <span class='ocr_line' id='line_1_71' title="bbox 263 2974 1335 3019; baseline 0.004 -14"><span class='ocrx_word' id='word_1_531' title='bbox 263 2975 442 3006; x_wconf 89' lang='lat' dir='ltr'>secundum</span> <span class='ocrx_word' id='word_1_532' title='bbox 469 2974 550 3005; x_wconf 90' lang='lat' dir='ltr'>illud</span> <span class='ocrx_word' id='word_1_533' title='bbox 573 2985 693 3006; x_wconf 90' lang='lat' dir='ltr'>nomen</span> <span class='ocrx_word' id='word_1_534' title='bbox 717 2982 764 3006; x_wconf 89' lang='lat' dir='ltr'>est</span> <span class='ocrx_word' id='word_1_535' title='bbox 787 2976 908 3007; x_wconf 89' lang='lat' dir='ltr'>diversa</span> <span class='ocrx_word' id='word_1_536' title='bbox 941 2978 1119 3009; x_wconf 90' lang='lat' dir='ltr'>secundum</span> <span class='ocrx_word' id='word_1_537' title='bbox 1143 2978 1278 3019; x_wconf 88' lang='lat' dir='ltr'>aliquid:</span> <span class='ocrx_word' id='word_1_538' title='bbox 1304 2985 1335 3009; x_wconf 91' lang='lat' dir='ltr'>et</span> 
     </span>
     <span class='ocr_line' id='line_1_72' title="bbox 263 3018 1334 3064; baseline 0.005 -15"><span class='ocrx_word' id='word_1_539' title='bbox 263 3019 341 3050; x_wconf 89' lang='lat' dir='ltr'>haec</span> <span class='ocrx_word' id='word_1_540' title='bbox 364 3018 474 3050; x_wconf 81' lang='lat' dir='ltr'>multis</span> <span class='ocrx_word' id='word_1_541' title='bbox 495 3019 601 3050; x_wconf 89' lang='lat' dir='ltr'>modis</span> <span class='ocrx_word' id='word_1_542' title='bbox 624 3019 838 3057; x_wconf 87' lang='lat' dir='ltr'>inveniuntur,</span> <span class='ocrx_word' id='word_1_543' title='bbox 862 3022 1202 3064; x_wconf 90' lang='lat' dir='ltr'>comprehenduntque</span> <span class='ocrx_word' id='word_1_544' title='bbox 1225 3023 1284 3053; x_wconf 91' lang='lat' dir='ltr'>sub</span> <span class='ocrx_word' id='word_1_545' title='bbox 1301 3033 1334 3054; x_wconf 90' lang='lat' dir='ltr'>se</span> 
     </span>
     <span class='ocr_line' id='line_1_73' title="bbox 263 3063 821 3103; baseline 0.002 -9"><span class='ocrx_word' id='word_1_546' title='bbox 263 3063 407 3103; x_wconf 85' lang='lat' dir='ltr'>analoga,</span> <span class='ocrx_word' id='word_1_547' title='bbox 425 3070 461 3095; x_wconf 92' lang='lat' dir='ltr'>ut</span> <span class='ocrx_word' id='word_1_548' title='bbox 483 3063 590 3095; x_wconf 87' lang='lat' dir='ltr'>alibi*</span> <span class='ocrx_word' id='word_1_549' title='bbox 613 3065 821 3096; x_wconf 87' lang='lat' dir='ltr'>ostendimus.</span> 
     </span>
    </p>

    <p class='ocr_par' dir='ltr' id='par_1_21' title="bbox 263 3107 1335 3462">
     <span class='ocr_line' id='line_1_74' title="bbox 317 3107 1334 3152; baseline 0.005 -14"><span class='ocrx_word' id='word_1_550' title='bbox 317 3107 500 3139; x_wconf 84' lang='lat' dir='ltr'>Secundum</span> <span class='ocrx_word' id='word_1_551' title='bbox 525 3115 590 3139; x_wconf 85' lang='lat' dir='ltr'>est:</span> <span class='ocrx_word' id='word_1_552' title='bbox 614 3109 647 3150; x_wconf 91' lang='lat' dir='ltr'>ly</span> <span class='ocrx_word' id='word_1_553' title='bbox 672 3109 752 3140; x_wconf 83' lang='lat' dir='ltr'>nihil</span> <span class='ocrx_word' id='word_1_554' title='bbox 781 3109 814 3140; x_wconf 91' lang='lat' dir='ltr'>in</span> <span class='ocrx_word' id='word_1_555' title='bbox 838 3118 1052 3152; x_wconf 93' lang='lat' dir='ltr'>consequente</span> <span class='ocrx_word' id='word_1_556' title='bbox 1081 3111 1242 3152; x_wconf 89' lang='lat' dir='ltr'>positum,</span> <span class='ocrx_word' id='word_1_557' title='bbox 1267 3122 1334 3142; x_wconf 91' lang='lat' dir='ltr'>non</span> 
     </span>
     <span class='ocr_line' id='line_1_75' title="bbox 263 3151 1335 3197; baseline 0.006 -16"><span class='ocrx_word' id='word_1_558' title='bbox 263 3151 419 3192; x_wconf 89' lang='lat' dir='ltr'>supponit</span> <span class='ocrx_word' id='word_1_559' title='bbox 432 3162 491 3191; x_wconf 91' lang='lat' dir='ltr'>pro</span> <span class='ocrx_word' id='word_1_560' title='bbox 506 3152 606 3183; x_wconf 85' lang='lat' dir='ltr'>nihilo</span> <span class='ocrx_word' id='word_1_561' title='bbox 621 3153 814 3194; x_wconf 89' lang='lat' dir='ltr'>simpliciter.</span> <span class='ocrx_word' id='word_1_562' title='bbox 838 3155 1011 3192; x_wconf 90' lang='lat' dir='ltr'>Quoniam,</span> <span class='ocrx_word' id='word_1_563' title='bbox 1029 3156 1103 3187; x_wconf 91' lang='lat' dir='ltr'>dato</span> <span class='ocrx_word' id='word_1_564' title='bbox 1118 3156 1210 3197; x_wconf 72' lang='lat' dir='ltr'>‘quod</span> <span class='ocrx_word' id='word_1_565' title='bbox 1225 3157 1335 3187; x_wconf 91' lang='lat' dir='ltr'>omnia</span> 
     </span>
     <span class='ocr_line' id='line_1_76' title="bbox 263 3196 1334 3241; baseline 0.006 -15"><span class='ocrx_word' id='word_1_566' title='bbox 263 3196 451 3227; x_wconf 91' lang='lat' dir='ltr'>huiusmodi</span> <span class='ocrx_word' id='word_1_567' title='bbox 473 3197 606 3228; x_wconf 86' lang='lat' dir='ltr'>nomina</span> <span class='ocrx_word' id='word_1_568' title='bbox 629 3198 803 3239; x_wconf 88' lang='lat' dir='ltr'>aequivoca</span> <span class='ocrx_word' id='word_1_569' title='bbox 827 3206 939 3236; x_wconf 91' lang='lat' dir='ltr'>essent,</span> <span class='ocrx_word' id='word_1_570' title='bbox 961 3200 1066 3231; x_wconf 91' lang='lat' dir='ltr'>adhuc</span> <span class='ocrx_word' id='word_1_571' title='bbox 1088 3211 1256 3241; x_wconf 87' lang='lat' dir='ltr'>possemus</span> <span class='ocrx_word' id='word_1_572' title='bbox 1281 3211 1334 3232; x_wconf 92' lang='lat' dir='ltr'>co-</span> 
     </span>
     <span class='ocr_line' id='line_1_77' title="bbox 263 3241 1334 3286; baseline 0.006 -16"><span class='ocrx_word' id='word_1_573' title='bbox 263 3250 416 3281; x_wconf 88' lang='lat' dir='ltr'>gnoscere</span> <span class='ocrx_word' id='word_1_574' title='bbox 438 3241 528 3281; x_wconf 92' lang='lat' dir='ltr'>quod</span> <span class='ocrx_word' id='word_1_575' title='bbox 550 3241 638 3273; x_wconf 86' lang='lat' dir='ltr'>Deus</span> <span class='ocrx_word' id='word_1_576' title='bbox 662 3250 708 3274; x_wconf 92' lang='lat' dir='ltr'>est</span> <span class='ocrx_word' id='word_1_577' title='bbox 732 3242 874 3280; x_wconf 86' lang='lat' dir='ltr'>Creator,</span> <span class='ocrx_word' id='word_1_578' title='bbox 892 3250 922 3275; x_wconf 92' lang='lat' dir='ltr'>et</span> <span class='ocrx_word' id='word_1_579' title='bbox 937 3254 1033 3285; x_wconf 91' lang='lat' dir='ltr'>super</span> <span class='ocrx_word' id='word_1_580' title='bbox 1056 3245 1174 3282; x_wconf 91' lang='lat' dir='ltr'>omnia,</span> <span class='ocrx_word' id='word_1_581' title='bbox 1196 3252 1227 3276; x_wconf 89' lang='lat' dir='ltr'>et</span> <span class='ocrx_word' id='word_1_582' title='bbox 1246 3245 1334 3286; x_wconf 92' lang='lat' dir='ltr'>quod</span> 
     </span>
     <span class='ocr_line' id='line_1_78' title="bbox 263 3287 1335 3330; baseline 0.005 -15"><span class='ocrx_word' id='word_1_583' title='bbox 263 3295 330 3316; x_wconf 92' lang='lat' dir='ltr'>non</span> <span class='ocrx_word' id='word_1_584' title='bbox 355 3291 402 3315; x_wconf 88' lang='lat' dir='ltr'>est</span> <span class='ocrx_word' id='word_1_585' title='bbox 429 3294 563 3325; x_wconf 90' lang='lat' dir='ltr'>corpus,</span> <span class='ocrx_word' id='word_1_586' title='bbox 588 3293 645 3319; x_wconf 90' lang='lat' dir='ltr'>etc.</span> <span class='ocrx_word' id='word_1_587' title='bbox 679 3287 741 3318; x_wconf 91' lang='lat' dir='ltr'>Sed</span> <span class='ocrx_word' id='word_1_588' title='bbox 765 3288 920 3328; x_wconf 88' lang='lat' dir='ltr'>supponit</span> <span class='ocrx_word' id='word_1_589' title='bbox 942 3299 1001 3329; x_wconf 91' lang='lat' dir='ltr'>pro</span> <span class='ocrx_word' id='word_1_590' title='bbox 1025 3290 1124 3320; x_wconf 86' lang='lat' dir='ltr'>nihilo</span> <span class='ocrx_word' id='word_1_591' title='bbox 1140 3289 1335 3330; x_wconf 87' lang='lat' dir='ltr'>formaliter</span> 
     </span>
     <span class='ocr_line' id='line_1_79' title="bbox 263 3329 1332 3373; baseline 0.005 -14"><span class='ocrx_word' id='word_1_592' title='bbox 263 3329 426 3360; x_wconf 85' lang='lat' dir='ltr'>communi</span> <span class='ocrx_word' id='word_1_593' title='bbox 447 3329 518 3359; x_wconf 89' lang='lat' dir='ltr'>Deo</span> <span class='ocrx_word' id='word_1_594' title='bbox 541 3335 572 3360; x_wconf 85' lang='lat' dir='ltr'>et</span> <span class='ocrx_word' id='word_1_595' title='bbox 594 3333 764 3370; x_wconf 82' lang='lat' dir='ltr'>creaturis,</span> <span class='ocrx_word' id='word_1_596' title='bbox 789 3339 867 3373; x_wconf 91' lang='lat' dir='ltr'>puta</span> <span class='ocrx_word' id='word_1_597' title='bbox 890 3343 958 3364; x_wconf 86' lang='lat' dir='ltr'>esse</span> <span class='ocrx_word' id='word_1_598' title='bbox 982 3343 1047 3370; x_wconf 90' lang='lat' dir='ltr'>ens,</span> <span class='ocrx_word' id='word_1_599' title='bbox 1065 3341 1182 3370; x_wconf 84' lang='lat' dir='ltr'>actum,</span> <span class='ocrx_word' id='word_1_600' title='bbox 1198 3335 1332 3371; x_wconf 87' lang='lat' dir='ltr'>bonum,</span> 
     </span>
     <span class='ocr_line' id='line_1_80' title="bbox 263 3373 1333 3418; baseline 0.006 -15"><span class='ocrx_word' id='word_1_601' title='bbox 263 3373 448 3414; x_wconf 84' lang='lat' dir='ltr'>sapientem,</span> <span class='ocrx_word' id='word_1_602' title='bbox 466 3379 541 3404; x_wconf 87' lang='lat' dir='ltr'>etc.:</span> <span class='ocrx_word' id='word_1_603' title='bbox 566 3374 645 3405; x_wconf 90' lang='lat' dir='ltr'>nihil</span> <span class='ocrx_word' id='word_1_604' title='bbox 668 3376 754 3407; x_wconf 90' lang='lat' dir='ltr'>enim</span> <span class='ocrx_word' id='word_1_605' title='bbox 777 3376 895 3408; x_wconf 88' lang='lat' dir='ltr'>horum</span> <span class='ocrx_word' id='word_1_606' title='bbox 911 3385 1020 3418; x_wconf 92' lang='lat' dir='ltr'>posset</span> <span class='ocrx_word' id='word_1_607' title='bbox 1038 3378 1108 3408; x_wconf 90' lang='lat' dir='ltr'>sciri</span> <span class='ocrx_word' id='word_1_608' title='bbox 1128 3378 1166 3408; x_wconf 90' lang='lat' dir='ltr'>de</span> <span class='ocrx_word' id='word_1_609' title='bbox 1180 3378 1260 3415; x_wconf 83' lang='lat' dir='ltr'>Deo,</span> <span class='ocrx_word' id='word_1_610' title='bbox 1278 3379 1333 3409; x_wconf 91' lang='lat' dir='ltr'>sed</span> 
     </span>
     <span class='ocr_line' id='line_1_81' title="bbox 263 3417 1198 3462; baseline 0.005 -14"><span class='ocrx_word' id='word_1_611' title='bbox 263 3428 388 3458; x_wconf 90' lang='lat' dir='ltr'>semper</span> <span class='ocrx_word' id='word_1_612' title='bbox 410 3417 562 3448; x_wconf 90' lang='lat' dir='ltr'>incideret</span> <span class='ocrx_word' id='word_1_613' title='bbox 583 3417 705 3450; x_wconf 87' lang='lat' dir='ltr'>fallacia</span> <span class='ocrx_word' id='word_1_614' title='bbox 727 3421 1019 3462; x_wconf 88' lang='lat' dir='ltr'>Aequivocationis‚</span> <span class='ocrx_word' id='word_1_615' title='bbox 1045 3429 1080 3453; x_wconf 89' lang='lat' dir='ltr'>ut</span> <span class='ocrx_word' id='word_1_616' title='bbox 1103 3429 1198 3462; x_wconf 90' lang='lat' dir='ltr'>patet.</span> 
     </span>
    </p>

    <p class='ocr_par' dir='ltr' id='par_1_22' title="bbox 262 3462 1334 3641">
     <span class='ocr_line' id='line_1_82' title="bbox 317 3462 1333 3507; baseline 0.004 -14"><span class='ocrx_word' id='word_1_617' title='bbox 317 3462 400 3493; x_wconf 90' lang='lat' dir='ltr'>XIII.</span> <span class='ocrx_word' id='word_1_618' title='bbox 422 3462 539 3499; x_wconf 92' lang='lat' dir='ltr'>Quoad</span> <span class='ocrx_word' id='word_1_619' title='bbox 563 3463 691 3493; x_wconf 83' lang='lat' dir='ltr'>tertium</span> <span class='ocrx_word' id='word_1_620' title='bbox 707 3463 734 3500; x_wconf 86' lang='grc'>*,</span> <span class='ocrx_word' id='word_1_621' title='bbox 759 3466 922 3497; x_wconf 90' lang='lat' dir='ltr'>conclusio</span> <span class='ocrx_word' id='word_1_622' title='bbox 946 3466 1130 3507; x_wconf 88' lang='lat' dir='ltr'>responsiva</span> <span class='ocrx_word' id='word_1_623' title='bbox 1149 3466 1333 3497; x_wconf 86' lang='lat' dir='ltr'>affirmative</span> 
     </span>
     <span class='ocr_line' id='line_1_83' title="bbox 262 3506 1334 3547; baseline 0.006 -11"><span class='ocrx_word' id='word_1_624' title='bbox 262 3506 340 3537; x_wconf 88' lang='lat' dir='ltr'>haec</span> <span class='ocrx_word' id='word_1_625' title='bbox 370 3513 431 3537; x_wconf 90' lang='lat' dir='ltr'>est:</span> <span class='ocrx_word' id='word_1_626' title='bbox 457 3507 689 3547; x_wconf 83' lang='lat' dir='ltr'>Quaecumque</span> <span class='ocrx_word' id='word_1_627' title='bbox 719 3509 851 3540; x_wconf 89' lang='lat' dir='ltr'>nomina</span> <span class='ocrx_word' id='word_1_628' title='bbox 882 3517 957 3542; x_wconf 90' lang='lat' dir='ltr'>sunt</span> <span class='ocrx_word' id='word_1_629' title='bbox 986 3511 1172 3542; x_wconf 86' lang='lat' dir='ltr'>communia</span> <span class='ocrx_word' id='word_1_630' title='bbox 1202 3511 1272 3542; x_wconf 94' lang='lat' dir='ltr'>Deo</span> <span class='ocrx_word' id='word_1_631' title='bbox 1303 3518 1334 3541; x_wconf 91' lang='lat' dir='ltr'>et</span> 
     </span>
     <span class='ocr_line' id='line_1_84' title="bbox 263 3551 1332 3595; baseline 0.004 -13"><span class='ocrx_word' id='word_1_632' title='bbox 263 3551 425 3588; x_wconf 91' lang='lat' dir='ltr'>creaturis,</span> <span class='ocrx_word' id='word_1_633' title='bbox 451 3551 599 3581; x_wconf 92' lang='lat' dir='ltr'>dicuntur</span> <span class='ocrx_word' id='word_1_634' title='bbox 627 3551 665 3581; x_wconf 92' lang='lat' dir='ltr'>de</span> <span class='ocrx_word' id='word_1_635' title='bbox 689 3551 733 3582; x_wconf 87' lang='lat' dir='ltr'>eis</span> <span class='ocrx_word' id='word_1_636' title='bbox 757 3554 934 3585; x_wconf 89' lang='lat' dir='ltr'>secundum</span> <span class='ocrx_word' id='word_1_637' title='bbox 965 3555 1146 3595; x_wconf 88' lang='lat' dir='ltr'>analogiam</span> <span class='ocrx_word' id='word_1_638' title='bbox 1174 3555 1269 3586; x_wconf 89' lang='lat' dir='ltr'>unius</span> <span class='ocrx_word' id='word_1_639' title='bbox 1293 3555 1332 3585; x_wconf 92' lang='lat' dir='ltr'>ad</span> 
     </span>
     <span class='ocr_line' id='line_1_85' title="bbox 262 3595 1333 3641; baseline 0.006 -16"><span class='ocrx_word' id='word_1_640' title='bbox 262 3595 407 3633; x_wconf 89' lang='lat' dir='ltr'>alterum,</span> <span class='ocrx_word' id='word_1_641' title='bbox 427 3595 508 3626; x_wconf 90' lang='lat' dir='ltr'>idest</span> <span class='ocrx_word' id='word_1_642' title='bbox 526 3602 684 3626; x_wconf 90' lang='lat' dir='ltr'>creaturae</span> <span class='ocrx_word' id='word_1_643' title='bbox 703 3596 743 3626; x_wconf 87' lang='lat' dir='ltr'>ad</span> <span class='ocrx_word' id='word_1_644' title='bbox 762 3596 878 3628; x_wconf 90' lang='lat' dir='ltr'>Deum.</span> <span class='ocrx_word' id='word_1_645' title='bbox 894 3616 915 3621; x_wconf 95' lang='lat'>—</span> <span class='ocrx_word' id='word_1_646' title='bbox 929 3599 1114 3630; x_wconf 89' lang='lat' dir='ltr'>Declaratur</span> <span class='ocrx_word' id='word_1_647' title='bbox 1128 3600 1162 3641; x_wconf 91' lang='lat' dir='ltr'>ly</span> <span class='ocrx_word' id='word_1_648' title='bbox 1178 3601 1275 3631; x_wconf 84' lang='lat' dir='ltr'>unius</span> <span class='ocrx_word' id='word_1_649' title='bbox 1290 3599 1333 3630; x_wconf 83' lang='lat' dir='ltr'>ad</span> 
     </span>
    </p>
   </div>
   <div class='ocr_carea' id='block_1_16' title="bbox 2407 247 2479 285">
    <p class='ocr_par' dir='ltr' id='par_1_23' title="bbox 2407 247 2479 285">
     <span class='ocr_line' id='line_1_86' title="bbox 2407 247 2479 285; baseline 0.028 -2"><span class='ocrx_word' id='word_1_650' title='bbox 2407 247 2479 285; x_wconf 87' lang='lat'>149</span> 
     </span>
    </p>
   </div>
   <div class='ocr_carea' id='block_1_17' title="bbox 1401 306 2478 1063">
    <p class='ocr_par' dir='ltr' id='par_1_24' title="bbox 1405 306 2478 559">
     <span class='ocr_line' id='line_1_87' title="bbox 1406 306 2478 357; baseline 0.01 -21"><span class='ocrx_word' id='word_1_651' title='bbox 1406 306 1564 345; x_wconf 86' lang='lat' dir='ltr'>alterum,</span> <span class='ocrx_word' id='word_1_652' title='bbox 1590 308 1813 349; x_wconf 88' lang='lat' dir='ltr'>distinguendo</span> <span class='ocrx_word' id='word_1_653' title='bbox 1837 311 2016 352; x_wconf 83' lang='lat' dir='ltr'>analogiam</span> <span class='ocrx_word' id='word_1_654' title='bbox 2039 313 2226 344; x_wconf 86' lang='lat' dir='ltr'>nominum:</span> <span class='ocrx_word' id='word_1_655' title='bbox 2251 314 2377 351; x_wconf 90' lang='lat' dir='ltr'>scilicet,</span> <span class='ocrx_word' id='word_1_656' title='bbox 2402 316 2478 357; x_wconf 89' lang='lat' dir='ltr'>quia</span> 
     </span>
     <span class='ocr_line' id='line_1_88' title="bbox 1406 350 2477 398; baseline 0.01 -18"><span class='ocrx_word' id='word_1_657' title='bbox 1406 350 1457 380; x_wconf 89' lang='lat' dir='ltr'>vel</span> <span class='ocrx_word' id='word_1_658' title='bbox 1481 357 1528 382; x_wconf 94' lang='lat' dir='ltr'>est</span> <span class='ocrx_word' id='word_1_659' title='bbox 1549 351 1671 383; x_wconf 90' lang='lat' dir='ltr'>ratione</span> <span class='ocrx_word' id='word_1_660' title='bbox 1701 355 1919 394; x_wconf 90' lang='lat' dir='ltr'>proportionis</span> <span class='ocrx_word' id='word_1_661' title='bbox 1948 357 2131 398; x_wconf 89' lang='lat' dir='ltr'>aliquorum</span> <span class='ocrx_word' id='word_1_662' title='bbox 2160 358 2242 389; x_wconf 90' lang='lat' dir='ltr'>inter</span> <span class='ocrx_word' id='word_1_663' title='bbox 2271 369 2320 395; x_wconf 93' lang='lat' dir='ltr'>se,</span> <span class='ocrx_word' id='word_1_664' title='bbox 2346 366 2376 390; x_wconf 87' lang='lat' dir='ltr'>et</span> <span class='ocrx_word' id='word_1_665' title='bbox 2399 360 2477 391; x_wconf 83' lang='lat' dir='ltr'>haec</span> 
     </span>
     <span class='ocr_line' id='line_1_89' title="bbox 1405 397 2476 444; baseline 0.009 -19"><span class='ocrx_word' id='word_1_666' title='bbox 1405 402 1538 426; x_wconf 92' lang='lat' dir='ltr'>vocatur</span> <span class='ocrx_word' id='word_1_667' title='bbox 1556 397 1653 427; x_wconf 81' lang='lat' dir='ltr'>unius</span> <span class='ocrx_word' id='word_1_668' title='bbox 1666 398 1711 428; x_wconf 87' lang='lat' dir='ltr'>ad</span> <span class='ocrx_word' id='word_1_669' title='bbox 1724 399 1862 429; x_wconf 85' lang='lat' dir='ltr'>alterum</span> <span class='ocrx_word' id='word_1_670' title='bbox 1871 409 1886 437; x_wconf 90' lang='lat'>‚·</span> <span class='ocrx_word' id='word_1_671' title='bbox 1909 400 1959 430; x_wconf 91' lang='lat' dir='ltr'>vel</span> <span class='ocrx_word' id='word_1_672' title='bbox 1982 401 2104 432; x_wconf 90' lang='lat' dir='ltr'>ratione</span> <span class='ocrx_word' id='word_1_673' title='bbox 2119 403 2335 443; x_wconf 91' lang='lat' dir='ltr'>proportionis</span> <span class='ocrx_word' id='word_1_674' title='bbox 2354 403 2476 444; x_wconf 89' lang='lat' dir='ltr'>aliquo-</span> 
     </span>
     <span class='ocr_line' id='line_1_90' title="bbox 1406 441 2474 482; baseline 0.009 -13"><span class='ocrx_word' id='word_1_675' title='bbox 1406 449 1488 476; x_wconf 90' lang='lat' dir='ltr'>rum,</span> <span class='ocrx_word' id='word_1_676' title='bbox 1509 450 1575 471; x_wconf 90' lang='lat' dir='ltr'>non</span> <span class='ocrx_word' id='word_1_677' title='bbox 1594 441 1675 472; x_wconf 89' lang='lat' dir='ltr'>inter</span> <span class='ocrx_word' id='word_1_678' title='bbox 1691 452 1734 479; x_wconf 92' lang='lat' dir='ltr'>se,</span> <span class='ocrx_word' id='word_1_679' title='bbox 1751 443 1807 473; x_wconf 92' lang='lat' dir='ltr'>sed</span> <span class='ocrx_word' id='word_1_680' title='bbox 1829 444 1868 474; x_wconf 82' lang='lat' dir='ltr'>ad</span> <span class='ocrx_word' id='word_1_681' title='bbox 1885 444 2028 482; x_wconf 87' lang='lat' dir='ltr'>tertium,</span> <span class='ocrx_word' id='word_1_682' title='bbox 2054 453 2084 477; x_wconf 91' lang='lat' dir='ltr'>et</span> <span class='ocrx_word' id='word_1_683' title='bbox 2099 446 2176 477; x_wconf 91' lang='lat' dir='ltr'>haec</span> <span class='ocrx_word' id='word_1_684' title='bbox 2191 454 2323 478; x_wconf 88' lang='lat' dir='ltr'>vocatur</span> <span class='ocrx_word' id='word_1_685' title='bbox 2335 448 2474 479; x_wconf 82' lang='lat' dir='ltr'>duorum</span> 
     </span>
     <span class='ocr_line' id='line_1_91' title="bbox 1406 484 2475 532; baseline 0.009 -18"><span class='ocrx_word' id='word_1_686' title='bbox 1406 484 1449 515; x_wconf 87' lang='lat' dir='ltr'>ad</span> <span class='ocrx_word' id='word_1_687' title='bbox 1472 486 1619 523; x_wconf 78' lang='lat' dir='ltr'>tertium,</span> <span class='ocrx_word' id='word_1_688' title='bbox 1645 496 1701 517; x_wconf 90' lang='lat' dir='ltr'>seu</span> <span class='ocrx_word' id='word_1_689' title='bbox 1725 488 1903 519; x_wconf 89' lang='lat' dir='ltr'>multorum</span> <span class='ocrx_word' id='word_1_690' title='bbox 1927 489 1967 518; x_wconf 90' lang='lat' dir='ltr'>ad</span> <span class='ocrx_word' id='word_1_691' title='bbox 1997 500 2109 522; x_wconf 88' lang='lat' dir='ltr'>unum.</span> <span class='ocrx_word' id='word_1_692' title='bbox 2133 491 2288 532; x_wconf 84' lang='lat' dir='ltr'>Exempla</span> <span class='ocrx_word' id='word_1_693' title='bbox 2310 498 2419 532; x_wconf 90' lang='lat' dir='ltr'>patent</span> <span class='ocrx_word' id='word_1_694' title='bbox 2441 493 2475 523; x_wconf 93' lang='lat' dir='ltr'>in</span> 
     </span>
     <span class='ocr_line' id='line_1_92' title="bbox 1405 527 1515 559; baseline 0.009 -1"><span class='ocrx_word' id='word_1_695' title='bbox 1405 527 1515 559; x_wconf 88' lang='lat' dir='ltr'>littera.</span> 
     </span>
    </p>

    <p class='ocr_par' dir='ltr' id='par_1_25' title="bbox 1403 573 2474 884">
     <span class='ocr_line' id='line_1_93' title="bbox 1458 573 2474 621; baseline 0.009 -18"><span class='ocrx_word' id='word_1_696' title='bbox 1458 573 1614 605; x_wconf 86' lang='lat' dir='ltr'>Probatur</span> <span class='ocrx_word' id='word_1_697' title='bbox 1637 575 1750 606; x_wconf 90' lang='lat' dir='ltr'>deinde</span> <span class='ocrx_word' id='word_1_698' title='bbox 1774 576 1947 608; x_wconf 86' lang='lat' dir='ltr'>conclusio.</span> <span class='ocrx_word' id='word_1_699' title='bbox 1974 578 2091 615; x_wconf 91' lang='lat' dir='ltr'>Quoad</span> <span class='ocrx_word' id='word_1_700' title='bbox 2106 578 2242 619; x_wconf 89' lang='lat' dir='ltr'>primam</span> <span class='ocrx_word' id='word_1_701' title='bbox 2258 580 2388 621; x_wconf 83' lang='lat' dir='ltr'>quidem</span> <span class='ocrx_word' id='word_1_702' title='bbox 2404 591 2474 621; x_wconf 85' lang='lat' dir='ltr'>par-</span> 
     </span>
     <span class='ocr_line' id='line_1_94' title="bbox 1405 618 2471 663; baseline 0.008 -16"><span class='ocrx_word' id='word_1_703' title='bbox 1405 623 1480 654; x_wconf 90' lang='lat' dir='ltr'>tem,</span> <span class='ocrx_word' id='word_1_704' title='bbox 1496 628 1552 658; x_wconf 88' lang='lat' dir='ltr'>per</span> <span class='ocrx_word' id='word_1_705' title='bbox 1567 618 1677 650; x_wconf 91' lang='lat' dir='ltr'>locum</span> <span class='ocrx_word' id='word_1_706' title='bbox 1691 630 1712 651; x_wconf 93' lang='lat' dir='ltr'>a</span> <span class='ocrx_word' id='word_1_707' title='bbox 1728 620 1902 652; x_wconf 84' lang='lat' dir='ltr'>divisione:</span> <span class='ocrx_word' id='word_1_708' title='bbox 1925 629 2055 662; x_wconf 91' lang='lat' dir='ltr'>propter</span> <span class='ocrx_word' id='word_1_709' title='bbox 2068 624 2158 663; x_wconf 92' lang='lat' dir='ltr'>quod</span> <span class='ocrx_word' id='word_1_710' title='bbox 2175 623 2208 654; x_wconf 92' lang='lat' dir='ltr'>in</span> <span class='ocrx_word' id='word_1_711' title='bbox 2225 624 2326 655; x_wconf 91' lang='lat' dir='ltr'>littera</span> <span class='ocrx_word' id='word_1_712' title='bbox 2342 624 2471 656; x_wconf 86' lang='lat' dir='ltr'>dicitur:</span> 
     </span>
     <span class='ocr_line' id='line_1_95' title="bbox 1404 662 2472 706; baseline 0.007 -14"><span class='ocrx_word' id='word_1_713' title='bbox 1404 662 1582 693; x_wconf 87' lang='lat' dir='ltr'>Dicendum</span> <span class='ocrx_word' id='word_1_714' title='bbox 1601 669 1648 695; x_wconf 82' lang='lat' dir='ltr'>est</span> <span class='ocrx_word' id='word_1_715' title='bbox 1665 665 1767 706; x_wconf 80' lang='lat' dir='ltr'>igitur</span> <span class='ocrx_word' id='word_1_716' title='bbox 1783 671 1841 696; x_wconf 85' lang='lat' dir='ltr'>etc.</span> <span class='ocrx_word' id='word_1_717' title='bbox 1865 665 1983 703; x_wconf 88' lang='lat' dir='ltr'>Quoad</span> <span class='ocrx_word' id='word_1_718' title='bbox 1999 667 2171 698; x_wconf 82' lang='lat' dir='ltr'>secundam</span> <span class='ocrx_word' id='word_1_719' title='bbox 2185 678 2271 705; x_wconf 88' lang='lat' dir='ltr'>vero,</span> <span class='ocrx_word' id='word_1_720' title='bbox 2288 669 2340 700; x_wconf 91' lang='lat' dir='ltr'>sic.</span> <span class='ocrx_word' id='word_1_721' title='bbox 2366 670 2472 700; x_wconf 91' lang='lat' dir='ltr'>Deum</span> 
     </span>
     <span class='ocr_line' id='line_1_96' title="bbox 1404 709 2473 753; baseline 0.007 -16"><span class='ocrx_word' id='word_1_722' title='bbox 1404 716 1470 737; x_wconf 89' lang='lat' dir='ltr'>non</span> <span class='ocrx_word' id='word_1_723' title='bbox 1498 717 1671 747; x_wconf 91' lang='lat' dir='ltr'>possumus</span> <span class='ocrx_word' id='word_1_724' title='bbox 1700 709 1866 740; x_wconf 88' lang='lat' dir='ltr'>nominare</span> <span class='ocrx_word' id='word_1_725' title='bbox 1898 709 1958 741; x_wconf 90' lang='lat' dir='ltr'>nisi</span> <span class='ocrx_word' id='word_1_726' title='bbox 1986 721 2023 741; x_wconf 85' lang='lat' dir='ltr'>ex</span> <span class='ocrx_word' id='word_1_727' title='bbox 2051 712 2214 742; x_wconf 89' lang='lat' dir='ltr'>creaturis:</span> <span class='ocrx_word' id='word_1_728' title='bbox 2239 723 2313 753; x_wconf 90' lang='lat' dir='ltr'>ergo</span> <span class='ocrx_word' id='word_1_729' title='bbox 2341 713 2473 744; x_wconf 89' lang='lat' dir='ltr'>nomina</span> 
     </span>
     <span class='ocr_line' id='line_1_97' title="bbox 1405 752 2472 794; baseline 0.007 -13"><span class='ocrx_word' id='word_1_730' title='bbox 1405 752 1589 782; x_wconf 89' lang='lat' dir='ltr'>communia</span> <span class='ocrx_word' id='word_1_731' title='bbox 1604 752 1756 794; x_wconf 89' lang='lat' dir='ltr'>utrisque,</span> <span class='ocrx_word' id='word_1_732' title='bbox 1781 754 1930 785; x_wconf 87' lang='lat' dir='ltr'>dicuntur</span> <span class='ocrx_word' id='word_1_733' title='bbox 1952 755 2129 786; x_wconf 90' lang='lat' dir='ltr'>secundum</span> <span class='ocrx_word' id='word_1_734' title='bbox 2153 756 2298 787; x_wconf 91' lang='lat' dir='ltr'>ordinem</span> <span class='ocrx_word' id='word_1_735' title='bbox 2322 757 2416 788; x_wconf 92' lang='lat' dir='ltr'>unius</span> <span class='ocrx_word' id='word_1_736' title='bbox 2432 759 2472 788; x_wconf 87' lang='lat' dir='ltr'>ad</span> 
     </span>
     <span class='ocr_line' id='line_1_98' title="bbox 1403 795 2472 843; baseline 0.006 -17"><span class='ocrx_word' id='word_1_737' title='bbox 1403 795 1548 827; x_wconf 89' lang='lat' dir='ltr'>alterum.</span> <span class='ocrx_word' id='word_1_738' title='bbox 1575 797 1692 834; x_wconf 90' lang='lat' dir='ltr'>Quoad</span> <span class='ocrx_word' id='word_1_739' title='bbox 1712 798 1836 829; x_wconf 90' lang='lat' dir='ltr'>tertiam</span> <span class='ocrx_word' id='word_1_740' title='bbox 1850 809 1937 836; x_wconf 90' lang='lat' dir='ltr'>vero,</span> <span class='ocrx_word' id='word_1_741' title='bbox 1958 799 2033 840; x_wconf 88' lang='lat' dir='ltr'>quia</span> <span class='ocrx_word' id='word_1_742' title='bbox 2056 800 2143 830; x_wconf 91' lang='lat' dir='ltr'>Deus</span> <span class='ocrx_word' id='word_1_743' title='bbox 2167 807 2214 831; x_wconf 90' lang='lat' dir='ltr'>est</span> <span class='ocrx_word' id='word_1_744' title='bbox 2236 811 2330 832; x_wconf 91' lang='lat' dir='ltr'>causa</span> <span class='ocrx_word' id='word_1_745' title='bbox 2351 801 2384 831; x_wconf 92' lang='lat' dir='ltr'>in</span> <span class='ocrx_word' id='word_1_746' title='bbox 2408 812 2472 843; x_wconf 91' lang='lat' dir='ltr'>qua</span> 
     </span>
     <span class='ocr_line' id='line_1_99' title="bbox 1403 841 2159 884; baseline 0.007 -14"><span class='ocrx_word' id='word_1_747' title='bbox 1403 841 1616 880; x_wconf 88' lang='lat' dir='ltr'>praeexistunt</span> <span class='ocrx_word' id='word_1_748' title='bbox 1639 842 1788 873; x_wconf 89' lang='lat' dir='ltr'>omnium</span> <span class='ocrx_word' id='word_1_749' title='bbox 1810 853 1917 874; x_wconf 88' lang='lat' dir='ltr'>rerum</span> <span class='ocrx_word' id='word_1_750' title='bbox 1940 843 2159 884; x_wconf 89' lang='lat' dir='ltr'>perfectiones.</span> 
     </span>
    </p>

    <p class='ocr_par' dir='ltr' id='par_1_26' title="bbox 1401 885 2471 1063">
     <span class='ocr_line' id='line_1_100' title="bbox 1456 885 2471 931; baseline 0.005 -16"><span class='ocrx_word' id='word_1_751' title='bbox 1456 885 1540 916; x_wconf 90' lang='lat' dir='ltr'>XIV.</span> <span class='ocrx_word' id='word_1_752' title='bbox 1564 886 1728 917; x_wconf 91' lang='lat' dir='ltr'>Memento</span> <span class='ocrx_word' id='word_1_753' title='bbox 1752 887 1803 918; x_wconf 90' lang='lat' dir='ltr'>hic</span> <span class='ocrx_word' id='word_1_754' title='bbox 1826 888 1916 928; x_wconf 93' lang='lat' dir='ltr'>quod</span> <span class='ocrx_word' id='word_1_755' title='bbox 1939 888 2083 928; x_wconf 88' lang='lat' dir='ltr'>exempla</span> <span class='ocrx_word' id='word_1_756' title='bbox 2105 888 2268 929; x_wconf 91' lang='lat' dir='ltr'>ponimus,</span> <span class='ocrx_word' id='word_1_757' title='bbox 2292 899 2359 919; x_wconf 91' lang='lat' dir='ltr'>non</span> <span class='ocrx_word' id='word_1_758' title='bbox 2382 891 2471 931; x_wconf 92' lang='lat' dir='ltr'>quod</span> 
     </span>
     <span class='ocr_line' id='line_1_101' title="bbox 1402 929 2471 972; baseline 0.004 -12"><span class='ocrx_word' id='word_1_759' title='bbox 1402 930 1445 960; x_wconf 89' lang='lat' dir='ltr'>ita</span> <span class='ocrx_word' id='word_1_760' title='bbox 1461 929 1509 966; x_wconf 93' lang='lat' dir='ltr'>sit,</span> <span class='ocrx_word' id='word_1_761' title='bbox 1530 930 1585 960; x_wconf 92' lang='lat' dir='ltr'>sed</span> <span class='ocrx_word' id='word_1_762' title='bbox 1609 938 1644 962; x_wconf 92' lang='lat' dir='ltr'>ut</span> <span class='ocrx_word' id='word_1_763' title='bbox 1668 931 1820 962; x_wconf 91' lang='lat' dir='ltr'>discentes</span> <span class='ocrx_word' id='word_1_764' title='bbox 1838 932 2023 972; x_wconf 87' lang='lat' dir='ltr'>intelligant.</span> <span class='ocrx_word' id='word_1_765' title='bbox 2047 933 2122 963; x_wconf 89' lang='lat' dir='ltr'>Non</span> <span class='ocrx_word' id='word_1_766' title='bbox 2146 933 2231 964; x_wconf 86' lang='lat' dir='ltr'>enirn</span> <span class='ocrx_word' id='word_1_767' title='bbox 2253 943 2312 964; x_wconf 84' lang='lat' dir='ltr'>ens</span> <span class='ocrx_word' id='word_1_768' title='bbox 2334 940 2381 965; x_wconf 90' lang='lat' dir='ltr'>est</span> <span class='ocrx_word' id='word_1_769' title='bbox 2399 944 2471 964; x_wconf 89' lang='lat' dir='ltr'>ana-</span> 
     </span>
     <span class='ocr_line' id='line_1_102' title="bbox 1401 973 2470 1014; baseline 0.005 -10"><span class='ocrx_word' id='word_1_770' title='bbox 1401 973 1515 1014; x_wconf 89' lang='lat' dir='ltr'>logum</span> <span class='ocrx_word' id='word_1_771' title='bbox 1535 974 1605 1005; x_wconf 93' lang='lat' dir='ltr'>Deo</span> <span class='ocrx_word' id='word_1_772' title='bbox 1622 981 1653 1006; x_wconf 91' lang='lat' dir='ltr'>et</span> <span class='ocrx_word' id='word_1_773' title='bbox 1668 976 1816 1007; x_wconf 88' lang='lat' dir='ltr'>creaturis</span> <span class='ocrx_word' id='word_1_774' title='bbox 1839 977 2016 1008; x_wconf 88' lang='lat' dir='ltr'>secundum</span> <span class='ocrx_word' id='word_1_775' title='bbox 2040 977 2334 1009; x_wconf 88' lang='lat' dir='ltr'>denominationem</span> <span class='ocrx_word' id='word_1_776' title='bbox 2358 978 2470 1009; x_wconf 86' lang='lat' dir='ltr'>extrin-</span> 
     </span>
     <span class='ocr_line' id='line_1_103' title="bbox 1402 1021 2470 1063; baseline 0.005 -14"><span class='ocrx_word' id='word_1_777' title='bbox 1402 1028 1516 1055; x_wconf 88' lang='lat' dir='ltr'>secam,</span> <span class='ocrx_word' id='word_1_778' title='bbox 1534 1026 1570 1050; x_wconf 91' lang='lat' dir='ltr'>ut</span> <span class='ocrx_word' id='word_1_779' title='bbox 1583 1028 1721 1051; x_wconf 83' lang='lat' dir='ltr'>sanum:</span> <span class='ocrx_word' id='word_1_780' title='bbox 1743 1021 1798 1051; x_wconf 90' lang='lat' dir='ltr'>sed</span> <span class='ocrx_word' id='word_1_781' title='bbox 1821 1021 1854 1051; x_wconf 90' lang='lat' dir='ltr'>in</span> <span class='ocrx_word' id='word_1_782' title='bbox 1878 1021 1941 1052; x_wconf 93' lang='lat' dir='ltr'>hoc</span> <span class='ocrx_word' id='word_1_783' title='bbox 1964 1028 2049 1052; x_wconf 91' lang='lat' dir='ltr'>tenet</span> <span class='ocrx_word' id='word_1_784' title='bbox 2068 1021 2254 1059; x_wconf 72' lang='lat' dir='ltr'>similitudo,</span> <span class='ocrx_word' id='word_1_785' title='bbox 2271 1023 2360 1063; x_wconf 92' lang='lat' dir='ltr'>quod</span> <span class='ocrx_word' id='word_1_786' title='bbox 2384 1029 2470 1054; x_wconf 93' lang='lat' dir='ltr'>utro-</span> 
     </span>
    </p>
   </div>
   <div class='ocr_carea' id='block_1_18' title="bbox 1381 1062 2469 1108">
    <p class='ocr_par' dir='ltr' id='par_1_27' title="bbox 1381 1062 2469 1108">
     <span class='ocr_line' id='line_1_104' title="bbox 1381 1062 2469 1108; baseline 0.006 -16"><span class='ocrx_word' id='word_1_787' title='bbox 1381 1064 1383 1066; x_wconf 78' lang='grc'>’</span> <span class='ocrx_word' id='word_1_788' title='bbox 1402 1062 1497 1103; x_wconf 92' lang='lat' dir='ltr'>bique</span> <span class='ocrx_word' id='word_1_789' title='bbox 1517 1070 1563 1094; x_wconf 92' lang='lat' dir='ltr'>est</span> <span class='ocrx_word' id='word_1_790' title='bbox 1578 1064 1723 1105; x_wconf 87' lang='lat' dir='ltr'>analogia</span> <span class='ocrx_word' id='word_1_791' title='bbox 1742 1065 1862 1096; x_wconf 88' lang='lat' dir='ltr'>ratione</span> <span class='ocrx_word' id='word_1_792' title='bbox 1878 1065 1997 1096; x_wconf 90' lang='lat' dir='ltr'>ordinis</span> <span class='ocrx_word' id='word_1_793' title='bbox 2014 1066 2155 1097; x_wconf 90' lang='lat' dir='ltr'>duorum</span> <span class='ocrx_word' id='word_1_794' title='bbox 2170 1066 2251 1098; x_wconf 91' lang='lat' dir='ltr'>inter</span> <span class='ocrx_word' id='word_1_795' title='bbox 2265 1077 2307 1103; x_wconf 92' lang='lat' dir='ltr'>se,</span> <span class='ocrx_word' id='word_1_796' title='bbox 2323 1067 2469 1108; x_wconf 92' lang='lat' dir='ltr'>quamvis</span> 
     </span>
    </p>
   </div>
   <div class='ocr_carea' id='block_1_19' title="bbox 1387 1106 2471 3638">
    <p class='ocr_par' dir='ltr' id='par_1_28' title="bbox 1397 1106 2471 1502">
     <span class='ocr_line' id='line_1_105' title="bbox 1401 1106 2471 1143; baseline 0.006 -7"><span class='ocrx_word' id='word_1_797' title='bbox 1401 1106 1593 1138; x_wconf 82' lang='lat' dir='ltr'>dissimiliter</span> <span class='ocrx_word' id='word_1_798' title='bbox 1609 1108 1648 1139; x_wconf 91' lang='lat' dir='ltr'>sit</span> <span class='ocrx_word' id='word_1_799' title='bbox 1663 1108 1714 1140; x_wconf 91' lang='lat' dir='ltr'>hic</span> <span class='ocrx_word' id='word_1_800' title='bbox 1730 1116 1761 1140; x_wconf 89' lang='lat' dir='ltr'>et</span> <span class='ocrx_word' id='word_1_801' title='bbox 1775 1109 1828 1141; x_wconf 90' lang='lat' dir='ltr'>ibi.</span> <span class='ocrx_word' id='word_1_802' title='bbox 1853 1110 1937 1140; x_wconf 92' lang='lat' dir='ltr'>Nam</span> <span class='ocrx_word' id='word_1_803' title='bbox 1960 1110 2040 1141; x_wconf 88' lang='lat' dir='ltr'>inter</span> <span class='ocrx_word' id='word_1_804' title='bbox 2055 1111 2161 1142; x_wconf 91' lang='lat' dir='ltr'>Deum</span> <span class='ocrx_word' id='word_1_805' title='bbox 2180 1117 2211 1142; x_wconf 92' lang='lat' dir='ltr'>et</span> <span class='ocrx_word' id='word_1_806' title='bbox 2226 1118 2400 1142; x_wconf 89' lang='lat' dir='ltr'>creaturam</span> <span class='ocrx_word' id='word_1_807' title='bbox 2424 1119 2471 1143; x_wconf 93' lang='lat' dir='ltr'>est</span> 
     </span>
     <span class='ocr_line' id='line_1_106' title="bbox 1401 1150 2468 1197; baseline 0.007 -17"><span class='ocrx_word' id='word_1_808' title='bbox 1401 1150 1576 1182; x_wconf 90' lang='lat' dir='ltr'>similitudo</span> <span class='ocrx_word' id='word_1_809' title='bbox 1596 1152 1738 1184; x_wconf 91' lang='lat' dir='ltr'>formalis</span> <span class='ocrx_word' id='word_1_810' title='bbox 1760 1153 1913 1185; x_wconf 88' lang='lat' dir='ltr'>imitativa</span> <span class='ocrx_word' id='word_1_811' title='bbox 1932 1154 2028 1197; x_wconf 93' lang='lat' dir='ltr'>(quae</span> <span class='ocrx_word' id='word_1_812' title='bbox 2045 1154 2140 1186; x_wconf 91' lang='lat' dir='ltr'>etiam</span> <span class='ocrx_word' id='word_1_813' title='bbox 2155 1155 2189 1185; x_wconf 94' lang='lat' dir='ltr'>in</span> <span class='ocrx_word' id='word_1_814' title='bbox 2202 1155 2304 1186; x_wconf 88' lang='lat' dir='ltr'>littera</span> <span class='ocrx_word' id='word_1_815' title='bbox 2320 1155 2468 1196; x_wconf 87' lang='lat' dir='ltr'>tangitur,</span> 
     </span>
     <span class='ocr_line' id='line_1_107' title="bbox 1401 1195 2469 1242; baseline 0.006 -17"><span class='ocrx_word' id='word_1_816' title='bbox 1401 1195 1480 1225; x_wconf 92' lang='lat' dir='ltr'>dum</span> <span class='ocrx_word' id='word_1_817' title='bbox 1504 1203 1659 1227; x_wconf 87' lang='lat' dir='ltr'>creaturas</span> <span class='ocrx_word' id='word_1_818' title='bbox 1676 1197 1815 1228; x_wconf 89' lang='lat' dir='ltr'>ordinari</span> <span class='ocrx_word' id='word_1_819' title='bbox 1833 1198 1866 1228; x_wconf 92' lang='lat' dir='ltr'>in</span> <span class='ocrx_word' id='word_1_820' title='bbox 1889 1199 1996 1229; x_wconf 89' lang='lat' dir='ltr'>Deum</span> <span class='ocrx_word' id='word_1_821' title='bbox 2012 1199 2126 1230; x_wconf 92' lang='lat' dir='ltr'>dicitur</span> <span class='ocrx_word' id='word_1_822' title='bbox 2144 1206 2180 1230; x_wconf 93' lang='lat' dir='ltr'>ut</span> <span class='ocrx_word' id='word_1_823' title='bbox 2199 1209 2336 1236; x_wconf 88' lang='lat' dir='ltr'>causam,</span> <span class='ocrx_word' id='word_1_824' title='bbox 2356 1200 2390 1231; x_wconf 92' lang='lat' dir='ltr'>in</span> <span class='ocrx_word' id='word_1_825' title='bbox 2404 1211 2469 1242; x_wconf 92' lang='lat' dir='ltr'>qua</span> 
     </span>
     <span class='ocr_line' id='line_1_108' title="bbox 1400 1240 2469 1285; baseline 0.006 -16"><span class='ocrx_word' id='word_1_826' title='bbox 1400 1240 1612 1279; x_wconf 87' lang='lat' dir='ltr'>praeexistunt</span> <span class='ocrx_word' id='word_1_827' title='bbox 1635 1241 1843 1281; x_wconf 90' lang='lat' dir='ltr'>perfectiones</span> <span class='ocrx_word' id='word_1_828' title='bbox 1866 1241 2010 1285; x_wconf 88' lang='lat' dir='ltr'>omnes):</span> <span class='ocrx_word' id='word_1_829' title='bbox 2035 1243 2116 1274; x_wconf 91' lang='lat' dir='ltr'>inter</span> <span class='ocrx_word' id='word_1_830' title='bbox 2131 1240 2249 1275; x_wconf 82' lang='lat' dir='ltr'>animal</span> <span class='ocrx_word' id='word_1_831' title='bbox 2263 1254 2337 1274; x_wconf 93' lang='lat' dir='ltr'>vero</span> <span class='ocrx_word' id='word_1_832' title='bbox 2354 1255 2469 1276; x_wconf 91' lang='lat' dir='ltr'>sanum</span> 
     </span>
     <span class='ocr_line' id='line_1_109' title="bbox 1400 1283 2469 1328; baseline 0.007 -15"><span class='ocrx_word' id='word_1_833' title='bbox 1400 1290 1431 1314; x_wconf 90' lang='lat' dir='ltr'>et</span> <span class='ocrx_word' id='word_1_834' title='bbox 1454 1283 1579 1314; x_wconf 78' lang='lat' dir='ltr'>urinam</span> <span class='ocrx_word' id='word_1_835' title='bbox 1603 1295 1669 1315; x_wconf 91' lang='lat' dir='ltr'>non</span> <span class='ocrx_word' id='word_1_836' title='bbox 1685 1293 1731 1316; x_wconf 90' lang='lat' dir='ltr'>est</span> <span class='ocrx_word' id='word_1_837' title='bbox 1750 1286 1935 1323; x_wconf 90' lang='lat' dir='ltr'>similitudo,</span> <span class='ocrx_word' id='word_1_838' title='bbox 1953 1287 2008 1317; x_wconf 93' lang='lat' dir='ltr'>sed</span> <span class='ocrx_word' id='word_1_839' title='bbox 2023 1288 2133 1319; x_wconf 90' lang='lat' dir='ltr'>relatio</span> <span class='ocrx_word' id='word_1_840' title='bbox 2158 1287 2403 1328; x_wconf 91' lang='lat' dir='ltr'>significationis.</span> <span class='ocrx_word' id='word_1_841' title='bbox 2428 1289 2469 1320; x_wconf 86' lang='lat' dir='ltr'>Et</span> 
     </span>
     <span class='ocr_line' id='line_1_110' title="bbox 1399 1328 2468 1372; baseline 0.006 -14"><span class='ocrx_word' id='word_1_842' title='bbox 1399 1334 1566 1368; x_wconf 89' lang='lat' dir='ltr'>propterea</span> <span class='ocrx_word' id='word_1_843' title='bbox 1589 1328 1632 1359; x_wconf 90' lang='lat' dir='ltr'>ibi</span> <span class='ocrx_word' id='word_1_844' title='bbox 1655 1337 1702 1361; x_wconf 93' lang='lat' dir='ltr'>est</span> <span class='ocrx_word' id='word_1_845' title='bbox 1724 1330 1887 1371; x_wconf 89' lang='lat' dir='ltr'>analogica</span> <span class='ocrx_word' id='word_1_846' title='bbox 1910 1332 2123 1363; x_wconf 90' lang='lat' dir='ltr'>communitas</span> <span class='ocrx_word' id='word_1_847' title='bbox 2144 1332 2321 1363; x_wconf 90' lang='lat' dir='ltr'>secundum</span> <span class='ocrx_word' id='word_1_848' title='bbox 2343 1333 2468 1372; x_wconf 91' lang='lat' dir='ltr'>praedi-</span> 
     </span>
     <span class='ocr_line' id='line_1_111' title="bbox 1399 1371 2467 1416; baseline 0.006 -14"><span class='ocrx_word' id='word_1_849' title='bbox 1399 1371 1556 1403; x_wconf 86' lang='lat' dir='ltr'>cationem</span> <span class='ocrx_word' id='word_1_850' title='bbox 1576 1372 1760 1405; x_wconf 89' lang='lat' dir='ltr'>formalem:</span> <span class='ocrx_word' id='word_1_851' title='bbox 1785 1374 1836 1405; x_wconf 88' lang='lat' dir='ltr'>hic</span> <span class='ocrx_word' id='word_1_852' title='bbox 1855 1381 1962 1406; x_wconf 91' lang='lat' dir='ltr'>autem</span> <span class='ocrx_word' id='word_1_853' title='bbox 1978 1376 2106 1416; x_wconf 90' lang='lat' dir='ltr'>proprie</span> <span class='ocrx_word' id='word_1_854' title='bbox 2129 1383 2176 1407; x_wconf 91' lang='lat' dir='ltr'>est</span> <span class='ocrx_word' id='word_1_855' title='bbox 2192 1377 2404 1408; x_wconf 88' lang='lat' dir='ltr'>communitas</span> <span class='ocrx_word' id='word_1_856' title='bbox 2423 1384 2467 1408; x_wconf 87' lang='lat' dir='ltr'>at-</span> 
     </span>
     <span class='ocr_line' id='line_1_112' title="bbox 1398 1416 2467 1462; baseline 0.005 -15"><span class='ocrx_word' id='word_1_857' title='bbox 1398 1416 1578 1448; x_wconf 89' lang='lat' dir='ltr'>tributionis</span> <span class='ocrx_word' id='word_1_858' title='bbox 1602 1418 1642 1448; x_wconf 91' lang='lat' dir='ltr'>ad</span> <span class='ocrx_word' id='word_1_859' title='bbox 1665 1428 1768 1449; x_wconf 91' lang='lat' dir='ltr'>unum</span> <span class='ocrx_word' id='word_1_860' title='bbox 1791 1420 1968 1451; x_wconf 90' lang='lat' dir='ltr'>secundum</span> <span class='ocrx_word' id='word_1_861' title='bbox 1988 1420 2256 1460; x_wconf 88' lang='lat' dir='ltr'>praedicationem</span> <span class='ocrx_word' id='word_1_862' title='bbox 2279 1431 2467 1462; x_wconf 90' lang='lat' dir='ltr'>quamcum-</span> 
     </span>
     <span class='ocr_line' id='line_1_113' title="bbox 1397 1461 2123 1502; baseline 0.007 -11"><span class='ocrx_word' id='word_1_863' title='bbox 1397 1470 1471 1502; x_wconf 88' lang='lat' dir='ltr'>que,</span> <span class='ocrx_word' id='word_1_864' title='bbox 1496 1461 1561 1492; x_wconf 86' lang='lat' dir='ltr'>sive</span> <span class='ocrx_word' id='word_1_865' title='bbox 1584 1462 1753 1494; x_wconf 85' lang='lat' dir='ltr'>extrinsece</span> <span class='ocrx_word' id='word_1_866' title='bbox 1781 1463 1846 1495; x_wconf 89' lang='lat' dir='ltr'>sive</span> <span class='ocrx_word' id='word_1_867' title='bbox 1869 1464 2044 1501; x_wconf 83' lang='lat' dir='ltr'>intrinsece,</span> <span class='ocrx_word' id='word_1_868' title='bbox 2065 1471 2123 1496; x_wconf 86' lang='lat' dir='ltr'>etc.</span> 
     </span>
    </p>

    <p class='ocr_par' dir='ltr' id='par_1_29' title="bbox 1394 1506 2466 1996">
     <span class='ocr_line' id='line_1_114' title="bbox 1451 1506 2466 1552; baseline 0.006 -16"><span class='ocrx_word' id='word_1_869' title='bbox 1451 1506 1520 1537; x_wconf 91' lang='lat' dir='ltr'>XV.</span> <span class='ocrx_word' id='word_1_870' title='bbox 1539 1506 1656 1544; x_wconf 91' lang='lat' dir='ltr'>Quoad</span> <span class='ocrx_word' id='word_1_871' title='bbox 1675 1513 1827 1548; x_wconf 87' lang='lat' dir='ltr'>quartum</span> <span class='ocrx_word' id='word_1_872' title='bbox 1843 1508 1869 1545; x_wconf 91' lang='lat'>*‚</span> <span class='ocrx_word' id='word_1_873' title='bbox 1895 1509 2058 1540; x_wconf 90' lang='lat' dir='ltr'>conclusio</span> <span class='ocrx_word' id='word_1_874' title='bbox 2080 1516 2141 1540; x_wconf 87' lang='lat' dir='ltr'>est:</span> <span class='ocrx_word' id='word_1_875' title='bbox 2167 1509 2227 1540; x_wconf 90' lang='lat' dir='ltr'>Iste</span> <span class='ocrx_word' id='word_1_876' title='bbox 2243 1510 2359 1541; x_wconf 90' lang='lat' dir='ltr'>modus</span> <span class='ocrx_word' id='word_1_877' title='bbox 2379 1521 2466 1552; x_wconf 91' lang='lat' dir='ltr'>prae-</span> 
     </span>
     <span class='ocr_line' id='line_1_115' title="bbox 1397 1549 2466 1595; baseline 0.006 -15"><span class='ocrx_word' id='word_1_878' title='bbox 1397 1549 1562 1581; x_wconf 85' lang='lat' dir='ltr'>dicationis</span> <span class='ocrx_word' id='word_1_879' title='bbox 1577 1552 1701 1583; x_wconf 90' lang='lat' dir='ltr'>medius</span> <span class='ocrx_word' id='word_1_880' title='bbox 1719 1559 1766 1584; x_wconf 94' lang='lat' dir='ltr'>est</span> <span class='ocrx_word' id='word_1_881' title='bbox 1780 1552 1861 1584; x_wconf 89' lang='lat' dir='ltr'>inter</span> <span class='ocrx_word' id='word_1_882' title='bbox 1876 1553 2014 1584; x_wconf 90' lang='lat' dir='ltr'>univoca</span> <span class='ocrx_word' id='word_1_883' title='bbox 2033 1560 2063 1585; x_wconf 92' lang='lat' dir='ltr'>et</span> <span class='ocrx_word' id='word_1_884' title='bbox 2078 1553 2262 1595; x_wconf 81' lang='lat' dir='ltr'>aequivoca.</span> <span class='ocrx_word' id='word_1_885' title='bbox 2278 1573 2298 1577; x_wconf 98' lang='lat'><em>-</em></span> <span class='ocrx_word' id='word_1_886' title='bbox 2311 1555 2466 1587; x_wconf 83' lang='lat' dir='ltr'>Probatur</span> 
     </span>
     <span class='ocr_line' id='line_1_116' title="bbox 1396 1594 2464 1638; baseline 0.005 -13"><span class='ocrx_word' id='word_1_887' title='bbox 1396 1604 1453 1634; x_wconf 92' lang='lat' dir='ltr'>per</span> <span class='ocrx_word' id='word_1_888' title='bbox 1470 1594 1581 1626; x_wconf 89' lang='lat' dir='ltr'>locum</span> <span class='ocrx_word' id='word_1_889' title='bbox 1595 1606 1615 1626; x_wconf 91' lang='lat' dir='ltr'>a</span> <span class='ocrx_word' id='word_1_890' title='bbox 1631 1596 1816 1638; x_wconf 80' lang='lat' dir='ltr'>definitione</span> <span class='ocrx_word' id='word_1_891' title='bbox 1829 1597 1873 1628; x_wconf 87' lang='lat' dir='ltr'>ad</span> <span class='ocrx_word' id='word_1_892' title='bbox 1887 1597 2074 1637; x_wconf 86' lang='lat' dir='ltr'>definitum:</span> <span class='ocrx_word' id='word_1_893' title='bbox 2096 1598 2146 1629; x_wconf 89' lang='lat' dir='ltr'>hic</span> <span class='ocrx_word' id='word_1_894' title='bbox 2162 1608 2228 1629; x_wconf 91' lang='lat' dir='ltr'>non</span> <span class='ocrx_word' id='word_1_895' title='bbox 2245 1605 2291 1630; x_wconf 92' lang='lat' dir='ltr'>est</span> <span class='ocrx_word' id='word_1_896' title='bbox 2301 1610 2370 1630; x_wconf 59' lang='lat' dir='ltr'>«una</span> <span class='ocrx_word' id='word_1_897' title='bbox 2386 1600 2464 1631; x_wconf 90' lang='lat' dir='ltr'>ratio</span> 
     </span>
     <span class='ocr_line' id='line_1_117' title="bbox 1396 1638 2465 1684; baseline 0.006 -15"><span class='ocrx_word' id='word_1_898' title='bbox 1396 1638 1588 1679; x_wconf 88' lang='lat' dir='ltr'>simpliciter,</span> <span class='ocrx_word' id='word_1_899' title='bbox 1613 1650 1671 1672; x_wconf 92' lang='lat' dir='ltr'>nec</span> <span class='ocrx_word' id='word_1_900' title='bbox 1695 1641 1817 1672; x_wconf 81' lang='lat' dir='ltr'>diversa</span> <span class='ocrx_word' id='word_1_901' title='bbox 1832 1642 1978 1679; x_wconf 88' lang='lat' dir='ltr'>totaliter,</span> <span class='ocrx_word' id='word_1_902' title='bbox 1999 1643 2055 1673; x_wconf 87' lang='lat' dir='ltr'>sed</span> <span class='ocrx_word' id='word_1_903' title='bbox 2069 1643 2246 1673; x_wconf 90' lang='lat' dir='ltr'>secundum</span> <span class='ocrx_word' id='word_1_904' title='bbox 2261 1644 2465 1684; x_wconf 64' lang='lat' dir='ltr'>quid&#39;eadem</span> 
     </span>
     <span class='ocr_line' id='line_1_118' title="bbox 1396 1684 2464 1729; baseline 0.005 -15"><span class='ocrx_word' id='word_1_905' title='bbox 1396 1690 1427 1714; x_wconf 89' lang='lat' dir='ltr'>et</span> <span class='ocrx_word' id='word_1_906' title='bbox 1449 1684 1628 1715; x_wconf 90' lang='lat' dir='ltr'>secundum</span> <span class='ocrx_word' id='word_1_907' title='bbox 1643 1685 1722 1726; x_wconf 91' lang='lat' dir='ltr'>quid</span> <span class='ocrx_word' id='word_1_908' title='bbox 1739 1686 1870 1717; x_wconf 91' lang='lat' dir='ltr'>diversa.</span> <span class='ocrx_word' id='word_1_909' title='bbox 1895 1686 2055 1727; x_wconf 90' lang='lat' dir='ltr'>Significat</span> <span class='ocrx_word' id='word_1_910' title='bbox 2078 1687 2163 1718; x_wconf 90' lang='lat' dir='ltr'>enirn</span> <span class='ocrx_word' id='word_1_911' title='bbox 2180 1687 2316 1718; x_wconf 88' lang='lat' dir='ltr'>diversas</span> <span class='ocrx_word' id='word_1_912' title='bbox 2332 1699 2464 1729; x_wconf 92' lang='lat' dir='ltr'>propor-</span> 
     </span>
     <span class='ocr_line' id='line_1_119' title="bbox 1395 1727 2464 1774; baseline 0.006 -16"><span class='ocrx_word' id='word_1_913' title='bbox 1395 1727 1498 1759; x_wconf 87' lang='lat' dir='ltr'>tiones</span> <span class='ocrx_word' id='word_1_914' title='bbox 1514 1729 1554 1759; x_wconf 92' lang='lat' dir='ltr'>ad</span> <span class='ocrx_word' id='word_1_915' title='bbox 1570 1739 1689 1760; x_wconf 91' lang='lat' dir='ltr'>unum:</span> <span class='ocrx_word' id='word_1_916' title='bbox 1716 1737 1746 1761; x_wconf 89' lang='lat' dir='ltr'>et</span> <span class='ocrx_word' id='word_1_917' title='bbox 1769 1737 1945 1771; x_wconf 90' lang='lat' dir='ltr'>propterea,</span> <span class='ocrx_word' id='word_1_918' title='bbox 1969 1731 2090 1762; x_wconf 90' lang='lat' dir='ltr'>ratione</span> <span class='ocrx_word' id='word_1_919' title='bbox 2114 1732 2308 1763; x_wconf 88' lang='lat' dir='ltr'>diversarum</span> <span class='ocrx_word' id='word_1_920' title='bbox 2331 1743 2464 1774; x_wconf 93' lang='lat' dir='ltr'>propor-</span> 
     </span>
     <span class='ocr_line' id='line_1_120' title="bbox 1394 1771 2464 1816; baseline 0.005 -13"><span class='ocrx_word' id='word_1_921' title='bbox 1394 1771 1522 1804; x_wconf 90' lang='lat' dir='ltr'>tionum</span> <span class='ocrx_word' id='word_1_922' title='bbox 1546 1781 1593 1805; x_wconf 91' lang='lat' dir='ltr'>est</span> <span class='ocrx_word' id='word_1_923' title='bbox 1616 1774 1777 1806; x_wconf 90' lang='lat' dir='ltr'>diversitas</span> <span class='ocrx_word' id='word_1_924' title='bbox 1806 1776 1983 1806; x_wconf 89' lang='lat' dir='ltr'>secundum</span> <span class='ocrx_word' id='word_1_925' title='bbox 2011 1775 2103 1816; x_wconf 88' lang='lat' dir='ltr'>quid;</span> <span class='ocrx_word' id='word_1_926' title='bbox 2128 1776 2249 1807; x_wconf 90' lang='lat' dir='ltr'>ratione</span> <span class='ocrx_word' id='word_1_927' title='bbox 2271 1787 2346 1808; x_wconf 89' lang='lat' dir='ltr'>vero</span> <span class='ocrx_word' id='word_1_928' title='bbox 2370 1778 2464 1809; x_wconf 90' lang='lat' dir='ltr'>unius</span> 
     </span>
     <span class='ocr_line' id='line_1_121' title="bbox 1394 1817 2463 1862; baseline 0.006 -15"><span class='ocrx_word' id='word_1_929' title='bbox 1394 1817 1438 1847; x_wconf 90' lang='lat' dir='ltr'>rei</span> <span class='ocrx_word' id='word_1_930' title='bbox 1462 1818 1502 1848; x_wconf 92' lang='lat' dir='ltr'>ad</span> <span class='ocrx_word' id='word_1_931' title='bbox 1525 1828 1638 1859; x_wconf 86' lang='lat' dir='ltr'>quarn,</span> <span class='ocrx_word' id='word_1_932' title='bbox 1663 1819 1713 1850; x_wconf 90' lang='lat' dir='ltr'>vel</span> <span class='ocrx_word' id='word_1_933' title='bbox 1741 1820 1919 1851; x_wconf 87' lang='lat' dir='ltr'>secundum</span> <span class='ocrx_word' id='word_1_934' title='bbox 1942 1830 2050 1860; x_wconf 90' lang='lat' dir='ltr'>quam,</span> <span class='ocrx_word' id='word_1_935' title='bbox 2074 1820 2146 1852; x_wconf 88' lang='lat' dir='ltr'>illae</span> <span class='ocrx_word' id='word_1_936' title='bbox 2169 1821 2308 1852; x_wconf 88' lang='lat' dir='ltr'>diversae</span> <span class='ocrx_word' id='word_1_937' title='bbox 2331 1831 2463 1862; x_wconf 90' lang='lat' dir='ltr'>propor-</span> 
     </span>
     <span class='ocr_line' id='line_1_122' title="bbox 1394 1861 2464 1907; baseline 0.005 -15"><span class='ocrx_word' id='word_1_938' title='bbox 1394 1861 1498 1893; x_wconf 90' lang='lat' dir='ltr'>tiones</span> <span class='ocrx_word' id='word_1_939' title='bbox 1521 1862 1612 1900; x_wconf 85' lang='lat' dir='ltr'>fiunt,</span> <span class='ocrx_word' id='word_1_940' title='bbox 1637 1870 1684 1894; x_wconf 90' lang='lat' dir='ltr'>est</span> <span class='ocrx_word' id='word_1_941' title='bbox 1707 1864 1884 1895; x_wconf 89' lang='lat' dir='ltr'>secundum</span> <span class='ocrx_word' id='word_1_942' title='bbox 1907 1864 1985 1906; x_wconf 94' lang='lat' dir='ltr'>quid</span> <span class='ocrx_word' id='word_1_943' title='bbox 2008 1875 2081 1902; x_wconf 90' lang='lat' dir='ltr'>una,</span> <span class='ocrx_word' id='word_1_944' title='bbox 2106 1872 2142 1896; x_wconf 91' lang='lat' dir='ltr'>ut</span> <span class='ocrx_word' id='word_1_945' title='bbox 2164 1872 2250 1906; x_wconf 90' lang='lat' dir='ltr'>patet</span> <span class='ocrx_word' id='word_1_946' title='bbox 2268 1866 2302 1896; x_wconf 91' lang='lat' dir='ltr'>in</span> <span class='ocrx_word' id='word_1_947' title='bbox 2318 1867 2464 1907; x_wconf 86' lang='lat' dir='ltr'>exemplo</span> 
     </span>
     <span class='ocr_line' id='line_1_123' title="bbox 1395 1906 2463 1951; baseline 0.004 -14"><span class='ocrx_word' id='word_1_948' title='bbox 1395 1906 1433 1937; x_wconf 91' lang='lat' dir='ltr'>de</span> <span class='ocrx_word' id='word_1_949' title='bbox 1449 1916 1540 1945; x_wconf 83' lang='lat' dir='ltr'>sano,</span> <span class='ocrx_word' id='word_1_950' title='bbox 1559 1914 1617 1939; x_wconf 92' lang='lat' dir='ltr'>etc.</span> <span class='ocrx_word' id='word_1_951' title='bbox 1638 1908 1733 1949; x_wconf 89' lang='lat' dir='ltr'>Ergo.</span> <span class='ocrx_word' id='word_1_952' title='bbox 1746 1927 1766 1931; x_wconf 98' lang='lat'><em>-</em></span> <span class='ocrx_word' id='word_1_953' title='bbox 1782 1909 1873 1940; x_wconf 91' lang='lat' dir='ltr'>Hanc</span> <span class='ocrx_word' id='word_1_954' title='bbox 1890 1909 2055 1940; x_wconf 87' lang='lat' dir='ltr'>materiam</span> <span class='ocrx_word' id='word_1_955' title='bbox 2070 1909 2096 1940; x_wconf 93' lang='lat' dir='ltr'>si</span> <span class='ocrx_word' id='word_1_956' title='bbox 2111 1910 2158 1940; x_wconf 90' lang='lat' dir='ltr'>vis</span> <span class='ocrx_word' id='word_1_957' title='bbox 2174 1910 2267 1950; x_wconf 90' lang='lat' dir='ltr'>plene</span> <span class='ocrx_word' id='word_1_958' title='bbox 2281 1910 2463 1951; x_wconf 89' lang='lat' dir='ltr'>intelligere,</span> 
     </span>
     <span class='ocr_line' id='line_1_124' title="bbox 1394 1951 2415 1996; baseline 0.004 -14"><span class='ocrx_word' id='word_1_959' title='bbox 1394 1951 1465 1982; x_wconf 91' lang='lat' dir='ltr'>vide</span> <span class='ocrx_word' id='word_1_960' title='bbox 1490 1962 1582 1992; x_wconf 90' lang='lat' dir='ltr'>saepe</span> <span class='ocrx_word' id='word_1_961' title='bbox 1607 1953 1729 1984; x_wconf 91' lang='lat' dir='ltr'>dictum</span> <span class='ocrx_word' id='word_1_962' title='bbox 1753 1953 1948 1994; x_wconf 92' lang='lat' dir='ltr'>opusculum</span> <span class='ocrx_word' id='word_1_963' title='bbox 1970 1954 2022 1985; x_wconf 90' lang='lat' dir='ltr'>De</span> <span class='ocrx_word' id='word_1_964' title='bbox 2043 1955 2207 1996; x_wconf 82' lang='lat' dir='ltr'>Analogia</span> <span class='ocrx_word' id='word_1_965' title='bbox 2230 1955 2415 1987; x_wconf 87' lang='lat' dir='ltr'>Nominum.</span> 
     </span>
    </p>

    <p class='ocr_par' dir='ltr' id='par_1_30' title="bbox 1393 1997 2464 2215">
     <span class='ocr_line' id='line_1_125' title="bbox 1448 1997 2464 2041; baseline 0.002 -13"><span class='ocrx_word' id='word_1_966' title='bbox 1448 1997 1531 2028; x_wconf 90' lang='lat' dir='ltr'>XVI.</span> <span class='ocrx_word' id='word_1_967' title='bbox 1550 1997 1585 2028; x_wconf 93' lang='lat' dir='ltr'>In</span> <span class='ocrx_word' id='word_1_968' title='bbox 1601 1997 1809 2038; x_wconf 91' lang='lat' dir='ltr'>responsione</span> <span class='ocrx_word' id='word_1_969' title='bbox 1833 1998 1873 2028; x_wconf 90' lang='lat' dir='ltr'>ad</span> <span class='ocrx_word' id='word_1_970' title='bbox 1888 1998 2039 2038; x_wconf 72' lang='lat' dir='ltr'>pdmum,</span> <span class='ocrx_word' id='word_1_971' title='bbox 2057 1998 2192 2030; x_wconf 90' lang='lat' dir='ltr'>dubium</span> <span class='ocrx_word' id='word_1_972' title='bbox 2215 1999 2364 2030; x_wconf 82' lang='lat' dir='ltr'>occurrit:</span> <span class='ocrx_word' id='word_1_973' title='bbox 2388 1999 2464 2041; x_wconf 89' lang='lat' dir='ltr'>quia</span> 
     </span>
     <span class='ocr_line' id='line_1_126' title="bbox 1394 2040 2462 2085; baseline 0.005 -14"><span class='ocrx_word' id='word_1_974' title='bbox 1394 2040 1465 2071; x_wconf 91' lang='lat' dir='ltr'>finis</span> <span class='ocrx_word' id='word_1_975' title='bbox 1482 2042 1698 2082; x_wconf 90' lang='lat' dir='ltr'>responsionis</span> <span class='ocrx_word' id='word_1_976' title='bbox 1722 2043 1908 2074; x_wconf 90' lang='lat' dir='ltr'>contradicit</span> <span class='ocrx_word' id='word_1_977' title='bbox 1930 2043 2086 2084; x_wconf 89' lang='lat' dir='ltr'>principio</span> <span class='ocrx_word' id='word_1_978' title='bbox 2111 2043 2263 2075; x_wconf 89' lang='lat' dir='ltr'>eiusdem.</span> <span class='ocrx_word' id='word_1_979' title='bbox 2288 2044 2323 2074; x_wconf 91' lang='lat' dir='ltr'>In</span> <span class='ocrx_word' id='word_1_980' title='bbox 2347 2044 2462 2085; x_wconf 90' lang='lat' dir='ltr'>princi-</span> 
     </span>
     <span class='ocr_line' id='line_1_127' title="bbox 1393 2086 2462 2129; baseline 0.004 -13"><span class='ocrx_word' id='word_1_981' title='bbox 1393 2086 1449 2126; x_wconf 91' lang='lat' dir='ltr'>pio</span> <span class='ocrx_word' id='word_1_982' title='bbox 1474 2086 1634 2127; x_wconf 90' lang='lat' dir='ltr'>siquidem</span> <span class='ocrx_word' id='word_1_983' title='bbox 1663 2086 1776 2118; x_wconf 87' lang='lat' dir='ltr'>dicitur</span> <span class='ocrx_word' id='word_1_984' title='bbox 1798 2087 1888 2128; x_wconf 93' lang='lat' dir='ltr'>quod</span> <span class='ocrx_word' id='word_1_985' title='bbox 1911 2087 2084 2129; x_wconf 89' lang='lat' dir='ltr'>aequivoca</span> <span class='ocrx_word' id='word_1_986' title='bbox 2113 2088 2309 2119; x_wconf 89' lang='lat' dir='ltr'>reducuntur</span> <span class='ocrx_word' id='word_1_987' title='bbox 2336 2089 2369 2119; x_wconf 89' lang='lat' dir='ltr'>in</span> <span class='ocrx_word' id='word_1_988' title='bbox 2392 2089 2462 2120; x_wconf 92' lang='lat' dir='ltr'>uni-</span> 
     </span>
     <span class='ocr_line' id='line_1_128' title="bbox 1393 2131 2462 2174; baseline 0.003 -13"><span class='ocrx_word' id='word_1_989' title='bbox 1393 2141 1512 2161; x_wconf 91' lang='lat' dir='ltr'>vocum</span> <span class='ocrx_word' id='word_1_990' title='bbox 1535 2131 1568 2161; x_wconf 88' lang='lat' dir='ltr'>in</span> <span class='ocrx_word' id='word_1_991' title='bbox 1585 2131 1885 2172; x_wconf 90' lang='lat' dir='ltr'>praedicationibus:</span> <span class='ocrx_word' id='word_1_992' title='bbox 1910 2131 1943 2162; x_wconf 89' lang='lat' dir='ltr'>in</span> <span class='ocrx_word' id='word_1_993' title='bbox 1967 2132 2050 2163; x_wconf 91' lang='lat' dir='ltr'>calce</span> <span class='ocrx_word' id='word_1_994' title='bbox 2072 2138 2180 2163; x_wconf 90' lang='lat' dir='ltr'>autem</span> <span class='ocrx_word' id='word_1_995' title='bbox 2196 2132 2308 2163; x_wconf 89' lang='lat' dir='ltr'>dicitur</span> <span class='ocrx_word' id='word_1_996' title='bbox 2324 2134 2413 2174; x_wconf 93' lang='lat' dir='ltr'>quod</span> <span class='ocrx_word' id='word_1_997' title='bbox 2429 2134 2462 2164; x_wconf 91' lang='lat' dir='ltr'>in</span> 
     </span>
     <span class='ocr_line' id='line_1_129' title="bbox 1393 2175 2412 2215; baseline 0.003 -10"><span class='ocrx_word' id='word_1_998' title='bbox 1393 2175 1680 2215; x_wconf 89' lang='lat' dir='ltr'>praedicationibus</span> <span class='ocrx_word' id='word_1_999' title='bbox 1704 2176 1841 2207; x_wconf 90' lang='lat' dir='ltr'>univoca</span> <span class='ocrx_word' id='word_1_1000' title='bbox 1863 2177 2058 2207; x_wconf 91' lang='lat' dir='ltr'>reducuntur</span> <span class='ocrx_word' id='word_1_1001' title='bbox 2080 2176 2113 2207; x_wconf 91' lang='lat' dir='ltr'>in</span> <span class='ocrx_word' id='word_1_1002' title='bbox 2137 2186 2203 2208; x_wconf 89' lang='lat' dir='ltr'>non</span> <span class='ocrx_word' id='word_1_1003' title='bbox 2226 2177 2412 2209; x_wconf 87' lang='lat' dir='ltr'>univocum.</span> 
     </span>
    </p>

    <p class='ocr_par' dir='ltr' id='par_1_31' title="bbox 1388 2220 2462 3230">
     <span class='ocr_line' id='line_1_130' title="bbox 1447 2220 2462 2263; baseline 0.002 -12"><span class='ocrx_word' id='word_1_1004' title='bbox 1447 2221 1546 2251; x_wconf 94' lang='lat' dir='ltr'>XVII.</span> <span class='ocrx_word' id='word_1_1005' title='bbox 1563 2221 1615 2251; x_wconf 91' lang='lat' dir='ltr'>Ad</span> <span class='ocrx_word' id='word_1_1006' title='bbox 1635 2220 1698 2251; x_wconf 91' lang='lat' dir='ltr'>hoc</span> <span class='ocrx_word' id='word_1_1007' title='bbox 1722 2220 1836 2252; x_wconf 90' lang='lat' dir='ltr'>dicitur</span> <span class='ocrx_word' id='word_1_1008' title='bbox 1854 2221 2030 2262; x_wconf 86' lang='lat' dir='ltr'>dupliciter.</span> <span class='ocrx_word' id='word_1_1009' title='bbox 2054 2221 2181 2253; x_wconf 86' lang='lat' dir='ltr'>Primo:</span> <span class='ocrx_word' id='word_1_1010' title='bbox 2203 2221 2236 2252; x_wconf 90' lang='lat' dir='ltr'>in</span> <span class='ocrx_word' id='word_1_1011' title='bbox 2259 2222 2318 2253; x_wconf 91' lang='lat' dir='ltr'>hac</span> <span class='ocrx_word' id='word_1_1012' title='bbox 2332 2232 2462 2263; x_wconf 91' lang='lat' dir='ltr'>respon-</span> 
     </span>
     <span class='ocr_line' id='line_1_131' title="bbox 1393 2264 2462 2306; baseline 0.003 -11"><span class='ocrx_word' id='word_1_1013' title='bbox 1393 2264 1482 2295; x_wconf 90' lang='lat' dir='ltr'>sione</span> <span class='ocrx_word' id='word_1_1014' title='bbox 1497 2264 1577 2296; x_wconf 84' lang='lat' dir='ltr'>facta</span> <span class='ocrx_word' id='word_1_1015' title='bbox 1592 2272 1639 2296; x_wconf 91' lang='lat' dir='ltr'>est</span> <span class='ocrx_word' id='word_1_1016' title='bbox 1653 2265 1769 2306; x_wconf 86' lang='lat' dir='ltr'>duplex</span> <span class='ocrx_word' id='word_1_1017' title='bbox 1785 2266 1980 2306; x_wconf 89' lang='lat' dir='ltr'>comparatio</span> <span class='ocrx_word' id='word_1_1018' title='bbox 1996 2266 2029 2296; x_wconf 92' lang='lat' dir='ltr'>in</span> <span class='ocrx_word' id='word_1_1019' title='bbox 2045 2265 2341 2306; x_wconf 86' lang='lat' dir='ltr'>praedicationibus.</span> <span class='ocrx_word' id='word_1_1020' title='bbox 2357 2267 2462 2298; x_wconf 91' lang='lat' dir='ltr'>Prima</span> 
     </span>
     <span class='ocr_line' id='line_1_132' title="bbox 1393 2309 2462 2351; baseline 0.002 -11"><span class='ocrx_word' id='word_1_1021' title='bbox 1393 2316 1439 2340; x_wconf 91' lang='lat' dir='ltr'>est</span> <span class='ocrx_word' id='word_1_1022' title='bbox 1462 2309 1543 2341; x_wconf 91' lang='lat' dir='ltr'>inter</span> <span class='ocrx_word' id='word_1_1023' title='bbox 1566 2309 1703 2341; x_wconf 90' lang='lat' dir='ltr'>univoca</span> <span class='ocrx_word' id='word_1_1024' title='bbox 1726 2317 1756 2341; x_wconf 94' lang='lat' dir='ltr'>et</span> <span class='ocrx_word' id='word_1_1025' title='bbox 1779 2320 1858 2351; x_wconf 88' lang='lat' dir='ltr'>pure</span> <span class='ocrx_word' id='word_1_1026' title='bbox 1882 2310 2071 2351; x_wconf 84' lang='lat' dir='ltr'>aequivoca:</span> <span class='ocrx_word' id='word_1_1027' title='bbox 2098 2317 2128 2341; x_wconf 94' lang='lat' dir='ltr'>et</span> <span class='ocrx_word' id='word_1_1028' title='bbox 2150 2310 2228 2342; x_wconf 89' lang='lat' dir='ltr'>haec</span> <span class='ocrx_word' id='word_1_1029' title='bbox 2255 2310 2336 2342; x_wconf 87' lang='lat' dir='ltr'>facta</span> <span class='ocrx_word' id='word_1_1030' title='bbox 2359 2318 2406 2342; x_wconf 89' lang='lat' dir='ltr'>est</span> <span class='ocrx_word' id='word_1_1031' title='bbox 2428 2312 2462 2342; x_wconf 90' lang='lat' dir='ltr'>in</span> 
     </span>
     <span class='ocr_line' id='line_1_133' title="bbox 1392 2354 2462 2395; baseline 0.003 -11"><span class='ocrx_word' id='word_1_1032' title='bbox 1392 2354 1560 2395; x_wconf 86' lang='lat' dir='ltr'>principio.</span> <span class='ocrx_word' id='word_1_1033' title='bbox 1586 2354 1732 2386; x_wconf 90' lang='lat' dir='ltr'>Secunda</span> <span class='ocrx_word' id='word_1_1034' title='bbox 1756 2361 1802 2386; x_wconf 91' lang='lat' dir='ltr'>est</span> <span class='ocrx_word' id='word_1_1035' title='bbox 1824 2354 1904 2385; x_wconf 91' lang='lat' dir='ltr'>inter</span> <span class='ocrx_word' id='word_1_1036' title='bbox 1937 2354 2073 2386; x_wconf 88' lang='lat' dir='ltr'>univoca</span> <span class='ocrx_word' id='word_1_1037' title='bbox 2102 2361 2132 2386; x_wconf 92' lang='lat' dir='ltr'>et</span> <span class='ocrx_word' id='word_1_1038' title='bbox 2155 2365 2221 2386; x_wconf 92' lang='lat' dir='ltr'>non</span> <span class='ocrx_word' id='word_1_1039' title='bbox 2254 2355 2405 2387; x_wconf 90' lang='lat' dir='ltr'>univoca:</span> <span class='ocrx_word' id='word_1_1040' title='bbox 2431 2363 2462 2387; x_wconf 93' lang='lat' dir='ltr'>et</span> 
     </span>
     <span class='ocr_line' id='line_1_134' title="bbox 1392 2398 2461 2431; baseline 0.001 -1"><span class='ocrx_word' id='word_1_1041' title='bbox 1392 2399 1469 2430; x_wconf 85' lang='lat' dir='ltr'>haec</span> <span class='ocrx_word' id='word_1_1042' title='bbox 1493 2399 1573 2430; x_wconf 84' lang='lat' dir='ltr'>facta</span> <span class='ocrx_word' id='word_1_1043' title='bbox 1598 2406 1643 2430; x_wconf 88' lang='lat' dir='ltr'>est</span> <span class='ocrx_word' id='word_1_1044' title='bbox 1657 2398 1690 2429; x_wconf 92' lang='lat' dir='ltr'>in</span> <span class='ocrx_word' id='word_1_1045' title='bbox 1713 2398 1785 2430; x_wconf 89' lang='lat' dir='ltr'>fine.</span> <span class='ocrx_word' id='word_1_1046' title='bbox 1803 2399 1844 2430; x_wconf 91' lang='lat' dir='ltr'>Et</span> <span class='ocrx_word' id='word_1_1047' title='bbox 1866 2399 1939 2430; x_wconf 93' lang='lat' dir='ltr'>ideo</span> <span class='ocrx_word' id='word_1_1048' title='bbox 1955 2399 2042 2429; x_wconf 92' lang='lat' dir='ltr'>nulla</span> <span class='ocrx_word' id='word_1_1049' title='bbox 2058 2405 2105 2430; x_wconf 90' lang='lat' dir='ltr'>est</span> <span class='ocrx_word' id='word_1_1050' title='bbox 2128 2399 2344 2431; x_wconf 86' lang='lat' dir='ltr'>contradictio.</span> <span class='ocrx_word' id='word_1_1051' title='bbox 2361 2419 2382 2423; x_wconf 93' lang='lat'><em>-</em></span> <span class='ocrx_word' id='word_1_1052' title='bbox 2399 2401 2461 2431; x_wconf 93' lang='lat' dir='ltr'>Sed</span> 
     </span>
     <span class='ocr_line' id='line_1_135' title="bbox 1391 2443 2461 2484; baseline 0.002 -10"><span class='ocrx_word' id='word_1_1053' title='bbox 1391 2443 1469 2474; x_wconf 91' lang='lat' dir='ltr'>haec</span> <span class='ocrx_word' id='word_1_1054' title='bbox 1492 2443 1658 2484; x_wconf 90' lang='lat' dir='ltr'>responsio</span> <span class='ocrx_word' id='word_1_1055' title='bbox 1682 2443 1899 2474; x_wconf 88' lang='lat' dir='ltr'>difficultatem</span> <span class='ocrx_word' id='word_1_1056' title='bbox 1921 2443 2056 2484; x_wconf 88' lang='lat' dir='ltr'>patitur,</span> <span class='ocrx_word' id='word_1_1057' title='bbox 2083 2453 2121 2474; x_wconf 91' lang='lat' dir='ltr'>eo</span> <span class='ocrx_word' id='word_1_1058' title='bbox 2145 2444 2234 2484; x_wconf 93' lang='lat' dir='ltr'>quod</span> <span class='ocrx_word' id='word_1_1059' title='bbox 2257 2444 2301 2474; x_wconf 91' lang='lat' dir='ltr'>sic</span> <span class='ocrx_word' id='word_1_1060' title='bbox 2325 2454 2390 2475; x_wconf 89' lang='lat' dir='ltr'>non</span> <span class='ocrx_word' id='word_1_1061' title='bbox 2415 2451 2461 2476; x_wconf 91' lang='lat' dir='ltr'>est</span> 
     </span>
     <span class='ocr_line' id='line_1_136' title="bbox 1392 2487 2458 2529; baseline 0 -10"><span class='ocrx_word' id='word_1_1062' title='bbox 1392 2488 1587 2519; x_wconf 90' lang='lat' dir='ltr'>satisfactum</span> <span class='ocrx_word' id='word_1_1063' title='bbox 1620 2495 1819 2529; x_wconf 85' lang='lat' dir='ltr'>argumento.</span> <span class='ocrx_word' id='word_1_1064' title='bbox 1839 2488 1895 2519; x_wconf 93' lang='lat' dir='ltr'>Vis</span> <span class='ocrx_word' id='word_1_1065' title='bbox 1919 2488 2005 2518; x_wconf 92' lang='lat' dir='ltr'>enim</span> <span class='ocrx_word' id='word_1_1066' title='bbox 2028 2487 2206 2528; x_wconf 88' lang='lat' dir='ltr'>argumenti</span> <span class='ocrx_word' id='word_1_1067' title='bbox 2238 2495 2299 2519; x_wconf 91' lang='lat' dir='ltr'>stat</span> <span class='ocrx_word' id='word_1_1068' title='bbox 2320 2488 2354 2518; x_wconf 93' lang='lat' dir='ltr'>in</span> <span class='ocrx_word' id='word_1_1069' title='bbox 2377 2489 2458 2525; x_wconf 92' lang='lat' dir='ltr'>hoc,</span> 
     </span>
     <span class='ocr_line' id='line_1_137' title="bbox 1392 2532 2457 2574; baseline 0.001 -10"><span class='ocrx_word' id='word_1_1070' title='bbox 1392 2534 1481 2574; x_wconf 92' lang='lat' dir='ltr'>quod</span> <span class='ocrx_word' id='word_1_1071' title='bbox 1498 2533 1674 2564; x_wconf 88' lang='lat' dir='ltr'>univocum</span> <span class='ocrx_word' id='word_1_1072' title='bbox 1688 2532 1783 2563; x_wconf 89' lang='lat' dir='ltr'>habet</span> <span class='ocrx_word' id='word_1_1073' title='bbox 1792 2542 1824 2563; x_wconf 89' lang='lat' dir='ltr'>se</span> <span class='ocrx_word' id='word_1_1074' title='bbox 1839 2532 1880 2562; x_wconf 94' lang='lat' dir='ltr'>ad</span> <span class='ocrx_word' id='word_1_1075' title='bbox 1892 2532 2115 2573; x_wconf 89' lang='lat' dir='ltr'>aequivocum,</span> <span class='ocrx_word' id='word_1_1076' title='bbox 2127 2539 2163 2563; x_wconf 88' lang='lat' dir='ltr'>ut</span> <span class='ocrx_word' id='word_1_1077' title='bbox 2176 2542 2280 2563; x_wconf 91' lang='lat' dir='ltr'>unum</span> <span class='ocrx_word' id='word_1_1078' title='bbox 2294 2533 2334 2563; x_wconf 93' lang='lat' dir='ltr'>ad</span> <span class='ocrx_word' id='word_1_1079' title='bbox 2346 2534 2457 2565; x_wconf 87' lang='lat' dir='ltr'>multa.</span> 
     </span>
     <span class='ocr_line' id='line_1_138' title="bbox 1392 2576 2459 2618; baseline -0.001 -9"><span class='ocrx_word' id='word_1_1080' title='bbox 1392 2577 1527 2609; x_wconf 90' lang='lat' dir='ltr'>Constat</span> <span class='ocrx_word' id='word_1_1081' title='bbox 1554 2584 1662 2608; x_wconf 89' lang='lat' dir='ltr'>autem</span> <span class='ocrx_word' id='word_1_1082' title='bbox 1686 2577 1775 2618; x_wconf 93' lang='lat' dir='ltr'>quod</span> <span class='ocrx_word' id='word_1_1083' title='bbox 1805 2576 1867 2607; x_wconf 95' lang='lat' dir='ltr'>hoc</span> <span class='ocrx_word' id='word_1_1084' title='bbox 1890 2583 1936 2607; x_wconf 89' lang='lat' dir='ltr'>est</span> <span class='ocrx_word' id='word_1_1085' title='bbox 1958 2580 2070 2607; x_wconf 83' lang='lat' dir='ltr'>verum</span> <span class='ocrx_word' id='word_1_1086' title='bbox 2093 2587 2159 2607; x_wconf 91' lang='lat' dir='ltr'>non</span> <span class='ocrx_word' id='word_1_1087' title='bbox 2188 2577 2295 2607; x_wconf 90' lang='lat' dir='ltr'>solum</span> <span class='ocrx_word' id='word_1_1088' title='bbox 2318 2577 2357 2607; x_wconf 91' lang='lat' dir='ltr'>de</span> <span class='ocrx_word' id='word_1_1089' title='bbox 2379 2588 2459 2618; x_wconf 91' lang='lat' dir='ltr'>pure</span> 
     </span>
     <span class='ocr_line' id='line_1_139' title="bbox 1390 2620 2459 2663; baseline 0 -11"><span class='ocrx_word' id='word_1_1090' title='bbox 1390 2622 1582 2663; x_wconf 91' lang='lat' dir='ltr'>aequivocis,</span> <span class='ocrx_word' id='word_1_1091' title='bbox 1603 2621 1657 2652; x_wconf 89' lang='lat' dir='ltr'>sed</span> <span class='ocrx_word' id='word_1_1092' title='bbox 1672 2631 1879 2662; x_wconf 91' lang='lat' dir='ltr'>quocumque</span> <span class='ocrx_word' id='word_1_1093' title='bbox 1894 2621 1993 2651; x_wconf 90' lang='lat' dir='ltr'>modo</span> <span class='ocrx_word' id='word_1_1094' title='bbox 2018 2620 2208 2662; x_wconf 89' lang='lat' dir='ltr'>aequivocis,</span> <span class='ocrx_word' id='word_1_1095' title='bbox 2226 2632 2282 2652; x_wconf 92' lang='lat' dir='ltr'>seu</span> <span class='ocrx_word' id='word_1_1096' title='bbox 2306 2632 2373 2652; x_wconf 91' lang='lat' dir='ltr'>non</span> <span class='ocrx_word' id='word_1_1097' title='bbox 2389 2622 2459 2653; x_wconf 89' lang='lat' dir='ltr'>uni-</span> 
     </span>
     <span class='ocr_line' id='line_1_140' title="bbox 1389 2665 2458 2708; baseline 0 -11"><span class='ocrx_word' id='word_1_1098' title='bbox 1389 2667 1493 2698; x_wconf 88' lang='lat' dir='ltr'>vocis:</span> <span class='ocrx_word' id='word_1_1099' title='bbox 1516 2666 1670 2707; x_wconf 90' lang='lat' dir='ltr'>quoniam</span> <span class='ocrx_word' id='word_1_1100' title='bbox 1685 2666 1797 2696; x_wconf 84' lang='lat' dir='ltr'>&#39;unum</span> <span class='ocrx_word' id='word_1_1101' title='bbox 1819 2675 1886 2695; x_wconf 91' lang='lat' dir='ltr'>non</span> <span class='ocrx_word' id='word_1_1102' title='bbox 1902 2665 2010 2696; x_wconf 93' lang='lat' dir='ltr'>solum</span> <span class='ocrx_word' id='word_1_1103' title='bbox 2033 2672 2079 2696; x_wconf 89' lang='lat' dir='ltr'>est</span> <span class='ocrx_word' id='word_1_1104' title='bbox 2102 2665 2189 2706; x_wconf 92' lang='lat' dir='ltr'>prius</span> <span class='ocrx_word' id='word_1_1105' title='bbox 2204 2666 2313 2697; x_wconf 90' lang='lat' dir='ltr'>multis</span> <span class='ocrx_word' id='word_1_1106' title='bbox 2337 2666 2458 2708; x_wconf 90' lang='lat' dir='ltr'>simpli-</span> 
     </span>
     <span class='ocr_line' id='line_1_141' title="bbox 1391 2709 2459 2751; baseline -0.001 -9"><span class='ocrx_word' id='word_1_1107' title='bbox 1391 2711 1482 2747; x_wconf 90' lang='lat' dir='ltr'>citer,</span> <span class='ocrx_word' id='word_1_1108' title='bbox 1506 2711 1562 2741; x_wconf 93' lang='lat' dir='ltr'>sed</span> <span class='ocrx_word' id='word_1_1109' title='bbox 1585 2710 1693 2741; x_wconf 93' lang='lat' dir='ltr'>multis</span> <span class='ocrx_word' id='word_1_1110' title='bbox 1717 2710 1895 2740; x_wconf 89' lang='lat' dir='ltr'>secundum</span> <span class='ocrx_word' id='word_1_1111' title='bbox 1918 2710 2006 2751; x_wconf 93' lang='lat' dir='ltr'>quid.</span> <span class='ocrx_word' id='word_1_1112' title='bbox 2031 2710 2073 2740; x_wconf 91' lang='lat' dir='ltr'>Et</span> <span class='ocrx_word' id='word_1_1113' title='bbox 2095 2709 2139 2741; x_wconf 92' lang='lat' dir='ltr'>sic</span> <span class='ocrx_word' id='word_1_1114' title='bbox 2162 2710 2337 2741; x_wconf 89' lang='lat' dir='ltr'>univocum</span> <span class='ocrx_word' id='word_1_1115' title='bbox 2364 2717 2459 2742; x_wconf 89' lang='lat' dir='ltr'>restat</span> 
     </span>
     <span class='ocr_line' id='line_1_142' title="bbox 1390 2754 2457 2796; baseline 0 -10"><span class='ocrx_word' id='word_1_1116' title='bbox 1390 2755 1478 2796; x_wconf 91' lang='lat' dir='ltr'>prius</span> <span class='ocrx_word' id='word_1_1117' title='bbox 1501 2755 1652 2786; x_wconf 90' lang='lat' dir='ltr'>omnibus</span> <span class='ocrx_word' id='word_1_1118' title='bbox 1667 2764 1734 2784; x_wconf 90' lang='lat' dir='ltr'>non</span> <span class='ocrx_word' id='word_1_1119' title='bbox 1758 2754 1912 2791; x_wconf 89' lang='lat' dir='ltr'>univocis,</span> <span class='ocrx_word' id='word_1_1120' title='bbox 1928 2761 2040 2795; x_wconf 90' lang='lat' dir='ltr'>utpote</span> <span class='ocrx_word' id='word_1_1121' title='bbox 2055 2754 2165 2796; x_wconf 92' lang='lat' dir='ltr'>aliquo</span> <span class='ocrx_word' id='word_1_1122' title='bbox 2189 2755 2289 2785; x_wconf 90' lang='lat' dir='ltr'>modo</span> <span class='ocrx_word' id='word_1_1123' title='bbox 2312 2755 2457 2786; x_wconf 90' lang='lat' dir='ltr'>multitu-</span> 
     </span>
     <span class='ocr_line' id='line_1_143' title="bbox 1390 2798 2457 2840; baseline 0 -10"><span class='ocrx_word' id='word_1_1124' title='bbox 1390 2800 1499 2830; x_wconf 90' lang='lat' dir='ltr'>dinem</span> <span class='ocrx_word' id='word_1_1125' title='bbox 1526 2799 1760 2830; x_wconf 89' lang='lat' dir='ltr'>includentibus</span> <span class='ocrx_word' id='word_1_1126' title='bbox 1782 2798 1816 2828; x_wconf 91' lang='lat' dir='ltr'>in</span> <span class='ocrx_word' id='word_1_1127' title='bbox 1839 2809 1881 2829; x_wconf 94' lang='lat' dir='ltr'>se.</span> <span class='ocrx_word' id='word_1_1128' title='bbox 1898 2817 1918 2821; x_wconf 98' lang='lat'>—</span> <span class='ocrx_word' id='word_1_1129' title='bbox 1932 2799 2103 2839; x_wconf 91' lang='lat' dir='ltr'>Propterea</span> <span class='ocrx_word' id='word_1_1130' title='bbox 2131 2800 2389 2840; x_wconf 89' lang='lat' dir='ltr'>respondendum</span> <span class='ocrx_word' id='word_1_1131' title='bbox 2412 2799 2457 2830; x_wconf 93' lang='lat' dir='ltr'>vi-</span> 
     </span>
     <span class='ocr_line' id='line_1_144' title="bbox 1390 2843 2458 2884; baseline -0.001 -9"><span class='ocrx_word' id='word_1_1132' title='bbox 1390 2845 1482 2875; x_wconf 92' lang='lat' dir='ltr'>detur</span> <span class='ocrx_word' id='word_1_1133' title='bbox 1503 2844 1654 2881; x_wconf 82' lang='lat' dir='ltr'>secundo,</span> <span class='ocrx_word' id='word_1_1134' title='bbox 1681 2843 1771 2884; x_wconf 91' lang='lat' dir='ltr'>quod</span> <span class='ocrx_word' id='word_1_1135' title='bbox 1794 2843 1964 2884; x_wconf 90' lang='lat' dir='ltr'>utrobique</span> <span class='ocrx_word' id='word_1_1136' title='bbox 1988 2843 2069 2874; x_wconf 86' lang='lat' dir='ltr'>facta</span> <span class='ocrx_word' id='word_1_1137' title='bbox 2092 2850 2139 2874; x_wconf 91' lang='lat' dir='ltr'>est</span> <span class='ocrx_word' id='word_1_1138' title='bbox 2162 2844 2357 2884; x_wconf 88' lang='lat' dir='ltr'>comparatio</span> <span class='ocrx_word' id='word_1_1139' title='bbox 2376 2844 2458 2875; x_wconf 92' lang='lat' dir='ltr'>inter</span> 
     </span>
     <span class='ocr_line' id='line_1_145' title="bbox 1390 2887 2456 2929; baseline -0.001 -10"><span class='ocrx_word' id='word_1_1140' title='bbox 1390 2889 1510 2925; x_wconf 88' lang='lat' dir='ltr'>eadem,</span> <span class='ocrx_word' id='word_1_1141' title='bbox 1531 2888 1647 2919; x_wconf 89' lang='lat' dir='ltr'>scilicet</span> <span class='ocrx_word' id='word_1_1142' title='bbox 1662 2887 1798 2918; x_wconf 82' lang='lat' dir='ltr'>univoca</span> <span class='ocrx_word' id='word_1_1143' title='bbox 1814 2894 1845 2918; x_wconf 92' lang='lat' dir='ltr'>et</span> <span class='ocrx_word' id='word_1_1144' title='bbox 1868 2888 2042 2929; x_wconf 89' lang='lat' dir='ltr'>aequivoca</span> <span class='ocrx_word' id='word_1_1145' title='bbox 2060 2888 2092 2918; x_wconf 91' lang='lat' dir='ltr'>in</span> <span class='ocrx_word' id='word_1_1146' title='bbox 2117 2888 2292 2924; x_wconf 91' lang='lat' dir='ltr'>communi,</span> <span class='ocrx_word' id='word_1_1147' title='bbox 2310 2898 2366 2919; x_wconf 91' lang='lat' dir='ltr'>seu</span> <span class='ocrx_word' id='word_1_1148' title='bbox 2389 2898 2456 2918; x_wconf 92' lang='lat' dir='ltr'>non</span> 
     </span>
     <span class='ocr_line' id='line_1_146' title="bbox 1389 2931 2456 2973; baseline -0.001 -10"><span class='ocrx_word' id='word_1_1149' title='bbox 1389 2933 1535 2964; x_wconf 87' lang='lat' dir='ltr'>univoca.</span> <span class='ocrx_word' id='word_1_1150' title='bbox 1560 2932 1601 2963; x_wconf 92' lang='lat' dir='ltr'>Et</span> <span class='ocrx_word' id='word_1_1151' title='bbox 1614 2939 1721 2963; x_wconf 85' lang='lat' dir='ltr'>tamen</span> <span class='ocrx_word' id='word_1_1152' title='bbox 1736 2931 1824 2962; x_wconf 91' lang='lat' dir='ltr'>nulla</span> <span class='ocrx_word' id='word_1_1153' title='bbox 1841 2938 1886 2963; x_wconf 86' lang='lat' dir='ltr'>est</span> <span class='ocrx_word' id='word_1_1154' title='bbox 1902 2932 2123 2963; x_wconf 89' lang='lat' dir='ltr'>contradictio:</span> <span class='ocrx_word' id='word_1_1155' title='bbox 2149 2932 2303 2973; x_wconf 91' lang='lat' dir='ltr'>quoniam</span> <span class='ocrx_word' id='word_1_1156' title='bbox 2321 2932 2354 2962; x_wconf 89' lang='lat' dir='ltr'>in</span> <span class='ocrx_word' id='word_1_1157' title='bbox 2370 2932 2456 2973; x_wconf 92' lang='lat' dir='ltr'>prin-</span> 
     </span>
     <span class='ocr_line' id='line_1_147' title="bbox 1390 2976 2456 3018; baseline 0 -10"><span class='ocrx_word' id='word_1_1158' title='bbox 1390 2977 1474 3018; x_wconf 92' lang='lat' dir='ltr'>cipio</span> <span class='ocrx_word' id='word_1_1159' title='bbox 1499 2984 1545 3007; x_wconf 93' lang='lat' dir='ltr'>est</span> <span class='ocrx_word' id='word_1_1160' title='bbox 1567 2986 1672 3007; x_wconf 92' lang='lat' dir='ltr'>sermo</span> <span class='ocrx_word' id='word_1_1161' title='bbox 1697 2977 1735 3006; x_wconf 90' lang='lat' dir='ltr'>de</span> <span class='ocrx_word' id='word_1_1162' title='bbox 1758 2976 1943 3007; x_wconf 92' lang='lat' dir='ltr'>reductione</span> <span class='ocrx_word' id='word_1_1163' title='bbox 1968 2977 2139 3007; x_wconf 89' lang='lat' dir='ltr'>resolutiva</span> <span class='ocrx_word' id='word_1_1164' title='bbox 2162 2976 2330 3017; x_wconf 89' lang='lat' dir='ltr'>praedicati</span> <span class='ocrx_word' id='word_1_1165' title='bbox 2353 2978 2385 3007; x_wconf 88' lang='lat' dir='ltr'>in</span> <span class='ocrx_word' id='word_1_1166' title='bbox 2403 2985 2456 3015; x_wconf 85' lang='lat' dir='ltr'>se,·</span> 
     </span>
     <span class='ocr_line' id='line_1_148' title="bbox 1389 3021 2454 3061; baseline 0 -9"><span class='ocrx_word' id='word_1_1167' title='bbox 1389 3022 1422 3052; x_wconf 91' lang='lat' dir='ltr'>in</span> <span class='ocrx_word' id='word_1_1168' title='bbox 1446 3021 1508 3052; x_wconf 88' lang='lat' dir='ltr'>fine</span> <span class='ocrx_word' id='word_1_1169' title='bbox 1532 3028 1649 3057; x_wconf 88' lang='lat' dir='ltr'>autem,</span> <span class='ocrx_word' id='word_1_1170' title='bbox 1667 3021 1704 3051; x_wconf 93' lang='lat' dir='ltr'>de</span> <span class='ocrx_word' id='word_1_1171' title='bbox 1721 3021 1905 3051; x_wconf 92' lang='lat' dir='ltr'>reductione</span> <span class='ocrx_word' id='word_1_1172' title='bbox 1929 3021 2099 3052; x_wconf 91' lang='lat' dir='ltr'>resolutiva</span> <span class='ocrx_word' id='word_1_1173' title='bbox 2113 3021 2313 3052; x_wconf 81' lang='lat' dir='ltr'>diversorum</span> <span class='ocrx_word' id='word_1_1174' title='bbox 2322 3022 2454 3061; x_wconf 84' lang='lat' dir='ltr'>praedi-</span> 
     </span>
     <span class='ocr_line' id='line_1_149' title="bbox 1389 3065 2456 3102; baseline 0 -5"><span class='ocrx_word' id='word_1_1175' title='bbox 1389 3071 1546 3098; x_wconf 84' lang='lat' dir='ltr'>catorum.</span> <span class='ocrx_word' id='word_1_1176' title='bbox 1569 3066 1667 3096; x_wconf 93' lang='lat' dir='ltr'>Aliud</span> <span class='ocrx_word' id='word_1_1177' title='bbox 1690 3071 1737 3096; x_wconf 89' lang='lat' dir='ltr'>est</span> <span class='ocrx_word' id='word_1_1178' title='bbox 1759 3065 1846 3095; x_wconf 92' lang='lat' dir='ltr'>enim</span> <span class='ocrx_word' id='word_1_1179' title='bbox 1868 3065 2024 3096; x_wconf 90' lang='lat' dir='ltr'>resolvere</span> <span class='ocrx_word' id='word_1_1180' title='bbox 2040 3065 2161 3096; x_wconf 88' lang='lat' dir='ltr'>diversa</span> <span class='ocrx_word' id='word_1_1181' title='bbox 2183 3065 2215 3095; x_wconf 92' lang='lat' dir='ltr'>in</span> <span class='ocrx_word' id='word_1_1182' title='bbox 2239 3075 2351 3102; x_wconf 90' lang='lat' dir='ltr'>unum,</span> <span class='ocrx_word' id='word_1_1183' title='bbox 2369 3066 2456 3097; x_wconf 89' lang='lat' dir='ltr'>aliud</span> 
     </span>
     <span class='ocr_line' id='line_1_150' title="bbox 1388 3109 2454 3150; baseline 0 -9"><span class='ocrx_word' id='word_1_1184' title='bbox 1388 3118 1495 3142; x_wconf 91' lang='lat' dir='ltr'>autem</span> <span class='ocrx_word' id='word_1_1185' title='bbox 1511 3110 1666 3141; x_wconf 92' lang='lat' dir='ltr'>resolvere</span> <span class='ocrx_word' id='word_1_1186' title='bbox 1689 3109 1811 3150; x_wconf 86' lang='lat' dir='ltr'>aliquid</span> <span class='ocrx_word' id='word_1_1187' title='bbox 1833 3109 1866 3140; x_wconf 92' lang='lat' dir='ltr'>in</span> <span class='ocrx_word' id='word_1_1188' title='bbox 1890 3109 2043 3150; x_wconf 89' lang='lat' dir='ltr'>seipsum:</span> <span class='ocrx_word' id='word_1_1189' title='bbox 2068 3110 2110 3140; x_wconf 90' lang='lat' dir='ltr'>ibi</span> <span class='ocrx_word' id='word_1_1190' title='bbox 2131 3109 2216 3140; x_wconf 89' lang='lat' dir='ltr'>enim</span> <span class='ocrx_word' id='word_1_1191' title='bbox 2239 3119 2342 3140; x_wconf 89' lang='lat' dir='ltr'>unum</span> <span class='ocrx_word' id='word_1_1192' title='bbox 2365 3110 2454 3141; x_wconf 91' lang='lat' dir='ltr'>redu-</span> 
     </span>
     <span class='ocr_line' id='line_1_151' title="bbox 1389 3154 2455 3195; baseline 0 -9"><span class='ocrx_word' id='word_1_1193' title='bbox 1389 3155 1469 3186; x_wconf 89' lang='lat' dir='ltr'>citur</span> <span class='ocrx_word' id='word_1_1194' title='bbox 1484 3155 1517 3185; x_wconf 90' lang='lat' dir='ltr'>in</span> <span class='ocrx_word' id='word_1_1195' title='bbox 1533 3154 1629 3190; x_wconf 90' lang='lat' dir='ltr'>aliud,</span> <span class='ocrx_word' id='word_1_1196' title='bbox 1647 3154 1698 3184; x_wconf 93' lang='lat' dir='ltr'>hic</span> <span class='ocrx_word' id='word_1_1197' title='bbox 1721 3161 1829 3185; x_wconf 92' lang='lat' dir='ltr'>autem</span> <span class='ocrx_word' id='word_1_1198' title='bbox 1845 3164 1948 3185; x_wconf 91' lang='lat' dir='ltr'>unum</span> <span class='ocrx_word' id='word_1_1199' title='bbox 1964 3154 2166 3194; x_wconf 88' lang='lat' dir='ltr'>distinguitur</span> <span class='ocrx_word' id='word_1_1200' title='bbox 2184 3154 2217 3184; x_wconf 92' lang='lat' dir='ltr'>in</span> <span class='ocrx_word' id='word_1_1201' title='bbox 2233 3164 2299 3190; x_wconf 90' lang='lat' dir='ltr'>sua,</span> <span class='ocrx_word' id='word_1_1202' title='bbox 2317 3161 2354 3185; x_wconf 94' lang='lat' dir='ltr'>ut</span> <span class='ocrx_word' id='word_1_1203' title='bbox 2368 3161 2455 3195; x_wconf 86' lang='lat' dir='ltr'>patet</span> 
     </span>
     <span class='ocr_line' id='line_1_152' title="bbox 1388 3199 1647 3230; baseline -0.008 0"><span class='ocrx_word' id='word_1_1204' title='bbox 1388 3201 1421 3230; x_wconf 93' lang='lat' dir='ltr'>in</span> <span class='ocrx_word' id='word_1_1205' title='bbox 1444 3199 1647 3230; x_wconf 84' lang='lat' dir='ltr'>naturalibus.</span> 
     </span>
    </p>

    <p class='ocr_par' dir='ltr' id='par_1_32' title="bbox 1387 3241 2455 3638">
     <span class='ocr_line' id='line_1_153' title="bbox 1442 3241 2453 3283; baseline -0.001 -9"><span class='ocrx_word' id='word_1_1206' title='bbox 1442 3244 1493 3274; x_wconf 93' lang='lat' dir='ltr'>Ad</span> <span class='ocrx_word' id='word_1_1207' title='bbox 1526 3242 1729 3283; x_wconf 90' lang='lat' dir='ltr'>propositum</span> <span class='ocrx_word' id='word_1_1208' title='bbox 1759 3242 1873 3283; x_wconf 88' lang='lat' dir='ltr'>igitur,</span> <span class='ocrx_word' id='word_1_1209' title='bbox 1900 3242 2029 3283; x_wconf 92' lang='lat' dir='ltr'>quando</span> <span class='ocrx_word' id='word_1_1210' title='bbox 2054 3252 2157 3272; x_wconf 91' lang='lat' dir='ltr'>sermo</span> <span class='ocrx_word' id='word_1_1211' title='bbox 2186 3241 2245 3272; x_wconf 84' lang='lat' dir='ltr'>fuit</span> <span class='ocrx_word' id='word_1_1212' title='bbox 2273 3242 2311 3272; x_wconf 93' lang='lat' dir='ltr'>de</span> <span class='ocrx_word' id='word_1_1213' title='bbox 2343 3242 2453 3273; x_wconf 89' lang='lat' dir='ltr'>ordine</span> 
     </span>
     <span class='ocr_line' id='line_1_154' title="bbox 1389 3286 2453 3327; baseline -0.001 -8"><span class='ocrx_word' id='word_1_1214' title='bbox 1389 3289 1586 3319; x_wconf 90' lang='lat' dir='ltr'>diversorum</span> <span class='ocrx_word' id='word_1_1215' title='bbox 1602 3287 1865 3327; x_wconf 91' lang='lat' dir='ltr'>praedicatorum,</span> <span class='ocrx_word' id='word_1_1216' title='bbox 1883 3287 2003 3317; x_wconf 89' lang='lat' dir='ltr'>dictum</span> <span class='ocrx_word' id='word_1_1217' title='bbox 2027 3293 2073 3317; x_wconf 90' lang='lat' dir='ltr'>est</span> <span class='ocrx_word' id='word_1_1218' title='bbox 2088 3286 2176 3327; x_wconf 93' lang='lat' dir='ltr'>quod</span> <span class='ocrx_word' id='word_1_1219' title='bbox 2195 3296 2262 3316; x_wconf 91' lang='lat' dir='ltr'>non</span> <span class='ocrx_word' id='word_1_1220' title='bbox 2278 3286 2453 3318; x_wconf 88' lang='lat' dir='ltr'>univocum</span> 
     </span>
     <span class='ocr_line' id='line_1_155' title="bbox 1389 3330 2452 3373; baseline -0.001 -10"><span class='ocrx_word' id='word_1_1221' title='bbox 1389 3340 1434 3364; x_wconf 91' lang='lat' dir='ltr'>est</span> <span class='ocrx_word' id='word_1_1222' title='bbox 1457 3332 1557 3373; x_wconf 86' lang='lat' dir='ltr'>prius:</span> <span class='ocrx_word' id='word_1_1223' title='bbox 1582 3331 1657 3372; x_wconf 93' lang='lat' dir='ltr'>quia</span> <span class='ocrx_word' id='word_1_1224' title='bbox 1681 3341 1736 3362; x_wconf 88' lang='lat' dir='ltr'>ens</span> <span class='ocrx_word' id='word_1_1225' title='bbox 1752 3338 1798 3362; x_wconf 93' lang='lat' dir='ltr'>est</span> <span class='ocrx_word' id='word_1_1226' title='bbox 1821 3331 1971 3372; x_wconf 90' lang='lat' dir='ltr'>primum,</span> <span class='ocrx_word' id='word_1_1227' title='bbox 1996 3331 2035 3360; x_wconf 91' lang='lat' dir='ltr'>ad</span> <span class='ocrx_word' id='word_1_1228' title='bbox 2058 3330 2148 3371; x_wconf 93' lang='lat' dir='ltr'>quod</span> <span class='ocrx_word' id='word_1_1229' title='bbox 2173 3336 2274 3370; x_wconf 84' lang='lat' dir='ltr'>cetera</span> <span class='ocrx_word' id='word_1_1230' title='bbox 2295 3331 2452 3362; x_wconf 90' lang='lat' dir='ltr'>reducun-</span> 
     </span>
     <span class='ocr_line' id='line_1_156' title="bbox 1388 3374 2452 3415; baseline -0.003 -7"><span class='ocrx_word' id='word_1_1231' title='bbox 1388 3384 1449 3408; x_wconf 89' lang='lat' dir='ltr'>tur.</span> <span class='ocrx_word' id='word_1_1232' title='bbox 1475 3376 1561 3407; x_wconf 92' lang='lat' dir='ltr'>Cum</span> <span class='ocrx_word' id='word_1_1233' title='bbox 1575 3386 1650 3406; x_wconf 92' lang='lat' dir='ltr'>vero</span> <span class='ocrx_word' id='word_1_1234' title='bbox 1675 3386 1780 3406; x_wconf 90' lang='lat' dir='ltr'>sermo</span> <span class='ocrx_word' id='word_1_1235' title='bbox 1804 3375 1864 3407; x_wconf 92' lang='lat' dir='ltr'>fuit</span> <span class='ocrx_word' id='word_1_1236' title='bbox 1887 3376 1926 3406; x_wconf 88' lang='lat' dir='ltr'>de</span> <span class='ocrx_word' id='word_1_1237' title='bbox 1944 3375 2139 3406; x_wconf 91' lang='lat' dir='ltr'>resolutione</span> <span class='ocrx_word' id='word_1_1238' title='bbox 2162 3374 2330 3415; x_wconf 90' lang='lat' dir='ltr'>praedicati</span> <span class='ocrx_word' id='word_1_1239' title='bbox 2352 3375 2386 3406; x_wconf 86' lang='lat' dir='ltr'>in</span> <span class='ocrx_word' id='word_1_1240' title='bbox 2409 3386 2452 3412; x_wconf 88' lang='lat' dir='ltr'>se,</span> 
     </span>
     <span class='ocr_line' id='line_1_157' title="bbox 1389 3419 2455 3461; baseline -0.001 -9"><span class='ocrx_word' id='word_1_1241' title='bbox 1389 3422 1508 3452; x_wconf 91' lang='lat' dir='ltr'>dictum</span> <span class='ocrx_word' id='word_1_1242' title='bbox 1533 3426 1578 3451; x_wconf 90' lang='lat' dir='ltr'>est</span> <span class='ocrx_word' id='word_1_1243' title='bbox 1602 3420 1691 3461; x_wconf 91' lang='lat' dir='ltr'>quod</span> <span class='ocrx_word' id='word_1_1244' title='bbox 1721 3420 1896 3451; x_wconf 90' lang='lat' dir='ltr'>univocum</span> <span class='ocrx_word' id='word_1_1245' title='bbox 1929 3419 2085 3460; x_wconf 90' lang='lat' dir='ltr'>praecedit</span> <span class='ocrx_word' id='word_1_1246' title='bbox 2108 3428 2174 3449; x_wconf 92' lang='lat' dir='ltr'>non</span> <span class='ocrx_word' id='word_1_1247' title='bbox 2197 3419 2348 3456; x_wconf 90' lang='lat' dir='ltr'>univoca,</span> <span class='ocrx_word' id='word_1_1248' title='bbox 2373 3420 2455 3451; x_wconf 88' lang='lat' dir='ltr'>sicut</span> 
     </span>
     <span class='ocr_line' id='line_1_158' title="bbox 1389 3463 2455 3505; baseline -0.002 -9"><span class='ocrx_word' id='word_1_1249' title='bbox 1389 3475 1491 3497; x_wconf 92' lang='lat' dir='ltr'>unum</span> <span class='ocrx_word' id='word_1_1250' title='bbox 1510 3465 1626 3495; x_wconf 89' lang='lat' dir='ltr'>multa:</span> <span class='ocrx_word' id='word_1_1251' title='bbox 1652 3474 1690 3495; x_wconf 90' lang='lat' dir='ltr'>eo</span> <span class='ocrx_word' id='word_1_1252' title='bbox 1715 3465 1804 3505; x_wconf 93' lang='lat' dir='ltr'>quod</span> <span class='ocrx_word' id='word_1_1253' title='bbox 1827 3475 1882 3495; x_wconf 91' lang='lat' dir='ltr'>ens</span> <span class='ocrx_word' id='word_1_1254' title='bbox 1904 3463 2021 3504; x_wconf 87' lang='lat' dir='ltr'>ipsum,</span> <span class='ocrx_word' id='word_1_1255' title='bbox 2042 3464 2131 3504; x_wconf 93' lang='lat' dir='ltr'>quod</span> <span class='ocrx_word' id='word_1_1256' title='bbox 2154 3463 2316 3504; x_wconf 87' lang='lat' dir='ltr'>analogice</span> <span class='ocrx_word' id='word_1_1257' title='bbox 2340 3464 2455 3495; x_wconf 89' lang='lat' dir='ltr'>dicitur</span> 
     </span>
     <span class='ocr_line' id='line_1_159' title="bbox 1388 3507 2453 3548; baseline -0.001 -8"><span class='ocrx_word' id='word_1_1258' title='bbox 1388 3511 1427 3541; x_wconf 91' lang='lat' dir='ltr'>de</span> <span class='ocrx_word' id='word_1_1259' title='bbox 1450 3509 1580 3540; x_wconf 89' lang='lat' dir='ltr'>homine</span> <span class='ocrx_word' id='word_1_1260' title='bbox 1604 3515 1634 3539; x_wconf 92' lang='lat' dir='ltr'>et</span> <span class='ocrx_word' id='word_1_1261' title='bbox 1657 3509 1740 3545; x_wconf 88' lang='lat' dir='ltr'>albo,</span> <span class='ocrx_word' id='word_1_1262' title='bbox 1764 3508 1930 3539; x_wconf 91' lang='lat' dir='ltr'>resolvitur</span> <span class='ocrx_word' id='word_1_1263' title='bbox 1952 3508 1985 3538; x_wconf 91' lang='lat' dir='ltr'>in</span> <span class='ocrx_word' id='word_1_1264' title='bbox 2009 3507 2148 3548; x_wconf 88' lang='lat' dir='ltr'>seipsum</span> <span class='ocrx_word' id='word_1_1265' title='bbox 2173 3507 2308 3538; x_wconf 89' lang='lat' dir='ltr'>univoce</span> <span class='ocrx_word' id='word_1_1266' title='bbox 2332 3508 2453 3539; x_wconf 94' lang='lat' dir='ltr'>dictum</span> 
     </span>
     <span class='ocr_line' id='line_1_160' title="bbox 1387 3552 2454 3594; baseline -0.003 -9"><span class='ocrx_word' id='word_1_1267' title='bbox 1387 3555 1426 3594; x_wconf 84' lang='lat' dir='ltr'>de</span> <span class='ocrx_word' id='word_1_1268' title='bbox 1450 3553 1644 3589; x_wconf 88' lang='lat' dir='ltr'>hominibus,</span> <span class='ocrx_word' id='word_1_1269' title='bbox 1661 3560 1692 3584; x_wconf 93' lang='lat' dir='ltr'>et</span> <span class='ocrx_word' id='word_1_1270' title='bbox 1715 3553 1850 3584; x_wconf 92' lang='lat' dir='ltr'>univoce</span> <span class='ocrx_word' id='word_1_1271' title='bbox 1868 3562 1999 3593; x_wconf 92' lang='lat' dir='ltr'>quoque</span> <span class='ocrx_word' id='word_1_1272' title='bbox 2023 3552 2143 3583; x_wconf 92' lang='lat' dir='ltr'>dictum</span> <span class='ocrx_word' id='word_1_1273' title='bbox 2159 3552 2198 3582; x_wconf 92' lang='lat' dir='ltr'>de</span> <span class='ocrx_word' id='word_1_1274' title='bbox 2214 3552 2303 3583; x_wconf 87' lang='lat' dir='ltr'>albis.</span> <span class='ocrx_word' id='word_1_1275' title='bbox 2328 3553 2369 3583; x_wconf 91' lang='lat' dir='ltr'>Et</span> <span class='ocrx_word' id='word_1_1276' title='bbox 2391 3553 2454 3583; x_wconf 90' lang='lat' dir='ltr'>hoc</span> 
     </span>
     <span class='ocr_line' id='line_1_161' title="bbox 1388 3596 2453 3638; baseline -0.003 -9"><span class='ocrx_word' id='word_1_1277' title='bbox 1388 3598 1596 3630; x_wconf 87' lang='lat' dir='ltr'>concludebat</span> <span class='ocrx_word' id='word_1_1278' title='bbox 1619 3597 1664 3628; x_wconf 88' lang='lat' dir='ltr'>vis</span> <span class='ocrx_word' id='word_1_1279' title='bbox 1688 3597 1876 3638; x_wconf 90' lang='lat' dir='ltr'>argumenti.</span> <span class='ocrx_word' id='word_1_1280' title='bbox 1892 3614 1912 3619; x_wconf 92' lang='lat'>-</span> <span class='ocrx_word' id='word_1_1281' title='bbox 1928 3596 2093 3627; x_wconf 91' lang='lat' dir='ltr'>Conclude</span> <span class='ocrx_word' id='word_1_1282' title='bbox 2109 3606 2184 3637; x_wconf 89' lang='lat' dir='ltr'>ergo</span> <span class='ocrx_word' id='word_1_1283' title='bbox 2200 3596 2298 3638; x_wconf 89' lang='lat' dir='ltr'>quod,</span> <span class='ocrx_word' id='word_1_1284' title='bbox 2324 3607 2453 3637; x_wconf 89' lang='lat' dir='ltr'>compa-</span> 
     </span>
    </p>
   </div>
   <div class='ocr_carea' id='block_1_20' title="bbox 2492 1695 2661 1719">
    <p class='ocr_par' dir='ltr' id='par_1_33' title="bbox 2492 1695 2661 1719">
     <span class='ocr_line' id='line_1_162' title="bbox 2492 1695 2661 1719; baseline 0.012 -2"><span class='ocrx_word' id='word_1_1285' title='bbox 2492 1696 2501 1705; x_wconf 86' lang='lat'>&#39;</span> <span class='ocrx_word' id='word_1_1286' title='bbox 2516 1695 2553 1718; x_wconf 79' lang='lat' dir='ltr'>Cf.</span> <span class='ocrx_word' id='word_1_1287' title='bbox 2568 1701 2633 1718; x_wconf 84' lang='lat' dir='ltr'>num.</span> <span class='ocrx_word' id='word_1_1288' title='bbox 2643 1703 2661 1719; x_wconf 89' lang='lat'>1.</span> 
     </span>
    </p>
   </div>
  </div>
 </body>
</html>
