2768 4178
84 579 93 586 ⁶
110 577 146 599 Cf.
162 583 226 598 num.
237 583 262 598 11.

88 3178 96 3186 '
113 3174 169 3203 Cap.
185 3182 207 3199 x,
223 3181 245 3196 n.
262 3181 277 3196 ι.

89 3333 97 3340 “
112 3332 164 3354 Art*
178 3337 199 3356 2,
215 3337 234 3358 5.

329 277 400 323 178

322 366 385 397 que
409 355 494 386 enim
519 355 594 385 haec
618 353 762 393 exempla
785 353 968 383 ostendunt.
993 353 1034 383 Et
1057 352 1130 383 ideo
1155 352 1328 383 ostendunt
1351 351 1396 381 in-

322 407 462 436 tentum;
483 398 629 440 quamvis
652 398 760 438 inepta
784 397 846 428 sint
869 397 1014 437 exempla
1038 397 1146 427 omnia
1171 397 1210 427 ad
1234 403 1298 426 tam
1318 395 1395 426 emi-

323 451 451 475 nentem
480 442 717 474 continentiam.
750 442 791 472 Et
815 449 981 482 propterea
1004 441 1036 471 in
1060 440 1180 477 littera,
1213 439 1395 482 inducendo

322 489 475 529 exempla,
501 487 631 523 dicitur,
658 492 692 517 ut
715 487 744 517 si
766 486 925 523 dicerem,
951 487 1044 516 homo
1068 485 1112 516 ad
1134 485 1259 516 animal
1266 494 1280 522 ;
1304 484 1395 525 quasi

321 533 445 569 diceret,
469 533 509 570 si,
533 541 682 562 concessa
708 531 848 568 licentia,
875 531 959 568 licet,
984 537 1042 560 etc.
1330 543 1334 546 *

380 578 432 608 IX.
457 576 575 613 Quoad
590 577 719 606 tertium
735 575 763 612 *‚
780 576 933 616 probatur
949 573 1113 605 conclusio
1131 573 1227 604 simul
1251 582 1326 604 cum
1341 573 1395 603 de-

321 622 438 653 clarato
462 621 530 652 eius
554 620 665 657 mode,
686 620 864 660 dupliciter.
884 620 1004 656 Primo,
1021 618 1155 648 essentia
1178 617 1238 648 Dei
1253 617 1348 648 habet
1362 617 1396 647 in

321 676 354 696 se
366 665 524 707 quidquid
539 664 741 705 perfectionis
758 671 805 695 est
819 664 852 694 in
868 672 1086 704 quocumque,
1101 669 1131 693 et
1146 662 1299 702 amplius:
1320 671 1395 702 ergo

321 711 418 746 Deus,
436 709 660 750 cognoscendo
681 719 723 746 se,
741 708 906 748 cognoscit
921 707 1031 738 omnia
1050 706 1178 747 propria
1202 705 1394 746 cognitione.

377 754 575 785 Antecedens
593 760 679 794 patet
702 763 739 784 ex
763 752 862 784 dictis.
889 750 1128 792 Consequentia
1143 760 1219 781 vero
1243 750 1396 791 probatur

322 810 340 829 a
356 798 568 831 destructione
593 797 826 839 consequentis,
852 797 904 827 sic.
930 796 962 827 si
985 795 1082 832 Deus,
1108 794 1331 835 cognoscendo
1352 804 1394 830 se,

322 854 389 874 non
405 843 494 874 novit
510 843 571 873 alia
586 842 715 883 propria
732 841 923 882 cognitione,
936 850 1010 880 ergo
1027 850 1093 870 non
1110 839 1200 870 novit
1214 838 1397 879 quomodo-

323 898 462 929 cumque
489 894 535 918 est
558 886 781 928 participabilis
806 896 863 916 sua
886 884 1048 925 perfectio,
1074 885 1162 915 Patet
1185 883 1243 914 ista
1267 883 1396 923 sequela

323 943 359 963 ex
383 933 435 963 illa
458 931 679 973 propositione
703 930 856 971 implicite
878 936 1026 960 contenta
1049 928 1082 959 in
1107 928 1320 965 antecedente,
1338 927 1395 958 sci-

322 977 412 1008 licet:
437 978 574 1017 propria
602 977 756 1016 cuiusque
783 980 903 1005 natura
933 974 1077 1004 consistit
1103 974 1136 1003 in
1162 973 1272 1013 aliquo
1302 971 1395 1002 modo

316 1021 538 1062 participandi
552 1021 694 1051 divinam
706 1019 950 1060 perfectionem.
967 1018 1053 1058 Ergo
1071 1027 1137 1048 non
1154 1016 1289 1058 perfecte
1307 1015 1396 1047 novit

323 1066 474 1106 seipsum.
503 1066 607 1095 Tenet
629 1064 707 1102 ista,
735 1074 772 1094 ex
795 1063 866 1104 ipso
890 1062 1109 1098 antecedente,
1134 1062 1167 1092 in
1191 1071 1257 1102 quo
1283 1060 1396 1091 dicitur

323 1110 412 1152 quod
435 1110 502 1150 ipse
526 1109 644 1140 claudit
661 1108 694 1139 in
711 1118 743 1138 se
760 1118 894 1138 ornnem
917 1108 1054 1138 modum
1076 1106 1290 1147 perfectionis.
1307 1123 1327 1128 —
1341 1105 1395 1136 Se-

322 1154 431 1196 quitur
453 1153 549 1194 igitur
564 1163 601 1183 ex
616 1152 830 1184 destructione
855 1151 1089 1192 consequentis,
1106 1157 1161 1182 aut
1177 1150 1294 1181 falsitas
1310 1156 1396 1181 ante—

323 1198 475 1235 cedentis;
492 1205 547 1229 aut
560 1197 622 1228 hoc
638 1196 845 1238 impossibile,
860 1197 951 1238 quod
966 1196 1053 1227 Deus
1070 1205 1137 1226 non
1153 1195 1290 1236 perfecte
1306 1194 1397 1226 novit

323 1243 474 1284 seipsum.
500 1242 599 1280 Quod
623 1241 718 1273 etiam
741 1241 898 1272 redundat
919 1241 952 1272 in
972 1240 1141 1271 falsitatem
1165 1239 1394 1271 antecedentis:

322 1287 399 1329 quia
422 1287 447 1318 si
471 1287 515 1318 sic
539 1293 635 1323 esset,
661 1286 795 1317 essentia
819 1285 925 1316 divina
949 1295 1015 1316 non
1031 1291 1113 1316 esset
1130 1283 1272 1315 infinitae
1295 1283 1396 1325 perfe—

323 1332 454 1368 ctionis,
479 1339 510 1362 et
533 1338 764 1372 consequenter
787 1341 854 1361 non
878 1340 1010 1361 omnem
1034 1330 1171 1360 modum
1194 1328 1396 1370 perfectionis

322 1376 508 1418 possibilem
533 1375 708 1406 eminenter
731 1375 915 1406 contineret.

376 1422 415 1452 X.
433 1421 580 1452 Secundo
599 1420 752 1460 probatur
768 1420 822 1451 sic.
847 1419 879 1450 Si
905 1420 1002 1455 Deus,
1021 1418 1246 1460 cognoscendo
1266 1427 1309 1454 se,
1330 1427 1395 1448 non

324 1473 529 1506 cognosceret
552 1465 613 1495 alia
635 1464 766 1505 propria
789 1463 981 1504 cognitione,
1007 1474 1082 1505 ergo
1099 1473 1166 1494 non
1190 1462 1328 1503 perfecte
1344 1472 1397 1492 co-

322 1517 487 1550 gnosceret
510 1519 622 1540 ornnes
639 1509 755 1539 modos
779 1508 922 1539 essendi:
948 1518 1023 1548 ergo
1040 1518 1106 1538 non
1123 1507 1260 1547 perfecte
1277 1516 1397 1546 cogno-

322 1562 421 1586 sceret
449 1561 595 1585 naturam
625 1553 759 1584 essendi.
777 1571 796 1577 -
813 1553 936 1584 Omnes
964 1551 1210 1593 consequentiae
1236 1558 1310 1582 sunt
1335 1550 1397 1581 evi-

323 1600 442 1635 dentes,
468 1598 642 1630 formaliter
665 1608 721 1628 seu
742 1604 778 1628 ut
801 1598 845 1628 sic
868 1604 1025 1638 acceptae,
1050 1607 1087 1628 ex
1110 1596 1284 1627 antedictis.

381 1644 422 1675 Et
445 1644 571 1674 adverte
595 1643 685 1684 quod
715 1642 792 1674 haec
820 1642 900 1673 ratio
924 1642 1039 1673 directe
1064 1648 1111 1673 est
1134 1648 1244 1682 contra
1271 1640 1398 1681 opinio-

323 1698 398 1721 nem
420 1688 454 1719 in
477 1687 635 1728 principio
660 1687 803 1728 corporis
826 1687 1002 1723 recitatam,
1027 1686 1094 1717 imo
1119 1696 1156 1717 ex
1179 1685 1264 1716 illius
1288 1684 1399 1716 funda-

323 1739 433 1764 mento
458 1733 632 1773 procedens
653 1739 763 1763 contra
785 1731 899 1772 ipsam.
925 1731 1020 1769 Quia,
1041 1741 1116 1762 cum
1132 1730 1172 1761 sit
1194 1730 1302 1771 ipsum
1319 1739 1397 1768 esse,

324 1777 548 1818 cognoscendo
572 1776 708 1817 perfecte
731 1786 774 1811 se,
801 1776 966 1816 cognoscit
989 1782 1136 1807 naturam
1155 1774 1278 1805 essendi
1302 1772 1399 1817 (sicut

323 1822 423 1852 homo
448 1828 620 1862 separatus,
645 1820 731 1861 apud
754 1820 937 1856 Platonem,
963 1819 1187 1861 cognoscendo
1211 1829 1254 1855 se,
1279 1828 1397 1859 cogno-

322 1873 422 1898 sceret
439 1866 575 1907 perfecte
594 1865 800 1896 humanitatis
820 1863 996 1907 naturam):
1022 1875 1097 1905 ergo
1114 1874 1247 1895 omnem
1262 1864 1398 1894 modum

324 1911 461 1942 essendi:
491 1920 566 1950 ergo
595 1920 728 1941 omnem
758 1916 919 1946 naturam;
945 1909 1020 1950 quia
1050 1909 1157 1939 omnis
1182 1915 1294 1939 natura
1318 1907 1398 1938 nihil

323 1956 410 1986 aliud
427 1962 473 1986 est
489 1965 588 1996 quam
605 1954 718 1995 aliquis
736 1954 853 1984 modus
870 1954 1005 1985 essendi.

381 2000 447 2030 Nec
471 1999 586 2030 fallaris
610 1999 643 2029 in
668 1998 815 2039 exemplo
840 1998 989 2034 adducto,
1015 1997 1091 2039 quia
1109 1998 1211 2028 homo
1235 2003 1397 2038 separatus

323 2055 390 2076 non
414 2050 619 2085 cognosceret
642 2043 875 2074 humanitatem
899 2053 974 2074 cum
998 2043 1060 2073 hoc
1083 2042 1184 2073 modo
1209 2052 1275 2083 quo
1300 2048 1347 2072 est
1365 2041 1397 2071 in

324 2089 454 2120 materia
477 2088 624 2125 Socratis,
645 2094 676 2118 et
695 2097 770 2119 cum
794 2087 850 2118 illo
874 2097 941 2129 quo
966 2094 1012 2118 est
1034 2087 1067 2118 in
1092 2086 1222 2118 materia
1241 2085 1396 2117 Platonis:

323 2134 406 2170 imo,
436 2144 472 2164 ex
496 2133 557 2164 hoc
586 2142 758 2174 consurgas
788 2133 828 2163 ad
857 2132 1049 2163 intuendum
1073 2131 1286 2173 propositum.
1322 2131 1397 2161 Ideo

325 2178 411 2209 enim
433 2178 534 2209 homo
567 2184 744 2218 separatus,
770 2177 994 2217 cognoscendo
1018 2186 1070 2213 se,
1096 2186 1163 2206 non
1194 2182 1399 2216 cognosceret

325 2223 384 2254 hos
409 2223 524 2253 modos
549 2222 760 2262 particulares,
786 2220 862 2262 quia
885 2220 936 2251 isti
960 2220 1049 2251 modi
1065 2220 1193 2251 aliunde
1210 2226 1285 2250 sunt
1300 2229 1399 2260 quam

326 2278 362 2298 ex
385 2267 485 2308 ipsius
502 2265 752 2307 participatione,
773 2265 890 2296 scilicet
910 2275 947 2295 ex
975 2264 1116 2296 materia.
1145 2264 1208 2295 Sed
1236 2264 1262 2294 si
1287 2263 1397 2304 fingas,

326 2319 447 2353 praeter
470 2311 502 2341 id
526 2311 615 2352 quod
640 2320 676 2341 ex
699 2316 788 2350 parte
810 2309 1017 2340 humanitatis
1041 2319 1074 2340 se
1097 2315 1192 2344 tenet,
1208 2308 1298 2348 quod
1322 2307 1399 2338 nihil

325 2356 412 2387 aliud
435 2355 525 2391 adsit,
551 2355 589 2385 de
613 2354 796 2386 necessitate
816 2360 967 2395 sequetur
985 2353 1084 2395 quod,
1102 2353 1229 2393 cognita
1252 2351 1399 2383 humani-

325 2407 397 2437 tate,
423 2406 655 2441 cognoscentur
678 2409 790 2430 omnes
814 2398 882 2429 eius
906 2398 1006 2429 modi.
1031 2397 1081 2429 Sic
1101 2404 1209 2428 autem
1229 2403 1352 2428 constat
1366 2406 1399 2427 se

326 2445 439 2476 habere
464 2455 530 2475 esse
558 2445 598 2474 ad
621 2443 749 2475 omnia:
775 2443 854 2474 nihil
878 2443 962 2473 enirn
988 2449 1034 2474 est
1061 2442 1092 2473 in
1119 2451 1324 2483 quacumque
1348 2451 1398 2477 re,

326 2490 403 2531 quin
428 2489 467 2520 sit
491 2489 622 2530 aliquod
646 2499 722 2519 esse.
753 2487 794 2519 Et
817 2494 984 2529 propterea
1013 2496 1080 2518 esse
1105 2486 1194 2528 quod
1219 2493 1264 2517 est
1291 2485 1324 2516 in
1348 2496 1398 2521 re,

1013 273 1281 320 QUAESTIO
1311 273 1412 320 X1v,
1441 273 1740 311 ARTICULUS
1769 273 1838 310 v11

1451 361 1516 382 non
1540 352 1668 382 aliunde
1692 362 1791 393 quam
1814 353 1852 382 ab
1882 362 1948 383 esse
1973 352 2129 392 provenit.
2157 353 2198 384 Et
2221 354 2346 385 secluso
2371 364 2409 384 eo
2434 353 2524 395 quod

1451 406 1488 426 ex
1511 403 1599 436 parte
1622 396 1722 437 ipsius
1747 406 1814 427 esse
1830 407 1863 427 se
1887 403 1981 433 tenet,
1998 397 2076 427 nihil
2099 404 2214 429 restat:
2237 399 2394 439 quoniam
2410 405 2440 429 et
2455 409 2524 429 ma-

1450 440 1536 478 teria,
1562 447 1592 471 et
1616 441 1735 477 omnia,
1760 440 2018 482 participationes
2041 442 2200 482 quaedam
2224 449 2255 473 et
2277 443 2368 474 modi
2391 443 2523 484 quidam

1451 485 1574 516 essendi
1597 492 1681 516 sunt.
1706 485 1748 516 Et
1770 485 1853 522 ideo,
1878 493 2008 527 propter
2030 486 2130 527 ipsius
2155 496 2221 517 esse
2245 487 2522 524 universalitatem,

1451 539 1487 560 ex
1506 539 1571 570 qua
1590 529 1679 560 modi
1704 530 1827 561 essendi
1851 530 1960 561 omnia
1985 530 2183 562 constituunt
2206 531 2385 562 secundum
2408 541 2524 573 quarn-

1450 583 1590 615 cumque
1605 574 1777 615 positivam
1800 575 1966 611 rationem,
1991 575 2135 616 sequitur
2153 575 2252 616 quod,
2270 575 2396 616 cognita
2412 581 2524 607 natura

1450 619 1582 655 essendi,
1608 626 1842 659 cognoscantur
1865 619 1974 650 omnia
1998 620 2174 651 secundum
2198 619 2344 660 proprias
2366 620 2524 651 conditio-

1450 673 1516 694 nes.
1541 663 1582 694 Et
1600 663 1676 704 quia
1694 663 1774 694 hanc
1798 663 2066 695 universalitatem
2089 675 2156 695 non
2178 664 2257 695 vidit
2280 664 2383 705 prima
2398 664 2521 705 opinio,

1450 706 1523 737 ideo
1548 707 1673 744 erravit,
1698 707 1842 739 iudicans
1866 709 1905 739 de
1930 718 1996 740 esse
2021 709 2101 740 sicut
2125 709 2163 740 de
2183 709 2250 740 aliis
2274 708 2522 750 perfectionibus

1450 751 1648 791 specialibus,
1674 751 1791 783 scilicet
1809 752 1924 789 vivere,
1946 753 2129 794 intelligere,
2147 760 2216 790 etc.‚
2241 760 2364 794 praeter
2386 763 2468 794 quae
2492 759 2524 784 et

1451 805 1565 826 eorum
1583 796 1709 832 modos,
1727 803 1802 827 sunt
1817 796 1893 833 alia;
1919 807 1994 828 cum
2017 804 2134 835 tamen,
2152 804 2188 829 ut
2204 805 2298 838 patet,
2316 803 2439 838 praeter
2454 807 2521 828 esse

1451 846 1481 870 et
1504 839 1590 870 illius
1613 840 1730 870 modos
1753 847 1847 872 restet
1870 841 1959 872 nihil.

1480 927 1486 933 ⁸
1508 884 1562 914 XI.
1586 884 1723 915 Adverte
1746 884 1798 925 hic
1820 886 1920 926 quod,
1941 896 2015 916 cum
2040 893 2107 917 tota
2131 887 2283 918 dissensio
2302 886 2336 917 in
2350 886 2409 918 hac
2425 896 2522 927 quae-

1450 934 1552 958 stione
1575 935 1717 959 versetur
1740 928 1822 959 circa
1844 930 1981 960 modum
2004 940 2071 971 quo
2094 930 2128 961 in
2151 941 2218 962 uno
2242 931 2368 962 obiecto
2393 930 2521 970 cognito

1450 972 1560 1002 omnia
1576 972 1727 1013 cognosci
1746 973 1878 1013 possint,
1897 974 2063 1006 manifeste
2079 982 2209 1015 apparet
2227 976 2317 1017 quod
2340 975 2523 1006 communis

1450 1016 1548 1046 animi
1567 1016 1735 1057 conceptio
1757 1017 1938 1058 sapientum
1962 1018 2030 1055 fuit,
2055 1019 2145 1060 quod
2169 1019 2257 1050 Deus
2281 1030 2347 1050 non
2371 1020 2460 1051 aliter
2475 1020 2523 1050 in—

1450 1061 1561 1102 telligit
1585 1061 1646 1091 alia
1669 1071 1687 1092 a
1711 1071 1757 1098 se,
1782 1061 1843 1092 nisi
1865 1062 2072 1102 intelligendo
2097 1072 2133 1093 ea
2155 1063 2188 1094 in
2212 1074 2255 1095 se.
2280 1064 2387 1101 Quare
2411 1071 2523 1096 cautus

1450 1112 1528 1142 esto,
1554 1116 1629 1136 cum
1652 1115 1753 1136 novas
1776 1106 1853 1146 legis
1876 1106 2126 1138 adinventiones.
2267 1114 2271 1117 “

1507 1150 1576 1181 XII.
1602 1150 1637 1181 In
1661 1150 1868 1191 responsione
1892 1151 1932 1182 ad
1955 1151 2107 1192 primum,
2124 1152 2250 1183 adverte
2269 1152 2368 1193 quod,
2387 1162 2463 1184 cum
2479 1152 2524 1183 di-

1451 1194 1531 1226 citur
1555 1195 1637 1236 lapis
1658 1195 1785 1226 videtur
1808 1196 1841 1226 in
1865 1196 1946 1235 Deo,
1970 1196 2003 1237 ly
2027 1197 2059 1227 in
2084 1203 2190 1236 potest
2212 1197 2364 1228 denotare
2387 1197 2526 1228 modum

1451 1239 1576 1276 obiecti,
1601 1239 1682 1270 idest
1705 1240 1842 1271 modum
1866 1250 1933 1281 quo
1956 1240 2037 1281 lapis
2061 1240 2227 1278 obiicitur;
2252 1248 2282 1272 et
2305 1247 2411 1282 potest
2426 1241 2526 1272 deno-

1451 1291 1516 1314 tare
1539 1284 1677 1315 modum
1701 1284 1745 1315 rei
1768 1284 1913 1324 cognitae
1937 1292 1973 1315 ut
1996 1284 2053 1321 sic,
2078 1285 2160 1316 idest
2183 1286 2320 1316 modum
2343 1283 2524 1326 cognitum;

1451 1328 1528 1369 quia
1550 1328 1630 1369 lapis
1655 1339 1722 1360 non
1755 1329 1863 1359 solum
1892 1329 2040 1360 obiicitur
2069 1329 2101 1360 in
2125 1329 2197 1370 ipso
2221 1330 2312 1367 Deo,
2343 1331 2399 1361 sed
2430 1330 2527 1362 etiam

1452 1373 1569 1404 modus
1593 1373 1645 1404 ille
1665 1373 1789 1404 essendi
1812 1373 1846 1404 in
1869 1374 1939 1404 Deo
1964 1374 2177 1414 cognoscitur.
2203 1374 2265 1405 Sed
2284 1374 2365 1406 inter
2383 1374 2461 1406 haec
2480 1381 2528 1407 est

1452 1417 1634 1449 differentia.
1660 1417 1824 1455 Quoniam
1848 1418 2031 1449 denotando
2050 1419 2188 1450 modum
2207 1419 2333 1456 obiecti,
2349 1418 2528 1451 verificatur

1452 1472 1527 1492 cum
1543 1461 1682 1493 dictione
1697 1461 1865 1499 exclusiva,
1890 1462 1934 1493 ita
1949 1463 2039 1504 quod
2055 1463 2115 1494 ista
2130 1470 2176 1494 est
2190 1473 2273 1500 vera,
2299 1464 2382 1505 lapis
2400 1464 2528 1496 videtur

1451 1516 1472 1538 a
1495 1507 1566 1538 Deo
1590 1507 1622 1537 in
1647 1507 1715 1547 ipso
1738 1507 1809 1538 Deo
1832 1512 1978 1538 tantum:
2001 1507 2076 1548 quia
2095 1517 2161 1539 non
2181 1508 2270 1540 aliter
2289 1508 2437 1540 obiicitur
2455 1509 2526 1540 Deo

1452 1561 1552 1592 quam
1574 1551 1608 1581 in
1623 1551 1695 1592 ipso
1719 1551 1790 1582 Deo
1815 1558 1993 1589 contentus,
2011 1559 2047 1583 ut
2070 1562 2107 1583 ex
2122 1552 2213 1583 dictis
2236 1560 2323 1594 patet
2340 1552 2369 1584 ἦ
2387 1553 2450 1585 Sed
2472 1553 2528 1585 de·
2554 1558 2564 1568 '

1453 1595 1596 1626 notando
1620 1595 1758 1626 modum
1782 1595 1967 1636 cognitum,
1998 1607 2065 1627 non
2088 1595 2267 1628 verificatur
2289 1607 2364 1629 cum
2388 1597 2528 1630 dictione

1453 1640 1628 1671 exclusiva:
1662 1640 1706 1671 ita
1729 1640 1818 1681 quod
1842 1640 1923 1681 lapis
1953 1641 2078 1672 videtur
2107 1651 2125 1672 a
2149 1642 2219 1672 Deo
2250 1642 2429 1673 secundum
2460 1651 2528 1674 esse

1453 1685 1542 1726 quod
1565 1684 1661 1716 habet
1676 1685 1709 1714 in
1724 1684 1796 1725 ipso
1819 1684 1901 1722 Deo,
1919 1686 1975 1716 sed
1991 1695 2057 1716 non
2077 1692 2220 1722 tantum;
2245 1686 2321 1727 quia
2334 1686 2415 1728 lapis
2431 1687 2528 1718 etiam

1452 1729 1577 1760 videtur
1604 1739 1623 1760 a
1645 1729 1716 1760 Deo
1740 1730 1918 1760 secundum
1946 1740 2014 1761 esse
2037 1730 2126 1771 quod
2150 1730 2245 1762 habet
2267 1730 2300 1762 in
2323 1731 2386 1762 hoc
2416 1738 2448 1762 et
2469 1731 2527 1762 illo

1452 1773 1566 1814 lapide,
1583 1780 1614 1805 et
1629 1774 1807 1805 secundum
1824 1784 1892 1804 esse
1906 1775 1996 1815 quod
2012 1774 2107 1806 habet
2121 1774 2154 1805 in
2170 1775 2272 1806 causis
2286 1775 2362 1812 suis,
2375 1782 2442 1807 tam
2460 1785 2528 1807 ma-

1453 1818 1553 1849 teriali
1576 1828 1676 1859 quam
1696 1817 1845 1855 effectiva,
1863 1825 1902 1855 et,
1920 1818 2064 1856 breviter,
2080 1820 2259 1851 secundum
2278 1829 2391 1851 omnes
2410 1820 2528 1852 modos

1455 1862 1588 1899 essendi,
1608 1873 1675 1893 non
1699 1862 1807 1893 solum
1830 1862 1889 1893 sibi
1913 1862 2147 1900 convenientes,
2163 1864 2220 1895 sed
2238 1864 2416 1905 possibiles.
2439 1865 2528 1897 Deus

1454 1907 1555 1943 enim,
1584 1906 1723 1938 videndo
1746 1907 1779 1937 in
1803 1907 1909 1948 seipso
1936 1914 2062 1938 tantum
2089 1907 2245 1948 lapidem,
2275 1908 2363 1939 videt
2388 1909 2529 1950 lapidem

1454 1951 1633 1982 secundum
1663 1961 1777 1982 omnes
1807 1952 1925 1982 modos
1957 1952 2081 1983 essendi
2113 1962 2197 1994 quos
2226 1952 2322 1984 habet
2353 1959 2384 1984 et
2413 1953 2529 1985 habere

1454 2003 1568 2037 potest.
1592 1996 1634 2027 Et
1657 1995 1720 2027 hoc
1743 1996 1775 2026 in
1799 1996 1902 2028 littera
1924 1996 1994 2027 aliis
2016 1997 2119 2028 verbis
2143 1997 2266 2034 dicitur,
2291 2004 2327 2028 ut
2349 2005 2446 2038 patet.

1510 2041 1591 2072 XIII.
1609 2041 1644 2071 In
1659 2040 1868 2081 responsione
1883 2041 1923 2071 ad
1938 2041 2077 2078 tertium,
2088 2042 2214 2073 adverte
2226 2042 2316 2083 quod
2327 2042 2428 2073 hinc*
2443 2049 2530 2084 patet

1454 2086 1544 2127 quod
1567 2085 1654 2126 apud
1677 2095 1701 2116 s.
1718 2085 1892 2122 Thomam,
1917 2086 1958 2116 ad
1980 2085 2044 2117 hoc
2067 2093 2103 2117 ut
2126 2086 2214 2118 Deus
2232 2086 2266 2117 in
2281 2086 2416 2118 essentia
2438 2087 2528 2119 intel-

1453 2130 1533 2161 lecta
1556 2129 1710 2170 intelligat
1733 2130 1843 2160 omnia
1867 2130 2045 2161 secundum
2069 2131 2213 2172 proprias
2236 2131 2388 2168 rationes,
2414 2130 2529 2164 sufficit

1455 2174 1598 2205 eminens
1618 2173 1772 2215 perfectio
1797 2174 1920 2205 divinae
1944 2175 2106 2212 essentiae,
2132 2185 2196 2216 qua
2211 2185 2326 2206 omnes
2342 2183 2373 2207 et
2387 2175 2529 2217 singulas

1454 2218 1664 2259 perfectiones
1680 2218 1828 2249 omnium
1847 2219 1951 2259 ipsam
1971 2219 2183 2251 diversimode
2198 2219 2394 2252 imitantium
2409 2220 2528 2258 obiicit,

1455 2270 1486 2294 et
1509 2262 1658 2302 amplius.
1682 2263 1748 2293 Nec
1772 2262 1853 2303 exigi
1877 2263 1969 2303 ponit
1993 2263 2033 2294 ad
2055 2263 2118 2294 hoc
2141 2264 2264 2305 aliquas
2285 2265 2468 2302 relationes,
2491 2271 2529 2298 ut

1455 2306 1487 2338 in
1512 2307 1650 2338 secunda
1675 2306 1828 2347 opinione
1851 2307 1977 2338 recitata
2001 2317 2019 2338 a
2040 2307 2148 2345 Scoto,
2172 2308 2206 2339 in
2227 2319 2308 2340 xxxv
2327 2309 2528 2341 distinctione

1454 2351 1562 2387 Primi,
1579 2351 1703 2382 dicitur.
1727 2351 1898 2392 Propterea
1918 2351 2055 2383 rationes
2076 2362 2156 2393 quas
2179 2359 2289 2384 contra
2311 2353 2380 2384 illas
2403 2353 2528 2386 relatio-

1455 2406 1511 2426 nes
1525 2395 1639 2427 Scotus
1664 2395 1745 2432 facit,
1763 2406 1830 2426 non
1845 2403 1921 2427 sunt
1935 2403 2045 2428 contra
2068 2407 2092 2428 s.
2107 2396 2272 2428 Thomam
2296 2397 2328 2428 in
2351 2397 2410 2429 hac
2430 2404 2528 2430 mate-

1454 2440 1510 2471 ria.
1525 2458 1545 2464 -
1562 2440 1728 2478 Quantum
1745 2447 1853 2471 autem
1864 2441 1989 2472 valeant
2005 2447 2114 2472 contra
2133 2441 2328 2482 positionem
2345 2452 2369 2474 s.
2379 2442 2527 2474 Thomae

1455 2485 1494 2515 de
1518 2484 1605 2521 ideis,
1629 2484 1662 2515 in
1687 2485 1832 2526 sequenti
1856 2485 2043 2526 quaestione
2057 2484 2076 2503 l‘
2098 2485 2266 2517 videbitur.

1088 2689 1089 2693 ,
1117 2640 1435 2684 ARTICULUS
1466 2639 1734 2682 SEPTIMUS

1001 2735 1158 2766 UTRUM
1183 2734 1383 2766 SCIENTIA
1407 2733 1479 2765 Dm
1503 2733 1571 2765 sn*
1594 2732 1849 2764 DlscuaswA

577 2824 650 2855 Infra,
670 2832 713 2857 qu.
734 2832 822 2853 Lxxxv,
842 2829 888 2848 art.
906 2823 933 2854 5;
953 2823 962 2847 I
985 2824 1062 2848 Cont.
1083 2824 1170 2852 Gent„
1191 2830 1246 2855 cap.
1266 2830 1307 2853 nv,
1326 2829 1391 2853 ινιις
1413 2822 1454 2847 De
1471 2822 1562 2851 Verit„
1582 2829 1627 2855 qu.
1645 2828 1673 2852 11,
1693 2827 1739 2847 art.
1759 2830 1779 2851 1,
1799 2822 1830 2846 ad
1849 2830 1874 2854 4,
1896 2821 1925 2853 5;
1946 2827 1991 2847 art.
2014 2822 2037 2853 3,
2057 2822 2088 2847 ad
2110 2821 2137 2853 3;
2157 2827 2204 2847 art.
2228 2822 2272 2852 13;

1026 2859 1170 2892 Compend.
1194 2858 1291 2889 Theoi„
1312 2866 1366 2891 cap.
1386 2866 1458 2889 xxtx;
1478 2858 1503 2883 in
1524 2857 1578 2887 lob,
1597 2863 1652 2891 cap.
1671 2865 1715 2887 ιιι,
1734 2858 1792 2883 lect.
1811 2865 1831 2882 ιι

347 3057 350 3063 ’
394 3070 469 3098 δι·
486 3052 615 3094 Dei
640 3068 719 3093 non
748 3064 803 3092 est
833 3055 1047 3092 secundum
1068 3055 1162 3092 scire
1190 3055 1228 3092 in
1256 3053 1400 3101 habitu,

386 3082 486 3140 ἐξθ’θ’)
502 3100 610 3148 sed
631 3109 844 3146 secundum
874 3109 1079 3157 intelligere
1100 3108 1139 3146 in
1158 3115 1245 3146 actu
1264 3114 1293 3144 ⁶².
1322 3107 1400 3145 Sed

329 3164 542 3201 secundum
558 3163 851 3212 Philosophum,
867 3162 905 3199 in
922 3164 953 3199 ΙΙ
975 3163 1010 3199 T
1007 3162 1100 3211 opic.
1108 3161 1140 3208 ³⁸,
1161 3161 1256 3199 scire
1277 3161 1315 3198 in
1333 3161 1400 3198 ha-

329 3218 407 3254 bitu
420 3217 600 3265 contingit
614 3217 733 3253 multa
744 3215 869 3263 simul,
882 3216 950 3253 sed
965 3215 1169 3264 intelligere
1181 3222 1267 3252 actu
1277 3226 1400 3252 unum

329 3278 487 3308 tantum.
512 3271 613 3307 Cum
642 3282 731 3318 ergo
753 3271 859 3307 Deus
880 3270 998 3306 multa
1019 3276 1236 3317 cognoscat,
1257 3267 1345 3317 quia
1366 3274 1402 3304 et

331 3337 370 3361 se
392 3333 427 3362 et
446 3324 529 3369 alia,
551 3331 592 3361 ut
612 3331 809 3361 ostensum
831 3330 885 3360 est
903 3322 935 3369 ²⁸,
956 3322 1107 3360 videtur
1130 3321 1235 3371 quod
1256 3333 1335 3358 non
1355 3320 1402 3358 si-

332 3379 410 3414 mul
427 3377 556 3415 omnia
577 3377 764 3425 intelligat,
782 3376 850 3413 sed
870 3377 916 3413 de
932 3388 1010 3413 uno
1027 3375 1065 3413 in
1081 3375 1182 3413 aliud
1204 3375 1400 3413 discurrat.

387 3443 421 3467 2.
442 3432 676 3477 PRAETEREA,
703 3442 935 3478 cognoscere
957 3430 1137 3466 effectum
1157 3441 1227 3478 per
1246 3439 1401 3465 causam

334 3491 388 3520 est
417 3484 511 3521 scire
530 3482 547 3512 β
576 3483 830 3521 discurrentis.
867 3483 944 3520 Sed
974 3483 1079 3519 Deus
1110 3481 1303 3531 cognoscit
1331 3480 1403 3518 alia

387 3624 415 3653 α)
434 3624 480 3648 sed
499 3623 641 3648 secundum
663 3624 811 3656 intelligere
830 3623 856 3648 in
876 3626 947 3648 actu.
966 3637 985 3642 -
1003 3623 1065 3648 Om.
1085 3623 1147 3647 Pata.

387 3658 412 3691 β)
432 3659 508 3684 scit-e.
526 3671 546 3678 —
563 3659 689 3684 scientiae
708 3659 782 3687 ACE,
801 3667 854 3683 om.
870 3659 900 3684 B.
913 3673 932 3677 -
946 3659 996 3683 Pro
1015 3658 1144 3692 effectum,
1159 3658 1266 3692 effectus
1281 3656 1403 3682 ABCDE.
1427 3619 1432 3684 Ι

1456 2959 1525 2996 per
1553 2946 1740 2996 seipsum,
1775 2946 1870 2983 sicut
1903 2946 2083 2984 effectum
2116 2957 2185 2996 per
2217 2958 2384 2983 causam.
2425 2946 2526 2996 Ergo

1457 3000 1620 3049 cognitio
1650 3012 1719 3037 sua
1748 3007 1804 3037 est
1832 3000 2053 3038 discursiva.

1512 3055 1546 3091 3.
1567 3055 1802 3101 PRAETEREA‚
1823 3053 2026 3102 perfectius
2045 3054 2151 3091 Deus
2180 3052 2248 3089 scit
2269 3064 2526 3102 unamquam-

1456 3119 1530 3156 que
1561 3115 1773 3145 creaturam
1810 3119 1929 3155 quam
1966 3119 2037 3145 nos
2075 3105 2252 3143 sciamus.
2284 3106 2362 3143 Sed
2390 3118 2461 3144 nos
2490 3106 2528 3144 in

1458 3161 1579 3198 causis
1608 3160 1740 3198 creatis
1770 3160 2039 3209 cognoscimus
2067 3171 2200 3196 earum
2223 3159 2392 3206 effectus,
2419 3159 2528 3197 etsie

1458 3214 1504 3251 de
1535 3214 1657 3251 causis
1687 3214 1735 3251 ad
1758 3222 1911 3251 causata
1940 3212 2198 3252 discurrimus.
2221 3213 2322 3262 Ergo
2343 3217 2358 3240 ⁷
2376 3212 2529 3251 videtur

1458 3267 1628 3304 similiter
1655 3280 1739 3304 esse
1768 3267 1805 3304 in
1835 3269 1932 3305 Deo.

1512 3321 1586 3358 SED
1616 3333 1762 3358 CONTRA
1791 3333 1857 3358 EST
1884 3319 1990 3370 quod
2013 3319 2248 3367 Augustinus
2278 3319 2377 3368 dicit,
2398 3319 2437 3357 in
2455 3319 2528 3357 XV

1458 3374 1503 3410 de
1531 3376 1566 3410 T
1562 3375 1632 3411 rin.
1650 3374 1680 3420 ²¹²,
1709 3375 1814 3422 quod
1843 3375 1949 3411 Deus
1982 3384 2056 3410 non
2082 3372 2339 3422 particulatim
2366 3372 2428 3411 vel
2452 3373 2528 3410 sin·
2557 3387 2566 3395 ·

1457 3427 1617 3477 gillatim
1651 3428 1779 3464 omnia
1804 3427 1912 3473 videt,
1933 3426 2036 3462 velut
2059 3426 2270 3464 alternante
2301 3431 2497 3475 conspectu
2514 3422 2528 3447 ⁸

1457 3481 1544 3517 hinc
1573 3481 1671 3526 illuc,
1692 3486 1727 3517 et
1754 3481 1839 3517 inde
1865 3480 1956 3523 huc;
1983 3480 2050 3516 sed
2076 3480 2204 3517 omnia
2233 3480 2332 3517 videt
2356 3479 2479 3516 simul.

1510 3620 1537 3653 γ)
1559 3620 1642 3652 Ergo.
1661 3633 1679 3638 -
1702 3619 1776 3644 Unde
1796 3619 1866 3644 FGa.

1510 3654 1535 3687 δ)
1548 3658 1698 3687 conspectu.
1708 3669 1727 3674 -
1735 3659 1843 3687 aspectu
1857 3655 1888 3684 G.
1899 3659 2025 3690 conceptu
2037 3655 2100 3681 Pab.
2108 3669 2127 3674 -
2139 3656 2207 3680 Ante
2219 3654 2281 3680 inde
2294 3654 2416 3679 omittunt
2426 3657 2453 3679 et
2463 3654 2527 3679 Pab.

2556 2049 2566 2059 ·
2580 2048 2618 2071 bic
2632 2048 2670 2071 ed.
2684 2048 2746 2078 1508.

2555 2475 2564 2484 ·
2569 2474 2622 2496 Art.
2631 2479 2643 2496 a
2650 2481 2656 2501 ;
2663 2473 2766 2497 ‘theom‘

2554 2504 2626 2523 ment.
