2768 4178
26 3451 29 3456 .
82 3437 93 3446 '
101 3435 137 3458 Cf.
145 3439 186 3458 art.
196 3441 211 3462 ι,
222 3436 294 3458 Corn-

82 3466 154 3484 ment.
162 3468 227 3484 num.
237 3469 284 3484 xvi.

316 280 390 318 326

314 361 426 399 verbi
455 360 588 399 dicitur
615 361 829 408 generatio,
859 360 1072 397 secundum
1100 360 1296 408 propriam
1325 373 1383 397 ra-

318 415 463 452 tionem
501 427 577 462 qua
615 414 797 463 competit
824 415 937 451 rebus
964 413 1194 451 viventibus,
1234 414 1381 450 Relatio

319 476 447 505 autem
475 467 648 516 principii
677 467 930 515 generationis
958 467 996 504 in
1024 465 1242 503 viventibus
1261 466 1382 514 perfe-

321 521 387 558 ctis
416 521 551 557 dicitur
572 520 802 568 paternitas:
831 520 960 557 relatio
988 531 1082 556 vero
1102 519 1342 567 procedentis
1362 532 1383 556 a

319 573 504 622 principio
534 573 667 610 dicitur
683 573 834 621 filiatio.
865 573 1064 610 Processio
1092 579 1214 609 vero‘
1242 573 1384 609 amoris

79 635 292 663 ‘Qunam-4·
320 639 398 664 non
426 627 541 663 habet
568 638 711 664 nomen
738 626 958 675 proprium,
988 633 1030 662 ut
1057 637 1172 675 supra
1195 625 1215 647 '¹‘
1245 626 1384 663 dictum

322 687 396 717 est:
426 679 529 716 unde
549 691 672 728 neque
694 679 894 716 relationes
914 691 1011 727 quae
1030 678 1242 716 secundum
1262 679 1384 727 ipsam

321 732 566 781 accipiuntur.
598 732 676 769 Sed
702 739 862 769 vocatur
881 738 894 752 ’‘
923 731 1052 769 relatio
1073 732 1245 781 principii
1270 732 1384 769 huius

319 785 574 835 processionis
600 785 753 834 spiratio
763 798 777 829 ‚·
805 785 942 821 relatio·
965 792 1092 821 autem
1127 785 1383 833 procedentis,

314 839 505 888 processio
515 852 528 883 ;
561 837 736 887 quamvis
773 838 870 875 haec
908 838 984 875 duo
1022 838 1179 875 nomina
1207 838 1255 875 ad
1284 838 1384 886 ipsas

320 892 584 941 processiones
611 891 674 928 vel
712 890 875 938 origines
903 892 1134 940 pertineant,
1165 899 1201 928 et
1228 903 1307 928 non
1336 890 1383 927 ad

321 945 533 982 relationes.

374 1000 432 1035 AD
453 1009 589 1034 PRIMUM
609 1007 706 1033 ERGO
726 1007 910 1034 morannum
930 999 1035 1046 quod
1053 997 1092 1034 in
1111 997 1168 1034 his
1187 997 1225 1034 in
1246 996 1384 1045 quibus

322 1051 445 1088 differt
472 1049 484 1071 λ
511 1050 719 1087 intellectus
749 1057 785 1085 et
811 1051 1057 1099 intellectum,
1086 1051 1222 1088 volens
1251 1058 1287 1087 et
1314 1062 1383 1087 vo-

319 1104 438 1150 litum,
468 1110 593 1151 potest
620 1114 702 1138 esse
731 1104 840 1140 realis
859 1110 879 1130 ‘⁴‘
906 1105 1035 1140 relatio
1065 1112 1102 1141 et
1129 1103 1306 1140 scientiae
1335 1104 1383 1142 ad

320 1169 402 1193 rem
431 1156 575 1202 scitam,
597 1163 633 1192 et
659 1154 822 1193 volentis
851 1157 900 1194 ad
928 1169 1010 1193 rem
1039 1157 1207 1194 volitam.
1239 1157 1315 1193 Sed
1344 1156 1382 1194 in

320 1211 405 1246 Deo
435 1217 491 1246 est
518 1209 620 1245 idem
650 1209 808 1247 omnino
836 1210 1044 1247 intellectus
1080 1218 1116 1247 et
1140 1210 1384 1258 intellectum,

321 1262 409 1311 quia
427 1261 668 1310 intelligendo
689 1272 728 1296 se
749 1263 915 1312 intelligit
934 1263 1064 1300 omnia
1083 1263 1171 1300 alia:
1193 1271 1229 1300 et
1249 1264 1384 1301 eadem

321 1315 464 1353 ratione
492 1316 669 1352 voluntas
699 1323 734 1351 et
761 1322 772 1336 ¹·
800 1317 973 1354 volitum.
996 1317 1105 1354 Unde
1134 1316 1173 1353 in
1201 1317 1286 1353 Deo
1314 1318 1383 1354 hu-

321 1368 485 1406 iusmodi
514 1368 713 1405 relationes
746 1382 825 1406 non
857 1378 944 1407 sunt
971 1371 1105 1416 reales,
1136 1369 1230 1406 sicut
1259 1382 1383 1420 neque

322 1422 451 1459 relatio
479 1421 652 1459 eiusdem
681 1423 729 1460 ad
763 1423 878 1460 idem.
911 1424 986 1460 Sed
1015 1430 1144 1460 tamen
1177 1422 1306 1459 relatio
1336 1424 1383 1461 ad

321 1476 484 1512 verbum
519 1482 574 1511 est
611 1476 740 1513 realis:
775 1476 863 1524 quia
897 1477 1061 1513 verbum
1096 1475 1307 1524 intelligitur
1343 1484 1385 1514 ut

321 1528 534 1577 procedens
552 1539 621 1577 per
648 1529 835 1566 actionem
855 1529 1136 1577 intelligibilem,
1157 1541 1234 1565 non
1255 1538 1383 1567 autern

321 1590 363 1618 ut
397 1594 456 1618 res
492 1581 679 1619 intellecta
707 1581 730 1619 ξ.
762 1583 862 1619 Cum
892 1582 993 1619 enim
1026 1582 1265 1629 intelligimus
1294 1583 1384 1632 lapi-

377 1699 395 1731 ι)
415 1705 486 1723 vero.
504 1711 523 1717 —
540 1701 629 1722 autem
650 1697 760 1722 codices.

375 1734 401 1766 κ)
421 1737 541 1759 vocatur.
558 1747 577 1752 —
595 1736 703 1758 vocetur
721 1732 833 1757 codices.

374 1769 402 1801 λ)
423 1769 522 1803 differt.
539 1783 559 1788 ·-
577 1769 678 1794 dicitur
695 1768 724 1793 Ρ.

376 1806 403 1839 μ)
423 1805 511 1830 realis.
529 1819 547 1823 -
569 1805 631 1830 talis
649 1805 677 1828 B.
696 1817 715 1822 -
738 1804 789 1828 Pro
808 1805 835 1828 et
851 1802 990 1833 scientiae,
1018 1805 1047 1827 ut
1065 1803 1190 1828 scientIae
1208 1804 1277 1835 Bab,
1302 1805 1385 1830 scien-

321 1844 540 1908 tmevfeiigiiintas
559 1879 594 1900 et.
610 1889 629 1894 -
648 1874 792 1900 voluntatis
813 1876 839 1899 et
857 1874 933 1903 ACE.
952 1874 1097 1899 voluntatis
1116 1874 1153 1898 ad
1171 1875 1200 1904 Β,
1220 1875 1330 1900 volentis
1348 1875 1386 1900 ad

319 1912 559 1981 DFC1E3.inteHecm.
576 1959 595 1965 -
612 1950 652 1971 est
671 1947 767 1971 addunt
785 1944 882 1969 ABCE.

969 281 1235 329 QUAESTIO
1265 282 1443 330 xxvm,
1474 282 1770 320 ARTICULth
1801 282 1852 319 iv

1438 361 1539 410 dem,
1560 361 1599 398 id
1627 361 1731 410 quod
1761 373 1806 397 ex
1835 374 1875 398 re
1910 361 2096 398 intellecta
2123 367 2136 382 ⁰
2165 362 2329 412 concipit
2359 362 2501 408 intelle-

1438 422 1529 462 ctus,
1550 422 1710 451 vocatur
1736 415 1912 452 verbum.

1491 470 1550 505 An
1570 480 1760 505 SECUNDUM
1780 479 1966 505 D1CENDUM
1990 468 2095 516 quod
2113 468 2152 504 in
2170 468 2281 505 nobis
2301 469 2502 507 relationes

1437 520 1684 569 intelligibiles
1712 521 1750 558 in
1779 521 1972 558 infinitum
1993 521 2297 570 multiplicantur,
2321 521 2410 570 quia
2429 522 2502 559 alio

1439 581 1525 610 actu
1550 574 1719 622 intelligit
1738 575 1857 611 homo
1877 574 2055 623 lapidem,
2078 582 2113 611 et
2141 574 2213 610 alio
2233 582 2319 611 actu
2338 574 2504 623 intelligit

1439 639 1478 663 se
1508 627 1712 675 intelligere
1746 627 1932 676 lapidem,
1970 635 2006 664 et
2043 627 2115 664 alio
2145 632 2164 649 π
2193 627 2308 664 etiarn
2336 627 2504 676 intelligit

1438 680 1513 716 hoc
1541 680 1761 728 intelligere:
1792 688 1827 717 et
1855 681 1909 717 sic
1936 679 1974 717 in
1994 680 2183 717 infinitum
2211 680 2505 729 multiplicantur

1439 740 1543 770 actus
1571 733 1812 781 intelligendi,
1843 741 1880 770 et
1906 747 1976 783 per
2005 746 2243 782 consequens
2269 734 2470 771 relationes
2489 739 2505 764 Ρ

1438 785 1659 823 intellectae.
1700 787 1776 824 Sed
1804 787 1880 824 hoc
1907 787 1946 824 in
1978 788 2064 824 Deo
2098 799 2177 824 non
2209 787 2326 823 habet
2353 787 2503 834 locum,

1439 838 1527 887 quia
1546 845 1560 859 ⁶
1588 851 1666 875 uno
1695 846 1782 875 actu
1810 846 1957 876 tantum
1987 840 2116 876 omnia
2142 840 2320 887 intelligit.

1492 893 1551 928 An
1579 903 1739 928 TERTIUM
1777 904 1961 929 DtCENDUM
1995 893 2099 941 quod
2137 901 2329 941 respectus
2362 893 2504 930 ideales

1439 951 1526 981 sunt
1553 951 1594 980 ut
1622 944 1796 981 intellecti
1822 950 1838 965 ¹·
1866 957 1887 981 a
1916 946 2013 982 Deo.
2043 945 2154 982 Unde
2185 957 2230 982 ex
2260 958 2393 983 eorum
2421 947 2503 995 plu-

1440 997 1580 1034 ralitate
1601 1009 1679 1034 non
1700 997 1868 1046 sequitur
1892 998 1997 1046 quod
2026 997 2098 1034 sint
2117 1003 2131 1018 ⁰
2156 999 2284 1047 plures
2303 999 2505 1036 relationes

1438 1051 1476 1087 in
1509 1051 1615 1097 Deo,
1646 1050 1714 1087 sed
1743 1050 1848 1099 quod
1885 1051 1991 1087 Deus
2020 1059 2225 1098 cognoscat
2257 1053 2384 1100 plures
2413 1053 2505 1090 rela-

1438 1112 1571 1141 tiones.

1491 1158 1550 1193 AD
1580 1168 1753 1198 QUARTUM
1771 1167 1955 1194 mei-:noum
1985 1156 2089 1205 quod
2109 1156 2314 1204 aequalitas
2344 1164 2380 1194 et
2404 1157 2506 1194 simi-

1423 1210 1557 1248 ·lituclo
1587 1210 1625 1246 in
1654 1210 1739 1246 Deo
1764 1222 1843 1246 non
1872 1217 1959 1246 sunt
1978 1210 2180 1246 relationes
2209 1211 2341 1258 reales,
2362 1211 2429 1248 sed
2449 1223 2507 1248 ra-

1438 1263 1552 1300 tionis
1582 1270 1740 1310 tantum,
1769 1270 1811 1299 ut
1838 1263 1934 1299 infra
1952 1262 1973 1284 ’¹‘
1998 1262 2152 1311 patebit.

1491 1318 1551 1353 An
1580 1328 1743 1359 QU1NTUM
1771 1328 1955 1353 montinum
1984 1316 2091 1364 quod
2117 1315 2182 1353 via
2211 1324 2266 1353 est
2290 1316 2427 1354 eadem
2456 1317 2505 1354 ab

1437 1382 1515 1406 uno
1544 1370 1707 1406 termino
1737 1370 1785 1406 ad
1813 1370 1986 1416 alterum,
2013 1377 2049 1406 et
2077 1382 2098 1406 e
2123 1380 2329 1416 converso;
2357 1370 2424 1407 sed
2452 1377 2506 1407 ta-

1437 1434 1528 1460 men
1561 1430 1755 1471 respectus
1784 1430 1870 1459 sunt
1905 1422 2053 1460 diversi.
2091 1422 2202 1460 Unde
2233 1435 2277 1460 ex
2314 1423 2389 1460 hoc
2426 1435 2505 1461 non

1437 1483 1562 1526 potest
1591 1476 1766 1514 concludi
1794 1476 1898 1524 quod
1929 1477 2064 1513 eadem
2089 1475 2136 1512 sit
2163 1476 2292 1513 relatio
2320 1476 2435 1526 patris
2455 1477 2505 1514 ad

1437 1529 1571 1576 filium,
1593 1538 1628 1566 et
1647 1535 1662 1559 Ρ
1691 1542 1710 1566 e
1740 1541 1947 1566 converso:
1978 1529 2046 1566 sed
2069 1536 2199 1578 posset
2226 1530 2301 1566 hoc
2329 1530 2505 1568 concludi

1439 1583 1486 1620 de
1515 1583 1641 1631 aliquo
1670 1583 1856 1629 absoluto,
1879 1583 1908 1619 si
1938 1590 2036 1619 esset
2063 1582 2234 1619 medium
2263 1582 2359 1620 inter
2387 1595 2442 1620 ea.

1496 1699 1522 1730 ο)
1542 1698 1684 1723 intellecta.
1702 1713 1721 1718 —
1739 1698 1912 1723 intellectuali
1930 1697 1984 1723 FG.

1495 1734 1524 1766 π)
1543 1734 1606 1759 alio.
1623 1747 1643 1753 -
1660 1737 1721 1759 actu
1741 1734 1838 1758 addunt
1857 1734 1932 1758 BFG.

1495 1770 1519 1802 ρ)
1540 1769 1717 1794 relationes.-
1730 1769 1771 1794 vel
1789 1769 1907 1794 rationes
1926 1769 1967 1793 vel
1985 1768 2128 1793 relationes
2146 1769 2176 1799 B,
2195 1769 2314 1794 rationes
2333 1776 2423 1802 margo
2442 1769 2473 1795 D.
2486 1783 2506 1789 -

1441 1805 1491 1829 Pro
1511 1805 1665 1834 intellectae,
1686 1805 1861 1830 intellectivae
1879 1804 1928 1836 pD.

1493 1840 1519 1872 σ)
1539 1840 1610 1872 quia.
1628 1854 1647 1859 -
1665 1840 1711 1872 qui
1730 1839 1852 1865 CDEFG.

1494 1876 1518 1907 τ)
1539 1879 1569 1900 ut
1587 1875 1721 1900 intellecti.
1738 1889 1757 1894 -
1775 1875 1902 1900 intellecti
1919 1875 1964 1905 Pb,
1984 1882 2036 1900 non
2056 1874 2182 1899 intellecti
2200 1874 2240 1899 ed.
2253 1881 2279 1899 a.

1493 1911 1518 1943 υ)
1537 1910 1599 1936 sint.
1618 1925 1637 1929 -
1654 1914 1717 1935 sunt
1736 1910 1764 1935 P.

1494 1947 1521 1979 φ)
1541 1949 1576 1971 et.
1593 1960 1612 1966 -
1630 1947 1672 1971 vel
1689 1946 1800 1971 codices.

992 2023 1326 2058 Commentaria
1348 2024 1599 2058 Garamans
1621 2025 1822 2059 Caietam
1842 2006 1848 2009 ⁴

380 2118 486 2138 1'rtJLus
511 2107 622 2138 clarus.
637 2123 657 2128 —
680 2105 715 2135 In
735 2113 867 2144 corpore
886 2102 979 2133 unica
1004 2104 1178 2139 conclusio,
1201 2105 1383 2145 responsiva

322 2120 523 2193 Tquaesito
547 2149 746 2181 affirmative:
772 2149 807 2178 ln
831 2148 900 2178 Deo
922 2153 995 2177 sunt
1022 2154 1148 2179 tantum
1173 2155 1312 2188 quatuor
1337 2160 1382 2180 re-

319 2196 452 2227 lationes
475 2196 586 2231 reales,
611 2194 727 2225 scilicet
754 2191 932 2232 paternitas,
955 2190 1076 2228 filiatio,
1101 2191 1230 2233 spiratio
1255 2200 1286 2223 et
1308 2203 1383 2233 pro-

321 2241 429 2271 cessio.
448 2258 468 2263 -
483 2240 637 2270 Probatur
653 2237 705 2268 sic.
731 2237 765 2267 In
789 2237 858 2267 Deo
875 2242 948 2267 sunt
966 2235 1132 2267 relationes
1147 2236 1253 2272 reales,
1271 2245 1302 2269 et
1317 2247 1383 2268 non

321 2291 549 2325 consequentes
565 2282 782 2324 quantitatem,
800 2290 857 2311 nec
873 2280 1029 2311 actionem
1044 2281 1084 2311 ad
1100 2288 1198 2311 extra:
1219 2289 1294 2321 ergo
1311 2289 1385 2312 sunt

322 2334 550 2370 consequentes
572 2326 711 2357 actiones
735 2325 775 2355 ad
797 2324 895 2355 intra:
928 2332 1002 2362 ergo
1026 2324 1059 2355 in
1088 2334 1126 2354 eo
1157 2330 1230 2355 sunt
1259 2332 1384 2358 tantum

321 2372 486 2403 relationes
510 2376 738 2411 consequentes
767 2369 845 2402 duas
874 2369 1091 2411 processiones
1121 2369 1161 2399 ad
1189 2368 1284 2400 intra:
1309 2380 1384 2410 ergo

321 2424 395 2448 sunt
414 2421 551 2458 quatuor
569 2421 693 2445 tantum
715 2414 882 2446 relationes
899 2415 1014 2445 reales:
1040 2423 1114 2453 ergo
1134 2420 1208 2444 sunt
1225 2413 1312 2452 istae,
1330 2425 1384 2455 pa-

322 2461 462 2498 ternitas,
486 2459 610 2495 filiatio,
635 2458 763 2498 spiratio
787 2467 818 2491 et
841 2459 1010 2500 processio.

379 2505 592 2540 Antecedens‚
617 2504 724 2543 quoad
747 2504 969 2544 quantitatem,
994 2502 1161 2543 probatur:
1191 2503 1265 2543 quia
1288 2504 1321 2534 in
1345 2513 1383 2534 eo

322 2560 389 2580 non
412 2556 458 2580 est
480 2547 647 2590 quantitas,
663 2555 699 2579 ut
714 2555 800 2588 patet
816 2558 852 2579 ex
870 2546 1063 2588 Augustino.
1087 2547 1204 2584 Quoad
1227 2549 1386 2580 actionem

323 2595 362 2624 ad
386 2600 479 2630 extra,
495 2592 647 2634 probatur
670 2602 707 2622 ex
730 2603 824 2634 supra
844 2591 933 2623 dictis
952 2593 985 2623 in
1000 2601 1054 2631 qu.
1071 2601 1134 2622 xm.
1153 2609 1171 2615 -
1185 2593 1290 2624 Prima
1309 2602 1383 2623 vero

323 2637 548 2679 consequentia
579 2637 731 2676 probatur
753 2647 790 2668 ex
813 2637 841 2667 V
864 2637 1067 2679 Metaphys..·
1090 2635 1164 2676 quia
1192 2638 1308 2669 scilicet
1338 2647 1383 2668 re-

322 2682 398 2713 latio
422 2681 526 2712 omnis
550 2680 700 2712 fundatur
722 2691 817 2722 super
839 2682 1065 2721 quantitatem,
1090 2686 1145 2710 aut
1172 2682 1330 2713 actionem
1354 2687 1385 2712 et

322 2726 513 2767 passionem.
529 2743 549 2748 -
567 2725 711 2755 Secunda
730 2732 837 2756 autem
860 2727 1011 2765 probatur
1034 2735 1070 2756 ex
1094 2723 1202 2756 dictis:
1227 2727 1302 2767 quia
1325 2726 1383 2757 sci-

322 2771 395 2802 licet
410 2770 587 2801 secundum
602 2769 740 2800 actiones
764 2770 972 2801 immanentes
988 2771 1069 2801 duae
1084 2774 1208 2800 tanturn
1223 2776 1297 2802 sunt
1311 2781 1384 2811 pro-

322 2814 488 2851 cessiones,
512 2814 605 2844 altera
629 2814 804 2844 secundum
827 2813 1030 2851 intellectum,
1049 2821 1078 2845 et
1094 2812 1189 2844 altera
1208 2814 1384 2846 secundum

321 2859 534 2894 voluntatem
559 2857 612 2887 illa
634 2857 729 2894 verbi,
754 2857 830 2888 haec
854 2858 980 2889 amoris.
996 2874 1014 2882 -
1030 2857 1137 2889 Tertia
1159 2865 1284 2890 autem:
1309 2859 1384 2899 quia

322 2903 498 2934 secundum
521 2901 695 2943 quamlibet
717 2901 952 2942 processionem
976 2907 1103 2943 oportet
1122 2901 1199 2932 duas
1220 2902 1383 2944 oppositas

321 2947 486 2978 relationes
502 2956 578 2982 esse,
598 2946 807 2986 procedentis,
825 2953 855 2976 et
873 2957 891 2976 a
910 2957 975 2987 quo
992 2945 1143 2987 procedit.
1157 2963 1177 2968 —
1192 2947 1311 2984 Quarta
1331 2948 1383 2978 de-

322 3001 413 3022 mum
428 2991 588 3031 probatur,
604 2990 711 3030 quoad
731 2990 860 3020 nomina
880 2990 1053 3030 primarum
1070 2992 1216 3027 duarum,
1233 2992 1286 3023 sic.
1307 2992 1383 3022 Pro-

321 3035 420 3067 cessio
439 3034 525 3065 verbi
541 3034 654 3064 dicitur
671 3034 839 3074 generatio,
856 3035 1031 3066 secundum
1050 3034 1212 3076 propriam
1228 3036 1383 3067 rationem

321 3079 488 3110 nativitatis
510 3077 701 3108 viventium:
734 3084 764 3108 et
786 3078 895 3109 relatio
919 3079 1063 3120 principii
1091 3079 1186 3110 huius
1215 3080 1382 3112 nativitatis

321 3123 433 3155 dicitur
449 3123 647 3163 paternitas,
672 3122 736 3153 nati
759 3132 834 3152 vero
858 3123 970 3153 dicitur
981 3124 1125 3164 filiatio:
1148 3133 1232 3163 ergo.
1264 3124 1382 3162 Quoad

321 3168 399 3198 duas
417 3177 492 3197 vero
515 3166 660 3207 reliquas,
677 3165 893 3197 manifestatur
908 3166 960 3197 sic.
985 3167 1147 3199 Processio
1164 3168 1280 3198 amoris
1300 3175 1383 3200 caret

321 3211 451 3242 nomine
474 3210 620 3251 proprio:
650 3220 724 3250 ergo
748 3216 779 3240 et
801 3210 966 3242 relationes
995 3213 1171 3243 secundum
1199 3211 1310 3252 ipsam.
1342 3212 1383 3243 Et

320 3266 443 3291 rursus,
472 3262 603 3286 vocatur
626 3254 785 3294 processio
809 3264 864 3286 seu
888 3255 1033 3295 spiratio:
1062 3256 1135 3287 ideo
1159 3256 1382 3288 convenienter

321 3300 429 3330 relatio
457 3298 601 3339 principii
629 3298 680 3329 hic
703 3305 833 3329 vocatur
860 3301 1016 3340 spiratio;
1039 3299 1147 3331 relatio
1171 3309 1245 3330 vero
1274 3299 1381 3341 spirati

319 3351 459 3379 vocatur,
484 3349 636 3382 usurpato
660 3342 806 3378 nomine,
824 3346 998 3384 processio.
1022 3345 1062 3375 Et
1085 3344 1128 3375 sic
1152 3351 1238 3384 patet
1264 3350 1378 3375 totum.

379 3387 415 3417 11.
441 3386 532 3418 Circa
555 3386 807 3426 propositionem
831 3387 918 3418 illam
941 3398 977 3419 ex
1000 3389 1029 3420 V
1044 3389 1242 3429 Metaphysz,
1265 3388 1381 3419 iterum

321 3431 444 3461 adverte
454 3431 480 3466 *,
499 3440 534 3461 ex
554 3430 615 3471 Qq.
629 3430 668 3461 de
683 3431 826 3461 Potentia
844 3432 915 3468 Dei,
932 3443 1047 3473 qu.vn,
1064 3439 1119 3463 art.
1139 3443 1168 3473 9,
1186 3433 1275 3474 quod
1290 3432 1380 3462 intel—

318 3474 425 3514 ligitur
441 3474 615 3505 secundum
632 3475 771 3514 modum,
789 3485 854 3506 non
871 3477 1047 3507 secundum
1062 3485 1149 3508 rem:
1163 3476 1253 3512 idest,
1273 3475 1379 3506 omnis

319 3518 428 3548 relatio
451 3518 540 3549 realis
564 3518 714 3550 fundatur
737 3529 831 3559 super
854 3520 1062 3561 quantitatem
1083 3527 1156 3557 etc.,
1181 3521 1261 3552 idest
1282 3529 1380 3561 super

319 3572 356 3593 re
373 3572 455 3603 quae
478 3568 524 3593 est
541 3564 713 3604 quantitas,
731 3569 789 3594 aut
805 3564 870 3594 alia
886 3574 922 3595 re
937 3570 971 3595 ut
987 3565 1090 3596 induit
1105 3566 1261 3596 rationem
1278 3574 1380 3605 quan-

1438 2106 1555 2136 titatis:
1578 2106 1663 2136 unde
1687 2116 1790 2137 unum
1813 2106 1846 2136 in
1869 2106 2043 2137 substantia
2066 2105 2139 2137 facit
2161 2105 2263 2143 idem,
2289 2113 2319 2138 et
2345 2116 2450 2138 unum
2471 2107 2506 2141 in

1437 2149 1586 2190 qualitate
1608 2150 1682 2181 facit
1704 2150 1816 2182 simile.
1845 2150 1950 2181 Unum
1976 2150 2061 2181 enim
2084 2151 2125 2181 ad
2148 2150 2355 2191 quantitatem
2371 2151 2507 2192 pertinet

1438 2194 1613 2225 modaliter.

1493 2238 1554 2268 Sed
1569 2245 1644 2269 tunc
1661 2239 1778 2279 duplex
1797 2238 1932 2269 occurrit
1955 2238 2006 2269 hic
2030 2239 2176 2270 dubium.
2200 2239 2320 2277 Primo,
2346 2246 2504 2280 quantum

1437 2282 1538 2312 valeat
1560 2282 1639 2312 ratio
1662 2282 1791 2319 litterae,
1816 2283 1990 2324 procedens
2014 2293 2050 2313 ex
2074 2293 2112 2313 eo
2137 2284 2225 2324 quod
2241 2283 2274 2313 in
2289 2284 2358 2314 Deo
2375 2293 2442 2315 non
2457 2290 2505 2315 est

1437 2325 1597 2366 quantitas
1621 2327 1797 2357 secundum
1824 2336 1907 2363 rem,
1933 2334 1968 2357 ut
1991 2333 2076 2366 patet
2099 2337 2136 2357 ex
2167 2327 2296 2358 inducta
2319 2326 2505 2359 auctoritate

1437 2369 1617 2410 Augustini.
1635 2388 1655 2392 -
1671 2370 1827 2408 Secundo,
1852 2370 1927 2411 quia
1951 2370 2030 2401 falso
2054 2370 2167 2401 adduci
2184 2371 2307 2402 videtur
2331 2372 2503 2403 auctoritas

1438 2424 1475 2445 ex
1493 2415 1521 2445 V
1537 2415 1736 2455 Metaphys..·
1760 2415 1915 2456 quoniam
1938 2414 1980 2446 ibi
1999 2415 2129 2455 ponitur
2152 2415 2260 2446 tertius
2285 2415 2402 2446 modus
2425 2416 2503 2446 rela—

1437 2459 1586 2495 tivorum,
1604 2466 1640 2489 ut
1656 2459 1751 2490 etiam
1774 2459 1817 2489 ibi
1840 2469 1863 2490 s.
1880 2459 2024 2490 Thomas
2040 2459 2179 2499 exponit,
2197 2459 2314 2490 scilicet
2336 2469 2504 2491 mensurae

1438 2509 1468 2533 et
1492 2503 1710 2534 mensurabilis
1734 2513 1799 2534 non
1823 2503 2038 2544 quantitative.

1496 2547 1548 2578 111.
1572 2547 1623 2578 Ad
1647 2547 1788 2587 primum
1811 2547 1929 2578 horum
1952 2547 2066 2579 dicitur
2093 2548 2201 2588 quod,
2226 2547 2301 2588 quia
2324 2548 2503 2579 secundum

1437 2591 1599 2622 veritatem
1623 2593 1744 2622 Auctor
1766 2598 1851 2623 tenet
1875 2591 1995 2622 nullam
2023 2591 2209 2622 relationem
2232 2591 2348 2622 realem
2376 2591 2408 2622 in
2430 2591 2501 2623 Deo

1438 2635 1589 2676 consequi
1613 2636 1831 2676 quantitatem,
1847 2643 1913 2667 tam
1929 2636 2106 2666 secundum
2129 2646 2195 2666 rem
2212 2645 2310 2677 quam
2325 2635 2504 2667 secundum

1438 2680 1589 2716 modum3
1614 2687 1644 2711 et
1667 2680 1796 2710 inferius
1825 2687 2030 2711 tractaturum
2059 2690 2091 2711 se
2115 2680 2289 2720 promittit,
2313 2680 2345 2710 in
2369 2690 2502 2721 respon·

1438 2724 1527 2755 sione
1551 2724 1590 2754 ad
1613 2732 1781 2765 quartum,
1807 2725 1845 2755 de
1868 2724 2054 2755 huiusmodi
2077 2724 2282 2756 relationibus
2305 2734 2500 2766 consequen-

1437 2768 1521 2799 tibus
1544 2769 1752 2809 quantitatem
1776 2769 1952 2799 secundum
1981 2769 2131 2805 modum,
2161 2776 2238 2809 puta
2261 2768 2447 2810 aequalitate
2470 2775 2506 2800 et

1438 2812 1659 2850 similitudine;
1683 2813 1755 2843 ideo
1779 2813 1829 2844 hic
1853 2813 2024 2844 summarie
2039 2812 2245 2854 pertransivit,
2269 2819 2435 2844 contentus
2453 2823 2500 2844 ra-

1437 2857 1523 2888 tione
1547 2857 1585 2887 de
1608 2857 1781 2898 quantitate
1798 2858 1973 2888 secundum
1993 2867 2069 2888 rem.
2087 2875 2106 2880 —
2121 2857 2161 2888 Et
2178 2856 2203 2887 si
2221 2856 2327 2893 instes,
2351 2857 2443 2898 Ergo
2459 2866 2503 2888 ex·

1436 2902 1496 2933 hoc
1510 2902 1647 2933 articulo
1663 2911 1725 2932 non
1741 2901 1941 2942 sufficienter
1956 2901 2158 2948 concluditur
2172 2902 2347 2932 intentum:
2370 2910 2500 2941 respon—

1437 2946 1528 2977 detur
1551 2946 1639 2987 quod
1662 2945 1852 2976 sufficienter
1874 2953 2031 2986 quantum
2054 2945 2224 2986 praesentis
2247 2944 2309 2975 loci
2329 2951 2402 2981 erat,
2418 2955 2503 2986 quo-

1437 2990 1524 3022 niam
1547 2991 1585 3021 ab
1608 2990 1670 3021 hoc
1693 2990 1765 3020 loco
1794 2990 1864 3020 illae
1893 2990 2058 3021 relationes
2086 2989 2263 3029 relegantur
2285 2988 2415 3020 inferius
2438 2995 2499 3020 tra·-

1436 3035 1583 3069 ctandae;
1609 3034 1754 3077 quamvis
1778 3044 1842 3064 non
1867 3034 2056 3066 sufficienter
2083 3033 2243 3069 absolute,
2268 3033 2293 3063 si
2317 3033 2426 3064 omnia
2447 3033 2503 3064 hic

1436 3078 1568 3110 fuissent
1586 3078 1812 3119 perlustranda.
1837 3079 1969 3119 Propter
1991 3078 2099 3120 quod,
2123 3087 2162 3108 ne
2186 3077 2338 3108 limitatus
2361 3077 2412 3108 hic
2435 3084 2499 3108 tra·

1436 3130 1535 3154 ctatus
1551 3122 1673 3154 errandi
1688 3122 1812 3153 occasio
1829 3122 1922 3153 alicui
1937 3122 2026 3159 foret,
2038 3128 2228 3162 protestatur
2243 3121 2275 3152 in
2292 3121 2498 3162 responsione

1435 3167 1474 3197 ad
1489 3174 1648 3208 quartum,
1669 3176 1701 3196 se
1720 3165 1850 3197 inferius
1869 3167 1931 3197 hoc
1946 3166 2181 3206 completurum
2203 3166 2235 3196 in
2259 3166 2331 3196 loco
2355 3165 2496 3206 proprio,

1435 3211 1489 3241 ubi
1513 3211 1552 3241 de
1575 3210 1799 3241 communibus
1827 3210 2030 3242 relationibus
2060 3209 2173 3240 divinis
2195 3209 2341 3240 Personis
2369 3216 2496 3250 agetur:

1435 3255 1478 3285 sic
1502 3255 1587 3286 enim
1610 3254 1771 3285 institutus
1795 3255 1874 3286 ordo
1899 3255 2047 3295 exigebat.

1492 3300 1543 3330 Ad
1566 3299 1743 3330 secundum
1766 3309 1841 3329 vero
1865 3299 2000 3330 dubium
2023 3297 2136 3328 dicitur
2159 3298 2257 3339 quod,
2282 3297 2357 3339 quia
2380 3297 2431 3328 hic
2450 3303 2497 3328 est

1434 3353 1538 3373 sermo
1563 3343 1601 3374 de
1624 3343 1758 3374 realibus
1782 3343 1984 3374 relationibus
2012 3342 2091 3373 inter
2114 3352 2162 3372 res
2193 3342 2335 3373 eiusdem
2358 3341 2494 3378 ordinis,

1433 3387 1500 3417 imo
1524 3387 1666 3418 eiusdem
1696 3394 1839 3423 naturae,
1864 3397 1919 3418 seu
1943 3386 2053 3417 saltem
2077 3386 2213 3423 mutuis;
2238 3386 2363 3417 relativa
2387 3392 2494 3416 autem

1434 3431 1514 3462 tertii
1531 3431 1628 3468 modi,
1647 3438 1682 3462 ut
1697 3431 1815 3462 ibidem
1829 3431 1846 3450 *
1869 3437 1963 3471 patet,
1979 3430 2012 3460 in
2028 3430 2089 3461 hoc
2106 3430 2252 3461 differunt
2267 3431 2305 3461 ab
2325 3429 2402 3466 aliis,
2420 3429 2495 3470 quia
2521 3438 2532 3450 ·
2547 3437 2659 3461 Numa.

1433 3485 1499 3505 non
1523 3482 1596 3506 sunt
1619 3482 1749 3511 mutua;
1779 3475 1851 3505 ideo
1875 3475 1962 3505 nulla
1991 3474 2159 3506 commissa
2190 3482 2236 3506 est
2266 3474 2299 3504 in
2329 3473 2493 3514 allegando

1432 3519 1558 3550 falsitas.
1589 3519 1645 3550 Est
1669 3519 1753 3549 enim
1776 3528 1848 3549 vera
1871 3519 1923 3549 illa
1946 3519 2129 3550 universalis
2152 3519 2184 3549 in
2208 3518 2343 3549 realibus
2367 3516 2493 3548 relatio-

1432 3563 1524 3593 nibus
1548 3563 1682 3599 mutuis‚
1708 3563 1746 3592 de
1770 3562 1886 3603 quibus
1910 3569 1955 3593 est
1976 3573 2091 3594 sermo.

1324 3627 1804 3654 -g--—-—-

2531 1272 2544 1284 ⁴
2554 1272 2602 1300 Qu.
2613 1278 2669 1301 xm,
2678 1275 2721 1296 art.
2730 1278 2752 1301 Ι.

2533 1298 2562 1320 nd
2575 1304 2601 1326 4.
