2768 4178
29 691 40 701 ²
55 689 112 717 Cap.
128 695 153 712 n.

31 900 42 912 ⁸
54 899 129 924 Num.
143 900 176 923 18.

929 290 1197 336 QUAESTIO
1225 291 1369 338 XXXI,

272 367 482 405 excluditur
503 368 710 429 singularis
728 374 839 417 atque
858 369 961 405 unici
987 369 1240 418 intelligentia.
1270 369 1337 406 Di-

271 420 394 458 cimus
423 428 551 458 tamen
580 422 731 458 unicum
754 421 916 458 Filium.-
945 421 1033 469 quia
1052 434 1130 459 non
1150 429 1237 459 sunt
1254 423 1335 471 plu-

271 486 331 510 res
350 473 460 511 Filii
452 486 491 511 1n
511 474 659 512 divinis.
689 475 829 523 Neque
852 481 982 510 tamen
1002 471 1163 511 dicimus
1184 475 1335 511 unicum

270 527 418 564 Deum:
447 527 536 576 quia
563 527 734 576 pluribus
763 526 881 564 deitas
908 534 963 563 est
983 527 1199 564 communis
1218 533 1243 565 η.
1273 527 1336 565 Vi-

271 587 397 616 tamus
434 580 548 617 etiam
585 592 728 617 nomen
765 579 932 627 confusi,
971 592 1019 616 ne
1053 580 1203 617 tollatur
1240 580 1335 617 ordo

271 639 428 669 naturae
456 645 479 670 a
506 633 700 681 personis:
729 632 831 669 unde
859 632 1089 669 Ambrosius
1119 633 1226 680 dicit,
1257 634 1337 670 Ide

269 685 364 722 Fide
376 685 414 722 *ε
433 686 571 733 Neque
588 686 786 733 confusum
807 690 862 721 est
878 685 979 733 quod
997 697 1114 722 unum
1134 692 1197 732 est,
1218 698 1338 734 neque

271 738 467 786 multiplex
497 749 575 774 esse
595 743 719 786 potest
744 737 845 785 quod
871 737 1088 787 indifferens
1114 744 1177 775 est.
1207 739 1336 776 Vitan-

271 790 365 827 dum
395 798 451 828 est
479 790 592 827 etiam
618 802 763 827 nomen
790 790 963 837 solitarii,
993 804 1041 828 ne
1069 792 1220 828 tollatur
1248 805 1337 829 con-

271 842 429 879 sortium
466 842 580 879 trium
613 855 888 892 personarum:
927 844 1014 881 dicit
1034 844 1136 881 enim
1157 845 1333 892 Hilarius,

270 895 309 932 in
337 895 389 932 IV
415 896 462 932 de
494 896 530 932 T
525 896 594 933 rin.
618 897 658 932 *z
688 897 810 934 Nobis
838 908 958 945 neque
984 897 1188 944 solitarius,
1218 910 1337 947 neque

270 948 438 985 diversus
464 949 570 985 Deus
597 954 652 986 est
677 950 917 997 confitendus.

325 1001 412 1038 Hoc
431 1008 560 1038 autem
575 1014 720 1039 nomen
738 1002 846 1048 alius,
868 1003 1076 1040 masculine
1091 1002 1104 1024 ⁰
1124 1011 1334 1053 sumptum,

270 1066 351 1092 non
378 1054 559 1103 importat
585 1055 657 1092 nisi
686 1055 965 1092 distinctionem
994 1057 1190 1105 suppositi.
1225 1057 1336 1094 Unde

272 1107 544 1144 convenienter
581 1108 706 1145 dicere
740 1120 949 1157 possumus
986 1110 1091 1158 quod
1129 1110 1249 1146 Filzus
1285 1115 1339 1146 est

270 1159 367 1197 alius
394 1172 419 1197 a
445 1161 580 1197 Patre.-
609 1161 697 1210 quia
725 1161 866 1198 scilicet
892 1169 949 1198 est
976 1162 1074 1200 aliud
1095 1162 1335 1211 suppositum

271 1212 423 1250 divinae
451 1221 630 1261 naturae,
659 1214 754 1251 sicut
791 1222 847 1251 est
879 1214 950 1251 alia
977 1227 1162 1263 persona,
1193 1222 1229 1251 et
1265 1215 1337 1252 alia

271 1265 500 1316 hypostasis.
539 1286 545 1287 ff

288 1325 297 1327 ”
323 1318 383 1355 AD
411 1331 549 1356 PRIMUM
577 1331 675 1356 ERGO
708 1331 892 1357 mci-:unum
917 1320 1023 1368 quod
1041 1320 1148 1367 alius,
1171 1320 1260 1369 quia
1279 1327 1336 1357 est

271 1370 367 1408 sicut
394 1372 592 1421 quoddam
627 1372 853 1421 particulare
887 1384 1053 1419 nomen,
1091 1380 1194 1410 tenet
1221 1385 1262 1409 se
1292 1385 1337 1409 ex

212 1453 215 1456 >
269 1431 376 1474 parte
410 1425 617 1474 suppositi:
645 1425 749 1462 unde
783 1427 833 1463 ad
868 1425 947 1462 eius
977 1426 1164 1463 rationem
1199 1426 1336 1462 sufficit

30 3348 106 3376 *cap
109 3354 177 3379 ·¹.¹¹··
166 3348 242 3370 -Did.

29 3374 72 3396 lib.
91 3354 168 3403 unic„
190 3381 242 3403 cap.

29 3407 162 3429 mun-04

271 1477 459 1515 distinctio
479 1478 709 1515 substantiae
723 1485 732 1499 ‘
750 1490 850 1526 quae
871 1486 927 1515 est
945 1479 1160 1527 hypostasis
1174 1480 1236 1516 vel
1250 1491 1336 1527 per—

270 1542 377 1567 sona.
416 1530 495 1568 Sed
521 1531 715 1568 diversitas
751 1531 906 1581 requirit
938 1531 1219 1569 distinctionem
1248 1532 1336 1568 sub-

270 1582 427 1621 stantiae
455 1595 554 1632 quae
575 1591 631 1620 est
650 1584 822 1621 essentia.
853 1585 902 1621 Et
923 1584 1011 1622 ideo
1031 1597 1110 1622 non
1128 1597 1336 1634 possumus

270 1635 396 1673 dicere
424 1636 531 1686 quod
558 1636 672 1674 Filius
701 1637 748 1674 sit
771 1637 940 1674 diversus
967 1650 990 1674 a
1017 1639 1148 1686 Patre,
1177 1637 1263 1675 licet
1291 1638 1336 1675 sit

268 1687 377 1727 alius.

321 1743 587 1779 ADSECUNDUM
606 1754 790 1780 DiCENDuM
819 1743 924 1792 quod
952 1743 1163 1793 differentia
1192 1743 1335 1793 impor-

268 1801 322 1831 tat
339 1794 619 1832 distinctionem
639 1795 784 1832 formae
798 1795 830 1833 *.
857 1797 926 1833 Est
943 1804 1072 1833 autem
1092 1804 1239 1834 tantum
1259 1809 1336 1835 una

268 1846 392 1884 forma
427 1847 467 1884 in
495 1847 652 1896 divinis,
682 1856 724 1886 ut
749 1855 853 1897 patet
884 1861 954 1897 per
987 1849 1025 1886 id
1058 1851 1165 1897 quod
1203 1849 1337 1887 dicitur

320 1978 347 2011 η)
366 1979 458 2011 Neque
472 1981 585 2005 tamen..
587 1980 766 2005 .commum’s.
783 1993 802 1999 -
819 1980 881 2005 Non
905 1983 993 2005 tamen
1018 1980 1123 2013 (autem
1142 1981 1218 2010 BDE,
1237 1989 1290 2006 om.
1304 1981 1336 2014 F)

268 2013 381 2040 dicimus
396 2014 502 2040 unicum
517 2015 612 2045 Deum,
630 2015 694 2047 quia
707 2015 854 2056 pluralitas
873 2015 981 2041 deitatis
995 2016 1070 2048 (quia
1083 2016 1169 2042 deitas
1181 2017 1258 2047 ABD,
1273 2016 1336 2050 quia

262 2049 410 2081 pluralitas
429 2050 524 2075 Deitas
543 2050 578 2083 C)
597 2051 744 2075 communis
763 2054 803 2076 est
821 2051 933 2076 codices.

321 2082 346 2117 Θ)
365 2085 518 2110 masculine.
535 2100 554 2104 —
571 2086 748 2119 grammatice
766 2086 795 2111 F.

322 2120 341 2153 ι)
359 2121 532 2146 substantiae.
549 2134 570 2142 -
588 2121 650 2146 Om.
668 2121 848 2147 BCDEFGab.

1399 291 1695 328 ARTICULUS
1726 292 1775 328 III
2384 293 2456 339 345

1390 369 1522 418 Philip.
1545 382 1567 406 11
1587 369 1622 406 *ε
1657 370 1731 412 Qui
1749 382 1834 406 cum
1864 370 1900 407 in
1918 372 2057 418 forma
2077 371 2152 407 Dei
2169 377 2272 408 esset.
2303 372 2352 408 Et
2371 371 2458 408 ideo

1391 434 1534 459 nomen
1562 423 1766 472 differentis
1794 435 1873 459 non
1900 423 2053 472 proprie
2089 424 2271 473 competit
2297 424 2335 460 in
2366 424 2459 461 divi—

1392 475 1461 522 nis,
1490 483 1532 512 ut
1558 483 1661 524 patet
1687 488 1757 524 per
1785 476 2048 513 auctoritatem
2069 476 2275 514 inductam.
2292 497 2316 504 -
2336 476 2460 514 Utitur

1391 535 1521 565 tamen
1549 530 1812 565 Damascenus
1832 529 1989 566 nomine
2013 530 2246 579 differentiae
2264 529 2303 566 in
2322 529 2458 567 divinis

1391 581 1585 629 personis,
1615 581 1828 619 secundum
1858 582 1962 630 quod
1990 582 2201 631 proprietas
2230 582 2383 619 relativa
2411 582 2458 619 si-

1391 634 1590 681 gnificatur
1616 646 1686 682 per
1703 634 1866 671 modum
1886 635 2049 673 formae:
2079 637 2179 673 unde
2201 635 2288 672 dicit
2305 635 2325 657 ’¹‘
2352 635 2457 683 quod

1392 699 1471 723 non
1507 687 1687 724 differunt
1715 688 1763 724 ab
1791 687 1956 725 invicem
1992 689 2217 736 hypostases
2246 689 2457 725 secundum

1392 740 1654 787 substantiam,
1675 740 1742 777 sed
1772 741 1986 777 secundum
2007 741 2274 778 determinatas
2288 741 2458 790 proprie-

1391 799 1486 829 tates
1505 799 1530 829 κ.
1562 793 1639 830 Sed
1658 793 1869 843 differentia
1890 794 2052 831 sumitur
2069 807 2140 843 pro
2159 795 2402 840 distinctione,
2417 802 2458 831 ut

1393 845 1537 882 dictum
1567 854 1622 883 est
1640 845 1671 882 ³¹⁵.

1444 901 1502 935 AD
1531 910 1691 935 TERTmM
1724 910 1908 936 mcENDUM
1941 900 2046 949 quod
2074 900 2239 936 alienum
2269 907 2325 936 est
2353 901 2458 948 quod

1392 959 1447 987 est
1476 959 1697 988 extraneum
1727 959 1762 988 et
1791 951 1983 989 dissimile.
2015 952 2092 989 Sed
2119 953 2196 989 hoc
2219 965 2298 989 non
2317 952 2457 1001 impor-

1390 1011 1490 1041 tatur
1517 1017 1606 1041 cum
1634 1004 1768 1041 dicitur
1795 1005 1902 1042 alius.
1933 1006 1982 1042 Et
2010 1005 2098 1042 ideo
2128 1005 2289 1042 dicimus
2319 1005 2456 1042 Filium

1390 1057 1508 1093 alium
1536 1070 1559 1094 a
1587 1059 1709 1103 Patre,
1739 1057 1824 1094 licet
1851 1070 1931 1095 non
1959 1058 2130 1095 dicamus
2159 1059 2335 1095 alienum.

1444 1109 1506 1146 Ad
1535 1121 1707 1153 QUARTUM
1735 1122 1918 1148 D1CENDUM
1938 1111 2043 1159 quod
2063 1118 2240 1148 neutrum
2261 1123 2382 1159 genus
2401 1118 2458 1147 est

1391 1162 1576 1210 informe,
1614 1163 1868 1200 masculinum
1907 1172 2035 1200 autem
2065 1172 2121 1201 est
2148 1161 2392 1211 formatum
2421 1171 2458 1200 et

1392 1215 1621 1262 distinctum,
1651 1223 1688 1252 et
1715 1216 1883 1253 similiter
1910 1217 2148 1254 femininum.
2179 1218 2228 1254 Et
2254 1217 2342 1254 ideo
2368 1228 2457 1253 con-

1390 1268 1588 1305 venienter
1614 1280 1683 1316 per
1710 1276 1888 1306 neutrum
1907 1281 2027 1317 genus
2047 1269 2277 1317 significatur
2297 1269 2457 1306 essentia

1392 1320 1635 1357 communis:
1677 1333 1747 1369 per
1783 1322 2038 1359 masculinum
2076 1330 2204 1359 autem
2238 1330 2274 1359 et
2310 1322 2457 1359 femini-

1391 1385 1497 1419 num,
1527 1373 1682 1422 aliquod
1702 1374 1942 1422 suppositum
1964 1375 2258 1412 determinatum
2286 1375 2324 1411 in
2352 1387 2456 1412 com-

1391 1426 1499 1463 muni
1528 1433 1662 1463 natura
1680 1426 1710 1463 ²⁸.
1740 1427 1851 1464 Unde
1882 1428 1995 1464 etiam
2015 1427 2054 1464 in
2074 1428 2188 1464 rebus
2215 1428 2401 1474 humanis,
2427 1428 2457 1464 si

1392 1487 1615 1527 quaeratur,
1649 1480 1739 1521 Quis
1766 1485 1821 1516 est
1846 1480 1943 1516 iste?
1970 1481 2242 1529 respondetur,
2272 1482 2455 1526 Socrates,

1392 1532 1497 1580 quod
1525 1544 1671 1569 nomen
1700 1539 1755 1569 est
1786 1533 1988 1581 suppositi:
2022 1534 2052 1570 si
2081 1542 2210 1570 autem
2239 1541 2455 1581 quaeratur,

1396 1585 1495 1627 Quid
1521 1591 1575 1622 est
1600 1586 1666 1622 iste
1690 1585 1740 1622 l‘?
1767 1587 2030 1634 respondetur,
2060 1587 2205 1623 animal
2222 1587 2406 1625 rationale
2423 1592 2460 1623 et

1391 1638 1561 1675 mortale.
1601 1639 1650 1675 Et
1677 1638 1787 1685 ideo,
1818 1639 1907 1686 quia
1943 1639 1982 1676 in
2021 1639 2157 1676 divinis
2187 1639 2373 1676 distinctio
2403 1647 2458 1676 est

1391 1692 1604 1728 secundum
1632 1703 1830 1739 personas,
1851 1705 1929 1729 non
1949 1699 2078 1729 autem
2099 1692 2310 1729 secundum
2330 1704 2457 1729 essen-

1390 1744 1504 1791 tiam,
1535 1744 1695 1781 dicimus
1724 1745 1831 1792 quod
1850 1746 1962 1782 Pater
1991 1753 2046 1782 est
2072 1746 2168 1782 alius
2189 1758 2222 1793 ‚a
2251 1745 2358 1792 Filio,
2389 1745 2457 1781 sed

1391 1809 1470 1834 non
1507 1797 1631 1834 aliud:
1660 1805 1696 1834 et
1721 1803 1733 1817 ¹⁰
1762 1810 1782 1834 e
1811 1810 1999 1835 converso
2038 1798 2198 1835 dicimus
2233 1798 2339 1846 quod
2372 1805 2458 1834 sunt

1393 1862 1523 1895 unum,
1553 1850 1620 1887 sed
1648 1862 1727 1887 non
1757 1863 1863 1887 unus.

1445 1981 1470 2014 κ)
1489 1982 1633 2023 secundum
1653 1981 1844 2007 determinatas
1864 1982 2054 2014 proprietates.
2073 1995 2092 2002 ›-
2109 1982 2252 2007 secundum
2274 1981 2456 2007 determinati-

1391 2017 1878 2086 ”sx'issfrrffiiffifx-Ciinffgssbmm
1897 2053 2084 2086 ACDEGpBF.

1443 2088 1883 2155 assentasse&
1898 2089 2086 2148 rs‘sss.m·

934 2209 1268 2243 Commentaria
1291 2210 1544 2243 Cardinalis
1567 2210 1769 2244 Caietam

297 2307 319 2327 N
339 2297 433 2328 titulo
457 2296 528 2334 hoc,
551 2303 581 2328 et
604 2297 809 2338 sequentibus
832 2297 928 2328 huius
951 2298 1162 2339 quaestionis,
1188 2298 1332 2340 quaestio

270 2309 345 2372 lest
360 2341 399 2372 de
413 2341 463 2371 his
478 2341 620 2372 terminis
637 2342 815 2372 secundum
829 2341 973 2382 proprias
989 2352 1062 2372 suas
1078 2342 1332 2382 significationes,

266 2385 310 2417 ita
322 2385 417 2426 ‘quod
435 2395 523 2416 veras
542 2395 578 2416 ac
596 2395 687 2416 sanas
703 2386 835 2417 reddant
852 2386 1097 2426 propositiones,
1114 2394 1207 2427 puta:
1231 2388 1335 2418 Filius

268 2435 315 2461 est
337 2429 423 2460 alius
445 2439 465 2460 a
488 2430 596 2468 Patre,
621 2436 678 2461 etc.

326 2474 424 2505 11.1n
448 2483 580 2514 corpore
603 2480 741 2514 quatuor
769 2473 852 2505 facit.
885 2474 1011 2512 Primo,
1037 2474 1174 2506 ostendit
1197 2475 1334 2505 modum

268 2517 488 2549 servandum‘
480 2528 513 2548 in
537 2527 683 2548 sermone
707 2518 745 2548 de
768 2518 938 2549 Trinitate:
964 2498 1081 2550 scilicet
1096 2525 1186 2549 caute
1209 2526 1240 2549 et
1262 2529 1334 2549 mo-

269 2562 364 2592 deste.
381 2579 401 2584 —
417 2561 458 2592 Et
474 2562 610 2592 declarat
624 2562 686 2592 hoc
702 2562 876 2602 dupliciter.
901 2562 1036 2593 Primo
1028 2573 1061 2593 m
1085 2563 1261 2613 communi,
1279 2573 1332 2593 au-

269 2605 464 2636 ctoritatibus
496 2605 686 2646 Hieronymi
710 2612 741 2636 et
762 2606 943 2646 Augustini.
968 2607 1115 2637 Secundo
1138 2607 1172 2637 in
1196 2607 1333 2647 speciali,

268 2656 398 2691 propter
421 2656 577 2680 extremos
599 2659 719 2680 errores
739 2650 807 2680 Arii
830 2657 861 2681 et
883 2650 1019 2682 Sabellii.

326 2693 484 2731 Secundo,
503 2693 578 2725 dicit
596 2700 734 2734 quatuor
757 2694 894 2724 cavenda
909 2695 1040 2725 nomina
1055 2702 1185 2735 propter
1200 2695 1332 2726 Arium:

269 2737 385 2769 scilicet
407 2737 612 2775 diversitatis,
637 2737 811 2776 divisionis,
836 2739 1034 2779 disparitatis
1058 2745 1088 2770 et
1110 2740 1219 2770 alieni.

1447 2300 1563 2336 Tertio,
1581 2306 1720 2340 quatuor
1735 2298 1878 2329 similiter
1893 2299 2030 2329 cavenda
2047 2305 2176 2339 propter
2194 2299 2380 2329 Sabellium:
2401 2300 2457 2330 sci·

1387 2342 1460 2374 licet
1481 2344 1673 2384 singularis,
1699 2344 1796 2381 unici,
1822 2343 1950 2384 confusi
1972 2350 2003 2374 et
2025 2343 2171 2374 solitarii.

1450 2387 1585 2425 Quarto,
1603 2388 1773 2427 respondet
1795 2387 1939 2428 quaesito
1963 2387 2162 2418 affirmative:
2187 2387 2285 2417 Filius
2308 2394 2355 2418 est
2377 2388 2456 2418 alius

1388 2442 1406 2461 a
1428 2432 1528 2462 Patre.
1547 2448 1566 2454 -
1582 2432 1762 2472 Probatque
1785 2431 1847 2462 hoc
1871 2432 1924 2462 sic.
1947 2432 2057 2467 Alius,
2082 2431 2255 2462 masculine
2279 2438 2454 2472 sumptum,

1388 2485 1454 2506 non
1477 2475 1630 2515 importat
1653 2476 1713 2506 nisi
1737 2475 1973 2506 distinctionem
1992 2475 2166 2515 suppositi:
2192 2485 2276 2515 ergo.
2302 2476 2455 2506 Probatur

1389 2519 1630 2560 consequentia:
1655 2519 1730 2560 quia
1744 2519 1843 2549 Filius
1861 2526 1907 2549 est
1923 2519 2009 2549 aliud
2033 2519 2235 2560 suppositum
2252 2519 2374 2549 divinae
2399 2530 2454 2549 na-

1388 2570 1485 2594 turae.
1518 2563 1617 2600 Quod
1640 2570 1726 2603 patet
1748 2573 1785 2593 ex
1809 2563 2036 2604 aequivalenti:
2071 2563 2147 2604 quia
2178 2563 2294 2593 scilicet
2325 2570 2371 2594 est
2394 2563 2453 2594 alia

1388 2617 1523 2647 persona
1547 2614 1577 2638 et
1600 2607 1660 2637 alia
1683 2607 1872 2647 hypostasis.

1448 2651 1547 2688 Quod
1570 2658 1677 2682 autem
1699 2651 1859 2682 distinctio
1877 2651 1988 2682 locum
2010 2651 2123 2681 habeat
2144 2651 2177 2681 in
2197 2651 2319 2687 divinis,
2344 2658 2380 2682 ut
2402 2651 2454 2681 de-

1389 2695 1495 2725 ductio
1527 2695 1679 2735 supponit
1708 2695 1741 2725 in
1765 2705 1897 2735 corpore
1928 2695 2064 2731 articuli,
2097 2695 2249 2735 probatur
2280 2705 2317 2726 ex
2345 2702 2455 2726 natura

1389 2739 1601 2779 oppositionis
1624 2739 1779 2769 relativae.

1074 2908 1392 2951 ARTICULUS
1421 2909 1650 2950 TERTIUS

447 3011 604 3042 UTRUM
627 3010 778 3042 DICTIO
801 3010 1044 3042 EXCLUSIVA
1066 3010 1211 3041 soiws
1232 3010 1298 3041 sir
1322 3011 1533 3041 ADDENDA
1555 3010 1754 3041 TERMlNo
1779 3011 2028 3042 ESSENTIALI
2053 3012 2095 3041 IN
2119 3011 2274 3042 D1V1N1s

1127 3088 1137 3112 1
1157 3088 1239 3118 Sent„
1260 3087 1319 3113 dist.
1338 3095 1388 3118 m,
1407 3096 1452 3120 qu.
1471 3095 1488 3119 1,
1508 3093 1554 3112 art.
1573 3096 1595 3113 1.

356 3194 366 3218 ἃ
405 3205 424 3216 l„
440 3198 457 3238 f
482 3187 505 3212 D
524 3187 684 3213 TERTIUM
703 3188 756 3212 sm
776 3187 1014 3214 PROCEDITUR.
1041 3175 1202 3213 Videtur
1227 3177 1333 3225 quod

332 3224 346 3246 *⁴
400 3206 457 3287 {⁷3
484 3228 596 3266 dictio
615 3235 632 3251 ⁰²
657 3229 848 3266 exclusiva
866 3229 967 3266 solus
990 3241 1069 3266 non
1093 3229 1138 3265 sit
1157 3228 1334 3266 addenda

386 3271 645 3325 termino
679 3282 865 3318 essentiali
893 3282 931 3319 in
961 3280 1108 3319 divinis.
1147 3281 1248 3328 Quia
1276 3294 1334 3318 se-

306 3314 335 3326 l!
372 3297 399 3315 V

326 3301 469 3374 ζ”ἒῖυΧ
484 3334 653 3372 cundum
682 3335 971 3384 Philosophum,
1000 3334 1039 3371 in
1067 3336 1099 3370 II
1126 3335 1280 3371 Elench.
1300 3334 1332 3382 ²¹⁸,

271 3387 374 3423 solus
395 3394 450 3423 est
467 3387 534 3435 qui
550 3399 636 3424 cum
654 3388 729 3424 alio
749 3401 823 3425 non
844 3394 906 3425 est.
938 3387 1015 3424 Sed
1038 3388 1144 3424 Deus
1170 3394 1225 3424 est
1245 3399 1331 3424 cum

271 3439 412 3486 angelis
442 3446 477 3476 et
505 3440 642 3476 sanctis
661 3441 874 3478 animabus.
900 3441 1002 3488 Ergo
1024 3452 1103 3477 non
1126 3452 1333 3489 possumus

271 3491 397 3529 dicere
425 3493 549 3529 Deum
577 3492 710 3531 solum.

324 3628 351 3661 α)
372 3629 462 3654 dictio.
479 3643 499 3648 -
516 3629 581 3654 haec
599 3629 680 3654 dictio
699 3629 845 3655 ABCDEG.
1361 3624 1364 3663 Ι

413 3683 522 3707 Sumus.
541 3682 642 3708 Timor..
660 3683 691 3707 D.
706 3682 820 3707 Tnouaa
839 3682 870 3707 T.
891 3683 908 3707 Ι.

1444 3187 1479 3212 2.
1510 3177 1742 3222 PRAETEREA,
1774 3176 1960 3224 quidquid
1983 3176 2197 3223 adiungitur
2215 3175 2376 3213 termino
2397 3189 2454 3213 es-

1389 3229 1534 3265 sentiali
1562 3229 1602 3265 in
1632 3228 1790 3275 divinis,
1819 3237 1945 3278 potest
1971 3228 2181 3277 praedicari
2211 3229 2257 3265 de
2286 3229 2454 3278 qualibet

1388 3294 1554 3330 persona
1587 3293 1657 3330 per
1690 3293 1731 3318 se
1754 3280 1789 3327 Ρ,
1825 3289 1861 3318 et
1895 3283 1942 3319 de
1981 3282 2160 3318 omnibus
2195 3281 2329 3318 simul:
2365 3282 2454 3331 quia

1391 3335 1490 3371 enirn
1520 3334 1793 3371 convenienter
1821 3334 1957 3371 dicitur
1992 3335 2139 3383 sapiens
2166 3335 2290 3380 Deus,
2319 3346 2454 3383 possu-

1390 3400 1476 3424 mus
1506 3387 1652 3433 dicere,
1681 3388 1795 3424 Pater
1821 3393 1876 3424 est
1899 3387 2047 3435 sapiens
2074 3388 2193 3432 Deus,
2224 3395 2260 3424 et
2292 3388 2454 3425 Trinitas

1389 3446 1443 3476 est
1459 3440 1606 3488 sapiens
1624 3441 1740 3477 Deus.
1763 3441 1840 3477 Sed
1854 3440 2098 3488 Augustinus,
2115 3440 2153 3477 in
2172 3440 2223 3477 VI
2239 3441 2284 3477 de
2302 3442 2339 3477 T
2334 3441 2404 3478 rin.
2421 3440 2452 3488 ³⁸,

1391 3493 1498 3530 dicit:
1538 3493 1819 3529 consideranda
1847 3499 1901 3529 est
1919 3493 1982 3529 illa
2000 3493 2190 3539 sententia,
2218 3505 2292 3541 qua
2320 3494 2455 3530 dicitur

1444 3627 1468 3662 β)
1484 3636 1536 3661 per
1554 3636 1591 3654 se.
1608 3643 1627 3647 —
1645 3629 1706 3653 Om.
1727 3629 1828 3653 codices
1848 3634 1873 3653 et
1892 3629 1933 3653 ed.
1946 3635 1972 3653 a.

2485 383 2496 394 ⁸
2511 382 2579 405 Vers.
2596 384 2618 405 6.

2484 641 2495 651 ⁴¹
2503 641 2539 662 De
2549 640 2608 662 Fide
2617 641 2699 668 Orth„

2485 667 2525 689 lib.
2535 667 2574 694 111,
2586 674 2637 695 cap.
2648 674 2670 689 ν.

2585 799 2599 815 χ

2485 847 2494 856 ·
2508 846 2534 868 In
2549 852 2656 875 corpore.

2485 1436 2493 1444 ·
2507 1435 2538 1456 D.
2551 1435 2602 1463 598,
2620 1435 2674 1461 848.

2482 3452 2489 3460 ·
2506 3450 2562 3478 Cap.
2578 3457 2610 3472 1x.
