2768 4178
54 1995 66 2006 ·
79 1993 148 2018 Van.
157 1999 178 2024 5.

152 2751 170 2778 t

1015 224 1284 270 QUAEsrlo
1314 226 1382 273 XI,
1412 227 1711 266 ARTlCULUS
1742 232 1790 266 111

307 299 442 331 videtur
465 300 552 331 enim
582 302 682 342 quod.
702 301 814 332 divisio
847 301 887 332 sit
917 301 1101 342 simpliciter
1129 302 1216 343 prior
1247 303 1376 334 unitate.

308 344 473 383 Quoniam
503 345 628 376 habitus
652 346 835 377 naturaliter
857 352 904 376 est
926 346 1014 386 prior
1042 346 1237 386 privatione:
1262 347 1376 378 divisio

307 396 415 421 autem
438 399 471 420 se
494 389 589 421 habet
611 390 651 420 ad
674 390 844 427 unitatem,
869 397 906 421 ut
935 390 1061 421 habitus
1085 391 1125 421 ad
1148 390 1375 431 privationem:

308 443 392 474 ergo.
409 452 429 456 —
444 434 510 468 Nec
533 441 639 475 potest
661 434 722 465 dici
745 434 835 476 quod
858 434 971 465 divisio
991 444 1058 470 non
1075 441 1121 466 est
1144 445 1215 466 vere
1239 435 1375 472 habitus,

306 488 373 519 quo
397 478 499 519 privat
524 479 626 510 unitas
642 479 820 509 secundum
843 488 886 515 se,
906 479 961 509 sed
985 485 1032 509 est
1049 479 1175 510 habitus
1199 480 1377 510 secundum

306 529 454 554 nostrum
472 523 610 554 modum
626 522 838 563 intelligendi:
863 523 940 564 quia
955 530 1117 563 oporteret
1134 523 1303 564 assignare,
1320 525 1377 555 sal—

306 574 372 598 tem
395 567 672 603 circumlocutive‚
697 567 770 608 quis
794 573 840 598 est
869 567 923 598 ille
951 567 1077 599 habitus
1105 578 1172 609 quo
1203 568 1306 608 privat
1329 579 1375 599 se-

307 612 450 643 cundum
473 622 506 642 se
529 611 643 643 unitas.
668 611 735 642 Nec
758 610 850 642 facile
873 617 954 642 esset
976 612 1040 643 hoc
1062 611 1190 653 fingere.
1216 613 1300 650 Quia
1323 613 1375 644 ille

305 656 432 687 habitus
455 656 634 687 secundum
657 666 689 686 se
713 662 768 687 aut
791 663 839 687 est
861 656 941 697 quid
963 656 1154 697 positivum,
1179 663 1235 688 aut
1257 657 1375 698 negati-

304 711 393 731 vum.
417 699 451 731 Si
474 700 670 741 positivum,
694 710 770 740 ergo
802 700 923 741 aliquid
946 700 1122 741 positivum
1145 701 1227 732 ultra
1251 712 1305 732 ens
1329 710 1376 733 est

305 752 376 776 ante
401 744 572 775 unitatem:
596 745 686 786 quod
709 751 756 776 est
777 744 986 785 impossibile.
1018 745 1051 776 Si
1075 746 1274 787 negativum,
1299 757 1374 787 ergo

305 789 411 830 aliqua
434 789 560 829 negatio
577 796 623 820 est
637 796 709 820 ante
724 789 893 820 unitatem:
919 796 950 820 et
968 789 994 820 si
1010 790 1073 821 hoc
1092 801 1158 821 non
1181 791 1373 828 inconvenit‚

305 844 361 865 cur
373 833 558 908 inponvenit
581 833 780 870 divisionem,
800 844 883 875 quae
906 834 1033 875 negatio
1058 842 1113 871 est,
1135 845 1201 866 esse
1217 842 1288 866 ante
1304 836 1374 866 uni-

303 885 402 910 tatem

356 923 411 955 VI.
427 923 479 953 Ad
494 923 557 953 hoc
574 921 697 959 dicitur,
715 923 805 964 quod
823 922 914 954 labor
930 930 976 955 est
991 924 1024 954 in
1040 923 1226 965 aequivoco.
1251 925 1374 955 Ambae

304 967 462 1009 siquidem
476 966 714 1008 propositiones
731 974 806 998 sunt
818 977 923 998 verae:
945 975 976 999 et
989 969 1079 1009 quod
1094 968 1207 1000 divisio
1223 974 1270 1000 est
1277 971 1374 1010 prior

304 1014 428 1044 unitate
449 1012 647 1053 simpliciter,
672 1011 753 1043 idest
776 1013 956 1043 secundum
979 1023 1022 1049 se,
1047 1014 1078 1044 in
1096 1023 1164 1044 esse
1179 1014 1374 1055 intelligibili

302 1064 410 1088 tamen
434 1054 488 1100 (eo
505 1057 594 1098 quod
618 1056 731 1087 divisio
751 1057 878 1098 negatio
894 1064 950 1094 est,
967 1067 1049 1098 quae
1066 1067 1121 1088 ens
1141 1057 1272 1088 rationis
1296 1056 1372 1100 est):

303 1107 335 1132 et
357 1102 447 1143 quod
470 1101 583 1133 divisio
606 1106 654 1132 est
669 1102 835 1142 posterior
858 1103 981 1132 unitate
1003 1103 1201 1143 simpliciter,
1226 1102 1308 1133 idest
1325 1112 1372 1133 se-

303 1146 442 1177 cundum
467 1155 535 1177 esse
557 1146 759 1187 simpliciter,
784 1146 874 1187 quod
897 1152 945 1177 est
967 1156 1035 1177 esse
1057 1146 1089 1176 in
1114 1156 1221 1177 rerum
1244 1153 1356 1178 natura
1364 1155 1371 1183 ;

302 1200 370 1221 esse
393 1190 480 1221 enim
502 1190 699 1230 intelligibile
723 1197 771 1221 est
793 1191 972 1221 secundum
995 1190 1074 1231 quid
1096 1196 1231 1221 tantum.

355 1234 460 1267 Prima
483 1235 663 1276 propositio
686 1235 840 1275 probatur
863 1245 900 1265 ex
923 1234 1024 1266 dictis.
1048 1235 1123 1266 Non
1147 1234 1234 1265 enim
1258 1231 1304 1266 est
1326 1234 1373 1265 in-

254 1276 262 1278 ⁷
301 1275 462 1320 telligibile
493 1280 583 1320 quod
611 1278 780 1310 affirmatio
804 1289 870 1309 non
894 1279 935 1310 sit
965 1279 1054 1320 prior
1081 1279 1261 1319 negatione.
1295 1279 1373 1310 Esse

301 1330 409 1355 autem
433 1333 537 1355 unum
560 1330 607 1355 est
625 1333 693 1355 esse
714 1324 775 1354 hoc
797 1328 828 1354 et
850 1333 913 1354 non
938 1333 1007 1354 esse
1022 1333 1086 1354 non
1109 1324 1186 1354 hoc:
1209 1323 1263 1354 ubi
1287 1330 1374 1364 patet

301 1368 391 1410 quod
413 1367 446 1399 in
470 1368 591 1399 ratione
621 1367 718 1399 unius
749 1367 906 1398 clauditur
934 1367 1062 1408 negatio
1090 1368 1217 1400 alterius
1242 1368 1372 1399 extremi

301 1412 568 1444 contradictionis.
593 1412 742 1443 Extrema
760 1412 856 1452 igitur
873 1412 1140 1449 contradictionis,
1161 1422 1303 1454 quorum
1327 1419 1374 1443 est

2427 249 2493 274 111

1431 305 1501 345 ipsa
1523 306 1646 344 divisio,
1671 310 1865 348 praecedunt
1888 312 2069 343 naturaliter
2092 313 2256 345 unitatem.
2281 315 2389 345 Primo
2414 316 2500 346 enim

1432 355 1479 380 est
1500 350 1606 389 homo,
1631 358 1662 382 et
1684 352 1717 382 in
1741 354 1855 384 eodem
1879 355 1976 394 priori
2000 364 2046 387 est
2070 368 2132 388 non
2154 359 2258 397 homo,
2275 359 2308 389 in
2327 369 2394 390 esse
2410 360 2498 391 intel-

1430 393 1556 434 ligibili:
1582 402 1613 426 et
1635 395 1679 427 sic
1703 403 1750 428 est
1773 397 1897 429 divisio.
1931 399 2052 431 Deinde
2079 402 2172 433 homo
2197 408 2243 434 est
2264 403 2357 434 homo
2382 409 2412 435 et
2435 414 2497 435 non

1431 442 1478 469 est
1501 449 1564 470 non
1588 440 1692 478 homo,
1718 443 1807 482 quod
1831 449 1878 473 est
1898 453 1964 474 esse
1989 455 2100 482 unum,
2117 446 2197 477 idest
2216 447 2399 478 indivisum.
2424 449 2499 478 Non

1431 482 1517 513 enim
1541 490 1588 514 est
1606 484 1745 515 divisum
1759 485 1793 516 in
1808 496 1850 523 se,
1869 487 1912 518 ita
1928 494 1964 518 ut
1982 489 2021 519 sit
2035 490 2128 520 homo
2145 496 2175 521 et
2191 501 2253 522 non
2271 492 2373 523 homo.
2397 487 2508 523 Penes‘

1430 526 1641 567 privationem
1665 529 1751 560 enim
1767 530 1953 569 huiusmodi
1973 533 2146 571 divisionis,
2171 536 2430 577 unumquodque
2451 543 2499 567 est

1430 578 1460 602 et
1476 571 1591 603 dicitur
1606 582 1724 604 unum:
1750 574 1776 604 si
1792 585 1892 606 unum
1909 576 2100 616 privativum
2123 588 2242 610 nomen
2259 586 2305 611 est
2321 581 2497 611 secundum

1429 616 1611 654 veritatem,
1644 624 1680 648 ut
1709 619 1935 659 supponimus.
1967 621 2102 653 Nullum
2132 630 2239 654 autem
2271 624 2497 655 inconveniens

1429 667 1476 691 est
1499 661 1702 701 negationem
1725 663 1889 694 divisionis
1909 674 1975 695 esse
1995 666 2135 706 priorem
2158 668 2325 708 negatione
2348 669 2495 700 unitatis:

1428 705 1575 746 quamvis
1605 705 1804 747 impossibile
1834 708 1874 739 sit
1896 709 2091 749 positionem
2122 706 2286 743 divisionis
2313 713 2346 743 in
2374 723 2406 743 re
2430 723 2496 744 esse

1428 756 1500 780 ante
1524 750 1719 790 positionem
1743 751 1882 783 unitatis.

1483 793 1628 826 Secunda
1644 802 1752 826 autem
1771 797 1952 837 propositio
1971 805 2057 838 patet
2073 809 2110 829 ex
2133 809 2176 830 se.
2200 800 2275 830 Non
2299 801 2384 831 enim
2401 811 2497 841 opor-

1428 844 1480 875 tet,
1499 839 1539 868 ad
1554 839 1617 870 hoc
1640 840 1729 880 quod
1747 840 1849 871 homo
1874 841 1914 872 sit
1938 849 1969 873 et
1991 843 2183 883 intelligatur
2203 854 2297 881 unus,
2315 851 2352 875 ut
2370 845 2495 885 negatio

1428 882 1567 913 hominis
1591 883 1631 914 sit
1652 883 1686 914 in
1709 884 1816 926 aliqua
1841 892 1962 923 natura,
1987 894 2064 927 puta
2087 887 2204 918 bovina
2227 895 2282 919 aut
2305 889 2438 920 caelesti.
2464 889 2496 920 Si

1428 927 1513 957 enim
1537 927 1625 958 solus
1644 928 1746 959 homo
1766 937 1856 966 esset,
1874 940 1958 961 unus
1974 931 2183 963 nihilominus
2201 939 2293 964 esset:
2319 933 2409 970 sicut,
2425 940 2496 964 ante

1427 971 1541 1002 mundi
1566 972 1768 1010 creationem,
1792 974 1880 1005 Deus
1904 982 1968 1006 erat
1992 986 2085 1013 unus,
2104 983 2134 1007 et
2153 986 2215 1007 non
2239 978 2330 1008 Deus
2352 977 2385 1008 in
2408 978 2496 1008 nulla

1428 1023 1493 1047 erat
1516 1025 1566 1046 re:
1592 1017 1702 1048 creatis
1725 1025 1833 1049 autem
1862 1018 1949 1056 aliis,
1974 1020 2078 1060 posita
2102 1027 2149 1052 est
2171 1021 2284 1052 divisio
2308 1022 2367 1052 Dei
2391 1032 2408 1052 a
2431 1032 2494 1053 non

1426 1060 1497 1091 Deo
1519 1060 1552 1091 in
1576 1070 1684 1092 rerum
1706 1070 1828 1093 natura.
1853 1063 1901 1094 De
1924 1074 1988 1105 qua
2012 1064 2166 1096 divisione
2186 1065 2261 1097 dicit
2282 1065 2383 1097 littera
2406 1067 2496 1107 quod

1427 1114 1494 1134 non
1518 1111 1565 1135 est
1587 1105 1675 1145 prior
1697 1106 1897 1147 simpliciter,
1927 1115 1963 1139 ut
1986 1116 2072 1149 patet
2094 1119 2131 1140 ex
2155 1110 2238 1141 calce
2261 1110 2494 1151 responsionis,

1428 1149 1483 1179 ubi
1507 1149 1636 1180 dicitur:
1660 1152 1800 1182 secundo
1823 1153 2092 1192 apprehendimus
2114 1154 2199 1194 quod
2215 1154 2275 1185 hoc
2293 1164 2350 1186 ens
2369 1165 2432 1186 non
2449 1161 2496 1186 est

1428 1193 1510 1223 illud
1533 1203 1600 1231 ens,
1618 1199 1649 1224 et
1669 1196 1717 1225 sic
1738 1197 2006 1236 apprehendimus
2028 1197 2224 1229 divisionem.
2250 1199 2336 1236 Quid
2361 1197 2494 1230 clarius?

1426 1236 1502 1267 Hoc
1524 1247 1581 1268 ens
1604 1248 1666 1268 non
1691 1244 1738 1269 est
1761 1240 1842 1271 illud
1865 1250 1922 1271 ens
1945 1241 2094 1278 dicendo,
2119 1242 2308 1273 divisionem
2331 1243 2364 1273 in
2388 1253 2495 1274 rerum

1427 1287 1539 1311 natura
1563 1282 1722 1322 expressit.
1747 1283 1788 1314 Et
1810 1291 1941 1324 propter
1957 1286 2090 1316 eandem
2109 1286 2298 1317 divisionem
2315 1287 2391 1318 dixit
2406 1288 2495 1328 quod

1428 1325 1584 1365 simplicia
1613 1336 1650 1356 ex
1674 1328 1861 1368 compositis
1892 1328 2070 1361 definimus.
2104 1330 2301 1361 Divisionem
2331 1341 2406 1371 ergo
2429 1338 2495 1362 tam

1427 1369 1544 1400 realem
1567 1380 1666 1412 quam
1689 1371 1858 1411 positivam
1882 1373 2064 1413 postposuit
2087 1374 2199 1405 unitati
2216 1374 2404 1406 formaliter:
2429 1386 2495 1406 non

1426 1420 1534 1445 autem
1559 1415 1835 1447 contradictoriam
1858 1417 1891 1447 in
1915 1427 1982 1448 esse
2005 1418 2203 1458 intelligibili.

1045 1567 1436 1610 ARTICULUS
1473 1569 1757 1612 TERTIUS

1143 1669 1300 1700 UTRUM
1323 1655 1436 1701 naus
1459 1670 1526 1701 SIT
1551 1671 1665 1702 UNus

486 1756 564 1788 Infra,
584 1764 628 1789 qu.
648 1764 708 1787 eni,
726 1761 774 1781 art.
790 1755 804 1781 3
811 1763 818 1786 ;
838 1756 847 1780 1
867 1756 951 1787 Sent„
971 1757 1030 1781 dist.
1050 1764 1082 1787 ιι,
1101 1761 1148 1781 art.
1167 1764 1187 1787 ι;
1207 1757 1236 1788 11,
1255 1757 1314 1782 dist.
1328 1765 1345 1788 1,
1365 1765 1410 1791 qu.
1430 1765 1453 1788 1,
1473 1762 1520 1783 art.
1538 1765 1558 1788 1;
1579 1758 1588 1783 Ι
1609 1759 1686 1784 Cont.
1704 1760 1790 1789 Gent„
1811 1767 1866 1792 cap.
1885 1767 1950 1790 x1.11;
1972 1760 2013 1785 De
2026 1761 2094 1789 Por..
2109 1769 2153 1794 qu.
2166 1769 2202 1791 111,
2218 1767 2265 1787 art.
2279 1761 2310 1793 6;

586 1792 730 1824 compend.
749 1791 846 1821 771201„
861 1800 918 1825 cap.
930 1800 963 1816 xv
968 1800 975 1823 3
991 1792 1024 1817 de
1038 1792 1100 1817 Div.
1115 1792 1204 1822 Nom„
1220 1800 1276 1826 cap.
1289 1801 1343 1823 xm,
1356 1793 1415 1818 lect.
1429 1801 1456 1824 n,
1470 1801 1511 1824 ¹1¹3
1531 1794 1587 1819 VIII
1602 1794 1720 1828 physic„
1736 1795 1794 1820 lect.
1808 1803 1856 1826 ¹115
1870 1795 1914 1820 XII
1929 1796 2092 1830 Metaphys„
2109 1797 2165 1822 lect.
2180 1805 2204 1822 x.

332 1894 343 1912 3

328 1899 399 1940 ,5334
416 1897 492 1944 γῇς(
512 1895 535 1919 D
554 1893 715 1919 TERT1UM
739 1893 792 1940 εις
821 1893 1061 1941 PRoenmrua.
1082 1881 1242 1941 Videtur
1260 1882 1368 1930 quod

332 1923 484 1994 θ’θ’ἓέ
513 1937 620 1972 Deus
648 1947 727 1972 non
757 1942 802 1971 Sit
828 1947 940 1972 unus.
971 1935 1118 1972 Dieitur
1146 1947 1249 1972 enim
1279 1937 1292 1972 I
1318 1935 1371 1972 ad

318 1990 366 2033 JV,
376 2003 440 2038 ῥα
456 1984 605 2027 Cor.
635 2000 696 2025 vm
724 1987 764 2024 *z
798 1988 980 2036 siquidem
1008 1994 1096 2025 sunt
1121 1988 1175 2026 dii
1200 1988 1309 2025 multi
1334 1994 1371 2025 et

295 2079 298 2082 .
358 2015 456 2072 (⁶⁴²)
472 2032 504 2075 N
518 2042 657 2080 omini
683 2041 801 2079 multi.

352 2108 388 2138 2.
418 2097 659 2143 PRAETEREA,
689 2106 810 2132 unum
829 2094 936 2143 quod
965 2101 1022 2131 est
1048 2094 1280 2143 principium
1300 2107 1368 2132 nu-

297 2149 405 2198 meri,
434 2162 514 2188 non
540 2156 668 2199 potest
693 2147 906 2198 praedicari
936 2147 983 2185 de
1012 2149 1120 2196 Deo,
1151 2161 1239 2185 cum
1268 2149 1371 2185 nulla

297 2203 486 2254 quantitas
506 2203 554 2240 de
573 2203 659 2240 Deo
683 2201 935 2251 praedicetur.
958 2200 1139 2238 Similiter
1157 2214 1229 2238 nec
1247 2214 1369 2239 unum

296 2257 403 2307 quod
431 2255 665 2294 convertitur
684 2267 773 2292 cum
794 2262 899 2292 ente:
929 2254 1019 2303 quia
1036 2254 1219 2304 importat
1245 2254 1372 2304 priva-

295 2310 454 2359 tionem,
482 2317 519 2348 et
537 2309 666 2347 omnis
692 2308 857 2359 privatio
879 2308 1118 2357 imperfectio
1140 2317 1196 2346 est
1213 2315 1242 2355 ¹,
1274 2321 1372 2358 quae

295 2365 381 2402 Deo
401 2376 482 2402 non
505 2362 699 2413 competit.
720 2363 813 2400 Non
833 2370 889 2399 est
907 2361 1018 2412 igitur
1038 2362 1244 2400 dicendum
1266 2362 1372 2412 quod

295 2419 403 2455 Deus
430 2417 477 2455 sit
503 2429 615 2454 unus.

349 2472 424 2509 SED
453 2482 601 2508 CONTRA
619 2481 686 2507 Esr
705 2468 811 2518 quod
831 2468 966 2506 dicitur
984 2470 1096 2507 Deut.
1116 2481 1151 2506 vx
1166 2468 1184 2498 Ρ
1198 2469 1235 2506 *z
1255 2469 1369 2516 Audi,

294 2524 428 2571 Israel,
463 2524 652 2562 Dominus
669 2524 775 2560 Deus
794 2527 878 2559 tuus
898 2535 995 2561 unus
1013 2528 1077 2560 est.

349 2579 576 2615 RESPONDEO
604 2588 788 2614 mci-:NDUM
821 2575 928 2626 quod
955 2577 1084 2613 Deum
1113 2588 1196 2613 esse
1225 2588 1369 2624 unum,

297 2643 343 2668 ex
369 2630 490 2668 tribus
519 2630 813 2667 demonstratur.
852 2629 984 2666 Primo
1019 2629 1178 2678 quidem
1214 2642 1259 2666 ex
1289 2629 1370 2667 eius

297 2683 545 2733 simplicitate.
566 2682 814 2720 Manifestum
834 2690 891 2720 est
905 2683 1008 2720 enim
1029 2683 1136 2731 quod
1155 2683 1246 2720 illud
1265 2684 1369 2721 unde

297 2737 453 2787 aliquod
468 2736 682 2785 singulare⁷
702 2743 759 2773 est
775 2737 848 2774 hoc
868 2737 1021 2785 aliquid,
1042 2737 1148 2774 nullo
1169 2737 1291 2774 modo
1303 2745 1369 2774 *est

296 2790 424 2828 multis
443 2788 775 2827 communicabile.
806 2790 901 2828 Illud
931 2790 1034 2827 enim
1062 2791 1166 2827 unde
1192 2791 1370 2828 Socrates

296 2852 352 2882 est
386 2844 524 2891 homo,
555 2842 683 2880 multis
712 2843 989 2881 communicari
1017 2841 1031 2864 ὃ
1056 2851 1204 2892 potest:
1233 2845 1302 2882 sed
1329 2844 1369 2881 id

294 2897 399 2936 unde
419 2905 476 2934 est
492 2896 555 2935 hic
574 2897 708 2944 homo,
737 2909 817 2934 non
844 2904 971 2946 potest
999 2897 1278 2935 communicari
1297 2897 1369 2934 nisi

293 2951 360 2989 uni
378 2958 541 2989 tantum.
573 2950 613 2987 Si
641 2962 732 2998 ergo
762 2951 939 2988 Socrates
966 2963 1036 3000 per
1054 2951 1094 2988 id
1115 2958 1214 2988 esset
1231 2951 1366 2999 homo,

293 3017 363 3053 per
389 3007 497 3055 quod
525 3013 582 3043 est
608 3005 670 3042 hic
698 3005 833 3052 homo,
862 3004 959 3042 sicut
986 3017 1069 3042 non
1093 3011 1256 3054 possunt
1283 3017 1367 3041 esse

292 3059 422 3107 plures
446 3060 635 3106 Socrates,
665 3058 716 3095 ita
743 3070 823 3095 non
850 3066 1009 3106 possent
1036 3071 1119 3095 esse
1146 3059 1276 3107 plures
1297 3058 1367 3095 ho-

293 3111 432 3150 mines.
453 3113 541 3150 Hoc
561 3120 691 3149 autern
713 3111 895 3149 convenit
912 3113 1014 3149 Deo:
1044 3125 1136 3150 narn
1155 3111 1238 3161 ipse
1258 3113 1365 3149 Deus

50 3173 61 3184 ·
77 3172 125 3202 Qu.
140 3179 176 3202 m,
191 3178 264 3202 nrm-
294 3173 351 3202 est
365 3178 436 3202 sua
453 3167 600 3213 natura,
617 3173 659 3202 ut
678 3165 823 3214 supra*
842 3172 1042 3203 ostensum
1058 3173 1124 3203 est.
1142 3164 1366 3203 Secundur'n

294 3218 405 3267 igitur
428 3218 531 3256 idem
553 3226 609 3256 est
627 3220 746 3266 Deus,
769 3226 805 3256 et
823 3218 885 3255 hic
907 3220 1027 3257 Deus.
1049 3218 1290 3268 Impossibile
1311 3225 1367 3255 est

293 3272 405 3320 igitur
432 3284 516 3309 esse
543 3273 673 3322 plures
701 3274 820 3310 Deos.

348 3385 376 3418 α)
395 3388 421 3410 et
439 3384 525 3409 omnis
547 3385 667 3417 privatio
692 3386 856 3420 imperfectio
875 3382 922 3411 est.
940 3401 959 3405 -
977 3390 1003 3411 et
1021 3387 1107 3411 omnis
1124 3387 1246 3419 privatio
1266 3387 1363 3419 imper-

287 3421 433 3456 fectionem
454 3420 555 3445 codices
575 3425 600 3445 et
619 3421 698 3446 ed.a.

349 3455 374 3489 β)
395 3456 475 3481 Deut.
494 3455 538 3480 VI.
554 3469 573 3474 -
592 3455 686 3480 Exodi
703 3457 764 3482 XX
784 3458 887 3483 codices
911 3463 937 3482 et
960 3458 1019 3482 edd.
1039 3457 1080 3482 ab
1087 3466 1096 3488 ‚·
1116 3458 1141 3482 in
1160 3462 1230 3482 textu
1250 3457 1292 3482 cit.
1316 3465 1364 3490 pro

295 3500 371 3521 unus,
392 3492 465 3516 Deus
480 3498 549 3515 unus
567 3491 691 3517 ACEFG.

348 3528 375 3561 γ)
391 3527 458 3552 illud
472 3526 543 3551 unde
561 3526 672 3559 aliquod
689 3527 836 3561 singulare.
854 3543 872 3548 —
891 3528 920 3553 id
934 3536 1016 3554 unum
1031 3535 1083 3561 per
1098 3528 1169 3561 quod
1181 3528 1292 3561 aliquod
1309 3528 1364 3553 sin-

294 3562 593 3631 gulcgecghmunicari.
611 3611 629 3615 -
646 3598 788 3623 convenire
806 3599 916 3628 codices,
936 3605 961 3624 et
979 3600 1013 3624 ita
1032 3607 1100 3625 mox.

1477 1883 1657 1920 Secundo
1689 1896 1802 1932 ver0,
1834 1896 1879 1921 ex
1908 1885 2091 1922 infinitate
2128 1885 2209 1923 eius
2236 1886 2492 1935 perfectionis.

1423 1935 1632 1974 Ostensum
1663 1945 1720 1974 est
1745 1937 1846 1975 enim
1876 1950 1992 1987 supra
2010 1938 2030 1960 '¹‘
2049 1940 2154 1988 quod
2183 1940 2290 1977 Deus
2319 1952 2494 1989 compre-

1421 1989 1553 2027 hendit
1570 1989 1609 2027 in
1629 2002 1670 2027 se
1697 1998 1818 2028 totam
1847 1991 2123 2040 perfectionem
2148 1993 2310 2031 essendi.
2343 1993 2383 2030 Si
2402 2005 2492 2042 ergo

1424 2050 1550 2080 essent
1577 2044 1704 2092 plures
1725 2044 1788 2092 dii,
1810 2052 2006 2093 oporteret
2026 2057 2092 2083 eos
2117 2045 2269 2083 differre
2289 2052 2310 2083 ³.
2340 2047 2495 2096 Aliquid

1424 2108 1513 2144 ergo
1543 2097 1768 2134 conveniret
1789 2098 1868 2145 uni,
1889 2099 1996 2147 quod
2015 2111 2095 2135 non
2123 2099 2239 2136 alteri.
2269 2100 2319 2136 Et
2341 2100 2372 2137 si
2390 2101 2465 2138 hoc
2480 2100 2495 2127 ζ

1425 2157 1531 2186 esset·
1550 2150 1728 2199 privatio,
1758 2163 1837 2188 non
1866 2159 1966 2188 esset
1985 2151 2207 2200 simpliciter
2225 2153 2434 2201 perfectus:
2463 2154 2494 2191 si

1425 2210 1555 2240 autem
1574 2204 1650 2240 hoc
1671 2212 1684 2235 ἰ
1713 2211 1813 2241 esset
1830 2204 2028 2253 perfectio,
2049 2206 2154 2242 alteri
2175 2218 2310 2243 eorum
2331 2206 2493 2244 deesset.

1426 2256 1667 2305 Impossibile
1697 2265 1753 2294 est
1772 2269 1863 2305 ergo
1885 2270 1968 2294 esse
1986 2259 2114 2307 plures
2143 2259 2261 2296 Deos.
2291 2258 2430 2296 Unde0
2459 2268 2495 2297 et

1425 2309 1570 2359 antiqui
1590 2310 1822 2360 philosophi,
1851 2311 1960 2360 quasi
1985 2312 2033 2348 ab
2062 2311 2145 2360 ipsa
2174 2312 2294 2349 coacti
2321 2313 2492 2361 veritate,

1425 2371 1615 2412 ponentes
1642 2363 1874 2413 principium
1902 2364 2107 2412 infinitum,
2132 2373 2346 2414 posuerunt
2371 2379 2493 2404 unum

1425 2424 1573 2454 tantum
1601 2417 1845 2467 principium.

1471 2470 1624 2519 Tertio,
1656 2471 1704 2507 ab
1733 2470 1876 2508 unitate
1905 2470 2052 2508 mundi.
2085 2471 2228 2508 Omnia
2261 2471 2363 2508 enim
2392 2484 2491 2520 quae

1423 2532 1522 2572 sunt,
1543 2524 1789 2561 inveniuntur
1813 2536 1896 2561 esse
1925 2523 2099 2561 ordinata
2128 2524 2177 2561 ad
2196 2523 2377 2572 invicem,
2398 2525 2491 2562 dum

1422 2578 1615 2626 quaedam
1626 2577 1865 2626 quibusdam
1893 2576 2125 2614 deserviunt.
2156 2578 2267 2624 Quae
2288 2585 2416 2614 autem
2437 2578 2492 2615 di-

1420 2643 1533 2669 versa
1560 2630 1664 2677 sunt,
1694 2630 1732 2667 in
1760 2642 1881 2667 unum
1910 2630 2086 2667 ordinem
2119 2643 2198 2667 non
2228 2631 2490 2678 convenirent,

1421 2685 1492 2722 nisi
1530 2685 1578 2722 ab
1615 2683 1741 2732 aliquo
1777 2695 1857 2720 uno
1895 2683 2170 2721 ordinarentur.
2209 2685 2349 2721 Melius
2386 2685 2488 2722 enim

1422 2739 1540 2775 multa
1568 2737 1801 2775 reducuntur
1827 2736 1867 2774 in
1894 2749 2016 2774 unum
2040 2737 2222 2775 ordinem
2250 2750 2320 2786 per
2346 2750 2486 2784 unum,

1423 2804 1540 2840 quam
1575 2803 1645 2840 per
1681 2790 1819 2827 multa:
1855 2789 1944 2838 quia
1971 2802 2042 2840 per
2068 2803 2110 2827 se
2137 2791 2250 2828 unius
2282 2803 2404 2828 unum
2433 2799 2488 2828 est

1422 2857 1556 2891 causa,
1588 2851 1624 2880 et
1650 2844 1769 2880 multa
1796 2855 1876 2880 non
1904 2851 1992 2880 sunt
2024 2856 2139 2881 causa
2174 2843 2288 2882 unius
2316 2844 2387 2881 nisi
2417 2857 2488 2893 per

1422 2897 1619 2944 accidens,
1658 2896 1885 2946 inquantum
1919 2896 2060 2934 scilicet
2087 2904 2174 2934 sunt
2209 2897 2336 2946 aliquo
2366 2897 2485 2934 modo

2520 1957 2531 1968 ⁸
2546 1956 2594 1985 Qu.
2610 1963 2642 1984 tv,
2657 1960 2701 1979 art.
2712 1963 2732 1978 2.

1421 2963 1554 2988 unum.
1586 2951 1687 2987 Cum
1724 2949 1835 2998 igitur
1869 2949 1960 2987 illud
1993 2951 2099 2998 quod
2135 2957 2190 2987 est
2220 2949 2410 2998 primum,
2441 2950 2487 2987 sit
2518 2978 2521 2981 Δ

1420 3003 1739 3054 perfectissimum
1761 3010 1797 3040 et
1814 3015 1884 3052 per
1903 3016 1954 3050 se,
1975 3015 2055 3040 non
2074 3015 2144 3051 per
2164 3002 2351 3050 accidens,
2372 3015 2485 3052 opor-

1420 3065 1471 3095 tet
1499 3056 1606 3106 quod
1633 3056 1802 3105 primum
1831 3056 2018 3094 reducens
2047 3056 2178 3093 omnia
2210 3055 2249 3093 in
2275 3068 2396 3093 unum
2425 3069 2485 3093 or-

1422 3111 1562 3158 dinem,
1592 3110 1638 3151 sit
1664 3122 1788 3147 unum
1815 3117 1975 3147 tantum.
2005 3111 2054 3147 Et
2072 3110 2147 3146 hoc
2167 3116 2223 3146 est
2240 3110 2357 3146 Deus.

1474 3165 1533 3201 An
1562 3175 1698 3200 PR1MUM
1735 3175 1834 3200 ERGO
1866 3175 2050 3200 mcENDUM
2085 3162 2190 3211 quod
2218 3161 2395 3200 dicuntur
2431 3163 2482 3200 dii

1419 3217 1527 3255 multi
1547 3215 1760 3254 secundum
1795 3229 1963 3254 errorem
1991 3215 2233 3265 quorundam
2258 3215 2322 3264 qui
2342 3216 2483 3257 multos

1420 3271 1514 3308 deos
1539 3270 1725 3317 colebant,
1746 3269 2024 3307 existimantes¹
2043 3269 2213 3318 planetas
2234 3275 2270 3304 et
2288 3268 2379 3306 alias
2397 3270 2482 3306 stel-

1471 3387 1492 3417 ε)
1514 3384 1623 3418 differre
1636 3398 1654 3402 -
1668 3392 1720 3416 per
1738 3384 1842 3416 aliquid
1860 3383 1929 3408 addit
1948 3383 1979 3408 G.
1997 3396 2016 3401 -·
2033 3383 2100 3406 Ante
2118 3382 2198 3407 alteri
2216 3383 2312 3408 addunt
2330 3383 2482 3408 conveniret

1418 3421 1519 3446 codices
1539 3425 1564 3444 et
1583 3420 1642 3444 edd.
1660 3420 1711 3444 ab.

1470 3456 1495 3488 ζ)
1517 3456 1552 3480 Et
1570 3455 1594 3480 si
1611 3455 1667 3480 hoc.
1685 3468 1704 3473 —
1723 3455 1760 3479 Et
1777 3455 1815 3479 sic
1834 3454 1877 3479 ille
1896 3454 1921 3478 in
1941 3461 1992 3486 quo
2011 3453 2055 3477 Pb.
2073 3467 2092 3472 —
2110 3453 2161 3478 Pro
2175 3453 2304 3485 privatio,
2321 3454 2402 3478 etiam
2416 3461 2481 3486 per-

1412 3492 1496 3526 fectio
1515 3491 1543 3522 F,
1564 3491 1610 3515 sed
1629 3490 1752 3523 expungit
1769 3490 1859 3514 etiam.

1471 3527 1498 3558 η)
1518 3526 1575 3551 hoc.
1593 3539 1611 3544 —-
1630 3526 1690 3550 Om.
1710 3525 1781 3557 GpB.

1471 3560 1494 3594 0)
1519 3561 1600 3586 Unde.
1613 3574 1632 3579 -
1651 3561 1717 3586 Inde
1735 3561 1766 3585 D.
1778 3574 1797 3580 -
1815 3560 1874 3584 Mox
1892 3559 1994 3584 codices
2012 3563 2184 3591 transponunt
2202 3559 2315 3584 veritate
2332 3559 2426 3585 coacti.

1472 3598 1489 3630 ι)
1509 3597 1703 3621 existimantes.
1723 3609 1741 3614 —-
1759 3595 1929 3620 aestimantes
1948 3594 2049 3619 codices
2069 3599 2094 3619 et
2112 3594 2152 3618 ed.
2170 3601 2196 3619 α.
