2768 4178
55 772 66 782 ⁹
82 771 107 792 S.
116 770 162 791 Th.
173 770 225 792 lect.
236 776 269 792 111.

153 868 168 901 β

56 957 81 978 S.
87 930 135 978 ssiiti
138 936 241 978 ieci.¹ixf

154 993 170 1018 Υ

61 1790 68 1798 ·
87 1788 138 1816 Qu.
153 1795 177 1816 n,
194 1793 234 1811 art.
250 1796 269 1818 3.

154 1893 169 1916 η

289 258 341 304 48

296 346 392 387 sunt,
415 346 451 376 et
473 339 577 376 nullo
606 339 726 375 modo
757 337 946 374 differunt.
978 338 1081 385 Ergo
1109 337 1260 386 penitus
1280 345 1367 374 sunt

295 393 409 430 idem.
449 392 527 429 Sed
556 391 714 428 materia
747 391 871 439 prima
905 391 1016 428 intrat
1045 390 1366 440 compositionem

296 458 436 483 rerum.
467 446 570 493 Ergo
598 452 634 482 et
652 446 770 482 Deus.
791 466 815 472 -
837 445 1018 482 Probatio
1047 444 1220 481 mediae:
1252 456 1367 493 quae-

297 511 461 548 cumque
491 498 680 545 differunt,
706 498 894 547 aliquibus
928 497 1146 535 differentiis
1175 497 1366 544 differunt,

296 561 333 589 et
360 553 410 589 ita
445 559 595 601 oportet
633 564 677 588 ea
712 564 795 589 esse
831 551 1065 601 composita;
1100 551 1168 587 sed
1196 552 1303 587 Deus
1332 557 1368 586 et

296 606 454 643 materia
482 605 607 654 prima
626 613 714 642 sunt
733 605 892 642 omnino
913 604 1115 653 simplicia3
1147 616 1236 652 ergo
1263 604 1367 640 nullo

297 660 416 696 modo
447 659 637 696 differunt.

351 714 426 749 SED
455 724 601 749 CONTRA
629 723 696 748 EST
723 713 830 759 quod
863 711 951 748 dicit
985 710 1208 759 Dionysius,
1239 723 1261 747 11
1283 722 1365 758 cap.

295 767 341 802 de
359 766 447 803 Div.
467 765 585 803 Nom.
610 765 646 812 ²⁸,
677 765 782 814 quod
802 776 922 813 neque
949 770 1066 801 tactus
1095 769 1149 800 est
1175 764 1253 800 eius
1283 763 1367 810 (sci-

295 819 379 856 licet
407 819 512 866 Dei),
542 830 662 867 neque
689 819 765 855 alia
790 818 976 866 quaedam
996 818 1048 854 ad
1062 823 1193 866 partes
1212 817 1367 853 commi-

294 873 423 909 scendi
439 871 457 900 Ρ
484 872 711 909 communio.
734 893 758 899 -
779 872 1013 919 PRAETEREA,
1042 871 1175 908 dicitur
1203 870 1241 907 in
1269 870 1366 907 libro

295 926 341 962 de
365 926 497 963 Causis
516 925 547 973 ²¹²,
578 925 682 974 quod
711 936 827 962 causa
849 925 980 972 prima
1009 925 1110 974 regit
1136 936 1266 960 omnes
1294 935 1366 969 res,

289 985 561 1028 praeterquam
591 979 880 1015 commisceatur
907 979 958 1014 eis
977 983 1002 1014 ⁷.

350 1034 576 1069 RESPONDEO
606 1043 790 1068 DICENDUM
826 1032 931 1080 quod
966 1031 1065 1067 circa
1102 1031 1178 1067 hoc
1215 1030 1368 1067 fuerunt

295 1094 369 1122 tres
399 1097 556 1122 errores.
588 1084 757 1131 Quidam
782 1084 885 1121 enim
904 1091 1116 1132 posuerunt
1135 1083 1240 1132 quod
1260 1085 1367 1121 Deus

296 1146 394 1175 esset
422 1138 551 1175 anima
579 1137 724 1184 mundi,
754 1145 796 1174 ut
822 1145 927 1186 patet
953 1149 1023 1186 per
1050 1137 1307 1185 Augustinum
1329 1137 1366 1174 in

294 1192 356 1228 lib.
374 1192 442 1229 VII
460 1189 473 1212 ὃ
491 1191 538 1228 de
561 1191 718 1228 Civitate
736 1191 812 1227 Dei
828 1190 864 1227 *x
895 1198 931 1227 et
949 1191 998 1228 ad
1018 1191 1093 1227 hoc
1114 1191 1228 1228 etiam
1255 1191 1366 1228 redu-

296 1245 402 1292 citur,
424 1245 530 1293 quod
558 1244 716 1293 quidam
737 1244 910 1282 dixerunt
929 1245 1060 1281 Deum
1085 1257 1167 1281 esse
1197 1244 1365 1281 animam

294 1298 408 1347 primi
424 1298 528 1335 caeli.
549 1298 623 1335 Alii
643 1305 772 1341 autem
788 1304 799 1318 ¹
819 1298 992 1335 dixerunt
1011 1299 1140 1335 Deum
1162 1310 1246 1335 esse
1265 1298 1367 1347 prin-

296 1352 437 1401 cipium
466 1352 626 1389 formale
656 1351 830 1388 omnium
860 1363 1000 1388 rerum.
1032 1352 1080 1388 Et
1107 1352 1204 1389 haec
1233 1351 1368 1389 dicitur

295 1406 406 1442 fuisse
443 1405 571 1454 opinio
600 1404 924 1442 Almarianorum.
966 1405 1043 1442 Sed
1064 1405 1077 1431 s:
1101 1405 1232 1442 tertius
1261 1418 1368 1442 error

294 1459 361 1496 fuit
398 1459 523 1496 David
561 1458 608 1496 de
647 1458 850 1506 Dinando,
887 1458 953 1506 qui
990 1458 1206 1496 stultissime
1240 1459 1368 1508 posuit

295 1514 422 1549 Deum
452 1524 535 1549 esse
555 1512 754 1549 materiam
774 1511 952 1561 primam.
985 1512 1129 1549 Omnia
1149 1512 1252 1550 enim
1270 1514 1368 1551 haec

294 1566 536 1603 manifestam
566 1565 760 1603 continent
787 1565 1007 1603 falsitatem:
1039 1578 1167 1614 neque
1196 1574 1252 1603 est
1279 1579 1367 1616 pos-

293 1619 399 1656 sibile
428 1620 558 1656 Deum
586 1619 712 1668 aliquo
742 1619 862 1656 modo
891 1619 930 1656 in
960 1619 1282 1669 compositionem
1303 1621 1367 1658 ali-

294 1673 401 1710 cuius
428 1673 576 1719 venire,
607 1685 678 1709 nec
707 1672 803 1709 sicut
829 1673 1060 1722 principium
1089 1674 1265 1721 formale,
1295 1687 1366 1711 nec

294 1727 390 1763 sicut
416 1726 647 1775 principium
678 1726 884 1764 materIale.

347 1780 476 1817 Primo
492 1780 662 1829 quidem,
679 1780 768 1829 quia
788 1792 903 1828 supra
917 1779 937 1801 *
958 1780 1122 1817 diximus
1137 1781 1266 1817 Deum
1283 1793 1366 1818 esse

291 1833 456 1882 primam
496 1837 651 1870 causam
682 1833 923 1870 efficientem.
965 1834 1092 1870 Causa
1127 1841 1256 1871 autem
1287 1834 1366 1871 effi-

293 1887 394 1924 ciens
414 1895 429 1917 η
455 1899 543 1924 curn
565 1888 688 1923 forma
716 1887 769 1924 rei
790 1887 910 1924 factae
931 1899 1010 1924 non
1039 1887 1168 1924 incidit
1195 1887 1232 1924 in
1261 1887 1365 1925 idem

291 1953 467 1988 numero,
489 1941 558 1978 sed
582 1941 707 1977 solum
737 1940 774 1978 in
803 1940 905 1978 idem
935 1940 1083 1989 specie:
1114 1942 1234 1978 homo
1265 1941 1364 1978 enim

291 2001 446 2042 generat
472 1994 684 2031 hominem.
717 1994 878 2031 Materia
897 2006 992 2031 vero
1022 2006 1111 2031 cum
1141 2006 1256 2031 causa
1286 1994 1366 2031 effi-

292 2047 412 2084 ciente
441 2059 521 2084 non
550 2047 679 2085 incidit
706 2047 744 2084 in
772 2047 876 2085 idem
905 2060 1083 2096 numer0,
1105 2060 1177 2085 nec
1201 2048 1239 2085 in
1262 2047 1366 2085 idem

291 2100 436 2149 specie:
476 2100 565 2150 quia
601 2101 676 2138 hoc
715 2108 771 2138 est
807 2101 846 2138 in
879 2101 1068 2150 potentia,
1093 2099 1198 2139 'illud
1233 2113 1328 2139 vero
1354 2099 1367 2122 ⁰

290 2154 330 2190 in
358 2161 456 2191 actu.

346 2207 539 2255 Secundo,
560 2207 650 2256 quia
679 2220 767 2244 curn
788 2209 895 2245 Deus
923 2207 969 2245 sit
991 2207 1115 2256 prima
1135 2214 1142 2228 ¹
1172 2220 1288 2245 causa
1317 2207 1362 2244 ef-

346 2372 372 2406 β)
395 2373 592 2399 commiscendi.
611 2387 630 2392 -
647 2373 857 2399 commiscendos
881 2373 910 2398 P.
934 2373 974 2398 cf.
997 2381 1019 2398 s.
1037 2372 1133 2398 Thom.
1157 2374 1216 2398 loco
1241 2373 1319 2399 citato
1342 2373 1368 2398 in

291 2417 348 2435 mar
367 2417 416 2434 me.

345 2417 372 2478 ξ)
392 2445 536 2470 Pmeterea
587 2445 633 2470 eis.
650 2458 669 2463 —
687 2445 749 2470 Om.
763 2444 908 2470 ABCDEF.

345 2479 370 2513 ὃ)
393 2480 451 2505 VII.
464 2493 484 2501 -
497 2480 559 2505 Om.
574 2480 684 2510 codices,
703 2480 735 2505 X
750 2480 809 2505 edd.
828 2487 845 2505 α
856 2480 878 2505 b.
898 2494 917 2499 -
935 2480 1017 2506 etfam
1036 2487 1090 2505 om.
1103 2479 1149 2505 FG
1164 2485 1189 2504 et
1202 2480 1243 2505 ed.
1256 2487 1286 2510 a,
1306 2485 1367 2513 post

291 2515 401 2548 quidam
421 2521 521 2549 ponunt
539 2515 663 2541 Auem-3.

345 2552 368 2584 ε)
387 2555 487 2577 autem.
504 2565 523 2570 -
541 2552 622 2576 etiam
641 2551 672 2581 D,
687 2552 757 2577 enim
771 2551 825 2581 FG,
838 2559 893 2577 om.
908 2551 1031 2576 ABCDE.
1048 2565 1069 2572 -
1087 2552 1151 2577 Post
1161 2551 1282 2585 formale
1297 2551 1367 2576 addit

291 2594 430 2612 commune
444 2588 489 2612 sA.
508 2601 526 2606 -
544 2594 635 2612 rerum
655 2595 710 2613 om.
723 2587 822 2613 ABCE.
841 2601 859 2607 —
878 2587 929 2612 Pro
947 2587 1178 2616 Almarfanorum,
1194 2587 1366 2612 Almanario-

292 2630 351 2647 rum
372 2623 412 2648 ed.
427 2630 456 2652 a,
475 2623 656 2648 Arrianorum
676 2624 720 2648 sB.

989 241 1266 304 QUAESTIO'
1289 258 1357 305 Ill,
1388 256 1686 294 ARTICULUS
1716 256 1802 292 VIII

1422 335 1575 383 ficiens,
1611 335 1691 372 eius
1729 342 1784 371 est
1818 334 1943 384 primo
1979 341 2014 370 et
2047 346 2117 383 per
2145 345 2184 370 se
2214 344 2338 381 agere.
2378 332 2496 380 Quod

1422 396 1552 426 autem
1580 389 1685 426 venit
1713 388 1751 425 in
1781 387 2104 437 compositionem
2125 386 2303 434 alicuius,
2333 398 2413 424 non
2442 393 2497 423 est

1422 442 1548 491 primo
1578 450 1615 478 et
1641 454 1711 491 per
1734 454 1776 478 se
1796 454 1924 490 agens,
1946 441 2015 478 sed
2034 440 2155 488 magis
2185 439 2442 489 compositum
2464 445 2495 476 ¹:

1423 508 1502 532 non
1531 495 1631 532 enirn
1668 507 1806 532 manus
1843 495 1933 543 agit,
1964 494 2032 532 sed
2060 495 2182 531 homo
2209 505 2280 542 per
2313 505 2496 539 manum;

1423 556 1460 585 et
1487 548 1582 597 ignis
1618 548 1789 586 calefacit
1820 561 1891 598 per
1920 549 2099 586 calorem.
2136 547 2249 585 Unde
2282 548 2389 584 Deus
2418 559 2498 584 non

1422 610 1548 651 potest
1576 614 1659 639 esse
1687 614 1775 651 pars
1804 602 1962 639 alicuius
1992 601 2207 651 compositi.

1476 655 1630 703 Tertio,
1660 655 1748 704 quia
1781 656 1883 692 nulla
1910 668 1999 705 pars
2029 654 2231 704 compositi
2259 661 2386 703 potest
2415 666 2497 690 esse

1423 708 1643 757 simpliciter
1678 708 1804 758 prima
1839 709 1878 746 in
1916 709 2087 755 entibus3
2116 721 2242 758 neque
2272 708 2387 745 etiam
2417 719 2498 744 ma-

1422 761 1515 798 teria
1545 769 1581 798 et
1608 762 1733 799 forma
1751 762 1783 810 ³⁸,
1813 775 1912 811 quae
1946 770 2032 800 sunt
2059 762 2207 812 primae
2235 769 2362 811 partes
2392 774 2497 798 com-

1421 815 1648 864 positorum.
1680 816 1785 853 Nam
1805 816 1963 853 materia
1993 823 2048 853 est
2076 815 2114 853 in
2142 816 2332 865 potentia:
2362 822 2498 865 poten-

1421 868 1472 905 tia
1501 875 1631 905 autem
1670 877 1726 906 est
1758 869 1949 918 posterior
1981 877 2068 907 actu
2105 869 2346 918 simpliciter,
2382 876 2424 906 ut
2452 881 2497 905 ex

1423 921 1530 958 dictis
1549 921 1569 943 '¹‘
1595 929 1711 970 patet.
1742 923 1886 960 Forma
1913 931 2043 960 autem
2073 935 2172 972 quae
2201 931 2256 960 est
2282 935 2372 972 pars
2393 935 2497 960 com—

1422 974 1552 1023 positi,
1583 983 1640 1012 est
1667 975 1793 1012 forma
1828 976 2072 1026 participata:
2102 977 2198 1014 sicut
2226 983 2356 1014 autem
2383 976 2496 1025 parti-

1423 1027 1554 1077 cipans
1583 1035 1640 1065 est
1667 1029 1856 1077 posterius
1885 1041 1932 1066 eo
1961 1030 2068 1079 quod
2097 1037 2154 1067 est
2180 1042 2249 1079 per
2273 1029 2495 1077 essentiam,

1422 1081 1472 1118 ita
1501 1090 1537 1118 et
1565 1082 1694 1131 ipsum
1726 1082 2014 1131 participatum;
2045 1083 2141 1120 sicut
2177 1083 2272 1132 ignis
2300 1083 2339 1121 in
2371 1082 2496 1132 ignitis

1423 1143 1478 1172 est
1496 1134 1685 1184 posterior
1706 1147 1752 1172 eo
1777 1136 1883 1184 quod
1905 1135 1917 1156 ³
1947 1144 2002 1173 est
2020 1148 2090 1185 per
2109 1137 2326 1175 essentiam.
2357 1137 2496 1174 Osten-

1422 1201 1508 1226 sum
1543 1196 1599 1226 est
1636 1197 1766 1226 autem
1794 1189 1814 1211 '¹‘
1846 1190 1954 1237 quod
1991 1190 2099 1227 Deus
2137 1198 2193 1227 est
2227 1190 2398 1239 primum
2429 1202 2496 1227 ens

1422 1242 1652 1292 simpliciter.

1475 1298 1535 1334 An
1564 1307 1702 1334 ramum
1731 1308 1831 1334 ERGO
1859 1307 2046 1334 mCENDUM
2073 1295 2180 1345 quod
2214 1296 2334 1334 deitas
2363 1296 2498 1334 dicitur

1422 1361 1500 1386 esse
1529 1349 1704 1387 omnium
1739 1349 1915 1387 effective
1945 1357 1981 1386 et
2009 1349 2292 1398 exemplariter:
2322 1362 2414 1388 non-
2431 1362 2497 1388 au-

1421 1411 1501 1440 tem
1528 1416 1599 1452 per
1627 1403 1842 1440 essentiam.

1476 1459 1535 1494 AD
1555 1469 1747 1494 SECUNDUM
1766 1468 1951 1494 mcENDUM
1971 1457 2078 1505 quod
2092 1458 2265 1495 Verbum
2295 1465 2352 1495 est
2373 1458 2497 1495 forma

1422 1510 1666 1560 exemplaris:
1693 1522 1772 1548 non
1792 1518 1923 1547 autem
1942 1510 2068 1548 forma
2087 1523 2187 1560 quae
2207 1519 2264 1549 est
2281 1523 2371 1560 pars
2391 1524 2497 1549 com-

1422 1572 1545 1614 posm.

1476 1620 1535 1655 Ao
1555 1629 1717 1655 TERTltJM
1740 1629 1926 1655 mcennum
1955 1617 2061 1666 quod
2080 1617 2265 1667 simplicia
2289 1629 2370 1656 non
2389 1617 2498 1655 diffe-

1422 1679 1508 1709 runt
1536 1670 1726 1720 aliquibus
1759 1670 1840 1708 aliis
1873 1670 2112 1709 differentiis:
2141 1672 2218 1709 hoc
2252 1671 2354 1709 enim
2391 1683 2497 1709 com-

1421 1725 1636 1774 positorum
1670 1732 1737 1761 est.
1777 1725 1910 1761 Homo
1948 1724 2050 1762 enim
2084 1732 2120 1762 et
2158 1737 2279 1774 equus
2317 1725 2498 1762 differunt

1422 1778 1594 1816 rationali
1630 1786 1666 1815 et
1693 1777 1898 1815 irrationali
1936 1778 2179 1816 differentiis:
2209 1791 2309 1828 quae
2337 1778 2497 1828 quidem

1422 1832 1657 1870 differentiae
1677 1843 1758 1868 non
1777 1831 1957 1869 differunt
1975 1831 2140 1882 amplius
2159 1833 2208 1869 ab
2228 1831 2392 1871 invicem
2415 1831 2498 1870 aliis

1421 1885 1655 1923 differentiis.
1686 1885 1810 1931 Unde,
1836 1884 1866 1922 si
1888 1885 1956 1922 fiat
1982 1885 2042 1922 vis
2069 1885 2109 1923 in
2135 1886 2271 1933 verbo,
2301 1898 2380 1923 non
2407 1898 2497 1936 pro-

1419 1939 1500 1988 prie
1530 1939 1705 1976 dicuntur
1723 1937 1880 1988 differre
1897 1945 1928 1986 ¹⁴,
1958 1939 2027 1976 sed
2050 1939 2200 1976 diversa
2223 1951 2303 1976 esse
2321 1939 2362 1976 *τ
2391 1951 2496 1988 nam,

1420 1992 1635 2030 secundum
1656 1991 1936 2041 Philosophum
1956 1993 1991 2029 X
2010 1993 2229 2042 Metaphys.
2246 1992 2278 2041 ¹⁸⁸,
2305 1993 2496 2031 diversum
2524 1981 2535 2018 ἶ

1420 2047 1594 2084 absolute
1613 2045 1760 2093 dicitur,
1778 2045 1847 2083 sed
1867 2057 1984 2083 omne
2012 2045 2191 2096 differens
2210 2045 2339 2095 aliquo
2359 2046 2496 2086 differt.
2526 2045 2558 2087 “,

1421 2100 1545 2148 Unde,
1566 2099 1596 2136 si
1620 2099 1688 2136 fiat
1705 2098 1764 2136 vis
1792 2098 1831 2136 in
1854 2100 1990 2146 verbo,
2009 2099 2170 2137 materia
2189 2099 2315 2149 prima
2334 2107 2371 2137 et
2390 2100 2498 2138 Deus

1421 2166 1500 2191 non
1519 2152 1711 2203 differunt,
1732 2152 1800 2190 sed
1823 2157 1911 2189 sunt
1937 2153 2086 2190 diversa
2113 2153 2253 2202 seipsis.
2284 2153 2395 2191 Unde
2417 2166 2496 2192 non

1423 2206 1594 2256 sequitur
1621 2205 1726 2255 quod
1755 2205 1832 2251 sint
1856 2204 1972 2243 idem.

1472 2372 1499 2404 ζ)
1519 2372 1582 2398 Sed.
1606 2372 1668 2398 Om.
1687 2372 1831 2398 ABCDEF.
1850 2386 1869 2391 ·-
1886 2372 1938 2397 Pro
1958 2371 2050 2397 David
2069 2372 2102 2397 de
2121 2372 2264 2402 Dinando,
2291 2372 2404 2398 dicendo
2427 2371 2496 2398 divi-

1422 2408 1514 2434 nando
1533 2409 1574 2434 ed.
1587 2415 1613 2433 a.

1474 2446 1501 2476 η)
1520 2443 1645 2478 efficiens.
1663 2457 1682 2463 -
1695 2443 1837 2478 perficiens
1855 2443 1946 2476 CEpB.
1964 2457 1984 2464 -
2002 2443 2053 2468 Pro
2066 2443 2173 2478 sactae,
2187 2443 2327 2478 perfectae
2345 2443 2470 2471 ABCDE.

1474 2477 1499 2512 0)
1519 2486 1590 2505 vero.
1609 2493 1628 2498 -
1647 2479 1710 2505 Om.
1723 2479 1835 2504 codices.

1475 2516 1494 2548 ι)
1509 2515 1611 2548 prima.
1628 2529 1648 2534 -
1666 2515 1727 2540 Om.
1743 2515 1854 2540 codices.

1474 2551 1499 2583 x)
1518 2550 1704 2583 compositum.
1721 2565 1740 2570 -
1758 2554 1798 2576 est
1812 2557 1864 2583 per
1881 2557 1909 2575 se
1927 2557 2012 2583 agens
2030 2550 2100 2576 addit
2118 2550 2150 2576 D.

1474 2586 1502 2619 λ)
1521 2594 1553 2612 eo
1571 2586 1651 2619 quod.
1669 2599 1688 2606 -·
1705 2593 1736 2612 eo
1755 2586 1801 2619 qui
1819 2586 1848 2618 F,
1867 2593 1898 2611 eo
1917 2586 1979 2619 igne
1997 2586 2044 2619 qui
2062 2586 2095 2611 G.

1475 2624 1503 2656 μ.)
1523 2621 1641 2656 differre.
1659 2636 1678 2641 —
1697 2621 1864 2656 differentiae
1880 2620 2063 2655 „CDpB(pA?).
2081 2636 2100 2642 -
2119 2622 2170 2647 Pro
2190 2629 2260 2653 nam,
2281 2622 2351 2647 unde
2370 2621 2433 2647 Pab-

977 2723 1309 2756 commentaria
1333 2721 1584 2755 Car-dinatis
1607 2721 1807 2755 Caietam

325 2842 343 2861 N
360 2831 470 2861 titulo:
497 2831 606 2861 venire
622 2831 654 2860 in
672 2832 927 2871 compositionem
952 2831 1089 2862 alterius
1108 2830 1202 2870 exigit
1225 2837 1365 2871 quatuor

297 2843 534 2906 Iconditiones.
560 2876 669 2905 Prima
686 2881 733 2905 est
757 2875 916 2906 distinctio
933 2875 1023 2905 realis
1040 2875 1078 2906 ab
1095 2875 1165 2905 illo:
1191 2875 1267 2916 quia
1283 2874 1364 2905 eius-

294 2921 367 2950 dem
387 2920 427 2949 ad
451 2919 592 2959 seipsum
616 2929 682 2949 non
707 2926 752 2950 est
772 2920 975 2959 compositio.
1000 2920 1149 2950 Secunda
1167 2927 1213 2950 est
1232 2919 1364 2950 coniun-

294 2964 356 2995 ctio
380 2963 470 2994 realis
494 2973 568 2994 cum
592 2963 664 2993 illo:
689 2963 764 3004 quia
789 2973 824 2994 ex
849 2964 916 2994 sola
939 2964 1163 2995 coniunctione
1188 2963 1366 2995 secundum

294 3008 460 3044 rationem,
482 3018 547 3038 non
571 3007 606 3038 fit
630 3008 833 3048 compositio.
864 3009 971 3039 Tertia
997 3016 1051 3044 est,
1068 3008 1157 3050 quod
1181 3007 1365 3039 coniunctio

294 3053 334 3084 sit
356 3053 534 3084 secundum
563 3062 659 3082 suum
684 3061 766 3083 esse:
791 3052 867 3093 quia
890 3063 927 3083 ex
950 3053 1017 3083 sola
1041 3053 1267 3084 coniunctione
1291 3052 1365 3083 reali

294 3097 472 3128 secundum
495 3097 612 3132 situm,
642 3097 691 3127 vel
715 3097 814 3127 alium
843 3104 1022 3137 respectum
1046 3097 1273 3133 extrinsecum,
1299 3107 1365 3128 non

293 3141 328 3172 fit
344 3141 547 3182 compositio.
576 3141 703 3178 Quarta
724 3148 779 3177 est,
797 3141 886 3182 quod
906 3142 1040 3172 alterum
1060 3142 1099 3173 sit
1114 3148 1202 3173 actus
1222 3141 1363 3172 alterius:

293 3186 343 3216 vel
362 3185 443 3217 tertii
467 3185 583 3216 actuati
607 3185 646 3215 ab
666 3191 813 3226 utroque,
831 3186 855 3215 si
874 3186 912 3216 sit
929 3186 1121 3226 compositio
1138 3196 1194 3228 per
1209 3186 1364 3221 accidens,

294 3230 396 3271 qualis
413 3236 459 3261 est
474 3230 556 3261 inter
574 3229 684 3260 album
700 3236 732 3260 et
745 3230 848 3260 dulce.
874 3230 906 3261 Si
923 3230 1008 3260 enirn
1024 3230 1130 3272 aliqua
1149 3231 1215 3262 duo
1230 3230 1365 3270 iungan-

294 3281 346 3304 tur
369 3274 464 3304 etiam
487 3274 665 3305 secundum
684 3284 761 3310 esse,
779 3281 809 3305 et
828 3284 893 3304 non
918 3274 950 3304 in
967 3275 1087 3306 ratione
1103 3282 1191 3306 actus
1205 3281 1236 3306 et
1251 3281 1364 3315 poten-

295 3318 364 3354 tiae,
386 3325 421 3349 ut
444 3318 591 3354 diximus,
612 3328 780 3359 nunquam
804 3325 851 3350 est
872 3319 1080 3359 compositio:
1106 3326 1142 3350 ut
1164 3325 1250 3360 patet
1273 3325 1303 3350 et
1326 3318 1364 3349 de

295 3363 438 3402 personis
462 3363 584 3399 divinis,
603 3370 633 3394 et
652 3363 691 3394 de
707 3363 813 3393 Verbo
837 3363 945 3393 divino
969 3363 1130 3395 incarnato
1154 3361 1256 3406 (deest
1279 3362 1365 3394 enim

294 3406 327 3436 in
352 3406 536 3437 huiusmodi
568 3407 646 3438 ratio
676 3413 763 3438 actus
792 3414 823 3438 et
846 3406 1029 3450 potentiae).
1055 3426 1075 3430 -
1099 3408 1258 3445 Quaerere
1289 3417 1364 3448 ergo

296 3457 404 3494 utrum
428 3451 514 3482 Deus
538 3451 642 3482 veniat
664 3451 695 3482 in
720 3451 854 3482 aliarum
878 3461 983 3482 rerum
1007 3452 1293 3493 compositionem,
1319 3458 1366 3482 est

295 3504 454 3535 quaerere,
479 3504 519 3525 an
543 3495 585 3525 rei
609 3495 696 3526 alteri
720 3496 822 3536 possit
845 3495 995 3536 coniungi
1019 3497 1196 3528 secundum
1220 3506 1296 3532 esse,
1317 3505 1363 3526 se-

295 3539 438 3570 cundum
462 3539 617 3570 rationem
641 3546 728 3570 actus
752 3540 802 3570 vel
826 3540 996 3580 potentiae.

349 3583 385 3613 11.
410 3583 444 3613 In
469 3593 601 3623 corpore
625 3584 706 3614 duo:
733 3585 837 3624 primo
862 3584 1039 3615 referuntur
1063 3594 1198 3622 errores;
1222 3584 1363 3615 secundo

294 3627 504 3667 respondetur
527 3628 680 3668 quaesito.
696 3646 715 3651 -
733 3629 849 3666 Quoad
874 3629 1025 3669 primum,
1047 3636 1119 3660 sunt
1143 3636 1203 3660 tres
1227 3637 1360 3660 errores:

1417 2829 1540 2870 primus
1561 2829 1641 2860 forte
1657 2829 1864 2865 Sabaeorum,
1878 2839 1914 2860 ex
1931 2830 1986 2860 XII
2004 2830 2201 2871 Metaphys„
2220 2837 2391 2861 comment.
2403 2828 2492 2866 xm*;
2520 2837 2634 2887 Lami·

1417 2874 1576 2905 secundus
1607 2873 1882 2910 Almarianorum;
1912 2875 2022 2905 tertius
2055 2874 2158 2905 David
2191 2874 2229 2905 de
2258 2874 2418 2905 Dinando.
2452 2875 2494 2906 Et

1417 2925 1513 2960 patet.

1473 2963 1525 2994 III.
1552 2963 1670 3000 Quoad
1687 2963 1874 2999 secundum,
1897 2963 2060 2994 conclusio
2081 2963 2264 3004 responsiva
2279 2963 2435 3004 quaesito,
2455 2973 2491 2994 ac

1417 3007 1607 3038 destructiva
1630 3006 1747 3038 horum
1765 3017 1918 3043 errorum,
1937 3015 1983 3039 est
2001 3008 2170 3048 negativa:-
2184 3008 2271 3038 Deus
2296 3017 2362 3038 non
2386 3015 2492 3048 potest

1416 3051 1523 3083 venire
1546 3051 1579 3082 in
1604 3051 1873 3092 compositionem
1897 3052 2042 3083 alicuius.

1471 3096 1627 3127 Probatur
1650 3095 1821 3136 tripliciter.
1850 3097 1970 3128 Primo.
1999 3097 2087 3128 Deus
2111 3103 2158 3127 est
2180 3095 2283 3137 prima
2307 3106 2401 3127 causa
2425 3096 2490 3128 effi-

1418 3140 1515 3172 ciens:
1537 3150 1612 3180 ergo
1629 3149 1696 3170 non
1712 3147 1818 3180 potest
1833 3150 1899 3171 esse
1916 3141 2020 3172 forma
2036 3147 2092 3172 aut
2107 3140 2237 3172 materia
2253 3140 2386 3172 alicuius
2402 3151 2490 3172 cotn-

1417 3184 1523 3226 positi.
1543 3202 1563 3207 —
1582 3185 1781 3216 Antecedens
1811 3192 1907 3225 patet.
1939 3185 2178 3226 Consequentia
2208 3186 2361 3226 probatur
2383 3186 2492 3227 quoad

1407 3229 1576 3270 formam.-
1601 3238 1696 3269 agens
1720 3235 1751 3259 et
1774 3229 1877 3260 forma
1899 3229 2026 3261 effectus
2049 3238 2116 3260 non
2140 3228 2325 3261 coincidunt
2346 3229 2380 3261 in
2402 3229 2490 3262 idem

1418 3282 1569 3304 numero:
1591 3283 1666 3314 ergo
1685 3273 1721 3310 si,
1739 3280 1796 3305 etc.
1825 3274 1942 3311 Quoad
1959 3275 2128 3306 materiam
2149 3283 2243 3304 vero:
2263 3283 2360 3314 agens
2375 3281 2408 3306 et
2422 3284 2488 3306 mn-

1417 3317 1492 3349 teria
1516 3327 1581 3348 non
1606 3317 1790 3349 coincidunt
1812 3318 1845 3349 in
1869 3318 1955 3349 idem
1978 3317 2092 3359 specie,
2108 3318 2184 3359 quia
2206 3318 2285 3349 illud
2309 3325 2391 3356 actu,
2412 3318 2490 3351 baec

1417 3362 1576 3403 potentia:
1603 3372 1678 3402 ergo
1702 3362 1737 3398 si,
1763 3370 1821 3394 etc.

1474 3406 1525 3438 IV.
1540 3406 1631 3438 Circa
1646 3407 1728 3438 hanc
1744 3406 1900 3438 rationem
1921 3406 2057 3438 occurrit
2072 3406 2216 3438 dubium.
2234 3407 2384 3438 Probatio
2401 3417 2489 3438 nam-

1416 3461 1479 3492 que
1495 3450 1740 3492 consequentiae
1757 3461 1822 3482 non
1834 3450 1959 3482 videtur
1975 3451 2014 3481 ad
2027 3451 2245 3492 propositum:
2271 3461 2307 3482 ex
2322 3451 2385 3483 hoc
2401 3451 2486 3482 enim

1416 3495 1505 3536 quod
1530 3494 1666 3526 efficiens
1691 3505 1756 3526 non
1781 3494 1932 3526 coincidit
1955 3505 2029 3526 cum
2054 3495 2156 3526 forma
2184 3502 2240 3527 aut
2262 3495 2393 3527 materia
2415 3495 2486 3526 effe-

1417 3546 1495 3574 ctus,
1514 3539 1590 3569 nihil
1607 3539 1694 3570 aliud
1714 3539 1866 3580 sequitur,
1884 3539 1943 3569 nisi
1959 3540 2048 3580 quod
2064 3540 2161 3576 Deus,
2178 3540 2254 3581 quia
2272 3546 2319 3571 est
2337 3539 2485 3576 efficiens,

1417 3593 1483 3613 non
1507 3589 1553 3613 est
1578 3582 1680 3614 forma
1704 3590 1758 3614 aut
1781 3583 1910 3614 materia
1934 3583 1982 3614 sui
2007 3583 2150 3621 effectus;
2176 3585 2230 3615 sed
2254 3594 2320 3615 non
2345 3583 2488 3625 sequitur

1417 3627 1506 3669 quod
1530 3627 1673 3658 absolute
1698 3637 1763 3659 non
1787 3627 1826 3658 sit
1850 3627 1952 3658 forma
1975 3628 2108 3660 alicuius
2133 3628 2312 3670 compositi.

2528 771 2536 780 ·
2552 769 2581 791 D.
2598 770 2651 799 630.

2526 931 2535 940 ·
2549 930 2602 952 Art.
2619 937 2638 953 ι.

2524 1200 2535 1211 ⁸
2551 1199 2602 1228 Qu.
2616 1205 2726 1230 n,art.3.

2554 2837 2581 2859 ln
2602 2837 2740 2861 commem.
