<?xml version="1.0" encoding="UTF-8"?>
<!DOCTYPE html PUBLIC "-//W3C//DTD XHTML 1.0 Transitional//EN"
    "http://www.w3.org/TR/xhtml1/DTD/xhtml1-transitional.dtd">
<html xmlns="http://www.w3.org/1999/xhtml" xml:lang="en" lang="en">
 <head>
  <title>
</title>
<meta http-equiv="Content-Type" content="text/html;charset=utf-8" />
  <meta name='ocr-system' content='tesseract 3.04.00' />
  <meta name='ocr-capabilities' content='ocr_page ocr_carea ocr_par ocr_line ocrx_word'/>
</head>
<body>
  <div class='ocr_page' id='page_1' title='image "./operaomniaiussui04thom/operaomniaiussui04thom_0484.png"; bbox 0 0 2768 4178; ppageno 0'>
   <div class='ocr_carea' id='block_1_1' title="bbox 64 591 274 645">
    <p class='ocr_par' dir='ltr' id='par_1_1' title="bbox 64 591 274 645">
     <span class='ocr_line' id='line_1_1' title="bbox 64 591 274 619; baseline 0.005 -7"><span class='ocrx_word' id='word_1_1' title='bbox 64 593 74 601; x_wconf 79' lang='lat'>·‘</span> <span class='ocrx_word' id='word_1_2' title='bbox 91 591 139 619; x_wconf 91' lang='lat' dir='ltr'>Qu.</span> <span class='ocrx_word' id='word_1_3' title='bbox 153 597 218 619; x_wconf 81' lang='lat' dir='ltr'>xm,</span> <span class='ocrx_word' id='word_1_4' title='bbox 233 594 274 613; x_wconf 82' lang='lat' dir='ltr'>art.</span> 
     </span>
     <span class='ocr_line' id='line_1_2' title="bbox 64 624 115 645; baseline 0.02 -6"><span class='ocrx_word' id='word_1_5' title='bbox 64 624 80 645; x_wconf 77' lang='grc'>1,</span> <span class='ocrx_word' id='word_1_6' title='bbox 95 624 115 641; x_wconf 91' lang='lat'>2.</span> 
     </span>
    </p>
   </div>
   <div class='ocr_carea' id='block_1_2' title="bbox 63 861 233 884">
    <p class='ocr_par' dir='ltr' id='par_1_2' title="bbox 63 861 233 884">
     <span class='ocr_line' id='line_1_3' title="bbox 63 861 233 884; baseline 0.006 -1"><span class='ocrx_word' id='word_1_7' title='bbox 63 862 72 872; x_wconf 83' lang='lat'><em>“</em></span> <span class='ocrx_word' id='word_1_8' title='bbox 87 861 144 883; x_wconf 88' lang='lat' dir='ltr'>Ibid.</span> <span class='ocrx_word' id='word_1_9' title='bbox 160 864 202 884; x_wconf 87' lang='lat' dir='ltr'>art.</span> <span class='ocrx_word' id='word_1_10' title='bbox 212 867 233 884; x_wconf 88' lang='lat'>2.</span> 
     </span>
    </p>
   </div>
   <div class='ocr_carea' id='block_1_3' title="bbox 303 188 381 232">
    <p class='ocr_par' dir='ltr' id='par_1_3' title="bbox 303 188 381 232">
     <span class='ocr_line' id='line_1_4' title="bbox 303 188 381 232; baseline 0 -9"><span class='ocrx_word' id='word_1_11' title='bbox 303 188 381 232; x_wconf 82' lang='lat'>466</span> 
     </span>
    </p>
   </div>
   <div class='ocr_carea' id='block_1_4' title="bbox 298 266 1374 1861">
    <p class='ocr_par' dir='ltr' id='par_1_4' title="bbox 302 266 1374 795">
     <span class='ocr_line' id='line_1_5' title="bbox 306 266 1372 315; baseline -0.001 -12"><span class='ocrx_word' id='word_1_12' title='bbox 306 275 341 303; x_wconf 93' lang='lat' dir='ltr'>et</span> <span class='ocrx_word' id='word_1_13' title='bbox 369 279 468 314; x_wconf 90' lang='lat' dir='ltr'>aere,</span> <span class='ocrx_word' id='word_1_14' title='bbox 499 279 596 315; x_wconf 91' lang='lat' dir='ltr'>quae</span> <span class='ocrx_word' id='word_1_15' title='bbox 624 279 694 315; x_wconf 92' lang='lat' dir='ltr'>per</span> <span class='ocrx_word' id='word_1_16' title='bbox 723 266 809 303; x_wconf 89' lang='lat' dir='ltr'>artis</span> <span class='ocrx_word' id='word_1_17' title='bbox 839 266 1029 303; x_wconf 84' lang='lat' dir='ltr'>actionem</span> <span class='ocrx_word' id='word_1_18' title='bbox 1058 278 1137 302; x_wconf 89' lang='lat' dir='ltr'>non</span> <span class='ocrx_word' id='word_1_19' title='bbox 1158 273 1372 313; x_wconf 81' lang='lat' dir='ltr'>causantur,</span> 
     </span>
     <span class='ocr_line' id='line_1_6' title="bbox 304 319 1374 368; baseline -0.001 -12"><span class='ocrx_word' id='word_1_20' title='bbox 304 320 371 356; x_wconf 92' lang='lat' dir='ltr'>sed</span> <span class='ocrx_word' id='word_1_21' title='bbox 401 328 603 357; x_wconf 81' lang='lat' dir='ltr'>causantur</span> <span class='ocrx_word' id='word_1_22' title='bbox 619 332 690 368; x_wconf 92' lang='lat' dir='ltr'>per</span> <span class='ocrx_word' id='word_1_23' title='bbox 708 322 898 356; x_wconf 85' lang='lat' dir='ltr'>actionem</span> <span class='ocrx_word' id='word_1_24' title='bbox 927 326 1095 356; x_wconf 86' lang='lat' dir='ltr'>naturae.</span> <span class='ocrx_word' id='word_1_25' title='bbox 1127 319 1204 356; x_wconf 90' lang='lat' dir='ltr'>Sed</span> <span class='ocrx_word' id='word_1_26' title='bbox 1234 327 1270 355; x_wconf 91' lang='lat' dir='ltr'>et</span> <span class='ocrx_word' id='word_1_27' title='bbox 1293 319 1374 367; x_wconf 91' lang='lat' dir='ltr'>ipsa</span> 
     </span>
     <span class='ocr_line' id='line_1_7' title="bbox 304 372 1371 421; baseline -0.002 -11"><span class='ocrx_word' id='word_1_28' title='bbox 304 381 437 410; x_wconf 87' lang='lat' dir='ltr'>natura</span> <span class='ocrx_word' id='word_1_29' title='bbox 467 381 595 410; x_wconf 88' lang='lat' dir='ltr'>causat</span> <span class='ocrx_word' id='word_1_30' title='bbox 623 385 682 409; x_wconf 93' lang='lat' dir='ltr'>res</span> <span class='ocrx_word' id='word_1_31' title='bbox 711 374 899 410; x_wconf 82' lang='lat' dir='ltr'>naturales</span> <span class='ocrx_word' id='word_1_32' title='bbox 920 380 1105 421; x_wconf 91' lang='lat' dir='ltr'>quantum</span> <span class='ocrx_word' id='word_1_33' title='bbox 1125 372 1172 409; x_wconf 91' lang='lat' dir='ltr'>ad</span> <span class='ocrx_word' id='word_1_34' title='bbox 1194 372 1371 419; x_wconf 87' lang='lat' dir='ltr'>formam,</span> 
     </span>
     <span class='ocr_line' id='line_1_8' title="bbox 304 425 1372 475; baseline -0.002 -12"><span class='ocrx_word' id='word_1_35' title='bbox 304 427 371 463; x_wconf 90' lang='lat' dir='ltr'>sed</span> <span class='ocrx_word' id='word_1_36' title='bbox 405 426 679 475; x_wconf 87' lang='lat' dir='ltr'>praesupponit</span> <span class='ocrx_word' id='word_1_37' title='bbox 715 426 926 463; x_wconf 87' lang='lat' dir='ltr'>materiam.</span> <span class='ocrx_word' id='word_1_38' title='bbox 963 425 1001 462; x_wconf 94' lang='lat' dir='ltr'>Si</span> <span class='ocrx_word' id='word_1_39' title='bbox 1036 437 1124 473; x_wconf 87' lang='lat' dir='ltr'>ergo</span> <span class='ocrx_word' id='word_1_40' title='bbox 1159 426 1265 462; x_wconf 90' lang='lat' dir='ltr'>Deus</span> <span class='ocrx_word' id='word_1_41' title='bbox 1293 438 1372 462; x_wconf 90' lang='lat' dir='ltr'>non</span> 
     </span>
     <span class='ocr_line' id='line_1_9' title="bbox 304 478 1373 528; baseline -0.001 -12"><span class='ocrx_word' id='word_1_42' title='bbox 304 487 429 527; x_wconf 89' lang='lat' dir='ltr'>ageret</span> <span class='ocrx_word' id='word_1_43' title='bbox 462 480 533 516; x_wconf 90' lang='lat' dir='ltr'>nisi</span> <span class='ocrx_word' id='word_1_44' title='bbox 567 492 611 516; x_wconf 85' lang='lat' dir='ltr'>ex</span> <span class='ocrx_word' id='word_1_45' title='bbox 645 479 770 528; x_wconf 91' lang='lat' dir='ltr'>aliquo</span> <span class='ocrx_word' id='word_1_46' title='bbox 804 478 1115 528; x_wconf 84' lang='lat' dir='ltr'>praesuppositO,</span> <span class='ocrx_word' id='word_1_47' title='bbox 1151 486 1373 527; x_wconf 89' lang='lat' dir='ltr'>sequeretur</span> 
     </span>
     <span class='ocr_line' id='line_1_10' title="bbox 304 532 1371 582; baseline -0.002 -13"><span class='ocrx_word' id='word_1_48' title='bbox 304 533 408 581; x_wconf 91' lang='lat' dir='ltr'>quod</span> <span class='ocrx_word' id='word_1_49' title='bbox 435 533 528 570; x_wconf 92' lang='lat' dir='ltr'>illud</span> <span class='ocrx_word' id='word_1_50' title='bbox 560 532 895 582; x_wconf 91' lang='lat' dir='ltr'>praesuppositum</span> <span class='ocrx_word' id='word_1_51' title='bbox 929 544 1009 568; x_wconf 91' lang='lat' dir='ltr'>non</span> <span class='ocrx_word' id='word_1_52' title='bbox 1043 538 1142 568; x_wconf 89' lang='lat' dir='ltr'>esset</span> <span class='ocrx_word' id='word_1_53' title='bbox 1174 539 1371 568; x_wconf 89' lang='lat' dir='ltr'>causatum</span> 
     </span>
     <span class='ocr_line' id='line_1_11' title="bbox 304 584 1371 635; baseline -0.001 -12"><span class='ocrx_word' id='word_1_54' title='bbox 304 587 351 623; x_wconf 91' lang='lat' dir='ltr'>ab</span> <span class='ocrx_word' id='word_1_55' title='bbox 381 586 476 635; x_wconf 90' lang='lat' dir='ltr'>ipso.</span> <span class='ocrx_word' id='word_1_56' title='bbox 508 587 717 623; x_wconf 89' lang='lat' dir='ltr'>Ostensum</span> <span class='ocrx_word' id='word_1_57' title='bbox 738 593 793 622; x_wconf 91' lang='lat' dir='ltr'>est</span> <span class='ocrx_word' id='word_1_58' title='bbox 813 593 940 622; x_wconf 90' lang='lat' dir='ltr'>autem</span> <span class='ocrx_word' id='word_1_59' title='bbox 968 597 1084 633; x_wconf 89' lang='lat' dir='ltr'>supra</span> <span class='ocrx_word' id='word_1_60' title='bbox 1102 584 1122 606; x_wconf 75' lang='lat'>³¹⁰</span> <span class='ocrx_word' id='word_1_61' title='bbox 1149 586 1255 633; x_wconf 89' lang='lat' dir='ltr'>quod</span> <span class='ocrx_word' id='word_1_62' title='bbox 1281 585 1371 622; x_wconf 86' lang='lat' dir='ltr'>nihil</span> 
     </span>
     <span class='ocr_line' id='line_1_12' title="bbox 302 638 1371 688; baseline -0.002 -12"><span class='ocrx_word' id='word_1_63' title='bbox 302 647 428 688; x_wconf 90' lang='lat' dir='ltr'>potest</span> <span class='ocrx_word' id='word_1_64' title='bbox 456 652 537 676; x_wconf 91' lang='lat' dir='ltr'>esse</span> <span class='ocrx_word' id='word_1_65' title='bbox 567 639 606 676; x_wconf 90' lang='lat' dir='ltr'>in</span> <span class='ocrx_word' id='word_1_66' title='bbox 636 639 784 676; x_wconf 88' lang='lat' dir='ltr'>entibus</span> <span class='ocrx_word' id='word_1_67' title='bbox 814 639 918 687; x_wconf 91' lang='lat' dir='ltr'>quod</span> <span class='ocrx_word' id='word_1_68' title='bbox 947 651 1025 674; x_wconf 89' lang='grc'><strong>11011</strong></span> <span class='ocrx_word' id='word_1_69' title='bbox 1055 638 1100 674; x_wconf 88' lang='grc'>511</span> <span class='ocrx_word' id='word_1_70' title='bbox 1128 650 1150 674; x_wconf 88' lang='grc'>3</span> <span class='ocrx_word' id='word_1_71' title='bbox 1178 639 1277 685; x_wconf 92' lang='lat' dir='ltr'>Deo,</span> <span class='ocrx_word' id='word_1_72' title='bbox 1306 638 1371 687; x_wconf 92' lang='lat' dir='ltr'>qui</span> 
     </span>
     <span class='ocr_line' id='line_1_13' title="bbox 304 690 1372 730; baseline -0.002 -1"><span class='ocrx_word' id='word_1_73' title='bbox 304 700 359 729; x_wconf 92' lang='lat' dir='ltr'>est</span> <span class='ocrx_word' id='word_1_74' title='bbox 379 705 492 730; x_wconf 90' lang='lat' dir='ltr'>causa</span> <span class='ocrx_word' id='word_1_75' title='bbox 512 692 737 729; x_wconf 89' lang='lat' dir='ltr'>universalis</span> <span class='ocrx_word' id='word_1_76' title='bbox 758 692 870 728; x_wconf 91' lang='lat' dir='ltr'>totius</span> <span class='ocrx_word' id='word_1_77' title='bbox 891 703 985 728; x_wconf 91' lang='lat' dir='ltr'>esse.</span> <span class='ocrx_word' id='word_1_78' title='bbox 1009 690 1120 728; x_wconf 89' lang='lat' dir='ltr'>Unde</span> <span class='ocrx_word' id='word_1_79' title='bbox 1140 703 1296 728; x_wconf 91' lang='lat' dir='ltr'>necesse</span> <span class='ocrx_word' id='word_1_80' title='bbox 1318 699 1372 728; x_wconf 93' lang='lat' dir='ltr'>est</span> 
     </span>
     <span class='ocr_line' id='line_1_14' title="bbox 303 744 1370 795; baseline -0.002 -13"><span class='ocrx_word' id='word_1_81' title='bbox 303 746 426 783; x_wconf 87' lang='lat' dir='ltr'>dicere</span> <span class='ocrx_word' id='word_1_82' title='bbox 457 745 562 795; x_wconf 92' lang='lat' dir='ltr'>quod</span> <span class='ocrx_word' id='word_1_83' title='bbox 590 747 696 782; x_wconf 89' lang='lat' dir='ltr'>Deus</span> <span class='ocrx_word' id='word_1_84' title='bbox 731 757 775 782; x_wconf 84' lang='lat' dir='ltr'>ex</span> <span class='ocrx_word' id='word_1_85' title='bbox 794 745 912 782; x_wconf 88' lang='lat' dir='ltr'>nihilo</span> <span class='ocrx_word' id='word_1_86' title='bbox 933 757 992 781; x_wconf 90' lang='lat' dir='ltr'>res</span> <span class='ocrx_word' id='word_1_87' title='bbox 1011 744 1050 781; x_wconf 92' lang='lat' dir='ltr'>in</span> <span class='ocrx_word' id='word_1_88' title='bbox 1071 756 1153 780; x_wconf 92' lang='lat' dir='ltr'>esse</span> <span class='ocrx_word' id='word_1_89' title='bbox 1181 744 1370 792; x_wconf 88' lang='lat' dir='ltr'>producit.</span> 
     </span>
    </p>

    <p class='ocr_par' dir='ltr' id='par_1_5' title="bbox 299 797 1372 1220">
     <span class='ocr_line' id='line_1_15' title="bbox 355 797 1371 847; baseline -0.002 -11"><span class='ocrx_word' id='word_1_90' title='bbox 355 800 413 836; x_wconf 84' lang='lat' dir='ltr'>AD</span> <span class='ocrx_word' id='word_1_91' title='bbox 442 811 578 836; x_wconf 80' lang='lat' dir='ltr'>PRIMUM</span> <span class='ocrx_word' id='word_1_92' title='bbox 607 810 705 835; x_wconf 82' lang='lat' dir='ltr'>ERGO</span> <span class='ocrx_word' id='word_1_93' title='bbox 734 810 919 835; x_wconf 81' lang='lat' dir='ltr'>DICENDUM</span> <span class='ocrx_word' id='word_1_94' title='bbox 949 797 1053 847; x_wconf 90' lang='lat' dir='ltr'>quod</span> <span class='ocrx_word' id='word_1_95' title='bbox 1086 797 1231 847; x_wconf 90' lang='lat' dir='ltr'>antiqui</span> <span class='ocrx_word' id='word_1_96' title='bbox 1249 797 1371 846; x_wconf 94' lang='lat' dir='ltr'>philo-</span> 
     </span>
     <span class='ocr_line' id='line_1_16' title="bbox 302 851 1372 901; baseline -0.002 -12"><span class='ocrx_word' id='word_1_97' title='bbox 302 852 432 901; x_wconf 82' lang='lat' dir='ltr'>sophi,</span> <span class='ocrx_word' id='word_1_98' title='bbox 463 852 559 889; x_wconf 91' lang='lat' dir='ltr'>sicut</span> <span class='ocrx_word' id='word_1_99' title='bbox 586 865 701 900; x_wconf 89' lang='lat' dir='ltr'>supra</span> <span class='ocrx_word' id='word_1_100' title='bbox 724 851 744 873; x_wconf 69' lang='lat'>&#39;¹‘</span> <span class='ocrx_word' id='word_1_101' title='bbox 773 852 914 888; x_wconf 91' lang='lat' dir='ltr'>dictum</span> <span class='ocrx_word' id='word_1_102' title='bbox 946 858 1017 898; x_wconf 90' lang='lat' dir='ltr'>est,</span> <span class='ocrx_word' id='word_1_103' title='bbox 1048 863 1127 887; x_wconf 92' lang='lat' dir='ltr'>non</span> <span class='ocrx_word' id='word_1_104' title='bbox 1156 851 1372 888; x_wconf 90' lang='lat' dir='ltr'>considera-</span> 
     </span>
     <span class='ocr_line' id='line_1_17' title="bbox 300 904 1371 953; baseline -0.003 -10"><span class='ocrx_word' id='word_1_105' title='bbox 300 913 439 943; x_wconf 90' lang='lat' dir='ltr'>verunt</span> <span class='ocrx_word' id='word_1_106' title='bbox 466 906 536 943; x_wconf 92' lang='lat' dir='ltr'>nisi</span> <span class='ocrx_word' id='word_1_107' title='bbox 557 905 840 942; x_wconf 88' lang='lat' dir='ltr'>emanationem</span> <span class='ocrx_word' id='word_1_108' title='bbox 861 904 1067 941; x_wconf 88' lang='lat' dir='ltr'>effectuum</span> <span class='ocrx_word' id='word_1_109' title='bbox 1086 904 1371 953; x_wconf 90' lang='lat' dir='ltr'>particularium</span> 
     </span>
     <span class='ocr_line' id='line_1_18' title="bbox 301 958 1372 1007; baseline -0.002 -11"><span class='ocrx_word' id='word_1_110' title='bbox 301 971 323 996; x_wconf 89' lang='lat' dir='ltr'>a</span> <span class='ocrx_word' id='word_1_111' title='bbox 354 959 476 996; x_wconf 89' lang='lat' dir='ltr'>causis</span> <span class='ocrx_word' id='word_1_112' title='bbox 503 958 802 1007; x_wconf 77' lang='lat' dir='ltr'>particularibus,</span> <span class='ocrx_word' id='word_1_113' title='bbox 825 970 918 1006; x_wconf 92' lang='lat' dir='ltr'>quas</span> <span class='ocrx_word' id='word_1_114' title='bbox 939 970 1094 994; x_wconf 89' lang='lat' dir='ltr'>necesse</span> <span class='ocrx_word' id='word_1_115' title='bbox 1116 965 1172 994; x_wconf 89' lang='lat' dir='ltr'>est</span> <span class='ocrx_word' id='word_1_116' title='bbox 1190 970 1372 1007; x_wconf 91' lang='lat' dir='ltr'>praesup-</span> 
     </span>
     <span class='ocr_line' id='line_1_19' title="bbox 299 1011 1371 1061; baseline -0.001 -12"><span class='ocrx_word' id='word_1_117' title='bbox 299 1025 445 1061; x_wconf 92' lang='lat' dir='ltr'>ponere</span> <span class='ocrx_word' id='word_1_118' title='bbox 473 1011 616 1060; x_wconf 89' lang='lat' dir='ltr'>aliquid</span> <span class='ocrx_word' id='word_1_119' title='bbox 643 1011 682 1048; x_wconf 91' lang='lat' dir='ltr'>in</span> <span class='ocrx_word' id='word_1_120' title='bbox 710 1023 779 1048; x_wconf 90' lang='lat' dir='ltr'>sua</span> <span class='ocrx_word' id='word_1_121' title='bbox 807 1011 972 1048; x_wconf 87' lang='lat' dir='ltr'>actione:</span> <span class='ocrx_word' id='word_1_122' title='bbox 1003 1018 1040 1047; x_wconf 91' lang='lat' dir='ltr'>et</span> <span class='ocrx_word' id='word_1_123' title='bbox 1063 1011 1276 1048; x_wconf 91' lang='lat' dir='ltr'>secundum</span> <span class='ocrx_word' id='word_1_124' title='bbox 1295 1012 1371 1048; x_wconf 91' lang='lat' dir='ltr'>hoc</span> 
     </span>
     <span class='ocr_line' id='line_1_20' title="bbox 301 1064 1368 1113; baseline -0.001 -11"><span class='ocrx_word' id='word_1_125' title='bbox 301 1073 379 1102; x_wconf 90' lang='lat' dir='ltr'>erat</span> <span class='ocrx_word' id='word_1_126' title='bbox 405 1078 538 1102; x_wconf 91' lang='lat' dir='ltr'>eorum</span> <span class='ocrx_word' id='word_1_127' title='bbox 560 1064 776 1101; x_wconf 87' lang='lat' dir='ltr'>communis</span> <span class='ocrx_word' id='word_1_128' title='bbox 797 1064 938 1113; x_wconf 88' lang='lat' dir='ltr'>opini0‚</span> <span class='ocrx_word' id='word_1_129' title='bbox 962 1076 1006 1100; x_wconf 86' lang='lat' dir='ltr'>ex</span> <span class='ocrx_word' id='word_1_130' title='bbox 1025 1064 1142 1101; x_wconf 88' lang='lat' dir='ltr'>nihilo</span> <span class='ocrx_word' id='word_1_131' title='bbox 1163 1064 1254 1101; x_wconf 90' lang='lat' dir='ltr'>nihil</span> <span class='ocrx_word' id='word_1_132' title='bbox 1274 1065 1368 1102; x_wconf 91' lang='lat' dir='ltr'>fieri.</span> 
     </span>
     <span class='ocr_line' id='line_1_21' title="bbox 301 1117 1370 1166; baseline -0.001 -11"><span class='ocrx_word' id='word_1_133' title='bbox 301 1119 378 1156; x_wconf 88' lang='lat' dir='ltr'>Sed</span> <span class='ocrx_word' id='word_1_134' title='bbox 406 1127 534 1155; x_wconf 91' lang='lat' dir='ltr'>tamen</span> <span class='ocrx_word' id='word_1_135' title='bbox 563 1119 638 1155; x_wconf 88' lang='lat' dir='ltr'>hoc</span> <span class='ocrx_word' id='word_1_136' title='bbox 661 1118 790 1154; x_wconf 92' lang='lat' dir='ltr'>locum</span> <span class='ocrx_word' id='word_1_137' title='bbox 819 1130 898 1155; x_wconf 92' lang='lat' dir='ltr'>non</span> <span class='ocrx_word' id='word_1_138' title='bbox 926 1118 1042 1154; x_wconf 93' lang='lat' dir='ltr'>habet</span> <span class='ocrx_word' id='word_1_139' title='bbox 1065 1117 1103 1154; x_wconf 92' lang='lat' dir='ltr'>in</span> <span class='ocrx_word' id='word_1_140' title='bbox 1122 1118 1247 1166; x_wconf 90' lang='lat' dir='ltr'>prima</span> <span class='ocrx_word' id='word_1_141' title='bbox 1267 1130 1370 1155; x_wconf 90' lang='lat' dir='ltr'>ema-</span> 
     </span>
     <span class='ocr_line' id='line_1_22' title="bbox 300 1171 1144 1220; baseline -0.002 -11"><span class='ocrx_word' id='word_1_142' title='bbox 300 1172 452 1209; x_wconf 87' lang='lat' dir='ltr'>natione</span> <span class='ocrx_word' id='word_1_143' title='bbox 482 1172 529 1208; x_wconf 93' lang='lat' dir='ltr'>ab</span> <span class='ocrx_word' id='word_1_144' title='bbox 557 1171 762 1208; x_wconf 83' lang='lat' dir='ltr'>universali</span> <span class='ocrx_word' id='word_1_145' title='bbox 791 1183 918 1208; x_wconf 90' lang='lat' dir='ltr'>rerum</span> <span class='ocrx_word' id='word_1_146' title='bbox 946 1171 1144 1220; x_wconf 91' lang='lat' dir='ltr'>principio.</span> 
     </span>
    </p>

    <p class='ocr_par' dir='ltr' id='par_1_6' title="bbox 298 1224 1371 1861">
     <span class='ocr_line' id='line_1_23' title="bbox 351 1224 1371 1273; baseline -0.001 -11"><span class='ocrx_word' id='word_1_147' title='bbox 351 1227 410 1262; x_wconf 89' lang='grc' dir='ltr'>Α1)</span> <span class='ocrx_word' id='word_1_148' title='bbox 440 1237 629 1262; x_wconf 78' lang='lat' dir='ltr'>SECUNDUM</span> <span class='ocrx_word' id='word_1_149' title='bbox 666 1236 850 1262; x_wconf 85' lang='lat' dir='ltr'>D1CENDUM</span> <span class='ocrx_word' id='word_1_150' title='bbox 888 1224 994 1273; x_wconf 86' lang='lat' dir='ltr'>quod</span> <span class='ocrx_word' id='word_1_151' title='bbox 1029 1224 1168 1262; x_wconf 87' lang='lat' dir='ltr'>creatio</span> <span class='ocrx_word' id='word_1_152' title='bbox 1207 1237 1286 1262; x_wconf 91' lang='lat' dir='ltr'>non</span> <span class='ocrx_word' id='word_1_153' title='bbox 1315 1232 1371 1261; x_wconf 90' lang='lat' dir='ltr'>est</span> 
     </span>
     <span class='ocr_line' id='line_1_24' title="bbox 299 1277 1370 1326; baseline 0 -11"><span class='ocrx_word' id='word_1_154' title='bbox 299 1278 458 1315; x_wconf 90' lang='lat' dir='ltr'>mutatio</span> <span class='ocrx_word' id='word_1_155' title='bbox 487 1278 558 1315; x_wconf 89' lang='lat' dir='ltr'>nisi</span> <span class='ocrx_word' id='word_1_156' title='bbox 586 1278 798 1315; x_wconf 88' lang='lat' dir='ltr'>secundum</span> <span class='ocrx_word' id='word_1_157' title='bbox 831 1277 995 1315; x_wconf 90' lang='lat' dir='ltr'>modurn</span> <span class='ocrx_word' id='word_1_158' title='bbox 1027 1277 1258 1326; x_wconf 88' lang='lat' dir='ltr'>intelligendi</span> <span class='ocrx_word' id='word_1_159' title='bbox 1290 1285 1370 1315; x_wconf 89' lang='lat' dir='ltr'>tan-</span> 
     </span>
     <span class='ocr_line' id='line_1_25' title="bbox 298 1331 1369 1381; baseline 0 -13"><span class='ocrx_word' id='word_1_160' title='bbox 298 1339 391 1369; x_wconf 90' lang='lat' dir='ltr'>turn.</span> <span class='ocrx_word' id='word_1_161' title='bbox 414 1333 518 1368; x_wconf 91' lang='lat' dir='ltr'>Nam</span> <span class='ocrx_word' id='word_1_162' title='bbox 539 1332 586 1368; x_wconf 91' lang='lat' dir='ltr'>de</span> <span class='ocrx_word' id='word_1_163' title='bbox 606 1331 751 1368; x_wconf 92' lang='lat' dir='ltr'>ratione</span> <span class='ocrx_word' id='word_1_164' title='bbox 772 1331 991 1368; x_wconf 91' lang='lat' dir='ltr'>mutationis</span> <span class='ocrx_word' id='word_1_165' title='bbox 1012 1339 1078 1378; x_wconf 84' lang='lat' dir='ltr'>est,</span> <span class='ocrx_word' id='word_1_166' title='bbox 1105 1331 1209 1381; x_wconf 91' lang='lat' dir='ltr'>quod</span> <span class='ocrx_word' id='word_1_167' title='bbox 1229 1331 1369 1380; x_wconf 92' lang='lat' dir='ltr'>aliquid</span> 
     </span>
     <span class='ocr_line' id='line_1_26' title="bbox 298 1384 1368 1433; baseline 0 -11"><span class='ocrx_word' id='word_1_168' title='bbox 298 1385 401 1423; x_wconf 90' lang='lat' dir='ltr'>idem</span> <span class='ocrx_word' id='word_1_169' title='bbox 431 1397 471 1422; x_wconf 92' lang='lat' dir='ltr'>se</span> <span class='ocrx_word' id='word_1_170' title='bbox 499 1385 638 1422; x_wconf 91' lang='lat' dir='ltr'>habeat</span> <span class='ocrx_word' id='word_1_171' title='bbox 667 1385 772 1422; x_wconf 90' lang='lat' dir='ltr'>aliter</span> <span class='ocrx_word' id='word_1_172' title='bbox 792 1397 894 1422; x_wconf 92' lang='lat' dir='ltr'>nunc</span> <span class='ocrx_word' id='word_1_173' title='bbox 923 1392 959 1422; x_wconf 92' lang='lat' dir='ltr'>et</span> <span class='ocrx_word' id='word_1_174' title='bbox 977 1384 1098 1433; x_wconf 86' lang='lat' dir='ltr'>prius:</span> <span class='ocrx_word' id='word_1_175' title='bbox 1127 1397 1218 1422; x_wconf 90' lang='lat' dir='ltr'>narn</span> <span class='ocrx_word' id='word_1_176' title='bbox 1249 1397 1368 1433; x_wconf 92' lang='lat' dir='ltr'>quan-</span> 
     </span>
     <span class='ocr_line' id='line_1_27' title="bbox 300 1438 1369 1487; baseline 0 -12"><span class='ocrx_word' id='word_1_177' title='bbox 300 1439 427 1487; x_wconf 89' lang='lat' dir='ltr'>doque</span> <span class='ocrx_word' id='word_1_178' title='bbox 447 1445 454 1459; x_wconf 80' lang='lat'>‘</span> <span class='ocrx_word' id='word_1_179' title='bbox 484 1446 539 1475; x_wconf 89' lang='lat' dir='ltr'>est</span> <span class='ocrx_word' id='word_1_180' title='bbox 566 1438 670 1475; x_wconf 90' lang='lat' dir='ltr'>idem</span> <span class='ocrx_word' id='word_1_181' title='bbox 701 1451 768 1475; x_wconf 89' lang='lat' dir='ltr'>ens</span> <span class='ocrx_word' id='word_1_182' title='bbox 797 1446 894 1485; x_wconf 86' lang='lat' dir='ltr'>actu,</span> <span class='ocrx_word' id='word_1_183' title='bbox 916 1438 1022 1475; x_wconf 90' lang='lat' dir='ltr'>aliter</span> <span class='ocrx_word' id='word_1_184' title='bbox 1041 1451 1082 1475; x_wconf 91' lang='lat' dir='ltr'>se</span> <span class='ocrx_word' id='word_1_185' title='bbox 1101 1438 1247 1475; x_wconf 86' lang='lat' dir='ltr'>habens</span> <span class='ocrx_word' id='word_1_186' title='bbox 1267 1451 1369 1475; x_wconf 89' lang='lat' dir='ltr'>nunc</span> 
     </span>
     <span class='ocr_line' id='line_1_28' title="bbox 299 1491 1367 1541; baseline 0 -13"><span class='ocrx_word' id='word_1_187' title='bbox 299 1500 336 1528; x_wconf 93' lang='lat' dir='ltr'>et</span> <span class='ocrx_word' id='word_1_188' title='bbox 362 1492 476 1541; x_wconf 89' lang='lat' dir='ltr'>prius,</span> <span class='ocrx_word' id='word_1_189' title='bbox 507 1492 602 1528; x_wconf 91' lang='lat' dir='ltr'>sicut</span> <span class='ocrx_word' id='word_1_190' title='bbox 630 1492 668 1528; x_wconf 94' lang='lat' dir='ltr'>in</span> <span class='ocrx_word' id='word_1_191' title='bbox 696 1491 864 1529; x_wconf 92' lang='lat' dir='ltr'>motibus</span> <span class='ocrx_word' id='word_1_192' title='bbox 888 1492 1100 1529; x_wconf 90' lang='lat' dir='ltr'>secundum</span> <span class='ocrx_word' id='word_1_193' title='bbox 1119 1492 1367 1540; x_wconf 87' lang='lat' dir='ltr'>quantitatem</span> 
     </span>
     <span class='ocr_line' id='line_1_29' title="bbox 299 1545 1367 1595; baseline 0 -13"><span class='ocrx_word' id='word_1_194' title='bbox 299 1553 336 1582; x_wconf 93' lang='lat' dir='ltr'>et</span> <span class='ocrx_word' id='word_1_195' title='bbox 364 1545 582 1594; x_wconf 86' lang='lat' dir='ltr'>qualitatem</span> <span class='ocrx_word' id='word_1_196' title='bbox 608 1553 644 1582; x_wconf 91' lang='lat' dir='ltr'>et</span> <span class='ocrx_word' id='word_1_197' title='bbox 670 1545 737 1582; x_wconf 92' lang='lat' dir='ltr'>ubi</span> <span class='ocrx_word' id='word_1_198' title='bbox 757 1552 785 1590; x_wconf 82' lang='lat'>’‘;</span> <span class='ocrx_word' id='word_1_199' title='bbox 817 1545 1047 1595; x_wconf 88' lang='lat' dir='ltr'>quandoque</span> <span class='ocrx_word' id='word_1_200' title='bbox 1066 1557 1161 1582; x_wconf 90' lang='lat' dir='ltr'>vero</span> <span class='ocrx_word' id='word_1_201' title='bbox 1192 1553 1246 1582; x_wconf 92' lang='lat' dir='ltr'>est</span> <span class='ocrx_word' id='word_1_202' title='bbox 1265 1545 1367 1583; x_wconf 91' lang='lat' dir='ltr'>idem</span> 
     </span>
     <span class='ocr_line' id='line_1_30' title="bbox 300 1598 1368 1648; baseline 0.001 -13"><span class='ocrx_word' id='word_1_203' title='bbox 300 1611 367 1635; x_wconf 93' lang='lat' dir='ltr'>ens</span> <span class='ocrx_word' id='word_1_204' title='bbox 387 1598 425 1635; x_wconf 93' lang='lat' dir='ltr'>in</span> <span class='ocrx_word' id='word_1_205' title='bbox 443 1598 612 1648; x_wconf 88' lang='lat' dir='ltr'>potentia</span> <span class='ocrx_word' id='word_1_206' title='bbox 630 1606 791 1645; x_wconf 90' lang='lat' dir='ltr'>tanturn,</span> <span class='ocrx_word' id='word_1_207' title='bbox 813 1598 909 1636; x_wconf 89' lang='lat' dir='ltr'>sicut</span> <span class='ocrx_word' id='word_1_208' title='bbox 937 1598 975 1635; x_wconf 92' lang='lat' dir='ltr'>in</span> <span class='ocrx_word' id='word_1_209' title='bbox 1004 1598 1213 1635; x_wconf 91' lang='lat' dir='ltr'>mutatione</span> <span class='ocrx_word' id='word_1_210' title='bbox 1235 1611 1368 1636; x_wconf 91' lang='lat' dir='ltr'>secun-</span> 
     </span>
     <span class='ocr_line' id='line_1_31' title="bbox 300 1652 1366 1699; baseline 0 -10"><span class='ocrx_word' id='word_1_211' title='bbox 300 1652 393 1689; x_wconf 90' lang='lat' dir='ltr'>dum</span> <span class='ocrx_word' id='word_1_212' title='bbox 429 1652 696 1699; x_wconf 89' lang='lat' dir='ltr'>substantiam,</span> <span class='ocrx_word' id='word_1_213' title='bbox 728 1652 834 1689; x_wconf 90' lang='lat' dir='ltr'>cuius</span> <span class='ocrx_word' id='word_1_214' title='bbox 867 1652 1082 1689; x_wconf 88' lang='lat' dir='ltr'>subiectum</span> <span class='ocrx_word' id='word_1_215' title='bbox 1113 1659 1168 1689; x_wconf 86' lang='lat' dir='ltr'>est</span> <span class='ocrx_word' id='word_1_216' title='bbox 1196 1652 1366 1689; x_wconf 89' lang='lat' dir='ltr'>materia.</span> 
     </span>
     <span class='ocr_line' id='line_1_32' title="bbox 300 1705 1368 1755; baseline 0 -13"><span class='ocrx_word' id='word_1_217' title='bbox 300 1705 376 1743; x_wconf 89' lang='lat' dir='ltr'>Sed</span> <span class='ocrx_word' id='word_1_218' title='bbox 396 1706 434 1742; x_wconf 92' lang='lat' dir='ltr'>in</span> <span class='ocrx_word' id='word_1_219' title='bbox 455 1705 655 1751; x_wconf 84' lang='lat' dir='ltr'>creatione,</span> <span class='ocrx_word' id='word_1_220' title='bbox 681 1718 750 1754; x_wconf 90' lang='lat' dir='ltr'>per</span> <span class='ocrx_word' id='word_1_221' title='bbox 778 1718 895 1755; x_wconf 90' lang='lat' dir='ltr'>quam</span> <span class='ocrx_word' id='word_1_222' title='bbox 924 1705 1146 1754; x_wconf 89' lang='lat' dir='ltr'>producitur</span> <span class='ocrx_word' id='word_1_223' title='bbox 1173 1713 1252 1742; x_wconf 88' lang='lat' dir='ltr'>tota</span> <span class='ocrx_word' id='word_1_224' title='bbox 1280 1706 1368 1742; x_wconf 91' lang='lat' dir='ltr'>sub—</span> 
     </span>
     <span class='ocr_line' id='line_1_33' title="bbox 299 1757 1367 1808; baseline 0.001 -13"><span class='ocrx_word' id='word_1_225' title='bbox 299 1759 433 1796; x_wconf 90' lang='lat' dir='ltr'>stantia</span> <span class='ocrx_word' id='word_1_226' title='bbox 467 1771 594 1795; x_wconf 90' lang='lat' dir='ltr'>rerum</span> <span class='ocrx_word' id='word_1_227' title='bbox 623 1757 650 1803; x_wconf 59' lang='lat'>²,</span> <span class='ocrx_word' id='word_1_228' title='bbox 680 1772 758 1796; x_wconf 92' lang='lat' dir='ltr'>non</span> <span class='ocrx_word' id='word_1_229' title='bbox 786 1766 911 1808; x_wconf 90' lang='lat' dir='ltr'>potest</span> <span class='ocrx_word' id='word_1_230' title='bbox 940 1758 1058 1807; x_wconf 87' lang='lat' dir='ltr'>accipi</span> <span class='ocrx_word' id='word_1_231' title='bbox 1092 1758 1235 1806; x_wconf 91' lang='lat' dir='ltr'>aliquid</span> <span class='ocrx_word' id='word_1_232' title='bbox 1263 1759 1367 1796; x_wconf 91' lang='lat' dir='ltr'>idem</span> 
     </span>
     <span class='ocr_line' id='line_1_34' title="bbox 299 1812 1368 1861; baseline 0 -12"><span class='ocrx_word' id='word_1_233' title='bbox 299 1812 402 1849; x_wconf 91' lang='lat' dir='ltr'>aliter</span> <span class='ocrx_word' id='word_1_234' title='bbox 431 1825 470 1849; x_wconf 88' lang='grc'>56</span> <span class='ocrx_word' id='word_1_235' title='bbox 499 1813 644 1849; x_wconf 89' lang='lat' dir='ltr'>habens</span> <span class='ocrx_word' id='word_1_236' title='bbox 674 1825 776 1849; x_wconf 91' lang='lat' dir='ltr'>nunc</span> <span class='ocrx_word' id='word_1_237' title='bbox 797 1820 833 1849; x_wconf 90' lang='lat' dir='ltr'>et</span> <span class='ocrx_word' id='word_1_238' title='bbox 851 1812 968 1861; x_wconf 90' lang='lat' dir='ltr'>prius,</span> <span class='ocrx_word' id='word_1_239' title='bbox 990 1812 1060 1849; x_wconf 90' lang='lat' dir='ltr'>nisi</span> <span class='ocrx_word' id='word_1_240' title='bbox 1081 1812 1294 1849; x_wconf 87' lang='lat' dir='ltr'>secundum</span> <span class='ocrx_word' id='word_1_241' title='bbox 1314 1812 1368 1850; x_wconf 90' lang='grc'><strong>111-</strong></span> 
     </span>
    </p>
   </div>
   <div class='ocr_carea' id='block_1_5' title="bbox 351 1927 1068 2068">
    <p class='ocr_par' dir='ltr' id='par_1_7' title="bbox 352 1927 961 1960">
     <span class='ocr_line' id='line_1_35' title="bbox 352 1927 961 1960; baseline -0.002 -8"><span class='ocrx_word' id='word_1_242' title='bbox 352 1927 369 1959; x_wconf 89' lang='grc' dir='ltr'>ι)</span> <span class='ocrx_word' id='word_1_243' title='bbox 390 1927 555 1960; x_wconf 81' lang='lat' dir='ltr'>quandoque.</span> <span class='ocrx_word' id='word_1_244' title='bbox 572 1941 592 1947; x_wconf 88' lang='lat'>-</span> <span class='ocrx_word' id='word_1_245' title='bbox 610 1927 715 1959; x_wconf 86' lang='lat' dir='ltr'>quidem</span> <span class='ocrx_word' id='word_1_246' title='bbox 735 1927 833 1952; x_wconf 88' lang='lat' dir='ltr'>addunt</span> <span class='ocrx_word' id='word_1_247' title='bbox 851 1927 961 1951; x_wconf 85' lang='lat' dir='ltr'>codices.</span> 
     </span>
    </p>

    <p class='ocr_par' dir='ltr' id='par_1_8' title="bbox 352 1962 716 1995">
     <span class='ocr_line' id='line_1_36' title="bbox 352 1962 716 1995; baseline -0.005 -7"><span class='ocrx_word' id='word_1_248' title='bbox 352 1963 376 1995; x_wconf 82' lang='grc' dir='ltr'>κ)</span> <span class='ocrx_word' id='word_1_249' title='bbox 396 1966 422 1988; x_wconf 84' lang='lat' dir='ltr'>et</span> <span class='ocrx_word' id='word_1_250' title='bbox 442 1963 494 1988; x_wconf 80' lang='lat' dir='ltr'>ubi.</span> <span class='ocrx_word' id='word_1_251' title='bbox 512 1977 530 1981; x_wconf 98' lang='lat'><em>-</em></span> <span class='ocrx_word' id='word_1_252' title='bbox 549 1963 610 1988; x_wconf 89' lang='lat' dir='ltr'>Om.</span> <span class='ocrx_word' id='word_1_253' title='bbox 630 1962 716 1987; x_wconf 84' lang='lat' dir='ltr'>PDab.</span> 
     </span>
    </p>

    <p class='ocr_par' dir='ltr' id='par_1_9' title="bbox 351 1998 725 2031">
     <span class='ocr_line' id='line_1_37' title="bbox 351 1998 725 2031; baseline -0.003 -8"><span class='ocrx_word' id='word_1_254' title='bbox 351 1998 378 2031; x_wconf 83' lang='grc' dir='ltr'>λ)</span> <span class='ocrx_word' id='word_1_255' title='bbox 399 2006 499 2023; x_wconf 88' lang='lat' dir='ltr'>rerum.</span> <span class='ocrx_word' id='word_1_256' title='bbox 517 2013 536 2017; x_wconf 93' lang='lat'><em>-</em></span> <span class='ocrx_word' id='word_1_257' title='bbox 555 1998 594 2023; x_wconf 88' lang='lat' dir='ltr'>rei</span> <span class='ocrx_word' id='word_1_258' title='bbox 613 1998 725 2023; x_wconf 82' lang='lat' dir='ltr'>codices.</span> 
     </span>
    </p>

    <p class='ocr_par' dir='ltr' id='par_1_10' title="bbox 352 2033 1068 2068">
     <span class='ocr_line' id='line_1_38' title="bbox 352 2033 1068 2068; baseline -0.001 -9"><span class='ocrx_word' id='word_1_259' title='bbox 352 2035 380 2068; x_wconf 79' lang='grc' dir='ltr'>μ)</span> <span class='ocrx_word' id='word_1_260' title='bbox 399 2034 556 2059; x_wconf 78' lang='lat' dir='ltr'>substantia.</span> <span class='ocrx_word' id='word_1_261' title='bbox 576 2048 594 2052; x_wconf 86' lang='lat'>—</span> <span class='ocrx_word' id='word_1_262' title='bbox 613 2041 666 2058; x_wconf 84' lang='lat' dir='ltr'>una</span> <span class='ocrx_word' id='word_1_263' title='bbox 685 2033 834 2058; x_wconf 77' lang='lat' dir='ltr'>substantia</span> <span class='ocrx_word' id='word_1_264' title='bbox 854 2033 955 2058; x_wconf 86' lang='lat' dir='ltr'>codices</span> <span class='ocrx_word' id='word_1_265' title='bbox 975 2038 1000 2058; x_wconf 91' lang='lat' dir='ltr'>et</span> <span class='ocrx_word' id='word_1_266' title='bbox 1017 2040 1034 2057; x_wconf 88' lang='lat' dir='ltr'>a</span> <span class='ocrx_word' id='word_1_267' title='bbox 1046 2033 1068 2058; x_wconf 80' lang='lat' dir='ltr'>b.</span> 
     </span>
    </p>
   </div>
   <div class='ocr_carea' id='block_1_6' title="bbox 990 186 1820 234">
    <p class='ocr_par' dir='ltr' id='par_1_11' title="bbox 990 186 1820 234">
     <span class='ocr_line' id='line_1_39' title="bbox 990 186 1820 234; baseline 0.002 -11"><span class='ocrx_word' id='word_1_268' title='bbox 990 186 1257 232; x_wconf 85' lang='lat' dir='ltr'>QUAESTIO</span> <span class='ocrx_word' id='word_1_269' title='bbox 1287 187 1410 234; x_wconf 88' lang='lat' dir='ltr'>XLV,</span> <span class='ocrx_word' id='word_1_270' title='bbox 1441 186 1739 226; x_wconf 89' lang='lat' dir='ltr'>ARTICULUS</span> <span class='ocrx_word' id='word_1_271' title='bbox 1771 190 1820 225; x_wconf 91' lang='lat' dir='ltr'>III</span> 
     </span>
    </p>
   </div>
   <div class='ocr_carea' id='block_1_7' title="bbox 1421 266 2502 1851">
    <p class='ocr_par' dir='ltr' id='par_1_12' title="bbox 1426 266 2502 1060">
     <span class='ocr_line' id='line_1_40' title="bbox 1430 266 2502 318; baseline 0.003 -15"><span class='ocrx_word' id='word_1_272' title='bbox 1430 267 1621 303; x_wconf 90' lang='lat' dir='ltr'>tellectum</span> <span class='ocrx_word' id='word_1_273' title='bbox 1649 274 1818 313; x_wconf 88' lang='lat' dir='ltr'>tantum;</span> <span class='ocrx_word' id='word_1_274' title='bbox 1849 266 1944 303; x_wconf 91' lang='lat' dir='ltr'>sicut</span> <span class='ocrx_word' id='word_1_275' title='bbox 1973 267 2004 304; x_wconf 91' lang='lat' dir='ltr'>si</span> <span class='ocrx_word' id='word_1_276' title='bbox 2031 267 2256 316; x_wconf 87' lang='lat' dir='ltr'>intelligatur</span> <span class='ocrx_word' id='word_1_277' title='bbox 2288 269 2414 318; x_wconf 91' lang='lat' dir='ltr'>aliqua</span> <span class='ocrx_word' id='word_1_278' title='bbox 2441 281 2502 306; x_wconf 92' lang='lat' dir='ltr'>res</span> 
     </span>
     <span class='ocr_line' id='line_1_41' title="bbox 1428 319 2501 369; baseline 0.003 -13"><span class='ocrx_word' id='word_1_279' title='bbox 1428 319 1533 368; x_wconf 93' lang='lat' dir='ltr'>prius</span> <span class='ocrx_word' id='word_1_280' title='bbox 1553 332 1632 356; x_wconf 90' lang='lat' dir='ltr'>non</span> <span class='ocrx_word' id='word_1_281' title='bbox 1651 320 1765 356; x_wconf 84' lang='lat' dir='ltr'>fuisse</span> <span class='ocrx_word' id='word_1_282' title='bbox 1785 319 1958 367; x_wconf 90' lang='lat' dir='ltr'>totaliter,</span> <span class='ocrx_word' id='word_1_283' title='bbox 1981 328 2017 357; x_wconf 92' lang='lat' dir='ltr'>et</span> <span class='ocrx_word' id='word_1_284' title='bbox 2034 328 2169 369; x_wconf 91' lang='lat' dir='ltr'>postea</span> <span class='ocrx_word' id='word_1_285' title='bbox 2190 334 2283 358; x_wconf 90' lang='lat' dir='ltr'>esse.</span> <span class='ocrx_word' id='word_1_286' title='bbox 2315 322 2392 359; x_wconf 90' lang='lat' dir='ltr'>Sed</span> <span class='ocrx_word' id='word_1_287' title='bbox 2413 334 2501 359; x_wconf 90' lang='lat' dir='ltr'>cum</span> 
     </span>
     <span class='ocr_line' id='line_1_42' title="bbox 1429 373 2502 422; baseline 0.003 -13"><span class='ocrx_word' id='word_1_288' title='bbox 1429 373 1526 409; x_wconf 89' lang='grc'><strong>36110</strong></span> <span class='ocrx_word' id='word_1_289' title='bbox 1543 380 1578 409; x_wconf 92' lang='grc'>61</span> <span class='ocrx_word' id='word_1_290' title='bbox 1592 373 1719 422; x_wconf 89' lang='lat' dir='ltr'>passio</span> <span class='ocrx_word' id='word_1_291' title='bbox 1741 373 1971 410; x_wconf 83' lang='lat' dir='ltr'>conveniant</span> <span class='ocrx_word' id='word_1_292' title='bbox 1989 373 2027 410; x_wconf 91' lang='lat' dir='ltr'>in</span> <span class='ocrx_word' id='word_1_293' title='bbox 2047 374 2256 411; x_wconf 90' lang='lat' dir='ltr'>substantia</span> <span class='ocrx_word' id='word_1_294' title='bbox 2270 380 2289 401; x_wconf 62' lang='grc' dir='ltr'>μ</span> <span class='ocrx_word' id='word_1_295' title='bbox 2308 382 2448 422; x_wconf 86' lang='grc'><strong>11101115,</strong></span> <span class='ocrx_word' id='word_1_296' title='bbox 2466 382 2502 412; x_wconf 83' lang='grc'>61</span> 
     </span>
     <span class='ocr_line' id='line_1_43' title="bbox 1429 425 2499 475; baseline 0.003 -13"><span class='ocrx_word' id='word_1_297' title='bbox 1429 425 1605 462; x_wconf 85' lang='lat' dir='ltr'>differant</span> <span class='ocrx_word' id='word_1_298' title='bbox 1633 427 1759 463; x_wconf 92' lang='lat' dir='ltr'>solum</span> <span class='ocrx_word' id='word_1_299' title='bbox 1779 426 1993 463; x_wconf 91' lang='lat' dir='ltr'>secundum</span> <span class='ocrx_word' id='word_1_300' title='bbox 2022 427 2264 464; x_wconf 87' lang='lat' dir='ltr'>habitudines</span> <span class='ocrx_word' id='word_1_301' title='bbox 2284 427 2453 465; x_wconf 89' lang='lat' dir='ltr'>diversas</span> <span class='ocrx_word' id='word_1_302' title='bbox 2467 427 2499 475; x_wconf 83' lang='lat'>*,</span> 
     </span>
     <span class='ocr_line' id='line_1_44' title="bbox 1427 479 2499 529; baseline 0.003 -14"><span class='ocrx_word' id='word_1_303' title='bbox 1427 487 1468 515; x_wconf 90' lang='lat' dir='ltr'>ut</span> <span class='ocrx_word' id='word_1_304' title='bbox 1488 479 1623 516; x_wconf 91' lang='lat' dir='ltr'>dicitur</span> <span class='ocrx_word' id='word_1_305' title='bbox 1642 479 1681 516; x_wconf 90' lang='lat' dir='ltr'>in</span> <span class='ocrx_word' id='word_1_306' title='bbox 1701 481 1751 516; x_wconf 90' lang='grc' dir='ltr'>ΙΙΙ</span> <span class='ocrx_word' id='word_1_307' title='bbox 1770 480 1920 528; x_wconf 83' lang='lat' dir='ltr'>Physic.</span> <span class='ocrx_word' id='word_1_308' title='bbox 1938 479 1970 526; x_wconf 67' lang='lat'>⁹¹⁸,</span> <span class='ocrx_word' id='word_1_309' title='bbox 2001 488 2150 529; x_wconf 91' lang='lat' dir='ltr'>oportet</span> <span class='ocrx_word' id='word_1_310' title='bbox 2169 481 2286 529; x_wconf 88' lang='lat' dir='ltr'>quod,</span> <span class='ocrx_word' id='word_1_311' title='bbox 2307 481 2499 518; x_wconf 90' lang='lat' dir='ltr'>subtracto</span> 
     </span>
     <span class='ocr_line' id='line_1_45' title="bbox 1427 533 2500 580; baseline 0.002 -11"><span class='ocrx_word' id='word_1_312' title='bbox 1427 540 1547 580; x_wconf 90' lang='lat' dir='ltr'>motu,</span> <span class='ocrx_word' id='word_1_313' title='bbox 1568 545 1648 569; x_wconf 93' lang='lat' dir='ltr'>non</span> <span class='ocrx_word' id='word_1_314' title='bbox 1667 541 1891 570; x_wconf 88' lang='lat' dir='ltr'>remaneant</span> <span class='ocrx_word' id='word_1_315' title='bbox 1909 533 1980 570; x_wconf 91' lang='lat' dir='ltr'>nisi</span> <span class='ocrx_word' id='word_1_316' title='bbox 2010 533 2183 570; x_wconf 85' lang='lat' dir='ltr'>diversae</span> <span class='ocrx_word' id='word_1_317' title='bbox 2203 534 2443 571; x_wconf 88' lang='lat' dir='ltr'>habitudines</span> <span class='ocrx_word' id='word_1_318' title='bbox 2461 534 2500 571; x_wconf 92' lang='lat' dir='ltr'>in</span> 
     </span>
     <span class='ocr_line' id='line_1_46' title="bbox 1428 586 2499 635; baseline 0.002 -13"><span class='ocrx_word' id='word_1_319' title='bbox 1428 594 1578 622; x_wconf 90' lang='lat' dir='ltr'>creante</span> <span class='ocrx_word' id='word_1_320' title='bbox 1594 594 1631 623; x_wconf 89' lang='lat' dir='ltr'>et</span> <span class='ocrx_word' id='word_1_321' title='bbox 1646 594 1784 623; x_wconf 90' lang='lat' dir='ltr'>creat0.</span> <span class='ocrx_word' id='word_1_322' title='bbox 1797 608 1820 614; x_wconf 95' lang='lat'><em>-</em></span> <span class='ocrx_word' id='word_1_323' title='bbox 1839 587 1916 623; x_wconf 90' lang='lat' dir='ltr'>Sed</span> <span class='ocrx_word' id='word_1_324' title='bbox 1931 586 2019 635; x_wconf 93' lang='lat' dir='ltr'>quia</span> <span class='ocrx_word' id='word_1_325' title='bbox 2035 587 2175 624; x_wconf 87' lang='lat' dir='ltr'>modus</span> <span class='ocrx_word' id='word_1_326' title='bbox 2191 587 2428 635; x_wconf 88' lang='lat' dir='ltr'>significandi</span> <span class='ocrx_word' id='word_1_327' title='bbox 2442 600 2499 624; x_wconf 92' lang='lat' dir='ltr'>se-</span> 
     </span>
     <span class='ocr_line' id='line_1_47' title="bbox 1427 639 2498 688; baseline 0.002 -13"><span class='ocrx_word' id='word_1_328' title='bbox 1427 639 1553 687; x_wconf 92' lang='lat' dir='ltr'>quitur</span> <span class='ocrx_word' id='word_1_329' title='bbox 1571 640 1735 676; x_wconf 91' lang='lat' dir='ltr'>modum</span> <span class='ocrx_word' id='word_1_330' title='bbox 1755 639 1996 688; x_wconf 82' lang='lat' dir='ltr'>intelligendi,</span> <span class='ocrx_word' id='word_1_331' title='bbox 2012 648 2054 677; x_wconf 92' lang='lat' dir='ltr'>ut</span> <span class='ocrx_word' id='word_1_332' title='bbox 2073 640 2216 678; x_wconf 90' lang='lat' dir='ltr'>dictum</span> <span class='ocrx_word' id='word_1_333' title='bbox 2237 648 2292 677; x_wconf 92' lang='lat' dir='ltr'>est</span> <span class='ocrx_word' id='word_1_334' title='bbox 2306 640 2338 688; x_wconf 71' lang='lat'>³¹²,</span> <span class='ocrx_word' id='word_1_335' title='bbox 2359 641 2498 678; x_wconf 89' lang='lat' dir='ltr'>creatio</span> 
     </span>
     <span class='ocr_line' id='line_1_48' title="bbox 1427 691 2500 743; baseline 0.003 -16"><span class='ocrx_word' id='word_1_336' title='bbox 1427 691 1659 739; x_wconf 89' lang='lat' dir='ltr'>significatur</span> <span class='ocrx_word' id='word_1_337' title='bbox 1681 698 1693 712; x_wconf 85' lang='lat'>¹&#39;</span> <span class='ocrx_word' id='word_1_338' title='bbox 1720 705 1789 741; x_wconf 90' lang='lat' dir='ltr'>per</span> <span class='ocrx_word' id='word_1_339' title='bbox 1816 694 1978 730; x_wconf 88' lang='lat' dir='ltr'>modum</span> <span class='ocrx_word' id='word_1_340' title='bbox 2012 694 2250 731; x_wconf 90' lang='lat' dir='ltr'>mutationis:</span> <span class='ocrx_word' id='word_1_341' title='bbox 2281 701 2316 730; x_wconf 92' lang='lat' dir='ltr'>et</span> <span class='ocrx_word' id='word_1_342' title='bbox 2343 701 2500 743; x_wconf 91' lang='lat' dir='ltr'>propter</span> 
     </span>
     <span class='ocr_line' id='line_1_49' title="bbox 1426 744 2497 796; baseline 0.003 -15"><span class='ocrx_word' id='word_1_343' title='bbox 1426 744 1501 781; x_wconf 92' lang='lat' dir='ltr'>hoc</span> <span class='ocrx_word' id='word_1_344' title='bbox 1530 745 1664 782; x_wconf 91' lang='lat' dir='ltr'>dicitur</span> <span class='ocrx_word' id='word_1_345' title='bbox 1693 746 1796 794; x_wconf 91' lang='lat' dir='ltr'>quod</span> <span class='ocrx_word' id='word_1_346' title='bbox 1826 759 1954 783; x_wconf 90' lang='lat' dir='ltr'>creare</span> <span class='ocrx_word' id='word_1_347' title='bbox 1984 744 2040 784; x_wconf 88' lang='lat' dir='ltr'>est</span> <span class='ocrx_word' id='word_1_348' title='bbox 2069 760 2114 784; x_wconf 88' lang='lat' dir='ltr'>ex</span> <span class='ocrx_word' id='word_1_349' title='bbox 2142 747 2259 784; x_wconf 91' lang='lat' dir='ltr'>nihilo</span> <span class='ocrx_word' id='word_1_350' title='bbox 2281 747 2422 796; x_wconf 92' lang='lat' dir='ltr'>aliquid</span> <span class='ocrx_word' id='word_1_351' title='bbox 2445 747 2497 783; x_wconf 87' lang='lat' dir='ltr'>fa-</span> 
     </span>
     <span class='ocr_line' id='line_1_50' title="bbox 1428 798 2498 849; baseline 0.003 -15"><span class='ocrx_word' id='word_1_352' title='bbox 1428 809 1524 834; x_wconf 91' lang='lat' dir='ltr'>cere.</span> <span class='ocrx_word' id='word_1_353' title='bbox 1556 798 1746 844; x_wconf 85' lang='lat' dir='ltr'>Quamvis</span> <span class='ocrx_word' id='word_1_354' title='bbox 1763 800 1902 847; x_wconf 87' lang='lat' dir='ltr'>facere</span> <span class='ocrx_word' id='word_1_355' title='bbox 1930 806 1967 836; x_wconf 93' lang='lat' dir='ltr'>et</span> <span class='ocrx_word' id='word_1_356' title='bbox 1982 801 2080 848; x_wconf 87' lang='lat' dir='ltr'>fieri</span> <span class='ocrx_word' id='word_1_357' title='bbox 2105 801 2226 849; x_wconf 90' lang='lat' dir='ltr'>magis</span> <span class='ocrx_word' id='word_1_358' title='bbox 2254 801 2292 837; x_wconf 91' lang='lat' dir='ltr'>in</span> <span class='ocrx_word' id='word_1_359' title='bbox 2311 802 2387 837; x_wconf 91' lang='lat' dir='ltr'>hoc</span> <span class='ocrx_word' id='word_1_360' title='bbox 2408 812 2498 837; x_wconf 91' lang='lat' dir='ltr'>con-</span> 
     </span>
     <span class='ocr_line' id='line_1_51' title="bbox 1426 851 2498 902; baseline 0.003 -15"><span class='ocrx_word' id='word_1_361' title='bbox 1426 851 1582 887; x_wconf 88' lang='lat' dir='ltr'>veniant</span> <span class='ocrx_word' id='word_1_362' title='bbox 1610 863 1727 900; x_wconf 91' lang='lat' dir='ltr'>quam</span> <span class='ocrx_word' id='word_1_363' title='bbox 1756 857 1905 888; x_wconf 87' lang='lat' dir='ltr'>mutare</span> <span class='ocrx_word' id='word_1_364' title='bbox 1934 860 1970 889; x_wconf 91' lang='lat' dir='ltr'>et</span> <span class='ocrx_word' id='word_1_365' title='bbox 1997 854 2160 890; x_wconf 87' lang='lat' dir='ltr'>mutari:</span> <span class='ocrx_word' id='word_1_366' title='bbox 2190 854 2279 902; x_wconf 93' lang='lat' dir='ltr'>quia</span> <span class='ocrx_word' id='word_1_367' title='bbox 2304 854 2428 891; x_wconf 87' lang='lat' dir='ltr'>facere</span> <span class='ocrx_word' id='word_1_368' title='bbox 2463 861 2498 890; x_wconf 94' lang='lat' dir='ltr'>et</span> 
     </span>
     <span class='ocr_line' id='line_1_52' title="bbox 1426 904 2496 953; baseline 0.004 -13"><span class='ocrx_word' id='word_1_369' title='bbox 1426 904 1509 940; x_wconf 89' lang='lat' dir='ltr'>fieri</span> <span class='ocrx_word' id='word_1_370' title='bbox 1537 904 1743 953; x_wconf 88' lang='lat' dir='ltr'>important</span> <span class='ocrx_word' id='word_1_371' title='bbox 1771 904 2036 942; x_wconf 86' lang='lat' dir='ltr'>habitudinem</span> <span class='ocrx_word' id='word_1_372' title='bbox 2071 919 2208 943; x_wconf 92' lang='lat' dir='ltr'>causae</span> <span class='ocrx_word' id='word_1_373' title='bbox 2238 907 2287 944; x_wconf 91' lang='lat' dir='ltr'>ad</span> <span class='ocrx_word' id='word_1_374' title='bbox 2317 907 2496 944; x_wconf 88' lang='lat' dir='ltr'>effectum</span> 
     </span>
     <span class='ocr_line' id='line_1_53' title="bbox 1428 954 2497 1006; baseline 0.004 -13"><span class='ocrx_word' id='word_1_375' title='bbox 1428 964 1463 993; x_wconf 86' lang='lat' dir='ltr'>et</span> <span class='ocrx_word' id='word_1_376' title='bbox 1492 957 1648 995; x_wconf 86' lang='lat' dir='ltr'>effectus</span> <span class='ocrx_word' id='word_1_377' title='bbox 1678 958 1726 995; x_wconf 93' lang='lat' dir='ltr'>ad</span> <span class='ocrx_word' id='word_1_378' title='bbox 1756 970 1923 1006; x_wconf 87' lang='lat' dir='ltr'>causam,</span> <span class='ocrx_word' id='word_1_379' title='bbox 1954 954 2022 996; x_wconf 81' lang='lat' dir='ltr'>sed</span> <span class='ocrx_word' id='word_1_380' title='bbox 2050 960 2302 997; x_wconf 90' lang='lat' dir='ltr'>mutationem</span> <span class='ocrx_word' id='word_1_381' title='bbox 2332 973 2377 997; x_wconf 87' lang='lat' dir='ltr'>ex</span> <span class='ocrx_word' id='word_1_382' title='bbox 2407 972 2497 997; x_wconf 90' lang='lat' dir='ltr'>con-</span> 
     </span>
     <span class='ocr_line' id='line_1_54' title="bbox 1426 1011 2268 1060; baseline 0.004 -13"><span class='ocrx_word' id='word_1_383' title='bbox 1426 1011 1610 1060; x_wconf 88' lang='lat' dir='ltr'>sequenti.</span> <span class='ocrx_word' id='word_1_384' title='bbox 2264 1044 2268 1050; x_wconf 85' lang='grc'><em>,</em></span> 
     </span>
    </p>

    <p class='ocr_par' dir='ltr' id='par_1_13' title="bbox 1421 1065 2500 1541">
     <span class='ocr_line' id='line_1_55' title="bbox 1478 1065 2499 1115; baseline 0.002 -14"><span class='ocrx_word' id='word_1_385' title='bbox 1478 1066 1537 1101; x_wconf 92' lang='grc' dir='ltr'>Α1)</span> <span class='ocrx_word' id='word_1_386' title='bbox 1572 1076 1733 1102; x_wconf 86' lang='lat' dir='ltr'>TERTIUM</span> <span class='ocrx_word' id='word_1_387' title='bbox 1766 1076 1950 1102; x_wconf 84' lang='lat' dir='ltr'>DICENDUM</span> <span class='ocrx_word' id='word_1_388' title='bbox 1984 1067 2091 1114; x_wconf 90' lang='lat' dir='ltr'>quod</span> <span class='ocrx_word' id='word_1_389' title='bbox 2117 1065 2156 1102; x_wconf 90' lang='lat' dir='ltr'>in</span> <span class='ocrx_word' id='word_1_390' title='bbox 2183 1065 2242 1103; x_wconf 88' lang='lat' dir='ltr'>his</span> <span class='ocrx_word' id='word_1_391' title='bbox 2270 1078 2369 1115; x_wconf 89' lang='lat' dir='ltr'>quae</span> <span class='ocrx_word' id='word_1_392' title='bbox 2401 1066 2499 1104; x_wconf 88' lang='lat' dir='ltr'>fiunt</span> 
     </span>
     <span class='ocr_line' id='line_1_56' title="bbox 1426 1116 2497 1166; baseline 0.003 -12"><span class='ocrx_word' id='word_1_393' title='bbox 1426 1117 1506 1154; x_wconf 89' lang='lat' dir='ltr'>sine</span> <span class='ocrx_word' id='word_1_394' title='bbox 1535 1125 1656 1166; x_wconf 90' lang='lat' dir='ltr'>motu,</span> <span class='ocrx_word' id='word_1_395' title='bbox 1688 1118 1799 1154; x_wconf 93' lang='lat' dir='ltr'>simul</span> <span class='ocrx_word' id='word_1_396' title='bbox 1819 1116 1832 1141; x_wconf 65' lang='grc' dir='ltr'><em>ξ</em></span> <span class='ocrx_word' id='word_1_397' title='bbox 1861 1125 1917 1155; x_wconf 90' lang='grc'>651</span> <span class='ocrx_word' id='word_1_398' title='bbox 1943 1118 2027 1155; x_wconf 90' lang='lat' dir='ltr'>fieri</span> <span class='ocrx_word' id='word_1_399' title='bbox 2056 1126 2092 1156; x_wconf 90' lang='lat' dir='ltr'>et</span> <span class='ocrx_word' id='word_1_400' title='bbox 2111 1119 2252 1156; x_wconf 88' lang='lat' dir='ltr'>factum</span> <span class='ocrx_word' id='word_1_401' title='bbox 2283 1131 2386 1156; x_wconf 90' lang='lat' dir='ltr'>esse:</span> <span class='ocrx_word' id='word_1_402' title='bbox 2416 1119 2497 1157; x_wconf 91' lang='lat' dir='ltr'>sive</span> 
     </span>
     <span class='ocr_line' id='line_1_57' title="bbox 1424 1171 2497 1220; baseline 0.002 -12"><span class='ocrx_word' id='word_1_403' title='bbox 1424 1171 1507 1208; x_wconf 91' lang='lat' dir='ltr'>talis</span> <span class='ocrx_word' id='word_1_404' title='bbox 1535 1171 1647 1208; x_wconf 88' lang='lat' dir='ltr'>factio</span> <span class='ocrx_word' id='word_1_405' title='bbox 1676 1171 1722 1208; x_wconf 92' lang='lat' dir='ltr'>sit</span> <span class='ocrx_word' id='word_1_406' title='bbox 1750 1171 1933 1208; x_wconf 90' lang='lat' dir='ltr'>terminus</span> <span class='ocrx_word' id='word_1_407' title='bbox 1967 1179 2112 1220; x_wconf 90' lang='lat' dir='ltr'>motus,</span> <span class='ocrx_word' id='word_1_408' title='bbox 2147 1172 2243 1209; x_wconf 89' lang='lat' dir='ltr'>sicut</span> <span class='ocrx_word' id='word_1_409' title='bbox 2274 1172 2497 1210; x_wconf 88' lang='lat' dir='ltr'>illuminatio</span> 
     </span>
     <span class='ocr_line' id='line_1_58' title="bbox 1425 1224 2497 1274; baseline 0.002 -13"><span class='ocrx_word' id='word_1_410' title='bbox 1425 1227 1531 1272; x_wconf 91' lang='lat' dir='ltr'>(nam</span> <span class='ocrx_word' id='word_1_411' title='bbox 1547 1225 1659 1262; x_wconf 89' lang='lat' dir='ltr'>simul</span> <span class='ocrx_word' id='word_1_412' title='bbox 1680 1224 1820 1274; x_wconf 93' lang='lat' dir='ltr'>aliquid</span> <span class='ocrx_word' id='word_1_413' title='bbox 1839 1225 2074 1262; x_wconf 88' lang='lat' dir='ltr'>illuminatur</span> <span class='ocrx_word' id='word_1_414' title='bbox 2089 1234 2125 1263; x_wconf 89' lang='lat' dir='ltr'>et</span> <span class='ocrx_word' id='word_1_415' title='bbox 2139 1226 2393 1263; x_wconf 90' lang='lat' dir='ltr'>illuminatum</span> <span class='ocrx_word' id='word_1_416' title='bbox 2409 1228 2497 1273; x_wconf 90' lang='lat' dir='ltr'>est);</span> 
     </span>
     <span class='ocr_line' id='line_1_59' title="bbox 1425 1278 2499 1327; baseline 0 -11"><span class='ocrx_word' id='word_1_417' title='bbox 1425 1278 1506 1316; x_wconf 89' lang='lat' dir='ltr'>sive</span> <span class='ocrx_word' id='word_1_418' title='bbox 1534 1291 1614 1316; x_wconf 91' lang='lat' dir='ltr'>non</span> <span class='ocrx_word' id='word_1_419' title='bbox 1633 1278 1679 1315; x_wconf 90' lang='lat' dir='ltr'>sit</span> <span class='ocrx_word' id='word_1_420' title='bbox 1697 1278 1881 1315; x_wconf 91' lang='lat' dir='ltr'>terminus</span> <span class='ocrx_word' id='word_1_421' title='bbox 1902 1286 2042 1327; x_wconf 90' lang='lat' dir='ltr'>motus,</span> <span class='ocrx_word' id='word_1_422' title='bbox 2066 1279 2162 1316; x_wconf 91' lang='lat' dir='ltr'>sicut</span> <span class='ocrx_word' id='word_1_423' title='bbox 2180 1279 2294 1317; x_wconf 90' lang='lat' dir='ltr'>simul</span> <span class='ocrx_word' id='word_1_424' title='bbox 2314 1280 2499 1317; x_wconf 83' lang='lat' dir='ltr'>formatur</span> 
     </span>
     <span class='ocr_line' id='line_1_60' title="bbox 1421 1332 2499 1382; baseline 0.002 -14"><span class='ocrx_word' id='word_1_425' title='bbox 1421 1332 1586 1369; x_wconf 86' lang='lat' dir='ltr'>verbum</span> <span class='ocrx_word' id='word_1_426' title='bbox 1605 1332 1642 1368; x_wconf 93' lang='lat' dir='ltr'>in</span> <span class='ocrx_word' id='word_1_427' title='bbox 1663 1332 1778 1369; x_wconf 87' lang='lat' dir='ltr'>corde</span> <span class='ocrx_word' id='word_1_428' title='bbox 1799 1339 1835 1368; x_wconf 91' lang='lat' dir='ltr'>et</span> <span class='ocrx_word' id='word_1_429' title='bbox 1853 1332 2060 1369; x_wconf 91' lang='lat' dir='ltr'>formatum</span> <span class='ocrx_word' id='word_1_430' title='bbox 2082 1340 2148 1370; x_wconf 90' lang='lat' dir='ltr'>est.</span> <span class='ocrx_word' id='word_1_431' title='bbox 2169 1334 2219 1370; x_wconf 91' lang='lat' dir='ltr'>Et</span> <span class='ocrx_word' id='word_1_432' title='bbox 2237 1333 2276 1370; x_wconf 93' lang='lat' dir='ltr'>in</span> <span class='ocrx_word' id='word_1_433' title='bbox 2296 1332 2366 1380; x_wconf 90' lang='lat' dir='ltr'>his,</span> <span class='ocrx_word' id='word_1_434' title='bbox 2393 1332 2499 1382; x_wconf 91' lang='lat' dir='ltr'>quod</span> 
     </span>
     <span class='ocr_line' id='line_1_61' title="bbox 1424 1381 2498 1434; baseline 0.002 -12"><span class='ocrx_word' id='word_1_435' title='bbox 1424 1386 1478 1433; x_wconf 90' lang='lat' dir='ltr'>fit,</span> <span class='ocrx_word' id='word_1_436' title='bbox 1500 1393 1574 1423; x_wconf 86' lang='lat' dir='ltr'>est:</span> <span class='ocrx_word' id='word_1_437' title='bbox 1599 1385 1666 1423; x_wconf 91' lang='lat' dir='ltr'>sed</span> <span class='ocrx_word' id='word_1_438' title='bbox 1687 1397 1776 1422; x_wconf 91' lang='grc'><strong>611111</strong></span> <span class='ocrx_word' id='word_1_439' title='bbox 1797 1385 1933 1422; x_wconf 90' lang='lat' dir='ltr'>dicitur</span> <span class='ocrx_word' id='word_1_440' title='bbox 1951 1381 2034 1423; x_wconf 85' lang='lat' dir='ltr'>fieri</span> <span class='ocrx_word' id='word_1_441' title='bbox 2053 1392 2076 1433; x_wconf 86' lang='lat'>⁰,</span> <span class='ocrx_word' id='word_1_442' title='bbox 2107 1386 2337 1434; x_wconf 89' lang='lat' dir='ltr'>significatur</span> <span class='ocrx_word' id='word_1_443' title='bbox 2356 1387 2404 1424; x_wconf 92' lang='lat' dir='ltr'>ab</span> <span class='ocrx_word' id='word_1_444' title='bbox 2424 1386 2498 1424; x_wconf 92' lang='lat' dir='ltr'>alio</span> 
     </span>
     <span class='ocr_line' id='line_1_62' title="bbox 1425 1438 2500 1488; baseline 0.002 -13"><span class='ocrx_word' id='word_1_445' title='bbox 1425 1451 1519 1486; x_wconf 86' lang='lat' dir='ltr'>esse,</span> <span class='ocrx_word' id='word_1_446' title='bbox 1551 1446 1587 1475; x_wconf 91' lang='lat' dir='ltr'>et</span> <span class='ocrx_word' id='word_1_447' title='bbox 1614 1438 1718 1488; x_wconf 91' lang='lat' dir='ltr'>prius</span> <span class='ocrx_word' id='word_1_448' title='bbox 1746 1451 1825 1476; x_wconf 90' lang='lat' dir='ltr'>non</span> <span class='ocrx_word' id='word_1_449' title='bbox 1854 1439 1980 1477; x_wconf 88' lang='lat' dir='ltr'>fuisse.</span> <span class='ocrx_word' id='word_1_450' title='bbox 2011 1440 2134 1487; x_wconf 84' lang='lat' dir='ltr'>Unde,</span> <span class='ocrx_word' id='word_1_451' title='bbox 2166 1453 2254 1477; x_wconf 92' lang='lat' dir='ltr'>cum</span> <span class='ocrx_word' id='word_1_452' title='bbox 2285 1440 2423 1477; x_wconf 90' lang='lat' dir='ltr'>creatio</span> <span class='ocrx_word' id='word_1_453' title='bbox 2453 1440 2500 1477; x_wconf 94' lang='lat' dir='ltr'>sit</span> 
     </span>
     <span class='ocr_line' id='line_1_63' title="bbox 1424 1492 2496 1541; baseline 0.001 -12"><span class='ocrx_word' id='word_1_454' title='bbox 1424 1493 1504 1529; x_wconf 90' lang='lat' dir='ltr'>sine</span> <span class='ocrx_word' id='word_1_455' title='bbox 1534 1500 1653 1540; x_wconf 87' lang='lat' dir='ltr'>motu,</span> <span class='ocrx_word' id='word_1_456' title='bbox 1685 1492 1797 1529; x_wconf 88' lang='lat' dir='ltr'>simul</span> <span class='ocrx_word' id='word_1_457' title='bbox 1827 1492 1967 1541; x_wconf 90' lang='lat' dir='ltr'>aliquid</span> <span class='ocrx_word' id='word_1_458' title='bbox 1998 1501 2146 1530; x_wconf 90' lang='lat' dir='ltr'>creatur</span> <span class='ocrx_word' id='word_1_459' title='bbox 2174 1501 2210 1531; x_wconf 91' lang='lat' dir='ltr'>et</span> <span class='ocrx_word' id='word_1_460' title='bbox 2239 1501 2408 1531; x_wconf 91' lang='lat' dir='ltr'>creatum</span> <span class='ocrx_word' id='word_1_461' title='bbox 2429 1501 2496 1531; x_wconf 91' lang='lat' dir='ltr'>est.</span> 
     </span>
    </p>

    <p class='ocr_par' dir='ltr' id='par_1_14' title="bbox 1423 1546 2499 1851">
     <span class='ocr_line' id='line_1_64' title="bbox 1476 1546 2498 1596; baseline 0.002 -14"><span class='ocrx_word' id='word_1_462' title='bbox 1476 1547 1535 1582; x_wconf 83' lang='lat' dir='ltr'>AD</span> <span class='ocrx_word' id='word_1_463' title='bbox 1566 1557 1739 1588; x_wconf 75' lang='lat' dir='ltr'>QUARTUM</span> <span class='ocrx_word' id='word_1_464' title='bbox 1763 1558 1947 1583; x_wconf 79' lang='lat' dir='ltr'>DICENDUM</span> <span class='ocrx_word' id='word_1_465' title='bbox 1981 1547 2085 1596; x_wconf 91' lang='lat' dir='ltr'>quod</span> <span class='ocrx_word' id='word_1_466' title='bbox 2121 1546 2284 1584; x_wconf 90' lang='lat' dir='ltr'>obiectio</span> <span class='ocrx_word' id='word_1_467' title='bbox 2320 1547 2382 1584; x_wconf 93' lang='lat' dir='ltr'>illa</span> <span class='ocrx_word' id='word_1_468' title='bbox 2409 1559 2498 1596; x_wconf 92' lang='lat' dir='ltr'>pro-</span> 
     </span>
     <span class='ocr_line' id='line_1_65' title="bbox 1425 1599 2498 1654; baseline 0.001 -18"><span class='ocrx_word' id='word_1_469' title='bbox 1425 1599 1524 1636; x_wconf 88' lang='lat' dir='ltr'>cedit</span> <span class='ocrx_word' id='word_1_470' title='bbox 1553 1611 1599 1636; x_wconf 85' lang='lat' dir='ltr'>ex</span> <span class='ocrx_word' id='word_1_471' title='bbox 1627 1599 1719 1636; x_wconf 90' lang='lat' dir='ltr'>falsa</span> <span class='ocrx_word' id='word_1_472' title='bbox 1747 1599 2030 1647; x_wconf 83' lang='lat' dir='ltr'>imaginatione,</span> <span class='ocrx_word' id='word_1_473' title='bbox 2060 1613 2105 1637; x_wconf 88' lang='grc'>36</span> <span class='ocrx_word' id='word_1_474' title='bbox 2133 1600 2164 1637; x_wconf 93' lang='lat' dir='ltr'>si</span> <span class='ocrx_word' id='word_1_475' title='bbox 2192 1600 2238 1637; x_wconf 91' lang='lat' dir='ltr'>sit</span> <span class='ocrx_word' id='word_1_476' title='bbox 2261 1600 2413 1650; x_wconf 91' lang='lat' dir='ltr'>aliquod</span> <span class='ocrx_word' id='word_1_477' title='bbox 2442 1600 2498 1654; x_wconf 79' lang='grc'><strong>111-</strong></span> 
     </span>
     <span class='ocr_line' id='line_1_66' title="bbox 1423 1652 2499 1703; baseline 0.002 -14"><span class='ocrx_word' id='word_1_478' title='bbox 1423 1652 1575 1690; x_wconf 89' lang='lat' dir='ltr'>finitum</span> <span class='ocrx_word' id='word_1_479' title='bbox 1604 1653 1776 1689; x_wconf 88' lang='lat' dir='ltr'>medium</span> <span class='ocrx_word' id='word_1_480' title='bbox 1806 1652 1902 1690; x_wconf 92' lang='lat' dir='ltr'>inter</span> <span class='ocrx_word' id='word_1_481' title='bbox 1926 1653 2087 1690; x_wconf 91' lang='lat' dir='ltr'>nihilum</span> <span class='ocrx_word' id='word_1_482' title='bbox 2109 1661 2144 1690; x_wconf 91' lang='lat' dir='ltr'>et</span> <span class='ocrx_word' id='word_1_483' title='bbox 2164 1666 2249 1691; x_wconf 91' lang='lat' dir='ltr'>ens:</span> <span class='ocrx_word' id='word_1_484' title='bbox 2271 1654 2377 1703; x_wconf 92' lang='lat' dir='ltr'>quod</span> <span class='ocrx_word' id='word_1_485' title='bbox 2395 1661 2499 1703; x_wconf 90' lang='lat' dir='ltr'>patet</span> 
     </span>
     <span class='ocr_line' id='line_1_67' title="bbox 1425 1706 2497 1755; baseline 0.002 -13"><span class='ocrx_word' id='word_1_486' title='bbox 1425 1718 1507 1742; x_wconf 91' lang='lat' dir='ltr'>esse</span> <span class='ocrx_word' id='word_1_487' title='bbox 1535 1706 1684 1743; x_wconf 88' lang='lat' dir='ltr'>falsum.</span> <span class='ocrx_word' id='word_1_488' title='bbox 1706 1706 1884 1743; x_wconf 92' lang='lat' dir='ltr'>Procedit</span> <span class='ocrx_word' id='word_1_489' title='bbox 1903 1714 2032 1743; x_wconf 89' lang='lat' dir='ltr'>autem</span> <span class='ocrx_word' id='word_1_490' title='bbox 2052 1707 2145 1744; x_wconf 85' lang='lat' dir='ltr'>falsa</span> <span class='ocrx_word' id='word_1_491' title='bbox 2163 1708 2259 1744; x_wconf 91' lang='lat' dir='ltr'>haec</span> <span class='ocrx_word' id='word_1_492' title='bbox 2278 1706 2497 1755; x_wconf 87' lang='lat' dir='ltr'>imaginatio</span> 
     </span>
     <span class='ocr_line' id='line_1_68' title="bbox 1424 1759 2498 1810; baseline 0.003 -15"><span class='ocrx_word' id='word_1_493' title='bbox 1424 1771 1468 1795; x_wconf 87' lang='lat' dir='ltr'>ex</span> <span class='ocrx_word' id='word_1_494' title='bbox 1498 1771 1544 1795; x_wconf 92' lang='lat' dir='ltr'>eo</span> <span class='ocrx_word' id='word_1_495' title='bbox 1574 1759 1679 1807; x_wconf 89' lang='lat' dir='ltr'>quod</span> <span class='ocrx_word' id='word_1_496' title='bbox 1709 1760 1848 1796; x_wconf 85' lang='lat' dir='ltr'>creatio</span> <span class='ocrx_word' id='word_1_497' title='bbox 1877 1759 2110 1807; x_wconf 86' lang='lat' dir='ltr'>significatur</span> <span class='ocrx_word' id='word_1_498' title='bbox 2128 1767 2170 1797; x_wconf 92' lang='lat' dir='ltr'>ut</span> <span class='ocrx_word' id='word_1_499' title='bbox 2189 1761 2380 1810; x_wconf 88' lang='lat' dir='ltr'>quaedam</span> <span class='ocrx_word' id='word_1_500' title='bbox 2414 1772 2498 1798; x_wconf 87' lang='lat' dir='ltr'>rnu-</span> 
     </span>
     <span class='ocr_line' id='line_1_69' title="bbox 1423 1812 2182 1851; baseline 0.003 -2"><span class='ocrx_word' id='word_1_501' title='bbox 1423 1812 1513 1849; x_wconf 88' lang='grc'><strong>13110</strong></span> <span class='ocrx_word' id='word_1_502' title='bbox 1543 1812 1640 1849; x_wconf 89' lang='grc'><strong>111161</strong></span> <span class='ocrx_word' id='word_1_503' title='bbox 1669 1812 1766 1849; x_wconf 89' lang='lat' dir='ltr'>duos</span> <span class='ocrx_word' id='word_1_504' title='bbox 1794 1813 1978 1850; x_wconf 90' lang='lat' dir='ltr'>terminos</span> <span class='ocrx_word' id='word_1_505' title='bbox 2007 1813 2182 1851; x_wconf 87' lang='lat' dir='ltr'>existens.</span> 
     </span>
    </p>
   </div>
   <div class='ocr_carea' id='block_1_8' title="bbox 1426 1927 2497 2060">
    <p class='ocr_par' dir='ltr' id='par_1_15' title="bbox 1426 1927 2497 2060">
     <span class='ocr_line' id='line_1_70' title="bbox 1478 1927 2007 1961; baseline 0.002 -9"><span class='ocrx_word' id='word_1_506' title='bbox 1478 1928 1502 1959; x_wconf 90' lang='grc' dir='ltr'>ν)</span> <span class='ocrx_word' id='word_1_507' title='bbox 1521 1927 1699 1961; x_wconf 73' lang='lat' dir='ltr'>significatur.</span> <span class='ocrx_word' id='word_1_508' title='bbox 1718 1942 1737 1947; x_wconf 94' lang='lat'>—</span> <span class='ocrx_word' id='word_1_509' title='bbox 1754 1928 1891 1961; x_wconf 64' lang='lat' dir='ltr'>significat</span> <span class='ocrx_word' id='word_1_510' title='bbox 1909 1928 2007 1953; x_wconf 84' lang='lat' dir='ltr'>CDEF.</span> 
     </span>
     <span class='ocr_line' id='line_1_71' title="bbox 1480 1961 1838 1996; baseline 0 -8"><span class='ocrx_word' id='word_1_511' title='bbox 1480 1961 1503 1996; x_wconf 78' lang='grc' dir='ltr'>Ε)</span> <span class='ocrx_word' id='word_1_512' title='bbox 1522 1963 1610 1988; x_wconf 82' lang='lat' dir='ltr'>simul.</span> <span class='ocrx_word' id='word_1_513' title='bbox 1629 1977 1649 1982; x_wconf 93' lang='lat'><em>-</em></span> <span class='ocrx_word' id='word_1_514' title='bbox 1666 1963 1789 1989; x_wconf 78' lang='lat' dir='ltr'>similiter</span> <span class='ocrx_word' id='word_1_515' title='bbox 1809 1964 1838 1988; x_wconf 86' lang='lat' dir='ltr'>P.</span> 
     </span>
     <span class='ocr_line' id='line_1_72' title="bbox 1426 1999 2497 2060; baseline 0.002 -37"><span class='ocrx_word' id='word_1_516' title='bbox 1426 1999 1506 2060; x_wconf 59' lang='lat' dir='ltr'>editpg</span> <span class='ocrx_word' id='word_1_517' title='bbox 1525 1999 1572 2059; x_wconf 56' lang='lat' dir='ltr'>{ed</span> <span class='ocrx_word' id='word_1_518' title='bbox 1596 2006 1654 2024; x_wconf 91' lang='lat' dir='ltr'>cum</span> <span class='ocrx_word' id='word_1_519' title='bbox 1679 1999 1779 2024; x_wconf 84' lang='lat' dir='ltr'>dicitur</span> <span class='ocrx_word' id='word_1_520' title='bbox 1797 2000 1870 2033; x_wconf 82' lang='lat' dir='ltr'>fieri.</span> <span class='ocrx_word' id='word_1_521' title='bbox 1888 2013 1907 2018; x_wconf 95' lang='lat'><em>-</em></span> <span class='ocrx_word' id='word_1_522' title='bbox 1924 2007 1984 2025; x_wconf 86' lang='lat' dir='ltr'>cum</span> <span class='ocrx_word' id='word_1_523' title='bbox 2008 1999 2108 2025; x_wconf 78' lang='lat' dir='ltr'>dicitur</span> <span class='ocrx_word' id='word_1_524' title='bbox 2124 1999 2204 2032; x_wconf 85' lang='lat' dir='ltr'>fieri,</span> <span class='ocrx_word' id='word_1_525' title='bbox 2229 1999 2277 2025; x_wconf 84' lang='lat' dir='ltr'>sed</span> <span class='ocrx_word' id='word_1_526' title='bbox 2302 2000 2449 2025; x_wconf 78' lang='lat' dir='ltr'>PACDEsF</span> <span class='ocrx_word' id='word_1_527' title='bbox 2468 2004 2497 2025; x_wconf 79' lang='lat' dir='ltr'>et</span> 
     </span>
    </p>
   </div>
   <div class='ocr_carea' id='block_1_9' title="bbox 977 2122 1813 2156">
    <p class='ocr_par' dir='ltr' id='par_1_16' title="bbox 977 2122 1813 2156">
     <span class='ocr_line' id='line_1_73' title="bbox 977 2122 1813 2156; baseline 0 -1"><span class='ocrx_word' id='word_1_528' title='bbox 977 2122 1313 2155; x_wconf 72' lang='lat' dir='ltr'>Commentaria</span> <span class='ocrx_word' id='word_1_529' title='bbox 1335 2122 1588 2156; x_wconf 71' lang='lat' dir='ltr'>Gardjnalis</span> <span class='ocrx_word' id='word_1_530' title='bbox 1610 2122 1813 2156; x_wconf 79' lang='lat' dir='ltr'>Caietani</span> 
     </span>
    </p>
   </div>
   <div class='ocr_carea' id='block_1_10' title="bbox 300 2209 1369 2517">
    <p class='ocr_par' dir='ltr' id='par_1_17' title="bbox 300 2209 1369 2517">
     <span class='ocr_line' id='line_1_74' title="bbox 360 2209 1368 2251; baseline -0.001 -10"><span class='ocrx_word' id='word_1_531' title='bbox 360 2221 467 2242; x_wconf 83' lang='lat' dir='ltr'>ITULUS</span> <span class='ocrx_word' id='word_1_532' title='bbox 498 2218 594 2251; x_wconf 88' lang='lat' dir='ltr'>patet.</span> <span class='ocrx_word' id='word_1_533' title='bbox 618 2229 638 2232; x_wconf 98' lang='lat'><strong>—</strong></span> <span class='ocrx_word' id='word_1_534' title='bbox 662 2211 697 2240; x_wconf 90' lang='lat' dir='ltr'>In</span> <span class='ocrx_word' id='word_1_535' title='bbox 722 2220 853 2251; x_wconf 90' lang='lat' dir='ltr'>corpore</span> <span class='ocrx_word' id='word_1_536' title='bbox 883 2209 977 2240; x_wconf 87' lang='lat' dir='ltr'>unica</span> <span class='ocrx_word' id='word_1_537' title='bbox 1009 2216 1055 2240; x_wconf 92' lang='lat' dir='ltr'>est</span> <span class='ocrx_word' id='word_1_538' title='bbox 1086 2210 1265 2241; x_wconf 90' lang='lat' dir='ltr'>conclusio:</span> <span class='ocrx_word' id='word_1_539' title='bbox 1293 2211 1368 2241; x_wconf 92' lang='lat' dir='ltr'>Non</span> 
     </span>
     <span class='ocr_line' id='line_1_75' title="bbox 302 2223 1369 2295; baseline 0 -11"><span class='ocrx_word' id='word_1_540' title='bbox 302 2223 467 2285; x_wconf 87' lang='lat' dir='ltr'>Tsolum</span> <span class='ocrx_word' id='word_1_541' title='bbox 484 2262 530 2285; x_wconf 91' lang='lat' dir='ltr'>est</span> <span class='ocrx_word' id='word_1_542' title='bbox 545 2254 703 2295; x_wconf 86' lang='lat' dir='ltr'>possibile,</span> <span class='ocrx_word' id='word_1_543' title='bbox 728 2255 783 2284; x_wconf 88' lang='lat' dir='ltr'>sed</span> <span class='ocrx_word' id='word_1_544' title='bbox 804 2254 899 2284; x_wconf 88' lang='lat' dir='ltr'>etiam</span> <span class='ocrx_word' id='word_1_545' title='bbox 923 2254 1143 2291; x_wconf 85' lang='lat' dir='ltr'>necessarium,</span> <span class='ocrx_word' id='word_1_546' title='bbox 1170 2254 1279 2284; x_wconf 90' lang='lat' dir='ltr'>omnia</span> <span class='ocrx_word' id='word_1_547' title='bbox 1302 2265 1369 2285; x_wconf 88' lang='lat' dir='ltr'>esse</span> 
     </span>
     <span class='ocr_line' id='line_1_76' title="bbox 302 2298 1369 2339; baseline -0.001 -9"><span class='ocrx_word' id='word_1_548' title='bbox 302 2306 403 2330; x_wconf 85' lang='lat' dir='ltr'>creata</span> <span class='ocrx_word' id='word_1_549' title='bbox 419 2309 437 2329; x_wconf 90' lang='lat' dir='ltr'>a</span> <span class='ocrx_word' id='word_1_550' title='bbox 452 2300 530 2330; x_wconf 90' lang='lat' dir='ltr'>Deo.</span> <span class='ocrx_word' id='word_1_551' title='bbox 549 2317 569 2322; x_wconf 98' lang='lat'>—</span> <span class='ocrx_word' id='word_1_552' title='bbox 586 2299 626 2330; x_wconf 92' lang='lat' dir='ltr'>Et</span> <span class='ocrx_word' id='word_1_553' title='bbox 642 2299 794 2339; x_wconf 88' lang='lat' dir='ltr'>probatur</span> <span class='ocrx_word' id='word_1_554' title='bbox 817 2298 870 2329; x_wconf 89' lang='lat' dir='ltr'>sic.</span> <span class='ocrx_word' id='word_1_555' title='bbox 895 2298 927 2329; x_wconf 87' lang='lat' dir='ltr'>Si</span> <span class='ocrx_word' id='word_1_556' title='bbox 943 2298 1030 2328; x_wconf 89' lang='lat' dir='ltr'>Deus</span> <span class='ocrx_word' id='word_1_557' title='bbox 1054 2309 1120 2329; x_wconf 90' lang='lat' dir='ltr'>non</span> <span class='ocrx_word' id='word_1_558' title='bbox 1137 2306 1241 2338; x_wconf 87' lang='lat' dir='ltr'>ageret</span> <span class='ocrx_word' id='word_1_559' title='bbox 1256 2298 1316 2329; x_wconf 89' lang='lat' dir='ltr'>nisi</span> <span class='ocrx_word' id='word_1_560' title='bbox 1333 2309 1369 2329; x_wconf 88' lang='lat' dir='ltr'>ex</span> 
     </span>
     <span class='ocr_line' id='line_1_77' title="bbox 301 2343 1368 2384; baseline -0.001 -10"><span class='ocrx_word' id='word_1_561' title='bbox 301 2344 409 2384; x_wconf 87' lang='lat' dir='ltr'>aliquo</span> <span class='ocrx_word' id='word_1_562' title='bbox 434 2343 692 2384; x_wconf 88' lang='lat' dir='ltr'>praesupposito,</span> <span class='ocrx_word' id='word_1_563' title='bbox 723 2349 906 2384; x_wconf 89' lang='lat' dir='ltr'>sequeretur</span> <span class='ocrx_word' id='word_1_564' title='bbox 930 2343 1017 2383; x_wconf 90' lang='lat' dir='ltr'>quod</span> <span class='ocrx_word' id='word_1_565' title='bbox 1041 2343 1121 2373; x_wconf 88' lang='lat' dir='ltr'>illud</span> <span class='ocrx_word' id='word_1_566' title='bbox 1144 2343 1368 2383; x_wconf 89' lang='lat' dir='ltr'>praesupposi-</span> 
     </span>
     <span class='ocr_line' id='line_1_78' title="bbox 300 2387 1368 2427; baseline -0.001 -9"><span class='ocrx_word' id='word_1_567' title='bbox 300 2395 370 2418; x_wconf 89' lang='lat' dir='ltr'>tum</span> <span class='ocrx_word' id='word_1_568' title='bbox 394 2398 460 2418; x_wconf 89' lang='lat' dir='ltr'>non</span> <span class='ocrx_word' id='word_1_569' title='bbox 483 2395 563 2419; x_wconf 89' lang='lat' dir='ltr'>esset</span> <span class='ocrx_word' id='word_1_570' title='bbox 587 2394 752 2418; x_wconf 85' lang='lat' dir='ltr'>causatum</span> <span class='ocrx_word' id='word_1_571' title='bbox 771 2388 814 2418; x_wconf 70' lang='lat' dir='ltr'>ab</span> <span class='ocrx_word' id='word_1_572' title='bbox 838 2387 924 2427; x_wconf 85' lang='lat' dir='ltr'>ipso:</span> <span class='ocrx_word' id='word_1_573' title='bbox 950 2387 1005 2417; x_wconf 89' lang='lat' dir='ltr'>sed</span> <span class='ocrx_word' id='word_1_574' title='bbox 1028 2387 1107 2417; x_wconf 91' lang='lat' dir='ltr'>nihil</span> <span class='ocrx_word' id='word_1_575' title='bbox 1127 2394 1173 2418; x_wconf 91' lang='lat' dir='ltr'>est</span> <span class='ocrx_word' id='word_1_576' title='bbox 1191 2387 1223 2417; x_wconf 91' lang='lat' dir='ltr'>in</span> <span class='ocrx_word' id='word_1_577' title='bbox 1243 2387 1368 2418; x_wconf 88' lang='lat' dir='ltr'>entibus</span> 
     </span>
     <span class='ocr_line' id='line_1_79' title="bbox 300 2431 1367 2472; baseline -0.001 -9"><span class='ocrx_word' id='word_1_578' title='bbox 300 2432 497 2463; x_wconf 88' lang='lat' dir='ltr'>incausatum</span> <span class='ocrx_word' id='word_1_579' title='bbox 514 2433 552 2463; x_wconf 90' lang='lat' dir='ltr'>ab</span> <span class='ocrx_word' id='word_1_580' title='bbox 569 2432 656 2472; x_wconf 89' lang='lat' dir='ltr'>ipso:</span> <span class='ocrx_word' id='word_1_581' title='bbox 682 2441 756 2472; x_wconf 89' lang='lat' dir='ltr'>ergo</span> <span class='ocrx_word' id='word_1_582' title='bbox 780 2441 906 2462; x_wconf 89' lang='lat' dir='ltr'>necesse</span> <span class='ocrx_word' id='word_1_583' title='bbox 930 2438 977 2462; x_wconf 90' lang='lat' dir='ltr'>est</span> <span class='ocrx_word' id='word_1_584' title='bbox 999 2432 1089 2472; x_wconf 91' lang='lat' dir='ltr'>quod</span> <span class='ocrx_word' id='word_1_585' title='bbox 1110 2431 1197 2462; x_wconf 90' lang='lat' dir='ltr'>Deus</span> <span class='ocrx_word' id='word_1_586' title='bbox 1222 2442 1259 2462; x_wconf 86' lang='lat' dir='ltr'>ex</span> <span class='ocrx_word' id='word_1_587' title='bbox 1277 2431 1367 2462; x_wconf 90' lang='lat' dir='ltr'>nullo</span> 
     </span>
     <span class='ocr_line' id='line_1_80' title="bbox 300 2475 1366 2517; baseline -0.001 -10"><span class='ocrx_word' id='word_1_588' title='bbox 300 2477 542 2517; x_wconf 88' lang='lat' dir='ltr'>praesupposito</span> <span class='ocrx_word' id='word_1_589' title='bbox 562 2486 609 2507; x_wconf 87' lang='lat' dir='ltr'>res</span> <span class='ocrx_word' id='word_1_590' title='bbox 625 2476 658 2506; x_wconf 91' lang='lat' dir='ltr'>in</span> <span class='ocrx_word' id='word_1_591' title='bbox 675 2486 741 2507; x_wconf 91' lang='lat' dir='ltr'>esse</span> <span class='ocrx_word' id='word_1_592' title='bbox 761 2475 952 2517; x_wconf 87' lang='lat' dir='ltr'>produxerit.</span> <span class='ocrx_word' id='word_1_593' title='bbox 979 2476 1051 2506; x_wconf 93' lang='lat' dir='ltr'>Hoc</span> <span class='ocrx_word' id='word_1_594' title='bbox 1067 2482 1174 2506; x_wconf 88' lang='lat' dir='ltr'>autern</span> <span class='ocrx_word' id='word_1_595' title='bbox 1192 2483 1238 2507; x_wconf 91' lang='lat' dir='ltr'>est</span> <span class='ocrx_word' id='word_1_596' title='bbox 1254 2485 1366 2506; x_wconf 84' lang='lat' dir='ltr'>creare.</span> 
     </span>
    </p>
   </div>
   <div class='ocr_carea' id='block_1_11' title="bbox 1263 2555 1424 2563">
    <p class='ocr_par' dir='ltr' id='par_1_18' title="bbox 1263 2555 1424 2563">
     <span class='ocr_line' id='line_1_81' title="bbox 1263 2555 1424 2563; baseline -0.006 0"><span class='ocrx_word' id='word_1_597' title='bbox 1263 2555 1424 2563; x_wconf 58' lang='lat' dir='ltr'>m</span> 
     </span>
    </p>
   </div>
   <div class='ocr_carea' id='block_1_12' title="bbox 1423 2210 2497 2507">
    <p class='ocr_par' dir='ltr' id='par_1_19' title="bbox 1423 2210 2497 2507">
     <span class='ocr_line' id='line_1_82' title="bbox 1481 2210 2497 2254; baseline 0.003 -12"><span class='ocrx_word' id='word_1_598' title='bbox 1481 2210 1715 2243; x_wconf 88' lang='lat' dir='ltr'>Conditionalis</span> <span class='ocrx_word' id='word_1_599' title='bbox 1738 2219 1901 2253; x_wconf 88' lang='lat' dir='ltr'>assumpta</span> <span class='ocrx_word' id='word_1_600' title='bbox 1920 2213 2074 2253; x_wconf 90' lang='lat' dir='ltr'>probatur</span> <span class='ocrx_word' id='word_1_601' title='bbox 2097 2223 2134 2243; x_wconf 84' lang='lat' dir='ltr'>ex</span> <span class='ocrx_word' id='word_1_602' title='bbox 2157 2212 2211 2243; x_wconf 85' lang='lat' dir='ltr'>illa</span> <span class='ocrx_word' id='word_1_603' title='bbox 2234 2213 2408 2254; x_wconf 81' lang='lat' dir='ltr'>categorica</span> <span class='ocrx_word' id='word_1_604' title='bbox 2427 2213 2497 2245; x_wconf 88' lang='lat' dir='ltr'>uni-</span> 
     </span>
     <span class='ocr_line' id='line_1_83' title="bbox 1424 2255 2497 2298; baseline 0.004 -13"><span class='ocrx_word' id='word_1_605' title='bbox 1424 2255 1551 2286; x_wconf 84' lang='lat' dir='ltr'>versali:</span> <span class='ocrx_word' id='word_1_606' title='bbox 1577 2255 1683 2287; x_wconf 86' lang='lat' dir='ltr'>Omne</span> <span class='ocrx_word' id='word_1_607' title='bbox 1714 2255 1830 2286; x_wconf 87' lang='lat' dir='ltr'>faciens</span> <span class='ocrx_word' id='word_1_608' title='bbox 1861 2257 1980 2297; x_wconf 86' lang='lat' dir='ltr'>aliquid</span> <span class='ocrx_word' id='word_1_609' title='bbox 2010 2267 2047 2287; x_wconf 86' lang='lat' dir='ltr'>ex</span> <span class='ocrx_word' id='word_1_610' title='bbox 2070 2257 2197 2298; x_wconf 89' lang='lat' dir='ltr'>aliquo,</span> <span class='ocrx_word' id='word_1_611' title='bbox 2222 2267 2288 2289; x_wconf 91' lang='lat' dir='ltr'>non</span> <span class='ocrx_word' id='word_1_612' title='bbox 2321 2257 2409 2294; x_wconf 84' lang='lat' dir='ltr'>facit,</span> <span class='ocrx_word' id='word_1_613' title='bbox 2441 2259 2497 2289; x_wconf 88' lang='lat' dir='ltr'>sed</span> 
     </span>
     <span class='ocr_line' id='line_1_84' title="bbox 1424 2299 2497 2341; baseline 0.004 -12"><span class='ocrx_word' id='word_1_614' title='bbox 1424 2299 1655 2340; x_wconf 86' lang='lat' dir='ltr'>praesupponit</span> <span class='ocrx_word' id='word_1_615' title='bbox 1678 2299 1757 2330; x_wconf 91' lang='lat' dir='ltr'>illud</span> <span class='ocrx_word' id='word_1_616' title='bbox 1781 2310 1817 2331; x_wconf 85' lang='lat' dir='ltr'>ex</span> <span class='ocrx_word' id='word_1_617' title='bbox 1841 2310 1908 2341; x_wconf 91' lang='lat' dir='ltr'>quo</span> <span class='ocrx_word' id='word_1_618' title='bbox 1932 2300 2014 2332; x_wconf 82' lang='lat' dir='ltr'>facit.</span> <span class='ocrx_word' id='word_1_619' title='bbox 2048 2301 2139 2339; x_wconf 83' lang='lat' dir='ltr'>Quae</span> <span class='ocrx_word' id='word_1_620' title='bbox 2162 2301 2382 2333; x_wconf 82' lang='lat' dir='ltr'>manifestatur</span> <span class='ocrx_word' id='word_1_621' title='bbox 2403 2301 2497 2334; x_wconf 91' lang='lat' dir='ltr'>indu-</span> 
     </span>
     <span class='ocr_line' id='line_1_85' title="bbox 1424 2343 2496 2384; baseline 0.003 -10"><span class='ocrx_word' id='word_1_622' title='bbox 1424 2343 1513 2380; x_wconf 87' lang='lat' dir='ltr'>ctive‚</span> <span class='ocrx_word' id='word_1_623' title='bbox 1531 2343 1635 2384; x_wconf 86' lang='lat' dir='ltr'>primo</span> <span class='ocrx_word' id='word_1_624' title='bbox 1650 2343 1683 2374; x_wconf 88' lang='lat' dir='ltr'>in</span> <span class='ocrx_word' id='word_1_625' title='bbox 1699 2343 1926 2381; x_wconf 83' lang='lat' dir='ltr'>artificialibus;</span> <span class='ocrx_word' id='word_1_626' title='bbox 1947 2346 2098 2382; x_wconf 91' lang='lat' dir='ltr'>secundo,</span> <span class='ocrx_word' id='word_1_627' title='bbox 2116 2345 2149 2375; x_wconf 90' lang='lat' dir='ltr'>in</span> <span class='ocrx_word' id='word_1_628' title='bbox 2177 2345 2383 2377; x_wconf 80' lang='lat' dir='ltr'>naturalibus.</span> <span class='ocrx_word' id='word_1_629' title='bbox 2396 2364 2417 2370; x_wconf 90' lang='lat'><em>-</em></span> <span class='ocrx_word' id='word_1_630' title='bbox 2433 2347 2496 2378; x_wconf 90' lang='lat' dir='ltr'>De-</span> 
     </span>
     <span class='ocr_line' id='line_1_86' title="bbox 1424 2388 2497 2431; baseline 0.004 -13"><span class='ocrx_word' id='word_1_631' title='bbox 1424 2388 1555 2419; x_wconf 87' lang='lat' dir='ltr'>structio</span> <span class='ocrx_word' id='word_1_632' title='bbox 1579 2394 1686 2419; x_wconf 89' lang='lat' dir='ltr'>autem</span> <span class='ocrx_word' id='word_1_633' title='bbox 1703 2389 1926 2430; x_wconf 87' lang='lat' dir='ltr'>consequentis</span> <span class='ocrx_word' id='word_1_634' title='bbox 1945 2390 2097 2430; x_wconf 87' lang='lat' dir='ltr'>probatur</span> <span class='ocrx_word' id='word_1_635' title='bbox 2112 2399 2148 2420; x_wconf 86' lang='lat' dir='ltr'>ex</span> <span class='ocrx_word' id='word_1_636' title='bbox 2165 2390 2350 2431; x_wconf 78' lang='lat' dir='ltr'>quaestione</span> <span class='ocrx_word' id='word_1_637' title='bbox 2369 2400 2497 2431; x_wconf 79' lang='lat' dir='ltr'>praece-</span> 
     </span>
     <span class='ocr_line' id='line_1_87' title="bbox 1424 2432 2496 2475; baseline 0.004 -13"><span class='ocrx_word' id='word_1_638' title='bbox 1424 2432 1516 2463; x_wconf 89' lang='lat' dir='ltr'>dente</span> <span class='ocrx_word' id='word_1_639' title='bbox 1531 2432 1558 2469; x_wconf 87' lang='lat'>*,</span> <span class='ocrx_word' id='word_1_640' title='bbox 1577 2432 1631 2463; x_wconf 94' lang='lat' dir='ltr'>ubi</span> <span class='ocrx_word' id='word_1_641' title='bbox 1651 2439 1817 2464; x_wconf 90' lang='lat' dir='ltr'>ostensum</span> <span class='ocrx_word' id='word_1_642' title='bbox 1841 2440 1887 2464; x_wconf 91' lang='lat' dir='ltr'>est</span> <span class='ocrx_word' id='word_1_643' title='bbox 1909 2434 1998 2475; x_wconf 92' lang='lat' dir='ltr'>quod</span> <span class='ocrx_word' id='word_1_644' title='bbox 2021 2434 2109 2465; x_wconf 91' lang='lat' dir='ltr'>Deus</span> <span class='ocrx_word' id='word_1_645' title='bbox 2133 2441 2180 2465; x_wconf 87' lang='lat' dir='ltr'>est</span> <span class='ocrx_word' id='word_1_646' title='bbox 2197 2444 2293 2465; x_wconf 82' lang='lat' dir='ltr'>causa</span> <span class='ocrx_word' id='word_1_647' title='bbox 2311 2434 2496 2466; x_wconf 79' lang='lat' dir='ltr'>universalis</span> 
     </span>
     <span class='ocr_line' id='line_1_88' title="bbox 1423 2483 1621 2507; baseline 0 0"><span class='ocrx_word' id='word_1_648' title='bbox 1423 2483 1521 2507; x_wconf 81' lang='lat' dir='ltr'>tonus</span> <span class='ocrx_word' id='word_1_649' title='bbox 1545 2487 1621 2507; x_wconf 85' lang='lat' dir='ltr'>esse.</span> 
     </span>
    </p>
   </div>
   <div class='ocr_carea' id='block_1_13' title="bbox 1425 2555 1530 2563">
    <p class='ocr_par' dir='ltr' id='par_1_20' title="bbox 1425 2555 1530 2563">
     <span class='ocr_line' id='line_1_89' title="bbox 1425 2555 1530 2563; baseline 0 1615"><span class='ocrx_word' id='word_1_650' title='bbox 1425 2555 1530 2563; x_wconf 95' lang='lat' dir='ltr'> </span> 
     </span>
    </p>
   </div>
   <div class='ocr_carea' id='block_1_14' title="bbox 896 2622 1897 2756">
    <p class='ocr_par' dir='ltr' id='par_1_21' title="bbox 896 2622 1897 2756">
     <span class='ocr_line' id='line_1_90' title="bbox 1104 2622 1683 2666; baseline 0.002 -2"><span class='ocrx_word' id='word_1_651' title='bbox 1104 2622 1423 2665; x_wconf 86' lang='lat' dir='ltr'>ARTICULUS</span> <span class='ocrx_word' id='word_1_652' title='bbox 1453 2623 1683 2666; x_wconf 88' lang='lat' dir='ltr'>TERTIUS</span> 
     </span>
     <span class='ocr_line' id='line_1_91' title="bbox 896 2716 1897 2756; baseline 0.002 -8"><span class='ocrx_word' id='word_1_653' title='bbox 896 2717 1052 2748; x_wconf 88' lang='lat' dir='ltr'>UTRUM</span> <span class='ocrx_word' id='word_1_654' title='bbox 1076 2716 1270 2748; x_wconf 85' lang='lat' dir='ltr'>CREATIO</span> <span class='ocrx_word' id='word_1_655' title='bbox 1295 2717 1362 2748; x_wconf 84' lang='lat' dir='ltr'>SIT</span> <span class='ocrx_word' id='word_1_656' title='bbox 1386 2717 1566 2756; x_wconf 80' lang='lat' dir='ltr'>ALIQUID</span> <span class='ocrx_word' id='word_1_657' title='bbox 1591 2718 1635 2749; x_wconf 84' lang='lat' dir='ltr'>IN</span> <span class='ocrx_word' id='word_1_658' title='bbox 1658 2717 1897 2750; x_wconf 84' lang='lat' dir='ltr'>CREATURA</span> 
     </span>
    </p>
   </div>
   <div class='ocr_carea' id='block_1_15' title="bbox 637 2795 2155 2864">
    <p class='ocr_par' dir='ltr' id='par_1_22' title="bbox 637 2795 2155 2864">
     <span class='ocr_line' id='line_1_92' title="bbox 637 2795 2155 2832; baseline 0.003 -12"><span class='ocrx_word' id='word_1_659' title='bbox 637 2796 645 2820; x_wconf 90' lang='lat'>1</span> <span class='ocrx_word' id='word_1_660' title='bbox 666 2795 748 2825; x_wconf 75' lang='lat' dir='ltr'>Sent„</span> <span class='ocrx_word' id='word_1_661' title='bbox 769 2795 827 2820; x_wconf 85' lang='lat' dir='ltr'>dist.</span> <span class='ocrx_word' id='word_1_662' title='bbox 848 2803 887 2827; x_wconf 80' lang='lat' dir='ltr'>xL,</span> <span class='ocrx_word' id='word_1_663' title='bbox 908 2803 952 2828; x_wconf 89' lang='lat' dir='ltr'>qu.</span> <span class='ocrx_word' id='word_1_664' title='bbox 971 2803 990 2826; x_wconf 87' lang='lat'>1,</span> <span class='ocrx_word' id='word_1_665' title='bbox 1009 2801 1055 2820; x_wconf 87' lang='lat' dir='ltr'>art.</span> <span class='ocrx_word' id='word_1_666' title='bbox 1079 2803 1100 2827; x_wconf 90' lang='lat'>1,</span> <span class='ocrx_word' id='word_1_667' title='bbox 1120 2796 1152 2820; x_wconf 78' lang='lat' dir='ltr'>ad</span> <span class='ocrx_word' id='word_1_668' title='bbox 1175 2803 1199 2826; x_wconf 69' lang='lat'>1}</span> <span class='ocrx_word' id='word_1_669' title='bbox 1222 2796 1251 2826; x_wconf 89' lang='lat'>11,</span> <span class='ocrx_word' id='word_1_670' title='bbox 1272 2795 1331 2820; x_wconf 82' lang='lat' dir='ltr'>dist.</span> <span class='ocrx_word' id='word_1_671' title='bbox 1350 2803 1367 2826; x_wconf 83' lang='lat'>1,</span> <span class='ocrx_word' id='word_1_672' title='bbox 1389 2803 1434 2829; x_wconf 93' lang='lat' dir='ltr'>qu.</span> <span class='ocrx_word' id='word_1_673' title='bbox 1453 2804 1471 2827; x_wconf 84' lang='lat'>1,</span> <span class='ocrx_word' id='word_1_674' title='bbox 1492 2800 1540 2821; x_wconf 83' lang='lat' dir='ltr'>art.</span> <span class='ocrx_word' id='word_1_675' title='bbox 1561 2803 1584 2826; x_wconf 80' lang='lat'>2,</span> <span class='ocrx_word' id='word_1_676' title='bbox 1605 2796 1637 2821; x_wconf 86' lang='lat' dir='ltr'>ad</span> <span class='ocrx_word' id='word_1_677' title='bbox 1655 2804 1681 2829; x_wconf 87' lang='lat'>4,</span> <span class='ocrx_word' id='word_1_678' title='bbox 1703 2796 1731 2828; x_wconf 85' lang='lat'>5;</span> <span class='ocrx_word' id='word_1_679' title='bbox 1751 2797 1771 2822; x_wconf 94' lang='lat'>11</span> <span class='ocrx_word' id='word_1_680' title='bbox 1795 2797 1874 2824; x_wconf 77' lang='lat' dir='ltr'>Cont.</span> <span class='ocrx_word' id='word_1_681' title='bbox 1897 2798 1984 2828; x_wconf 73' lang='lat' dir='ltr'>Gent„</span> <span class='ocrx_word' id='word_1_682' title='bbox 2004 2805 2061 2832; x_wconf 82' lang='lat' dir='ltr'>cap.</span> <span class='ocrx_word' id='word_1_683' title='bbox 2079 2805 2155 2830; x_wconf 76' lang='lat' dir='ltr'>xv111;</span> 
     </span>
     <span class='ocr_line' id='line_1_93' title="bbox 1211 2831 1577 2864; baseline 0 -8"><span class='ocrx_word' id='word_1_684' title='bbox 1211 2831 1254 2856; x_wconf 92' lang='lat' dir='ltr'>De</span> <span class='ocrx_word' id='word_1_685' title='bbox 1273 2831 1340 2861; x_wconf 73' lang='lat' dir='ltr'>Pot„</span> <span class='ocrx_word' id='word_1_686' title='bbox 1362 2839 1407 2864; x_wconf 92' lang='lat' dir='ltr'>qu.</span> <span class='ocrx_word' id='word_1_687' title='bbox 1427 2839 1465 2861; x_wconf 87' lang='lat'>111,</span> <span class='ocrx_word' id='word_1_688' title='bbox 1484 2837 1531 2857; x_wconf 85' lang='grc'><strong>311.</strong></span> <span class='ocrx_word' id='word_1_689' title='bbox 1553 2831 1577 2857; x_wconf 84' lang='lat'>3.</span> 
     </span>
    </p>
   </div>
   <div class='ocr_carea' id='block_1_16' title="bbox 352 2919 1366 3021">
    <p class='ocr_par' dir='ltr' id='par_1_23' title="bbox 340 2919 1366 3030">
     <span class='ocr_line' id='line_1_94' title="bbox 352 2919 1365 2969; baseline 0.001 -14"><span class='ocrx_word' id='word_1_690' title='bbox 352 2962 359 2969; x_wconf 85' lang='lat'>.</span> <span class='ocrx_word' id='word_1_691' title='bbox 492 2921 719 2957; x_wconf 74' lang='lat' dir='ltr'>--DTER&#39;T1UM</span> <span class='ocrx_word' id='word_1_692' title='bbox 745 2931 797 2956; x_wconf 88' lang='grc'>516</span> <span class='ocrx_word' id='word_1_693' title='bbox 821 2931 1060 2957; x_wconf 70' lang='lat' dir='ltr'>PRocanii-UR.</span> <span class='ocrx_word' id='word_1_694' title='bbox 1081 2919 1240 2957; x_wconf 91' lang='lat' dir='ltr'>Videtur</span> <span class='ocrx_word' id='word_1_695' title='bbox 1258 2920 1365 2968; x_wconf 93' lang='lat' dir='ltr'>quod</span> 
     </span>
     <span class='ocr_line' id='line_1_95' title="bbox 512 2972 1366 3021; baseline 0.001 -11.832"><span class='ocrx_word' id='word_1_696' title='bbox 512 2973 648 3010; x_wconf 87' lang='lat' dir='ltr'>creatio</span> <span class='ocrx_word' id='word_1_697' title='bbox 669 2985 748 3010; x_wconf 91' lang='lat' dir='ltr'>non</span> <span class='ocrx_word' id='word_1_698' title='bbox 767 2972 813 3009; x_wconf 92' lang='lat' dir='ltr'>sit</span> <span class='ocrx_word' id='word_1_699' title='bbox 831 2972 971 3021; x_wconf 89' lang='lat' dir='ltr'>aliquid</span> <span class='ocrx_word' id='word_1_700' title='bbox 991 2973 1029 3010; x_wconf 90' lang='lat' dir='ltr'>in</span> <span class='ocrx_word' id='word_1_701' title='bbox 1050 2981 1231 3010; x_wconf 89' lang='lat' dir='ltr'>creatura.</span> <span class='ocrx_word' id='word_1_702' title='bbox 1261 2973 1366 3010; x_wconf 88' lang='lat' dir='ltr'>Sicut</span> 
     </span>
    </p>
   </div>
   <div class='ocr_carea' id='block_1_17' title="bbox 299 2925 508 3126">
    <p class='ocr_par' dir='ltr' id='par_1_24' title="bbox 299 2925 508 3126">
     <span class='ocr_line' id='line_1_96' title="bbox 299 2925 508 3126; baseline 0 1052"><span class='ocrx_word' id='word_1_703' title='bbox 299 2925 508 3126; x_wconf 95' lang='lat' dir='ltr'> </span> 
     </span>
    </p>
   </div>
   <div class='ocr_carea' id='block_1_18' title="bbox 300 3131 1367 3392">
    <p class='ocr_par' dir='ltr' id='par_1_25' title="bbox 300 3131 1367 3342">
     <span class='ocr_line' id='line_1_97' title="bbox 300 3131 1366 3182; baseline 0.003 -15"><span class='ocrx_word' id='word_1_704' title='bbox 300 3131 472 3168; x_wconf 89' lang='lat' dir='ltr'>tribuitur</span> <span class='ocrx_word' id='word_1_705' title='bbox 498 3133 680 3170; x_wconf 87' lang='lat' dir='ltr'>Creatori.</span> <span class='ocrx_word' id='word_1_706' title='bbox 712 3132 789 3169; x_wconf 91' lang='lat' dir='ltr'>Sed</span> <span class='ocrx_word' id='word_1_707' title='bbox 810 3132 949 3169; x_wconf 88' lang='lat' dir='ltr'>creatio</span> <span class='ocrx_word' id='word_1_708' title='bbox 971 3133 1091 3170; x_wconf 88' lang='lat' dir='ltr'>active</span> <span class='ocrx_word' id='word_1_709' title='bbox 1112 3141 1267 3182; x_wconf 87' lang='lat' dir='ltr'>accepta</span> <span class='ocrx_word' id='word_1_710' title='bbox 1287 3146 1366 3171; x_wconf 92' lang='lat' dir='ltr'>non</span> 
     </span>
     <span class='ocr_line' id='line_1_98' title="bbox 302 3185 1367 3235; baseline 0.004 -15"><span class='ocrx_word' id='word_1_711' title='bbox 302 3192 356 3221; x_wconf 88' lang='lat' dir='ltr'>est</span> <span class='ocrx_word' id='word_1_712' title='bbox 390 3185 530 3233; x_wconf 89' lang='lat' dir='ltr'>aliquid</span> <span class='ocrx_word' id='word_1_713' title='bbox 567 3186 605 3223; x_wconf 84' lang='grc'>111</span> <span class='ocrx_word' id='word_1_714' title='bbox 639 3187 840 3223; x_wconf 89' lang='lat' dir='ltr'>Creatore:</span> <span class='ocrx_word' id='word_1_715' title='bbox 879 3186 968 3234; x_wconf 89' lang='lat' dir='ltr'>quia</span> <span class='ocrx_word' id='word_1_716' title='bbox 1006 3186 1058 3223; x_wconf 89' lang='grc'>516</span> <span class='ocrx_word' id='word_1_717' title='bbox 1088 3193 1105 3208; x_wconf 77' lang='lat'>0‘</span> <span class='ocrx_word' id='word_1_718' title='bbox 1144 3195 1367 3235; x_wconf 89' lang='lat' dir='ltr'>sequeretur</span> 
     </span>
     <span class='ocr_line' id='line_1_99' title="bbox 301 3237 1366 3288; baseline 0.002 -13"><span class='ocrx_word' id='word_1_719' title='bbox 301 3237 406 3286; x_wconf 92' lang='lat' dir='ltr'>quod</span> <span class='ocrx_word' id='word_1_720' title='bbox 425 3238 463 3275; x_wconf 91' lang='lat' dir='ltr'>in</span> <span class='ocrx_word' id='word_1_721' title='bbox 478 3240 562 3276; x_wconf 89' lang='lat' dir='ltr'>Deo</span> <span class='ocrx_word' id='word_1_722' title='bbox 584 3246 682 3276; x_wconf 88' lang='lat' dir='ltr'>esset</span> <span class='ocrx_word' id='word_1_723' title='bbox 700 3239 840 3288; x_wconf 92' lang='lat' dir='ltr'>aliquid</span> <span class='ocrx_word' id='word_1_724' title='bbox 860 3240 1082 3288; x_wconf 88' lang='lat' dir='ltr'>temporale.</span> <span class='ocrx_word' id='word_1_725' title='bbox 1104 3241 1206 3288; x_wconf 83' lang='lat' dir='ltr'>Ergo</span> <span class='ocrx_word' id='word_1_726' title='bbox 1227 3240 1366 3277; x_wconf 88' lang='lat' dir='ltr'>creatio</span> 
     </span>
     <span class='ocr_line' id='line_1_100' title="bbox 300 3291 1273 3342; baseline 0.003 -14"><span class='ocrx_word' id='word_1_727' title='bbox 300 3291 450 3339; x_wconf 88' lang='lat' dir='ltr'>passive</span> <span class='ocrx_word' id='word_1_728' title='bbox 479 3300 634 3341; x_wconf 89' lang='lat' dir='ltr'>accepta</span> <span class='ocrx_word' id='word_1_729' title='bbox 663 3305 742 3329; x_wconf 91' lang='lat' dir='ltr'>non</span> <span class='ocrx_word' id='word_1_730' title='bbox 771 3300 826 3329; x_wconf 93' lang='lat' dir='ltr'>est</span> <span class='ocrx_word' id='word_1_731' title='bbox 854 3293 995 3342; x_wconf 91' lang='lat' dir='ltr'>aliquid</span> <span class='ocrx_word' id='word_1_732' title='bbox 1024 3292 1062 3329; x_wconf 92' lang='lat' dir='ltr'>in</span> <span class='ocrx_word' id='word_1_733' title='bbox 1091 3301 1273 3331; x_wconf 89' lang='lat' dir='ltr'>creatura.</span> 
     </span>
    </p>

    <p class='ocr_par' dir='ltr' id='par_1_26' title="bbox 332 3345 1367 3392">
     <span class='ocr_line' id='line_1_101' title="bbox 332 3345 1367 3392; baseline 0.003 -11"><span class='ocrx_word' id='word_1_734' title='bbox 332 3356 390 3382; x_wconf 88' lang='lat'>.2.</span> <span class='ocrx_word' id='word_1_735' title='bbox 419 3345 656 3392; x_wconf 83' lang='lat' dir='ltr'>PRAETEREA,</span> <span class='ocrx_word' id='word_1_736' title='bbox 687 3345 778 3382; x_wconf 90' lang='lat' dir='ltr'>nihil</span> <span class='ocrx_word' id='word_1_737' title='bbox 807 3353 860 3382; x_wconf 91' lang='lat' dir='ltr'>est</span> <span class='ocrx_word' id='word_1_738' title='bbox 887 3346 1057 3383; x_wconf 90' lang='lat' dir='ltr'>medium</span> <span class='ocrx_word' id='word_1_739' title='bbox 1088 3346 1183 3383; x_wconf 92' lang='lat' dir='ltr'>inter</span> <span class='ocrx_word' id='word_1_740' title='bbox 1211 3347 1367 3384; x_wconf 91' lang='lat' dir='ltr'>Creato-</span> 
     </span>
    </p>
   </div>
   <div class='ocr_carea' id='block_1_19' title="bbox 268 3399 1367 3447">
    <p class='ocr_par' dir='ltr' id='par_1_27' title="bbox 268 3399 1367 3447">
     <span class='ocr_line' id='line_1_102' title="bbox 268 3399 1367 3447; baseline 0.004 -13"><span class='ocrx_word' id='word_1_741' title='bbox 268 3444 271 3446; x_wconf 26' lang='grc'>,</span> <span class='ocrx_word' id='word_1_742' title='bbox 300 3409 380 3434; x_wconf 82' lang='grc'><strong>16111</strong></span> <span class='ocrx_word' id='word_1_743' title='bbox 402 3405 437 3434; x_wconf 87' lang='grc'>61</span> <span class='ocrx_word' id='word_1_744' title='bbox 458 3406 680 3435; x_wconf 84' lang='grc'><strong>616311113111.</strong></span> <span class='ocrx_word' id='word_1_745' title='bbox 712 3399 789 3436; x_wconf 91' lang='lat' dir='ltr'>Sed</span> <span class='ocrx_word' id='word_1_746' title='bbox 818 3399 956 3436; x_wconf 87' lang='lat' dir='ltr'>creatio</span> <span class='ocrx_word' id='word_1_747' title='bbox 982 3399 1211 3447; x_wconf 87' lang='lat' dir='ltr'>significatur</span> <span class='ocrx_word' id='word_1_748' title='bbox 1229 3407 1367 3438; x_wconf 85' lang='grc'><strong>1111116-</strong></span> 
     </span>
    </p>
   </div>
   <div class='ocr_carea' id='block_1_20' title="bbox 1420 2920 2496 3450">
    <p class='ocr_par' dir='ltr' id='par_1_28' title="bbox 1420 2920 2496 3182">
     <span class='ocr_line' id='line_1_103' title="bbox 1421 2920 2496 2972; baseline 0.004 -15"><span class='ocrx_word' id='word_1_749' title='bbox 1421 2920 1527 2958; x_wconf 90' lang='lat' dir='ltr'>dium</span> <span class='ocrx_word' id='word_1_750' title='bbox 1555 2920 1892 2970; x_wconf 25' lang='lat' dir='ltr'>inter-utrumque:</span> <span class='ocrx_word' id='word_1_751' title='bbox 1918 2934 1996 2959; x_wconf 92' lang='lat' dir='ltr'>non</span> <span class='ocrx_word' id='word_1_752' title='bbox 2017 2922 2119 2960; x_wconf 90' lang='lat' dir='ltr'>enirn</span> <span class='ocrx_word' id='word_1_753' title='bbox 2140 2930 2194 2960; x_wconf 91' lang='lat' dir='ltr'>est</span> <span class='ocrx_word' id='word_1_754' title='bbox 2215 2923 2385 2972; x_wconf 90' lang='lat' dir='ltr'>Creator,</span> <span class='ocrx_word' id='word_1_755' title='bbox 2408 2936 2496 2962; x_wconf 88' lang='lat' dir='ltr'>cum</span> 
     </span>
     <span class='ocr_line' id='line_1_104' title="bbox 1420 2973 2496 3026; baseline 0.005 -16"><span class='ocrx_word' id='word_1_756' title='bbox 1420 2986 1499 3011; x_wconf 92' lang='lat' dir='ltr'>non</span> <span class='ocrx_word' id='word_1_757' title='bbox 1519 2973 1565 3011; x_wconf 91' lang='lat' dir='ltr'>sit</span> <span class='ocrx_word' id='word_1_758' title='bbox 1583 2981 1751 3021; x_wconf 89' lang='lat' dir='ltr'>aeterna;</span> <span class='ocrx_word' id='word_1_759' title='bbox 1781 2987 1906 3024; x_wconf 90' lang='lat' dir='ltr'>neque</span> <span class='ocrx_word' id='word_1_760' title='bbox 1937 2983 2119 3024; x_wconf 87' lang='lat' dir='ltr'>creatura,</span> <span class='ocrx_word' id='word_1_761' title='bbox 2149 2976 2238 3024; x_wconf 88' lang='lat' dir='ltr'>quia</span> <span class='ocrx_word' id='word_1_762' title='bbox 2267 2985 2460 3026; x_wconf 89' lang='lat' dir='ltr'>oporteret</span> <span class='ocrx_word' id='word_1_763' title='bbox 2477 2975 2496 3007; x_wconf 67' lang='lat' dir='ltr'><em>F</em></span> 
     </span>
     <span class='ocr_line' id='line_1_105' title="bbox 1422 3027 2495 3080; baseline 0.005 -16"><span class='ocrx_word' id='word_1_764' title='bbox 1422 3027 1558 3064; x_wconf 87' lang='lat' dir='ltr'>eadem</span> <span class='ocrx_word' id='word_1_765' title='bbox 1579 3027 1723 3065; x_wconf 88' lang='lat' dir='ltr'>ratione</span> <span class='ocrx_word' id='word_1_766' title='bbox 1753 3028 1866 3066; x_wconf 89' lang='lat' dir='ltr'>aliam</span> <span class='ocrx_word' id='word_1_767' title='bbox 1893 3041 2040 3077; x_wconf 88' lang='lat' dir='ltr'>ponere</span> <span class='ocrx_word' id='word_1_768' title='bbox 2064 3029 2297 3067; x_wconf 88' lang='lat' dir='ltr'>creationem</span> <span class='ocrx_word' id='word_1_769' title='bbox 2318 3043 2395 3080; x_wconf 88' lang='lat' dir='ltr'>qua</span> <span class='ocrx_word' id='word_1_770' title='bbox 2413 3031 2495 3080; x_wconf 86' lang='lat' dir='ltr'>ipsa</span> 
     </span>
     <span class='ocr_line' id='line_1_106' title="bbox 1422 3081 2495 3132; baseline 0.005 -15"><span class='ocrx_word' id='word_1_771' title='bbox 1422 3088 1623 3128; x_wconf 88' lang='lat' dir='ltr'>crearetur,</span> <span class='ocrx_word' id='word_1_772' title='bbox 1654 3089 1691 3118; x_wconf 91' lang='lat' dir='ltr'>et</span> <span class='ocrx_word' id='word_1_773' title='bbox 1719 3081 1771 3118; x_wconf 92' lang='lat' dir='ltr'>sic</span> <span class='ocrx_word' id='word_1_774' title='bbox 1799 3081 1838 3119; x_wconf 91' lang='lat' dir='ltr'>in</span> <span class='ocrx_word' id='word_1_775' title='bbox 1866 3082 2069 3120; x_wconf 89' lang='lat' dir='ltr'>infinitum.</span> <span class='ocrx_word' id='word_1_776' title='bbox 2107 3082 2259 3120; x_wconf 91' lang='lat' dir='ltr'>Creatio</span> <span class='ocrx_word' id='word_1_777' title='bbox 2296 3096 2385 3132; x_wconf 81' lang='lat' dir='ltr'>ergo</span> <span class='ocrx_word' id='word_1_778' title='bbox 2415 3097 2495 3122; x_wconf 90' lang='lat' dir='ltr'>non</span> 
     </span>
     <span class='ocr_line' id='line_1_107' title="bbox 1423 3134 1659 3182; baseline 0.004 -12"><span class='ocrx_word' id='word_1_779' title='bbox 1423 3142 1479 3171; x_wconf 89' lang='lat' dir='ltr'>est</span> <span class='ocrx_word' id='word_1_780' title='bbox 1507 3134 1659 3182; x_wconf 91' lang='lat' dir='ltr'>aliquid.</span> 
     </span>
    </p>

    <p class='ocr_par' dir='ltr' id='par_1_29' title="bbox 1422 3187 2495 3450">
     <span class='ocr_line' id='line_1_108' title="bbox 1479 3187 2494 3239; baseline 0.004 -15"><span class='ocrx_word' id='word_1_781' title='bbox 1479 3188 1512 3224; x_wconf 85' lang='lat'>3.</span> <span class='ocrx_word' id='word_1_782' title='bbox 1534 3188 1768 3235; x_wconf 73' lang='lat' dir='ltr'>PRAETEREA‚</span> <span class='ocrx_word' id='word_1_783' title='bbox 1790 3187 1820 3224; x_wconf 89' lang='grc'>51</span> <span class='ocrx_word' id='word_1_784' title='bbox 1841 3188 1981 3226; x_wconf 89' lang='lat' dir='ltr'>creatio</span> <span class='ocrx_word' id='word_1_785' title='bbox 2003 3195 2058 3226; x_wconf 90' lang='lat' dir='ltr'>est</span> <span class='ocrx_word' id='word_1_786' title='bbox 2076 3188 2218 3238; x_wconf 86' lang='lat' dir='ltr'>aliquid</span> <span class='ocrx_word' id='word_1_787' title='bbox 2237 3197 2388 3239; x_wconf 90' lang='lat' dir='ltr'>praeter</span> <span class='ocrx_word' id='word_1_788' title='bbox 2406 3190 2494 3228; x_wconf 91' lang='lat' dir='ltr'>sub-</span> 
     </span>
     <span class='ocr_line' id='line_1_109' title="bbox 1423 3240 2493 3290; baseline 0.004 -13"><span class='ocrx_word' id='word_1_789' title='bbox 1423 3240 1599 3278; x_wconf 89' lang='lat' dir='ltr'>stantiam</span> <span class='ocrx_word' id='word_1_790' title='bbox 1629 3248 1808 3289; x_wconf 87' lang='lat' dir='ltr'>creatam,</span> <span class='ocrx_word' id='word_1_791' title='bbox 1838 3249 1996 3290; x_wconf 66' lang='lat' dir='ltr'>oportet.</span> <span class='ocrx_word' id='word_1_792' title='bbox 2013 3242 2118 3290; x_wconf 89' lang='lat' dir='ltr'>quod</span> <span class='ocrx_word' id='word_1_793' title='bbox 2138 3242 2184 3280; x_wconf 92' lang='lat' dir='ltr'>sit</span> <span class='ocrx_word' id='word_1_794' title='bbox 2202 3243 2379 3281; x_wconf 89' lang='lat' dir='ltr'>accidens</span> <span class='ocrx_word' id='word_1_795' title='bbox 2399 3243 2493 3282; x_wconf 88' lang='lat' dir='ltr'>eius.</span> 
     </span>
     <span class='ocr_line' id='line_1_110' title="bbox 1424 3294 2494 3345; baseline 0.005 -15"><span class='ocrx_word' id='word_1_796' title='bbox 1424 3294 1553 3331; x_wconf 90' lang='lat' dir='ltr'>Omne</span> <span class='ocrx_word' id='word_1_797' title='bbox 1583 3302 1711 3331; x_wconf 89' lang='lat' dir='ltr'>autem</span> <span class='ocrx_word' id='word_1_798' title='bbox 1741 3294 1917 3332; x_wconf 89' lang='lat' dir='ltr'>accidens</span> <span class='ocrx_word' id='word_1_799' title='bbox 1947 3302 2002 3332; x_wconf 91' lang='lat' dir='ltr'>est</span> <span class='ocrx_word' id='word_1_800' title='bbox 2030 3294 2068 3332; x_wconf 93' lang='lat' dir='ltr'>in</span> <span class='ocrx_word' id='word_1_801' title='bbox 2097 3295 2280 3333; x_wconf 89' lang='lat' dir='ltr'>subiecto.</span> <span class='ocrx_word' id='word_1_802' title='bbox 2312 3297 2413 3345; x_wconf 87' lang='lat' dir='ltr'>Ergo</span> <span class='ocrx_word' id='word_1_803' title='bbox 2434 3309 2494 3335; x_wconf 90' lang='lat' dir='ltr'>res</span> 
     </span>
     <span class='ocr_line' id='line_1_111' title="bbox 1423 3347 2494 3388; baseline 0.004 -4"><span class='ocrx_word' id='word_1_804' title='bbox 1423 3355 1547 3384; x_wconf 91' lang='lat' dir='ltr'>creata</span> <span class='ocrx_word' id='word_1_805' title='bbox 1577 3355 1675 3384; x_wconf 91' lang='lat' dir='ltr'>esset</span> <span class='ocrx_word' id='word_1_806' title='bbox 1694 3347 1908 3385; x_wconf 90' lang='lat' dir='ltr'>subiectum</span> <span class='ocrx_word' id='word_1_807' title='bbox 1929 3348 2140 3386; x_wconf 90' lang='lat' dir='ltr'>creationis.</span> <span class='ocrx_word' id='word_1_808' title='bbox 2171 3350 2220 3386; x_wconf 91' lang='lat' dir='ltr'>Et</span> <span class='ocrx_word' id='word_1_809' title='bbox 2238 3349 2290 3387; x_wconf 91' lang='lat' dir='ltr'>sic</span> <span class='ocrx_word' id='word_1_810' title='bbox 2309 3349 2412 3387; x_wconf 89' lang='lat' dir='ltr'>idem</span> <span class='ocrx_word' id='word_1_811' title='bbox 2438 3363 2494 3388; x_wconf 91' lang='lat' dir='ltr'>es·</span> 
     </span>
     <span class='ocr_line' id='line_1_112' title="bbox 1422 3400 2495 3450; baseline 0.005 -13"><span class='ocrx_word' id='word_1_812' title='bbox 1422 3408 1478 3437; x_wconf 91' lang='lat' dir='ltr'>set</span> <span class='ocrx_word' id='word_1_813' title='bbox 1498 3405 1512 3427; x_wconf 88' lang='lat'>⁷</span> <span class='ocrx_word' id='word_1_814' title='bbox 1541 3400 1754 3438; x_wconf 88' lang='lat' dir='ltr'>subiectum</span> <span class='ocrx_word' id='word_1_815' title='bbox 1784 3401 1983 3438; x_wconf 90' lang='lat' dir='ltr'>creationis</span> <span class='ocrx_word' id='word_1_816' title='bbox 2013 3409 2049 3438; x_wconf 90' lang='lat' dir='ltr'>et</span> <span class='ocrx_word' id='word_1_817' title='bbox 2075 3402 2269 3441; x_wconf 89' lang='lat' dir='ltr'>terminus.</span> <span class='ocrx_word' id='word_1_818' title='bbox 2300 3403 2418 3450; x_wconf 88' lang='lat' dir='ltr'>Quod</span> <span class='ocrx_word' id='word_1_819' title='bbox 2438 3411 2495 3442; x_wconf 89' lang='lat' dir='ltr'>est</span> 
     </span>
    </p>
   </div>
   <div class='ocr_carea' id='block_1_21' title="bbox 991 3480 1772 3485">
    <p class='ocr_par' dir='ltr' id='par_1_30' title="bbox 991 3480 1772 3485">
     <span class='ocr_line' id='line_1_113' title="bbox 991 3480 1772 3485; baseline 0 0"><span class='ocrx_word' id='word_1_820' title='bbox 991 3480 1772 3485; x_wconf 95' lang='lat' dir='ltr'> </span> 
     </span>
    </p>
   </div>
   <div class='ocr_carea' id='block_1_22' title="bbox 353 3510 815 3579">
    <p class='ocr_par' dir='ltr' id='par_1_31' title="bbox 353 3510 815 3579">
     <span class='ocr_line' id='line_1_114' title="bbox 353 3510 705 3543; baseline 0.009 -8"><span class='ocrx_word' id='word_1_821' title='bbox 353 3510 379 3543; x_wconf 91' lang='grc' dir='ltr'>α)</span> <span class='ocrx_word' id='word_1_822' title='bbox 399 3511 444 3536; x_wconf 82' lang='lat' dir='ltr'>sic.</span> <span class='ocrx_word' id='word_1_823' title='bbox 462 3525 482 3530; x_wconf 84' lang='lat'>—</span> <span class='ocrx_word' id='word_1_824' title='bbox 499 3512 523 3536; x_wconf 76' lang='lat' dir='ltr'>si</span> <span class='ocrx_word' id='word_1_825' title='bbox 541 3512 578 3537; x_wconf 87' lang='lat' dir='ltr'>sic</span> <span class='ocrx_word' id='word_1_826' title='bbox 597 3512 705 3538; x_wconf 82' lang='lat' dir='ltr'>PFGab.</span> 
     </span>
     <span class='ocr_line' id='line_1_115' title="bbox 354 3545 815 3579; baseline 0.004 -8"><span class='ocrx_word' id='word_1_827' title='bbox 354 3545 378 3578; x_wconf 86' lang='grc' dir='ltr'>β)</span> <span class='ocrx_word' id='word_1_828' title='bbox 399 3550 541 3578; x_wconf 81' lang='lat' dir='ltr'>oporteret.</span> <span class='ocrx_word' id='word_1_829' title='bbox 559 3561 578 3566; x_wconf 95' lang='lat'><em>-</em></span> <span class='ocrx_word' id='word_1_830' title='bbox 596 3551 701 3579; x_wconf 80' lang='lat' dir='ltr'>oportet</span> <span class='ocrx_word' id='word_1_831' title='bbox 721 3548 815 3573; x_wconf 79' lang='lat' dir='ltr'>PACE.</span> 
     </span>
    </p>
   </div>
   <div class='ocr_carea' id='block_1_23' title="bbox 1474 3517 1628 3548">
    <p class='ocr_par' dir='ltr' id='par_1_32' title="bbox 1474 3517 1628 3548">
     <span class='ocr_line' id='line_1_116' title="bbox 1474 3517 1628 3548; baseline 0.006 -8"><span class='ocrx_word' id='word_1_832' title='bbox 1474 3517 1500 3548; x_wconf 87' lang='grc' dir='ltr'>γ)</span> <span class='ocrx_word' id='word_1_833' title='bbox 1520 3519 1597 3541; x_wconf 79' lang='lat' dir='ltr'>esset.</span> <span class='ocrx_word' id='word_1_834' title='bbox 1609 3529 1628 3534; x_wconf 98' lang='lat'>—</span> 
     </span>
    </p>
   </div>
   <div class='ocr_carea' id='block_1_24' title="bbox 1421 3515 2492 3576">
    <p class='ocr_par' dir='ltr' id='par_1_33' title="bbox 1421 3515 2492 3576">
     <span class='ocr_line' id='line_1_117' title="bbox 1437 3515 2492 3575; baseline 0.004 -36"><span class='ocrx_word' id='word_1_835' title='bbox 1437 3550 1479 3575; x_wconf 85' lang='lat' dir='ltr'>d&#39;&#39;</span> <span class='ocrx_word' id='word_1_836' title='bbox 1646 3519 1686 3540; x_wconf 85' lang='lat' dir='ltr'>est</span> <span class='ocrx_word' id='word_1_837' title='bbox 1705 3516 1740 3543; x_wconf 83' lang='lat'>1&gt;,·</span> <span class='ocrx_word' id='word_1_838' title='bbox 1760 3515 1795 3539; x_wconf 85' lang='lat' dir='ltr'>Et</span> <span class='ocrx_word' id='word_1_839' title='bbox 1813 3515 1886 3541; x_wconf 84' lang='lat' dir='ltr'>sic...</span> <span class='ocrx_word' id='word_1_840' title='bbox 1907 3516 2036 3542; x_wconf 77' lang='lat' dir='ltr'>terminus</span> <span class='ocrx_word' id='word_1_841' title='bbox 2055 3517 2180 3543; x_wconf 84' lang='lat' dir='ltr'>omittunt</span> <span class='ocrx_word' id='word_1_842' title='bbox 2197 3517 2255 3548; x_wconf 81' lang='lat' dir='ltr'>BD3</span> <span class='ocrx_word' id='word_1_843' title='bbox 2274 3517 2419 3543; x_wconf 77' lang='lat' dir='ltr'>creationis</span> <span class='ocrx_word' id='word_1_844' title='bbox 2437 3525 2492 3542; x_wconf 89' lang='lat' dir='ltr'>om.</span> 
     </span>
     <span class='ocr_line' id='line_1_118' title="bbox 1421 3555 2285 3576; baseline 0.003 -1"><span class='ocrx_word' id='word_1_845' title='bbox 1421 3558 1435 3576; x_wconf 76' lang='lat' dir='ltr'>e</span> <span class='ocrx_word' id='word_1_846' title='bbox 1455 3555 1498 3575; x_wconf 76' lang='lat' dir='ltr'>itio</span> <span class='ocrx_word' id='word_1_847' title='bbox 1517 3558 1542 3575; x_wconf 76' lang='lat' dir='ltr'>a.</span> <span class='ocrx_word' id='word_1_848' title='bbox 2279 3562 2285 3569; x_wconf 86' lang='grc'>·</span> 
     </span>
    </p>
   </div>
   <div class='ocr_carea' id='block_1_25' title="bbox 2528 388 2645 467">
    <p class='ocr_par' dir='ltr' id='par_1_34' title="bbox 2528 388 2645 467">
     <span class='ocr_line' id='line_1_119' title="bbox 2627 388 2645 413; baseline 0 -10"><span class='ocrx_word' id='word_1_849' title='bbox 2627 388 2645 413; x_wconf 76' lang='grc' dir='ltr'><strong>μ</strong></span> 
     </span>
     <span class='ocr_line' id='line_1_120' title="bbox 2528 438 2634 467; baseline 0 -7"><span class='ocrx_word' id='word_1_850' title='bbox 2528 439 2538 448; x_wconf 84' lang='grc'>·</span> <span class='ocrx_word' id='word_1_851' title='bbox 2553 438 2583 460; x_wconf 88' lang='lat' dir='ltr'>D.</span> <span class='ocrx_word' id='word_1_852' title='bbox 2597 444 2634 467; x_wconf 81' lang='lat'>34.</span> 
     </span>
    </p>
   </div>
   <div class='ocr_carea' id='block_1_26' title="bbox 2526 491 2742 540">
    <p class='ocr_par' dir='ltr' id='par_1_35' title="bbox 2526 491 2742 540">
     <span class='ocr_line' id='line_1_121' title="bbox 2526 491 2742 540; baseline 0.009 -28"><span class='ocrx_word' id='word_1_853' title='bbox 2526 491 2539 502; x_wconf 76' lang='lat'>⁸</span> <span class='ocrx_word' id='word_1_854' title='bbox 2553 491 2664 540; x_wconf 44' lang='lat' dir='ltr'>gasshml&#39;</span> <span class='ocrx_word' id='word_1_855' title='bbox 2680 498 2702 513; x_wconf 90' lang='lat' dir='ltr'>n.</span> <span class='ocrx_word' id='word_1_856' title='bbox 2719 498 2742 520; x_wconf 85' lang='lat'>5.</span> 
     </span>
     <span class='ocr_line' id='line_1_122' title="bbox 2528 522 2742 540; baseline 0 0"><span class='ocrx_word' id='word_1_857' title='bbox 2528 528 2539 534; x_wconf 89' lang='lat'>-</span> <span class='ocrx_word' id='word_1_858' title='bbox 2572 533 2578 540; x_wconf 86' lang='lat'>.</span> <span class='ocrx_word' id='word_1_859' title='bbox 2629 534 2635 540; x_wconf 93' lang='lat'>.</span> <span class='ocrx_word' id='word_1_860' title='bbox 2659 522 2702 540; x_wconf 86' lang='lat' dir='ltr'>eet.</span> <span class='ocrx_word' id='word_1_861' title='bbox 2718 525 2742 540; x_wconf 87' lang='lat' dir='ltr'>v.</span> 
     </span>
    </p>
   </div>
   <div class='ocr_carea' id='block_1_27' title="bbox 2527 650 2740 720">
    <p class='ocr_par' dir='ltr' id='par_1_36' title="bbox 2527 650 2740 720">
     <span class='ocr_line' id='line_1_123' title="bbox 2527 650 2740 678; baseline 0.014 -8"><span class='ocrx_word' id='word_1_862' title='bbox 2527 650 2536 660; x_wconf 87' lang='grc'><strong>’</strong></span> <span class='ocrx_word' id='word_1_863' title='bbox 2548 650 2596 678; x_wconf 84' lang='lat' dir='ltr'>Qu.</span> <span class='ocrx_word' id='word_1_864' title='bbox 2607 656 2660 677; x_wconf 75' lang='grc' dir='ltr'>ιω,</span> <span class='ocrx_word' id='word_1_865' title='bbox 2672 654 2740 673; x_wconf 58' lang='lat' dir='ltr'>arta.</span> 
     </span>
     <span class='ocr_line' id='line_1_124' title="bbox 2629 704 2642 720; baseline 0 0"><span class='ocrx_word' id='word_1_866' title='bbox 2629 704 2642 720; x_wconf 90' lang='grc' dir='ltr'>ν</span> 
     </span>
    </p>
   </div>
   <div class='ocr_carea' id='block_1_28' title="bbox 2525 2445 2670 2472">
    <p class='ocr_par' dir='ltr' id='par_1_37' title="bbox 2525 2445 2670 2472">
     <span class='ocr_line' id='line_1_125' title="bbox 2525 2445 2670 2472; baseline 0.007 -5"><span class='ocrx_word' id='word_1_867' title='bbox 2525 2446 2535 2457; x_wconf 85' lang='grc'><em>·</em></span> <span class='ocrx_word' id='word_1_868' title='bbox 2548 2445 2601 2468; x_wconf 80' lang='lat' dir='ltr'>Art.</span> <span class='ocrx_word' id='word_1_869' title='bbox 2616 2451 2634 2472; x_wconf 86' lang='grc'>1,</span> <span class='ocrx_word' id='word_1_870' title='bbox 2649 2451 2670 2468; x_wconf 80' lang='lat'>2.</span> 
     </span>
    </p>
   </div>
  </div>
 </body>
</html>
