<?xml version="1.0" encoding="UTF-8"?>
<!DOCTYPE html PUBLIC "-//W3C//DTD XHTML 1.0 Transitional//EN"
    "http://www.w3.org/TR/xhtml1/DTD/xhtml1-transitional.dtd">
<html xmlns="http://www.w3.org/1999/xhtml" xml:lang="en" lang="en">
 <head>
  <title>
</title>
<meta http-equiv="Content-Type" content="text/html;charset=utf-8" />
  <meta name='ocr-system' content='tesseract 3.04.00' />
  <meta name='ocr-capabilities' content='ocr_page ocr_carea ocr_par ocr_line ocrx_word'/>
</head>
<body>
  <div class='ocr_page' id='page_1' title='image "./operaomniaiussui04thom/operaomniaiussui04thom_0330.png"; bbox 0 0 2768 4178; ppageno 0'>
   <div class='ocr_carea' id='block_1_1' title="bbox 82 570 294 596">
    <p class='ocr_par' dir='ltr' id='par_1_1' title="bbox 82 570 294 596">
     <span class='ocr_line' id='line_1_1' title="bbox 82 570 294 596; baseline -0.005 -4"><span class='ocrx_word' id='word_1_1' title='bbox 82 572 91 581; x_wconf 90' lang='grc'>·</span> <span class='ocrx_word' id='word_1_2' title='bbox 102 570 195 596; x_wconf 73' lang='grc' dir='ltr'><strong>18εηὶ.,</strong></span> <span class='ocrx_word' id='word_1_3' title='bbox 207 570 260 592; x_wconf 87' lang='lat' dir='ltr'>dist.</span> <span class='ocrx_word' id='word_1_4' title='bbox 271 576 294 591; x_wconf 84' lang='lat' dir='ltr'>x.</span> 
     </span>
    </p>
   </div>
   <div class='ocr_carea' id='block_1_2' title="bbox 79 925 293 972">
    <p class='ocr_par' dir='ltr' id='par_1_2' title="bbox 79 925 293 972">
     <span class='ocr_line' id='line_1_2' title="bbox 79 925 293 950; baseline 0 -5"><span class='ocrx_word' id='word_1_5' title='bbox 79 926 88 934; x_wconf 90' lang='grc'>·</span> <span class='ocrx_word' id='word_1_6' title='bbox 102 925 153 946; x_wconf 85' lang='lat' dir='ltr'>Art.</span> <span class='ocrx_word' id='word_1_7' title='bbox 165 930 176 945; x_wconf 88' lang='lat'><strong>2</strong></span> <span class='ocrx_word' id='word_1_8' title='bbox 184 940 190 950; x_wconf 83' lang='lat'>‚</span> <span class='ocrx_word' id='word_1_9' title='bbox 213 927 293 946; x_wconf 85' lang='lat' dir='ltr'>contra</span> 
     </span>
     <span class='ocr_line' id='line_1_3' title="bbox 79 951 182 972; baseline 0 0"><span class='ocrx_word' id='word_1_10' title='bbox 79 951 154 972; x_wconf 90' lang='lat' dir='ltr'>concl.</span> <span class='ocrx_word' id='word_1_11' title='bbox 166 956 182 972; x_wconf 91' lang='grc'>1.</span> 
     </span>
    </p>
   </div>
   <div class='ocr_carea' id='block_1_3' title="bbox 79 1189 217 1210">
    <p class='ocr_par' dir='ltr' id='par_1_3' title="bbox 79 1189 217 1210">
     <span class='ocr_line' id='line_1_4' title="bbox 79 1189 217 1210; baseline 0 0"><span class='ocrx_word' id='word_1_12' title='bbox 79 1190 89 1199; x_wconf 84' lang='grc'>·</span> <span class='ocrx_word' id='word_1_13' title='bbox 105 1189 172 1210; x_wconf 87' lang='lat' dir='ltr'>Vers.</span> <span class='ocrx_word' id='word_1_14' title='bbox 187 1195 217 1210; x_wconf 86' lang='lat'>21.</span> 
     </span>
    </p>
   </div>
   <div class='ocr_carea' id='block_1_4' title="bbox 80 2030 263 2052">
    <p class='ocr_par' dir='ltr' id='par_1_4' title="bbox 80 2030 263 2052">
     <span class='ocr_line' id='line_1_5' title="bbox 80 2030 263 2052; baseline 0 0"><span class='ocrx_word' id='word_1_15' title='bbox 80 2031 89 2041; x_wconf 70' lang='lat'><em>²</em></span> <span class='ocrx_word' id='word_1_16' title='bbox 103 2030 138 2052; x_wconf 83' lang='lat' dir='ltr'>cf.</span> <span class='ocrx_word' id='word_1_17' title='bbox 153 2036 218 2052; x_wconf 84' lang='lat' dir='ltr'>num.</span> <span class='ocrx_word' id='word_1_18' title='bbox 229 2036 263 2052; x_wconf 86' lang='grc'><strong>111.</strong></span> 
     </span>
    </p>
   </div>
   <div class='ocr_carea' id='block_1_5' title="bbox 74 2250 262 2272">
    <p class='ocr_par' dir='ltr' id='par_1_5' title="bbox 74 2250 262 2272">
     <span class='ocr_line' id='line_1_6' title="bbox 74 2250 262 2272; baseline 0 0"><span class='ocrx_word' id='word_1_19' title='bbox 74 2252 83 2260; x_wconf 91' lang='grc'>·</span> <span class='ocrx_word' id='word_1_20' title='bbox 99 2250 135 2272; x_wconf 83' lang='lat' dir='ltr'>ef.</span> <span class='ocrx_word' id='word_1_21' title='bbox 150 2256 215 2272; x_wconf 90' lang='lat' dir='ltr'>num.</span> <span class='ocrx_word' id='word_1_22' title='bbox 231 2256 262 2272; x_wconf 78' lang='lat' dir='ltr'>xv.</span> 
     </span>
    </p>
   </div>
   <div class='ocr_carea' id='block_1_6' title="bbox 70 3273 283 3322">
    <p class='ocr_par' dir='ltr' id='par_1_6' title="bbox 70 3273 283 3322">
     <span class='ocr_line' id='line_1_7' title="bbox 71 3273 283 3301; baseline -0.005 -6"><span class='ocrx_word' id='word_1_23' title='bbox 71 3274 83 3284; x_wconf 76' lang='lat'>¹⁸</span> <span class='ocrx_word' id='word_1_24' title='bbox 92 3273 233 3301; x_wconf 80' lang='lat' dir='ltr'>Qu-xxxvu,</span> <span class='ocrx_word' id='word_1_25' title='bbox 240 3277 283 3294; x_wconf 83' lang='lat' dir='ltr'>art.</span> 
     </span>
     <span class='ocr_line' id='line_1_8' title="bbox 70 3306 85 3322; baseline 0.067 -1"><span class='ocrx_word' id='word_1_26' title='bbox 70 3306 85 3322; x_wconf 84' lang='lat'>1.</span> 
     </span>
    </p>
   </div>
   <div class='ocr_carea' id='block_1_7' title="bbox 324 268 398 304">
    <p class='ocr_par' dir='ltr' id='par_1_7' title="bbox 324 268 398 304">
     <span class='ocr_line' id='line_1_9' title="bbox 324 268 398 304; baseline 0 0"><span class='ocrx_word' id='word_1_27' title='bbox 324 268 398 304; x_wconf 85' lang='lat'>312</span> 
     </span>
    </p>
   </div>
   <div class='ocr_carea' id='block_1_8' title="bbox 309 348 1392 3661">
    <p class='ocr_par' dir='ltr' id='par_1_8' title="bbox 320 348 1392 828">
     <span class='ocr_line' id='line_1_10' title="bbox 322 348 1391 389; baseline 0 -11"><span class='ocrx_word' id='word_1_28' title='bbox 322 348 364 378; x_wconf 91' lang='lat' dir='ltr'>Et</span> <span class='ocrx_word' id='word_1_29' title='bbox 379 354 501 387; x_wconf 88' lang='lat' dir='ltr'>praeter</span> <span class='ocrx_word' id='word_1_30' title='bbox 517 357 705 378; x_wconf 89' lang='lat' dir='ltr'>communes</span> <span class='ocrx_word' id='word_1_31' title='bbox 721 348 858 380; x_wconf 87' lang='lat' dir='ltr'>rationes</span> <span class='ocrx_word' id='word_1_32' title='bbox 875 359 911 380; x_wconf 84' lang='lat' dir='ltr'>ex</span> <span class='ocrx_word' id='word_1_33' title='bbox 927 355 1014 389; x_wconf 89' lang='lat' dir='ltr'>parte</span> <span class='ocrx_word' id='word_1_34' title='bbox 1029 348 1161 380; x_wconf 85' lang='lat' dir='ltr'>actionis</span> <span class='ocrx_word' id='word_1_35' title='bbox 1177 348 1391 384; x_wconf 87' lang='lat' dir='ltr'>immanentis,</span> 
     </span>
     <span class='ocr_line' id='line_1_11' title="bbox 323 392 1392 432; baseline 0 -10"><span class='ocrx_word' id='word_1_36' title='bbox 323 398 398 422; x_wconf 82' lang='lat' dir='ltr'>sunt</span> <span class='ocrx_word' id='word_1_37' title='bbox 413 392 490 422; x_wconf 87' lang='lat' dir='ltr'>aliae</span> <span class='ocrx_word' id='word_1_38' title='bbox 507 402 543 422; x_wconf 89' lang='lat' dir='ltr'>ex</span> <span class='ocrx_word' id='word_1_39' title='bbox 559 392 695 432; x_wconf 91' lang='lat' dir='ltr'>propriis</span> <span class='ocrx_word' id='word_1_40' title='bbox 716 393 899 424; x_wconf 86' lang='lat' dir='ltr'>voluntatis.</span> <span class='ocrx_word' id='word_1_41' title='bbox 923 393 1057 424; x_wconf 90' lang='lat' dir='ltr'>Videtur</span> <span class='ocrx_word' id='word_1_42' title='bbox 1080 393 1165 423; x_wconf 89' lang='lat' dir='ltr'>enim</span> <span class='ocrx_word' id='word_1_43' title='bbox 1187 394 1293 432; x_wconf 84' lang='lat' dir='ltr'>primo</span> <span class='ocrx_word' id='word_1_44' title='bbox 1317 402 1392 423; x_wconf 89' lang='lat' dir='ltr'>con-</span> 
     </span>
     <span class='ocr_line' id='line_1_12' title="bbox 322 435 1390 477; baseline 0 -11"><span class='ocrx_word' id='word_1_45' title='bbox 322 435 471 466; x_wconf 87' lang='lat' dir='ltr'>tradicere</span> <span class='ocrx_word' id='word_1_46' title='bbox 499 436 561 466; x_wconf 91' lang='lat' dir='ltr'>hoc</span> <span class='ocrx_word' id='word_1_47' title='bbox 577 435 717 476; x_wconf 80' lang='lat' dir='ltr'>ipsimet</span> <span class='ocrx_word' id='word_1_48' title='bbox 746 447 770 468; x_wconf 80' lang='lat' dir='ltr'>s,</span> <span class='ocrx_word' id='word_1_49' title='bbox 786 437 933 468; x_wconf 88' lang='lat' dir='ltr'>Thomae</span> <span class='ocrx_word' id='word_1_50' title='bbox 962 437 996 467; x_wconf 90' lang='lat' dir='ltr'>in</span> <span class='ocrx_word' id='word_1_51' title='bbox 1020 437 1135 477; x_wconf 80' lang='lat' dir='ltr'>Qq.de</span> <span class='ocrx_word' id='word_1_52' title='bbox 1165 437 1247 474; x_wconf 67' lang='lat' dir='ltr'>Ver„</span> <span class='ocrx_word' id='word_1_53' title='bbox 1273 446 1329 477; x_wconf 91' lang='lat' dir='ltr'>qu.</span> <span class='ocrx_word' id='word_1_54' title='bbox 1342 447 1390 472; x_wconf 77' lang='lat' dir='ltr'>iv,</span> 
     </span>
     <span class='ocr_line' id='line_1_13' title="bbox 322 480 1389 521; baseline 0 -11"><span class='ocrx_word' id='word_1_55' title='bbox 322 487 379 511; x_wconf 88' lang='lat' dir='ltr'>art.</span> <span class='ocrx_word' id='word_1_56' title='bbox 398 490 427 516; x_wconf 85' lang='lat'>2,</span> <span class='ocrx_word' id='word_1_57' title='bbox 444 480 484 510; x_wconf 89' lang='lat' dir='ltr'>ad</span> <span class='ocrx_word' id='word_1_58' title='bbox 501 491 531 521; x_wconf 94' lang='lat'>7,</span> <span class='ocrx_word' id='word_1_59' title='bbox 550 480 605 510; x_wconf 90' lang='lat' dir='ltr'>ubi</span> <span class='ocrx_word' id='word_1_60' title='bbox 622 480 698 511; x_wconf 93' lang='lat' dir='ltr'>dicit</span> <span class='ocrx_word' id='word_1_61' title='bbox 713 481 804 521; x_wconf 92' lang='lat' dir='ltr'>quod</span> <span class='ocrx_word' id='word_1_62' title='bbox 827 481 860 512; x_wconf 92' lang='lat' dir='ltr'>in</span> <span class='ocrx_word' id='word_1_63' title='bbox 883 482 1047 512; x_wconf 87' lang='lat' dir='ltr'>voluntate</span> <span class='ocrx_word' id='word_1_64' title='bbox 1063 481 1143 511; x_wconf 89' lang='lat' dir='ltr'>nihil</span> <span class='ocrx_word' id='word_1_65' title='bbox 1166 481 1309 521; x_wconf 90' lang='lat' dir='ltr'>procedit</span> <span class='ocrx_word' id='word_1_66' title='bbox 1330 480 1389 510; x_wconf 91' lang='lat' dir='ltr'>nisi</span> 
     </span>
     <span class='ocr_line' id='line_1_14' title="bbox 320 524 1391 566; baseline 0.001 -12"><span class='ocrx_word' id='word_1_67' title='bbox 320 534 377 564; x_wconf 92' lang='lat' dir='ltr'>per</span> <span class='ocrx_word' id='word_1_68' title='bbox 400 524 535 554; x_wconf 90' lang='lat' dir='ltr'>modum</span> <span class='ocrx_word' id='word_1_69' title='bbox 559 525 761 564; x_wconf 85' lang='lat' dir='ltr'>operationis,</span> <span class='ocrx_word' id='word_1_70' title='bbox 787 532 817 557; x_wconf 91' lang='lat' dir='ltr'>et</span> <span class='ocrx_word' id='word_1_71' title='bbox 839 526 928 566; x_wconf 94' lang='lat' dir='ltr'>quod</span> <span class='ocrx_word' id='word_1_72' title='bbox 951 535 1040 556; x_wconf 90' lang='lat' dir='ltr'>secus</span> <span class='ocrx_word' id='word_1_73' title='bbox 1064 532 1111 556; x_wconf 88' lang='lat' dir='ltr'>est</span> <span class='ocrx_word' id='word_1_74' title='bbox 1133 524 1165 555; x_wconf 93' lang='lat' dir='ltr'>in</span> <span class='ocrx_word' id='word_1_75' title='bbox 1185 524 1355 555; x_wconf 86' lang='lat' dir='ltr'>intellectu.</span> <span class='ocrx_word' id='word_1_76' title='bbox 1371 542 1391 547; x_wconf 91' lang='lat'>—</span> 
     </span>
     <span class='ocr_line' id='line_1_15' title="bbox 322 568 1390 610; baseline 0.001 -12"><span class='ocrx_word' id='word_1_77' title='bbox 322 568 479 605; x_wconf 86' lang='lat' dir='ltr'>Secundo,</span> <span class='ocrx_word' id='word_1_78' title='bbox 494 575 603 599; x_wconf 90' lang='lat' dir='ltr'>contra</span> <span class='ocrx_word' id='word_1_79' title='bbox 617 569 679 599; x_wconf 91' lang='lat' dir='ltr'>hoc</span> <span class='ocrx_word' id='word_1_80' title='bbox 694 576 831 609; x_wconf 87' lang='lat' dir='ltr'>arguunt</span> <span class='ocrx_word' id='word_1_81' title='bbox 847 577 912 600; x_wconf 86' lang='lat' dir='ltr'>tam</span> <span class='ocrx_word' id='word_1_82' title='bbox 929 570 1043 600; x_wconf 90' lang='lat' dir='ltr'>Scotus</span> <span class='ocrx_word' id='word_1_83' title='bbox 1058 569 1075 588; x_wconf 91' lang='grc'>*</span> <span class='ocrx_word' id='word_1_84' title='bbox 1089 579 1188 610; x_wconf 89' lang='lat' dir='ltr'>quam</span> <span class='ocrx_word' id='word_1_85' title='bbox 1203 568 1264 605; x_wconf 90' lang='lat' dir='ltr'>alii,</span> <span class='ocrx_word' id='word_1_86' title='bbox 1282 575 1390 599; x_wconf 91' lang='lat' dir='ltr'>tenen-</span> 
     </span>
     <span class='ocr_line' id='line_1_16' title="bbox 322 612 1389 653; baseline 0.001 -11"><span class='ocrx_word' id='word_1_87' title='bbox 322 619 368 642; x_wconf 90' lang='lat' dir='ltr'>tes</span> <span class='ocrx_word' id='word_1_88' title='bbox 391 622 534 642; x_wconf 90' lang='lat' dir='ltr'>amorem</span> <span class='ocrx_word' id='word_1_89' title='bbox 560 613 755 653; x_wconf 91' lang='lat' dir='ltr'>productum</span> <span class='ocrx_word' id='word_1_90' title='bbox 784 624 851 644; x_wconf 92' lang='lat' dir='ltr'>esse</span> <span class='ocrx_word' id='word_1_91' title='bbox 875 621 982 644; x_wconf 90' lang='lat' dir='ltr'>actum</span> <span class='ocrx_word' id='word_1_92' title='bbox 998 613 1125 643; x_wconf 88' lang='lat' dir='ltr'>arnandi</span> <span class='ocrx_word' id='word_1_93' title='bbox 1150 619 1186 643; x_wconf 92' lang='lat' dir='ltr'>ut</span> <span class='ocrx_word' id='word_1_94' title='bbox 1215 612 1389 653; x_wconf 82' lang='lat' dir='ltr'>spiratum;</span> 
     </span>
     <span class='ocr_line' id='line_1_17' title="bbox 321 657 1390 697; baseline 0.001 -11"><span class='ocrx_word' id='word_1_95' title='bbox 321 657 599 696; x_wconf 81' lang='lat' dir='ltr'><strong>quemadmodum</strong></span> <span class='ocrx_word' id='word_1_96' title='bbox 621 658 755 688; x_wconf 87' lang='lat' dir='ltr'>verbum</span> <span class='ocrx_word' id='word_1_97' title='bbox 778 665 886 688; x_wconf 88' lang='lat' dir='ltr'>tenent</span> <span class='ocrx_word' id='word_1_98' title='bbox 909 668 976 688; x_wconf 91' lang='lat' dir='ltr'>esse</span> <span class='ocrx_word' id='word_1_99' title='bbox 995 665 1102 688; x_wconf 85' lang='lat' dir='ltr'>actum</span> <span class='ocrx_word' id='word_1_100' title='bbox 1124 657 1319 697; x_wconf 88' lang='lat' dir='ltr'>intelligendi</span> <span class='ocrx_word' id='word_1_101' title='bbox 1338 667 1390 697; x_wconf 88' lang='lat' dir='ltr'>ge-</span> 
     </span>
     <span class='ocr_line' id='line_1_18' title="bbox 321 700 1389 742; baseline 0.002 -12"><span class='ocrx_word' id='word_1_102' title='bbox 321 700 434 731; x_wconf 91' lang='lat' dir='ltr'>nitum.</span> <span class='ocrx_word' id='word_1_103' title='bbox 468 701 633 742; x_wconf 86' lang='lat' dir='ltr'>Magisque</span> <span class='ocrx_word' id='word_1_104' title='bbox 662 702 900 733; x_wconf 88' lang='lat' dir='ltr'>auctoritatibus</span> <span class='ocrx_word' id='word_1_105' title='bbox 924 708 1060 741; x_wconf 91' lang='lat' dir='ltr'>arguunt</span> <span class='ocrx_word' id='word_1_106' title='bbox 1083 711 1182 742; x_wconf 86' lang='lat' dir='ltr'>quarn</span> <span class='ocrx_word' id='word_1_107' title='bbox 1204 701 1389 732; x_wconf 86' lang='lat' dir='ltr'>rationibus.</span> 
     </span>
     <span class='ocr_line' id='line_1_19' title="bbox 321 743 1390 785; baseline 0.001 -11"><span class='ocrx_word' id='word_1_108' title='bbox 321 743 443 775; x_wconf 86' lang='lat' dir='ltr'><strong>Omnes</strong></span> <span class='ocrx_word' id='word_1_109' title='bbox 467 752 575 776; x_wconf 87' lang='lat' dir='ltr'>autem</span> <span class='ocrx_word' id='word_1_110' title='bbox 598 746 798 777; x_wconf 80' lang='lat' dir='ltr'>auctoritates</span> <span class='ocrx_word' id='word_1_111' title='bbox 823 753 853 776; x_wconf 92' lang='lat' dir='ltr'>et</span> <span class='ocrx_word' id='word_1_112' title='bbox 875 746 1012 777; x_wconf 90' lang='lat' dir='ltr'>rationes</span> <span class='ocrx_word' id='word_1_113' title='bbox 1036 746 1098 776; x_wconf 90' lang='lat' dir='ltr'>huc</span> <span class='ocrx_word' id='word_1_114' title='bbox 1122 745 1271 781; x_wconf 90' lang='lat' dir='ltr'>tendunt,</span> <span class='ocrx_word' id='word_1_115' title='bbox 1300 745 1390 785; x_wconf 93' lang='lat' dir='ltr'>quod</span> 
     </span>
     <span class='ocr_line' id='line_1_20' title="bbox 321 788 1342 828; baseline -0.001 -9"><span class='ocrx_word' id='word_1_116' title='bbox 321 788 456 828; x_wconf 86' lang='lat' dir='ltr'>Spiritus</span> <span class='ocrx_word' id='word_1_117' title='bbox 471 789 604 820; x_wconf 89' lang='lat' dir='ltr'>Sanctus</span> <span class='ocrx_word' id='word_1_118' title='bbox 622 797 668 820; x_wconf 91' lang='lat' dir='ltr'>est</span> <span class='ocrx_word' id='word_1_119' title='bbox 683 800 783 827; x_wconf 91' lang='lat' dir='ltr'>amor,</span> <span class='ocrx_word' id='word_1_120' title='bbox 804 800 895 820; x_wconf 87' lang='lat' dir='ltr'>amor</span> <span class='ocrx_word' id='word_1_121' title='bbox 911 797 1018 821; x_wconf 86' lang='lat' dir='ltr'>autern</span> <span class='ocrx_word' id='word_1_122' title='bbox 1040 796 1127 820; x_wconf 90' lang='lat' dir='ltr'>actus</span> <span class='ocrx_word' id='word_1_123' title='bbox 1143 795 1190 819; x_wconf 91' lang='lat' dir='ltr'>est</span> <span class='ocrx_word' id='word_1_124' title='bbox 1204 789 1342 819; x_wconf 86' lang='lat' dir='ltr'>amandi.</span> 
     </span>
    </p>

    <p class='ocr_par' dir='ltr' id='par_1_9' title="bbox 318 833 1387 1268">
     <span class='ocr_line' id='line_1_21' title="bbox 378 833 1387 874; baseline 0.001 -12"><span class='ocrx_word' id='word_1_125' title='bbox 378 833 431 871; x_wconf 73' lang='lat' dir='ltr'>IV.</span> <span class='ocrx_word' id='word_1_126' title='bbox 456 833 548 871; x_wconf 83' lang='lat' dir='ltr'>Circa</span> <span class='ocrx_word' id='word_1_127' title='bbox 574 834 629 864; x_wconf 90' lang='lat' dir='ltr'>illa</span> <span class='ocrx_word' id='word_1_128' title='bbox 650 835 763 871; x_wconf 88' lang='lat' dir='ltr'>verba,</span> <span class='ocrx_word' id='word_1_129' title='bbox 792 835 967 865; x_wconf 85' lang='lat' dir='ltr'>secundum</span> <span class='ocrx_word' id='word_1_130' title='bbox 992 844 1088 874; x_wconf 87' lang='lat' dir='ltr'>quam</span> <span class='ocrx_word' id='word_1_131' title='bbox 1116 838 1260 863; x_wconf 88' lang='lat' dir='ltr'>amatum</span> <span class='ocrx_word' id='word_1_132' title='bbox 1284 838 1331 863; x_wconf 86' lang='lat' dir='ltr'>est</span> <span class='ocrx_word' id='word_1_133' title='bbox 1354 834 1387 863; x_wconf 88' lang='lat' dir='ltr'>in</span> 
     </span>
     <span class='ocr_line' id='line_1_22' title="bbox 320 877 1386 918; baseline -0.001 -11"><span class='ocrx_word' id='word_1_134' title='bbox 320 882 468 915; x_wconf 86' lang='lat' dir='ltr'>amante,</span> <span class='ocrx_word' id='word_1_135' title='bbox 493 878 629 908; x_wconf 92' lang='lat' dir='ltr'>dubium</span> <span class='ocrx_word' id='word_1_136' title='bbox 653 878 789 909; x_wconf 91' lang='lat' dir='ltr'>occurrit</span> <span class='ocrx_word' id='word_1_137' title='bbox 812 888 849 908; x_wconf 87' lang='lat' dir='ltr'>ex</span> <span class='ocrx_word' id='word_1_138' title='bbox 872 878 1032 914; x_wconf 81' lang='lat' dir='ltr'>Aureolo,</span> <span class='ocrx_word' id='word_1_139' title='bbox 1061 878 1147 918; x_wconf 89' lang='lat' dir='ltr'>apud</span> <span class='ocrx_word' id='word_1_140' title='bbox 1171 877 1386 917; x_wconf 88' lang='lat' dir='ltr'>Capreolum,</span> 
     </span>
     <span class='ocr_line' id='line_1_23' title="bbox 318 921 1387 962; baseline 0 -11"><span class='ocrx_word' id='word_1_141' title='bbox 318 930 338 951; x_wconf 89' lang='lat' dir='ltr'>x</span> <span class='ocrx_word' id='word_1_142' title='bbox 351 921 551 952; x_wconf 89' lang='lat' dir='ltr'>distinctione</span> <span class='ocrx_word' id='word_1_143' title='bbox 565 922 663 952; x_wconf 89' lang='lat' dir='ltr'>Primi</span> <span class='ocrx_word' id='word_1_144' title='bbox 673 923 699 953; x_wconf 93' lang='lat'>*.</span> <span class='ocrx_word' id='word_1_145' title='bbox 721 923 749 953; x_wconf 94' lang='lat' dir='ltr'>Is</span> <span class='ocrx_word' id='word_1_146' title='bbox 766 923 852 953; x_wconf 91' lang='lat' dir='ltr'>enim</span> <span class='ocrx_word' id='word_1_147' title='bbox 868 923 977 953; x_wconf 92' lang='lat' dir='ltr'>multis</span> <span class='ocrx_word' id='word_1_148' title='bbox 992 921 1184 962; x_wconf 82' lang='lat' dir='ltr'>argumentis</span> <span class='ocrx_word' id='word_1_149' title='bbox 1200 921 1310 952; x_wconf 89' lang='lat' dir='ltr'>nititur</span> <span class='ocrx_word' id='word_1_150' title='bbox 1325 921 1387 951; x_wconf 91' lang='lat' dir='ltr'>hoc</span> 
     </span>
     <span class='ocr_line' id='line_1_24' title="bbox 318 965 1387 1006; baseline 0 -11"><span class='ocrx_word' id='word_1_151' title='bbox 318 965 524 1006; x_wconf 81' lang='lat' dir='ltr'>impugnare,</span> <span class='ocrx_word' id='word_1_152' title='bbox 555 973 586 997; x_wconf 91' lang='lat' dir='ltr'>et</span> <span class='ocrx_word' id='word_1_153' title='bbox 613 966 816 1006; x_wconf 91' lang='lat' dir='ltr'>simpliciter,</span> <span class='ocrx_word' id='word_1_154' title='bbox 848 974 879 997; x_wconf 88' lang='lat' dir='ltr'>et</span> <span class='ocrx_word' id='word_1_155' title='bbox 905 967 945 997; x_wconf 85' lang='lat' dir='ltr'>ad</span> <span class='ocrx_word' id='word_1_156' title='bbox 969 966 1145 997; x_wconf 90' lang='lat' dir='ltr'>hominem.</span> <span class='ocrx_word' id='word_1_157' title='bbox 1170 966 1387 996; x_wconf 86' lang='lat' dir='ltr'>Veruntamen</span> 
     </span>
     <span class='ocr_line' id='line_1_25' title="bbox 320 1009 1386 1050; baseline 0 -11"><span class='ocrx_word' id='word_1_158' title='bbox 320 1009 428 1039; x_wconf 89' lang='lat' dir='ltr'>omnia</span> <span class='ocrx_word' id='word_1_159' title='bbox 452 1010 519 1040; x_wconf 92' lang='lat' dir='ltr'>eius</span> <span class='ocrx_word' id='word_1_160' title='bbox 538 1010 659 1040; x_wconf 85' lang='lat' dir='ltr'>motiva</span> <span class='ocrx_word' id='word_1_161' title='bbox 676 1010 710 1040; x_wconf 90' lang='lat' dir='ltr'>in</span> <span class='ocrx_word' id='word_1_162' title='bbox 727 1011 789 1041; x_wconf 92' lang='lat' dir='ltr'>hoc</span> <span class='ocrx_word' id='word_1_163' title='bbox 808 1011 995 1041; x_wconf 90' lang='lat' dir='ltr'>consistunt.</span> <span class='ocrx_word' id='word_1_164' title='bbox 1020 1013 1130 1046; x_wconf 91' lang='lat' dir='ltr'>Amor,</span> <span class='ocrx_word' id='word_1_165' title='bbox 1156 1020 1211 1040; x_wconf 92' lang='lat' dir='ltr'>seu</span> <span class='ocrx_word' id='word_1_166' title='bbox 1228 1009 1386 1050; x_wconf 91' lang='lat' dir='ltr'>impulsus</span> 
     </span>
     <span class='ocr_line' id='line_1_26' title="bbox 318 1051 1386 1090; baseline 0.001 -7"><span class='ocrx_word' id='word_1_167' title='bbox 318 1053 499 1090; x_wconf 89' lang='lat' dir='ltr'>voluntatis,</span> <span class='ocrx_word' id='word_1_168' title='bbox 517 1054 660 1085; x_wconf 87' lang='lat' dir='ltr'>consistit</span> <span class='ocrx_word' id='word_1_169' title='bbox 682 1054 714 1084; x_wconf 91' lang='lat' dir='ltr'>in</span> <span class='ocrx_word' id='word_1_170' title='bbox 737 1054 897 1085; x_wconf 83' lang='lat' dir='ltr'>tendentia</span> <span class='ocrx_word' id='word_1_171' title='bbox 921 1055 960 1084; x_wconf 89' lang='lat' dir='ltr'>ad</span> <span class='ocrx_word' id='word_1_172' title='bbox 977 1064 1044 1085; x_wconf 90' lang='lat' dir='ltr'>rem</span> <span class='ocrx_word' id='word_1_173' title='bbox 1060 1060 1207 1090; x_wconf 87' lang='lat' dir='ltr'>amatam,</span> <span class='ocrx_word' id='word_1_174' title='bbox 1226 1060 1257 1084; x_wconf 90' lang='lat' dir='ltr'>et</span> <span class='ocrx_word' id='word_1_175' title='bbox 1272 1063 1337 1084; x_wconf 91' lang='lat' dir='ltr'>non</span> <span class='ocrx_word' id='word_1_176' title='bbox 1353 1051 1386 1084; x_wconf 87' lang='grc'>111</span> 
     </span>
     <span class='ocr_line' id='line_1_27' title="bbox 319 1097 1387 1139; baseline 0.001 -12"><span class='ocrx_word' id='word_1_177' title='bbox 319 1097 524 1128; x_wconf 88' lang='lat' dir='ltr'>similitudine</span> <span class='ocrx_word' id='word_1_178' title='bbox 546 1098 648 1128; x_wconf 89' lang='lat' dir='ltr'>illius:</span> <span class='ocrx_word' id='word_1_179' title='bbox 675 1108 749 1138; x_wconf 87' lang='lat' dir='ltr'>ergo</span> <span class='ocrx_word' id='word_1_180' title='bbox 773 1108 829 1138; x_wconf 90' lang='lat' dir='ltr'>per</span> <span class='ocrx_word' id='word_1_181' title='bbox 851 1098 1089 1139; x_wconf 89' lang='lat' dir='ltr'>processionem</span> <span class='ocrx_word' id='word_1_182' title='bbox 1121 1098 1238 1128; x_wconf 88' lang='lat' dir='ltr'>amoris</span> <span class='ocrx_word' id='word_1_183' title='bbox 1262 1108 1328 1128; x_wconf 91' lang='lat' dir='ltr'>non</span> <span class='ocrx_word' id='word_1_184' title='bbox 1352 1097 1387 1128; x_wconf 90' lang='lat' dir='ltr'>fit</span> 
     </span>
     <span class='ocr_line' id='line_1_28' title="bbox 318 1142 1387 1184; baseline 0.002 -13"><span class='ocrx_word' id='word_1_185' title='bbox 318 1148 461 1184; x_wconf 85' lang='lat' dir='ltr'>amatum</span> <span class='ocrx_word' id='word_1_186' title='bbox 479 1142 512 1171; x_wconf 92' lang='lat' dir='ltr'>in</span> <span class='ocrx_word' id='word_1_187' title='bbox 532 1149 668 1179; x_wconf 88' lang='lat' dir='ltr'>amante,</span> <span class='ocrx_word' id='word_1_188' title='bbox 693 1142 748 1174; x_wconf 88' lang='lat' dir='ltr'>sed</span> <span class='ocrx_word' id='word_1_189' title='bbox 772 1152 789 1172; x_wconf 93' lang='lat' dir='ltr'>e</span> <span class='ocrx_word' id='word_1_190' title='bbox 814 1153 968 1174; x_wconf 90' lang='lat' dir='ltr'>converso</span> <span class='ocrx_word' id='word_1_191' title='bbox 992 1153 1102 1173; x_wconf 86' lang='lat' dir='ltr'>amans</span> <span class='ocrx_word' id='word_1_192' title='bbox 1125 1142 1267 1179; x_wconf 83' lang='lat' dir='ltr'>trahitur,</span> <span class='ocrx_word' id='word_1_193' title='bbox 1288 1150 1387 1174; x_wconf 86' lang='lat' dir='ltr'>trans-</span> 
     </span>
     <span class='ocr_line' id='line_1_29' title="bbox 318 1185 1387 1223; baseline 0.002 -8"><span class='ocrx_word' id='word_1_194' title='bbox 318 1185 474 1216; x_wconf 88' lang='lat' dir='ltr'>formatur</span> <span class='ocrx_word' id='word_1_195' title='bbox 501 1192 532 1216; x_wconf 91' lang='lat' dir='ltr'>et</span> <span class='ocrx_word' id='word_1_196' title='bbox 555 1193 601 1217; x_wconf 91' lang='lat' dir='ltr'>est</span> <span class='ocrx_word' id='word_1_197' title='bbox 623 1186 656 1216; x_wconf 93' lang='lat' dir='ltr'>in</span> <span class='ocrx_word' id='word_1_198' title='bbox 680 1197 712 1217; x_wconf 92' lang='lat' dir='ltr'>re</span> <span class='ocrx_word' id='word_1_199' title='bbox 735 1193 854 1223; x_wconf 87' lang='lat' dir='ltr'>amata,</span> <span class='ocrx_word' id='word_1_200' title='bbox 883 1187 970 1218; x_wconf 85' lang='lat' dir='ltr'>iuxta</span> <span class='ocrx_word' id='word_1_201' title='bbox 997 1187 1076 1218; x_wconf 91' lang='lat' dir='ltr'>illud</span> <span class='ocrx_word' id='word_1_202' title='bbox 1099 1187 1211 1218; x_wconf 88' lang='lat' dir='ltr'>Matth.</span> <span class='ocrx_word' id='word_1_203' title='bbox 1231 1185 1307 1217; x_wconf 80' lang='grc' dir='ltr'><strong>ν1*;</strong></span> <span class='ocrx_word' id='word_1_204' title='bbox 1334 1187 1387 1218; x_wconf 84' lang='lat' dir='ltr'>ubi</span> 
     </span>
     <span class='ocr_line' id='line_1_30' title="bbox 318 1229 1008 1268; baseline 0.003 -8"><span class='ocrx_word' id='word_1_205' title='bbox 318 1235 365 1260; x_wconf 89' lang='lat' dir='ltr'>est</span> <span class='ocrx_word' id='word_1_206' title='bbox 387 1229 559 1261; x_wconf 85' lang='lat' dir='ltr'>thesaurus</span> <span class='ocrx_word' id='word_1_207' title='bbox 582 1236 668 1268; x_wconf 87' lang='lat' dir='ltr'>tuus,</span> <span class='ocrx_word' id='word_1_208' title='bbox 694 1230 736 1262; x_wconf 85' lang='lat' dir='ltr'>ibi</span> <span class='ocrx_word' id='word_1_209' title='bbox 759 1236 806 1262; x_wconf 85' lang='lat' dir='ltr'>est</span> <span class='ocrx_word' id='word_1_210' title='bbox 828 1241 885 1262; x_wconf 88' lang='lat' dir='ltr'>cor</span> <span class='ocrx_word' id='word_1_211' title='bbox 908 1237 1008 1262; x_wconf 83' lang='lat' dir='ltr'>tuum.</span> 
     </span>
    </p>

    <p class='ocr_par' dir='ltr' id='par_1_10' title="bbox 313 1274 1387 1976">
     <span class='ocr_line' id='line_1_31' title="bbox 377 1274 1387 1317; baseline 0.002 -13"><span class='ocrx_word' id='word_1_212' title='bbox 377 1274 414 1304; x_wconf 94' lang='lat' dir='ltr'>V.</span> <span class='ocrx_word' id='word_1_213' title='bbox 440 1275 491 1304; x_wconf 92' lang='lat' dir='ltr'>Ad</span> <span class='ocrx_word' id='word_1_214' title='bbox 515 1274 705 1306; x_wconf 87' lang='lat' dir='ltr'>evidentiam</span> <span class='ocrx_word' id='word_1_215' title='bbox 727 1275 855 1312; x_wconf 88' lang='lat' dir='ltr'>horum,</span> <span class='ocrx_word' id='word_1_216' title='bbox 874 1275 1040 1307; x_wconf 91' lang='lat' dir='ltr'>sciendum</span> <span class='ocrx_word' id='word_1_217' title='bbox 1063 1282 1110 1306; x_wconf 90' lang='lat' dir='ltr'>est</span> <span class='ocrx_word' id='word_1_218' title='bbox 1132 1276 1231 1317; x_wconf 92' lang='lat' dir='ltr'>quod,</span> <span class='ocrx_word' id='word_1_219' title='bbox 1251 1276 1327 1317; x_wconf 89' lang='lat' dir='ltr'>quia</span> <span class='ocrx_word' id='word_1_220' title='bbox 1351 1286 1387 1306; x_wconf 88' lang='lat' dir='ltr'>ea</span> 
     </span>
     <span class='ocr_line' id='line_1_32' title="bbox 316 1319 1384 1361; baseline 0.002 -13"><span class='ocrx_word' id='word_1_221' title='bbox 316 1328 398 1359; x_wconf 91' lang='lat' dir='ltr'>quae</span> <span class='ocrx_word' id='word_1_222' title='bbox 414 1325 489 1349; x_wconf 94' lang='lat' dir='ltr'>sunt</span> <span class='ocrx_word' id='word_1_223' title='bbox 502 1319 675 1350; x_wconf 87' lang='lat' dir='ltr'>voluntatis</span> <span class='ocrx_word' id='word_1_224' title='bbox 698 1319 805 1350; x_wconf 90' lang='lat' dir='ltr'>minus</span> <span class='ocrx_word' id='word_1_225' title='bbox 829 1326 906 1351; x_wconf 89' lang='lat' dir='ltr'>nota</span> <span class='ocrx_word' id='word_1_226' title='bbox 931 1320 1103 1361; x_wconf 89' lang='lat' dir='ltr'>minusque</span> <span class='ocrx_word' id='word_1_227' title='bbox 1122 1320 1286 1351; x_wconf 89' lang='lat' dir='ltr'>nominata</span> <span class='ocrx_word' id='word_1_228' title='bbox 1301 1327 1384 1356; x_wconf 91' lang='lat' dir='ltr'>sunt,</span> 
     </span>
     <span class='ocr_line' id='line_1_33' title="bbox 318 1362 1386 1405; baseline 0.003 -13"><span class='ocrx_word' id='word_1_229' title='bbox 318 1372 355 1392; x_wconf 81' lang='lat' dir='ltr'>ex</span> <span class='ocrx_word' id='word_1_230' title='bbox 370 1362 418 1392; x_wconf 90' lang='lat' dir='ltr'>his</span> <span class='ocrx_word' id='word_1_231' title='bbox 435 1372 516 1403; x_wconf 90' lang='lat' dir='ltr'>quae</span> <span class='ocrx_word' id='word_1_232' title='bbox 532 1363 565 1393; x_wconf 91' lang='lat' dir='ltr'>in</span> <span class='ocrx_word' id='word_1_233' title='bbox 588 1363 750 1394; x_wconf 88' lang='lat' dir='ltr'>intellectu</span> <span class='ocrx_word' id='word_1_234' title='bbox 769 1370 931 1404; x_wconf 84' lang='lat' dir='ltr'>apparent,</span> <span class='ocrx_word' id='word_1_235' title='bbox 955 1364 1236 1405; x_wconf 84' lang='lat' dir='ltr'>proportionaliter</span> <span class='ocrx_word' id='word_1_236' title='bbox 1251 1374 1287 1395; x_wconf 90' lang='lat' dir='ltr'>ea</span> <span class='ocrx_word' id='word_1_237' title='bbox 1303 1374 1386 1405; x_wconf 88' lang='lat' dir='ltr'>quae</span> 
     </span>
     <span class='ocr_line' id='line_1_34' title="bbox 316 1406 1385 1449; baseline 0.003 -13"><span class='ocrx_word' id='word_1_238' title='bbox 316 1406 348 1437; x_wconf 92' lang='lat' dir='ltr'>in</span> <span class='ocrx_word' id='word_1_239' title='bbox 373 1407 536 1438; x_wconf 91' lang='lat' dir='ltr'>voluntate</span> <span class='ocrx_word' id='word_1_240' title='bbox 560 1413 635 1438; x_wconf 80' lang='lat' dir='ltr'>sun‘t</span> <span class='ocrx_word' id='word_1_241' title='bbox 657 1411 780 1439; x_wconf 88' lang='lat' dir='ltr'>Auctor</span> <span class='ocrx_word' id='word_1_242' title='bbox 804 1407 961 1439; x_wconf 89' lang='lat' dir='ltr'>definivit:</span> <span class='ocrx_word' id='word_1_243' title='bbox 985 1409 1028 1439; x_wconf 86' lang='lat' dir='ltr'>ita</span> <span class='ocrx_word' id='word_1_244' title='bbox 1051 1409 1150 1449; x_wconf 92' lang='lat' dir='ltr'>quod,</span> <span class='ocrx_word' id='word_1_245' title='bbox 1175 1409 1385 1449; x_wconf 90' lang='lat' dir='ltr'>quemadmo-</span> 
     </span>
     <span class='ocr_line' id='line_1_35' title="bbox 317 1451 1385 1493; baseline 0 -11"><span class='ocrx_word' id='word_1_246' title='bbox 317 1452 397 1487; x_wconf 85' lang='lat' dir='ltr'>dum</span> <span class='ocrx_word' id='word_1_247' title='bbox 419 1451 626 1492; x_wconf 89' lang='lat' dir='ltr'>intelligendo</span> <span class='ocrx_word' id='word_1_248' title='bbox 650 1452 828 1483; x_wconf 88' lang='lat' dir='ltr'>formamus</span> <span class='ocrx_word' id='word_1_249' title='bbox 852 1460 1054 1493; x_wconf 87' lang='lat' dir='ltr'>conceptum,</span> <span class='ocrx_word' id='word_1_250' title='bbox 1074 1453 1118 1483; x_wconf 89' lang='lat' dir='ltr'>ita</span> <span class='ocrx_word' id='word_1_251' title='bbox 1136 1453 1273 1484; x_wconf 89' lang='lat' dir='ltr'>amando</span> <span class='ocrx_word' id='word_1_252' title='bbox 1297 1452 1385 1484; x_wconf 86' lang='lat' dir='ltr'>incli-</span> 
     </span>
     <span class='ocr_line' id='line_1_36' title="bbox 317 1495 1385 1538; baseline 0.003 -13"><span class='ocrx_word' id='word_1_253' title='bbox 317 1495 481 1526; x_wconf 89' lang='lat' dir='ltr'>nationem</span> <span class='ocrx_word' id='word_1_254' title='bbox 504 1496 665 1537; x_wconf 87' lang='lat' dir='ltr'>quandam</span> <span class='ocrx_word' id='word_1_255' title='bbox 689 1496 722 1527; x_wconf 92' lang='lat' dir='ltr'>in</span> <span class='ocrx_word' id='word_1_256' title='bbox 746 1503 889 1528; x_wconf 88' lang='lat' dir='ltr'>amatum</span> <span class='ocrx_word' id='word_1_257' title='bbox 912 1496 1046 1528; x_wconf 88' lang='lat' dir='ltr'>facimus</span> <span class='ocrx_word' id='word_1_258' title='bbox 1069 1497 1171 1528; x_wconf 89' lang='lat' dir='ltr'>intus:</span> <span class='ocrx_word' id='word_1_259' title='bbox 1204 1507 1286 1538; x_wconf 90' lang='lat' dir='ltr'>quae</span> <span class='ocrx_word' id='word_1_260' title='bbox 1309 1497 1385 1538; x_wconf 88' lang='lat' dir='ltr'>quia</span> 
     </span>
     <span class='ocr_line' id='line_1_37' title="bbox 316 1539 1385 1582; baseline 0.002 -12"><span class='ocrx_word' id='word_1_261' title='bbox 316 1539 448 1571; x_wconf 89' lang='lat' dir='ltr'>nomine</span> <span class='ocrx_word' id='word_1_262' title='bbox 472 1546 564 1576; x_wconf 86' lang='lat' dir='ltr'>caret,</span> <span class='ocrx_word' id='word_1_263' title='bbox 588 1550 692 1578; x_wconf 88' lang='lat' dir='ltr'>amor,</span> <span class='ocrx_word' id='word_1_264' title='bbox 715 1541 887 1582; x_wconf 82' lang='lat' dir='ltr'>impulsus,</span> <span class='ocrx_word' id='word_1_265' title='bbox 914 1542 1091 1579; x_wconf 84' lang='lat' dir='ltr'>inclinatio,</span> <span class='ocrx_word' id='word_1_266' title='bbox 1115 1541 1307 1582; x_wconf 86' lang='lat' dir='ltr'>affectioque</span> <span class='ocrx_word' id='word_1_267' title='bbox 1329 1551 1385 1572; x_wconf 94' lang='lat' dir='ltr'>vo-</span> 
     </span>
     <span class='ocr_line' id='line_1_38' title="bbox 316 1584 1383 1616; baseline 0.002 -2"><span class='ocrx_word' id='word_1_268' title='bbox 316 1591 413 1615; x_wconf 84' lang='lat' dir='ltr'>catur.</span> <span class='ocrx_word' id='word_1_269' title='bbox 438 1584 559 1615; x_wconf 89' lang='lat' dir='ltr'>Verum</span> <span class='ocrx_word' id='word_1_270' title='bbox 582 1585 663 1615; x_wconf 92' lang='lat' dir='ltr'>inter</span> <span class='ocrx_word' id='word_1_271' title='bbox 685 1585 882 1616; x_wconf 89' lang='lat' dir='ltr'>intellectum</span> <span class='ocrx_word' id='word_1_272' title='bbox 913 1592 944 1616; x_wconf 91' lang='lat' dir='ltr'>et</span> <span class='ocrx_word' id='word_1_273' title='bbox 965 1586 1164 1616; x_wconf 88' lang='lat' dir='ltr'>voluntatem</span> <span class='ocrx_word' id='word_1_274' title='bbox 1187 1596 1253 1616; x_wconf 88' lang='lat' dir='ltr'>non</span> <span class='ocrx_word' id='word_1_275' title='bbox 1277 1585 1383 1616; x_wconf 90' lang='lat' dir='ltr'>solum</span> 
     </span>
     <span class='ocr_line' id='line_1_39' title="bbox 316 1628 1382 1670; baseline 0.001 -11"><span class='ocrx_word' id='word_1_276' title='bbox 316 1628 488 1659; x_wconf 86' lang='lat' dir='ltr'>differentia</span> <span class='ocrx_word' id='word_1_277' title='bbox 512 1635 558 1660; x_wconf 90' lang='lat' dir='ltr'>est</span> <span class='ocrx_word' id='word_1_278' title='bbox 581 1629 614 1660; x_wconf 94' lang='lat' dir='ltr'>in</span> <span class='ocrx_word' id='word_1_279' title='bbox 638 1630 709 1666; x_wconf 88' lang='lat' dir='ltr'>hoc,</span> <span class='ocrx_word' id='word_1_280' title='bbox 734 1630 824 1670; x_wconf 90' lang='lat' dir='ltr'>quod</span> <span class='ocrx_word' id='word_1_281' title='bbox 847 1630 1002 1661; x_wconf 87' lang='lat' dir='ltr'>terminus</span> <span class='ocrx_word' id='word_1_282' title='bbox 1025 1630 1109 1660; x_wconf 91' lang='lat' dir='ltr'>illius</span> <span class='ocrx_word' id='word_1_283' title='bbox 1131 1637 1177 1661; x_wconf 90' lang='lat' dir='ltr'>est</span> <span class='ocrx_word' id='word_1_284' title='bbox 1195 1630 1382 1666; x_wconf 88' lang='lat' dir='ltr'>similitudo,</span> 
     </span>
     <span class='ocr_line' id='line_1_40' title="bbox 314 1673 1383 1715; baseline 0.002 -12"><span class='ocrx_word' id='word_1_285' title='bbox 314 1673 405 1703; x_wconf 90' lang='lat' dir='ltr'>istius</span> <span class='ocrx_word' id='word_1_286' title='bbox 429 1679 536 1704; x_wconf 86' lang='lat' dir='ltr'>autem</span> <span class='ocrx_word' id='word_1_287' title='bbox 559 1673 697 1710; x_wconf 89' lang='lat' dir='ltr'>affectio;</span> <span class='ocrx_word' id='word_1_288' title='bbox 722 1674 777 1704; x_wconf 87' lang='lat' dir='ltr'>sed</span> <span class='ocrx_word' id='word_1_289' title='bbox 802 1674 897 1704; x_wconf 89' lang='lat' dir='ltr'>etiam</span> <span class='ocrx_word' id='word_1_290' title='bbox 919 1674 952 1704; x_wconf 93' lang='lat' dir='ltr'>in</span> <span class='ocrx_word' id='word_1_291' title='bbox 976 1675 1048 1710; x_wconf 90' lang='lat' dir='ltr'>hoc,</span> <span class='ocrx_word' id='word_1_292' title='bbox 1069 1674 1158 1715; x_wconf 92' lang='lat' dir='ltr'>quod</span> <span class='ocrx_word' id='word_1_293' title='bbox 1182 1684 1230 1705; x_wconf 90' lang='lat' dir='ltr'>res</span> <span class='ocrx_word' id='word_1_294' title='bbox 1253 1674 1383 1715; x_wconf 90' lang='lat' dir='ltr'>quaein</span> 
     </span>
     <span class='ocr_line' id='line_1_41' title="bbox 314 1717 1381 1762; baseline 0.002 -15"><span class='ocrx_word' id='word_1_295' title='bbox 314 1717 476 1748; x_wconf 89' lang='lat' dir='ltr'>intellectu</span> <span class='ocrx_word' id='word_1_296' title='bbox 501 1725 547 1762; x_wconf 84' lang='lat' dir='ltr'>est</span> <span class='ocrx_word' id='word_1_297' title='bbox 569 1718 737 1755; x_wconf 89' lang='lat' dir='ltr'>terminus,</span> <span class='ocrx_word' id='word_1_298' title='bbox 766 1718 861 1750; x_wconf 89' lang='lat' dir='ltr'>habet</span> <span class='ocrx_word' id='word_1_299' title='bbox 883 1719 1021 1749; x_wconf 91' lang='lat' dir='ltr'>modum</span> <span class='ocrx_word' id='word_1_300' title='bbox 1045 1725 1075 1750; x_wconf 91' lang='lat' dir='ltr'>et</span> <span class='ocrx_word' id='word_1_301' title='bbox 1097 1729 1217 1750; x_wconf 89' lang='lat' dir='ltr'>nomen</span> <span class='ocrx_word' id='word_1_302' title='bbox 1240 1718 1381 1755; x_wconf 89' lang='lat' dir='ltr'>termini,</span> 
     </span>
     <span class='ocr_line' id='line_1_42' title="bbox 315 1762 1383 1803; baseline 0.001 -11"><span class='ocrx_word' id='word_1_303' title='bbox 315 1768 351 1792; x_wconf 90' lang='lat' dir='ltr'>ut</span> <span class='ocrx_word' id='word_1_304' title='bbox 368 1769 455 1803; x_wconf 90' lang='lat' dir='ltr'>patet</span> <span class='ocrx_word' id='word_1_305' title='bbox 478 1762 517 1793; x_wconf 92' lang='lat' dir='ltr'>de</span> <span class='ocrx_word' id='word_1_306' title='bbox 541 1763 635 1794; x_wconf 82' lang='lat' dir='ltr'>verbo</span> <span class='ocrx_word' id='word_1_307' title='bbox 659 1770 689 1794; x_wconf 91' lang='lat' dir='ltr'>et</span> <span class='ocrx_word' id='word_1_308' title='bbox 712 1768 864 1803; x_wconf 85' lang='lat' dir='ltr'>conceptu</span> <span class='ocrx_word' id='word_1_309' title='bbox 872 1771 885 1801; x_wconf 90' lang='lat'><em>;</em></span> <span class='ocrx_word' id='word_1_310' title='bbox 908 1773 956 1793; x_wconf 91' lang='lat' dir='ltr'>res</span> <span class='ocrx_word' id='word_1_311' title='bbox 979 1773 1054 1793; x_wconf 90' lang='lat' dir='ltr'>vero</span> <span class='ocrx_word' id='word_1_312' title='bbox 1078 1763 1250 1794; x_wconf 87' lang='lat' dir='ltr'>terminans</span> <span class='ocrx_word' id='word_1_313' title='bbox 1275 1763 1308 1793; x_wconf 93' lang='lat' dir='ltr'>in</span> <span class='ocrx_word' id='word_1_314' title='bbox 1327 1773 1383 1793; x_wconf 89' lang='lat' dir='ltr'>vo-</span> 
     </span>
     <span class='ocr_line' id='line_1_43' title="bbox 313 1806 1383 1844; baseline 0.001 -8"><span class='ocrx_word' id='word_1_315' title='bbox 313 1806 453 1843; x_wconf 90' lang='lat' dir='ltr'>luntate,</span> <span class='ocrx_word' id='word_1_316' title='bbox 486 1806 559 1838; x_wconf 89' lang='lat' dir='ltr'>licet</span> <span class='ocrx_word' id='word_1_317' title='bbox 588 1807 765 1838; x_wconf 91' lang='lat' dir='ltr'>secundum</span> <span class='ocrx_word' id='word_1_318' title='bbox 793 1817 861 1838; x_wconf 91' lang='lat' dir='ltr'>rem</span> <span class='ocrx_word' id='word_1_319' title='bbox 884 1807 924 1838; x_wconf 93' lang='lat' dir='ltr'>sit</span> <span class='ocrx_word' id='word_1_320' title='bbox 953 1807 1125 1844; x_wconf 88' lang='lat' dir='ltr'>terminus,</span> <span class='ocrx_word' id='word_1_321' title='bbox 1157 1817 1215 1838; x_wconf 91' lang='lat' dir='ltr'>nec</span> <span class='ocrx_word' id='word_1_322' title='bbox 1247 1807 1383 1837; x_wconf 90' lang='lat' dir='ltr'>modum</span> 
     </span>
     <span class='ocr_line' id='line_1_44' title="bbox 315 1851 1383 1892; baseline 0.002 -12"><span class='ocrx_word' id='word_1_323' title='bbox 315 1857 422 1881; x_wconf 88' lang='lat' dir='ltr'>tamen</span> <span class='ocrx_word' id='word_1_324' title='bbox 441 1861 499 1882; x_wconf 89' lang='lat' dir='ltr'>nec</span> <span class='ocrx_word' id='word_1_325' title='bbox 515 1861 633 1882; x_wconf 91' lang='lat' dir='ltr'>nomen</span> <span class='ocrx_word' id='word_1_326' title='bbox 658 1852 751 1882; x_wconf 91' lang='lat' dir='ltr'>habet</span> <span class='ocrx_word' id='word_1_327' title='bbox 773 1851 910 1882; x_wconf 88' lang='lat' dir='ltr'>termini.</span> <span class='ocrx_word' id='word_1_328' title='bbox 936 1851 1101 1889; x_wconf 88' lang='lat' dir='ltr'>Quoniam</span> <span class='ocrx_word' id='word_1_329' title='bbox 1125 1858 1155 1882; x_wconf 93' lang='lat' dir='ltr'>et</span> <span class='ocrx_word' id='word_1_330' title='bbox 1171 1858 1226 1887; x_wconf 87' lang='lat' dir='ltr'>est,</span> <span class='ocrx_word' id='word_1_331' title='bbox 1243 1858 1274 1882; x_wconf 90' lang='lat' dir='ltr'>et</span> <span class='ocrx_word' id='word_1_332' title='bbox 1289 1851 1383 1892; x_wconf 87' lang='lat' dir='ltr'>signi-</span> 
     </span>
     <span class='ocr_line' id='line_1_45' title="bbox 314 1894 1382 1937; baseline 0.001 -12"><span class='ocrx_word' id='word_1_333' title='bbox 314 1894 426 1926; x_wconf 85' lang='lat' dir='ltr'>ficatur</span> <span class='ocrx_word' id='word_1_334' title='bbox 448 1902 484 1926; x_wconf 92' lang='lat' dir='ltr'>ut</span> <span class='ocrx_word' id='word_1_335' title='bbox 510 1895 543 1926; x_wconf 92' lang='lat' dir='ltr'>in</span> <span class='ocrx_word' id='word_1_336' title='bbox 567 1896 654 1926; x_wconf 89' lang='lat' dir='ltr'>aliud</span> <span class='ocrx_word' id='word_1_337' title='bbox 676 1896 824 1926; x_wconf 89' lang='lat' dir='ltr'>tendens:</span> <span class='ocrx_word' id='word_1_338' title='bbox 851 1903 974 1927; x_wconf 87' lang='lat' dir='ltr'>constat</span> <span class='ocrx_word' id='word_1_339' title='bbox 997 1902 1104 1926; x_wconf 90' lang='lat' dir='ltr'>autem</span> <span class='ocrx_word' id='word_1_340' title='bbox 1127 1896 1217 1937; x_wconf 93' lang='lat' dir='ltr'>quod</span> <span class='ocrx_word' id='word_1_341' title='bbox 1239 1896 1272 1926; x_wconf 94' lang='lat' dir='ltr'>in</span> <span class='ocrx_word' id='word_1_342' title='bbox 1296 1895 1382 1926; x_wconf 88' lang='lat' dir='ltr'>aliud</span> 
     </span>
     <span class='ocr_line' id='line_1_46' title="bbox 314 1939 1075 1976; baseline 0 -6"><span class='ocrx_word' id='word_1_343' title='bbox 314 1940 441 1975; x_wconf 85' lang='lat' dir='ltr'>tendere</span> <span class='ocrx_word' id='word_1_344' title='bbox 458 1940 598 1972; x_wconf 88' lang='lat' dir='ltr'>conditio</span> <span class='ocrx_word' id='word_1_345' title='bbox 614 1947 669 1976; x_wconf 86' lang='lat' dir='ltr'>est,</span> <span class='ocrx_word' id='word_1_346' title='bbox 686 1950 752 1971; x_wconf 90' lang='lat' dir='ltr'>non</span> <span class='ocrx_word' id='word_1_347' title='bbox 771 1939 906 1976; x_wconf 88' lang='lat' dir='ltr'>termini,</span> <span class='ocrx_word' id='word_1_348' title='bbox 927 1940 982 1970; x_wconf 89' lang='lat' dir='ltr'>sed</span> <span class='ocrx_word' id='word_1_349' title='bbox 997 1940 1075 1971; x_wconf 85' lang='lat' dir='ltr'>viae.</span> 
     </span>
    </p>

    <p class='ocr_par' dir='ltr' id='par_1_11' title="bbox 313 1983 1384 2236">
     <span class='ocr_line' id='line_1_47' title="bbox 369 1983 1382 2026; baseline -0.001 -11"><span class='ocrx_word' id='word_1_350' title='bbox 369 1984 410 2014; x_wconf 88' lang='lat' dir='ltr'>Et</span> <span class='ocrx_word' id='word_1_351' title='bbox 426 1990 556 2025; x_wconf 88' lang='lat' dir='ltr'>propter</span> <span class='ocrx_word' id='word_1_352' title='bbox 578 1984 660 2015; x_wconf 92' lang='lat' dir='ltr'>hanc</span> <span class='ocrx_word' id='word_1_353' title='bbox 683 1984 840 2015; x_wconf 91' lang='lat' dir='ltr'>rationem</span> <span class='ocrx_word' id='word_1_354' title='bbox 864 1984 977 2026; x_wconf 88' lang='lat' dir='ltr'>scripta</span> <span class='ocrx_word' id='word_1_355' title='bbox 1001 1991 1075 2016; x_wconf 89' lang='lat' dir='ltr'>sunt</span> <span class='ocrx_word' id='word_1_356' title='bbox 1090 1984 1184 2015; x_wconf 90' lang='lat' dir='ltr'>verba</span> <span class='ocrx_word' id='word_1_357' title='bbox 1199 1984 1253 2014; x_wconf 86' lang='lat' dir='ltr'>illa</span> <span class='ocrx_word' id='word_1_358' title='bbox 1269 1983 1302 2014; x_wconf 91' lang='lat' dir='ltr'>in</span> <span class='ocrx_word' id='word_1_359' title='bbox 1318 1984 1382 2024; x_wconf 94' lang='lat' dir='ltr'>Qq.</span> 
     </span>
     <span class='ocr_line' id='line_1_48' title="bbox 313 2027 1384 2070; baseline 0.001 -12"><span class='ocrx_word' id='word_1_360' title='bbox 313 2028 353 2058; x_wconf 83' lang='lat' dir='ltr'>de</span> <span class='ocrx_word' id='word_1_361' title='bbox 374 2027 443 2059; x_wconf 89' lang='lat' dir='ltr'>Ver.</span> <span class='ocrx_word' id='word_1_362' title='bbox 455 2028 482 2065; x_wconf 89' lang='lat'>*,</span> <span class='ocrx_word' id='word_1_363' title='bbox 500 2035 535 2059; x_wconf 91' lang='lat' dir='ltr'>ut</span> <span class='ocrx_word' id='word_1_364' title='bbox 550 2035 636 2070; x_wconf 90' lang='lat' dir='ltr'>patet</span> <span class='ocrx_word' id='word_1_365' title='bbox 652 2028 816 2068; x_wconf 87' lang='lat' dir='ltr'>diligenter</span> <span class='ocrx_word' id='word_1_366' title='bbox 830 2035 933 2059; x_wconf 87' lang='lat' dir='ltr'>totam</span> <span class='ocrx_word' id='word_1_367' title='bbox 948 2029 1191 2069; x_wconf 89' lang='lat' dir='ltr'>responsionem</span> <span class='ocrx_word' id='word_1_368' title='bbox 1210 2028 1384 2059; x_wconf 89' lang='lat' dir='ltr'>conferenti</span> 
     </span>
     <span class='ocr_line' id='line_1_49' title="bbox 313 2072 1383 2114; baseline 0 -11"><span class='ocrx_word' id='word_1_369' title='bbox 313 2082 349 2103; x_wconf 91' lang='lat' dir='ltr'>ac</span> <span class='ocrx_word' id='word_1_370' title='bbox 365 2072 549 2112; x_wconf 88' lang='lat' dir='ltr'>penetranti.</span> <span class='ocrx_word' id='word_1_371' title='bbox 567 2073 659 2104; x_wconf 91' lang='lat' dir='ltr'>Unde</span> <span class='ocrx_word' id='word_1_372' title='bbox 678 2073 756 2103; x_wconf 91' lang='lat' dir='ltr'>nihil</span> <span class='ocrx_word' id='word_1_373' title='bbox 771 2072 915 2103; x_wconf 85' lang='lat' dir='ltr'>officiunt</span> <span class='ocrx_word' id='word_1_374' title='bbox 933 2073 1111 2114; x_wconf 89' lang='lat' dir='ltr'>proposito.</span> <span class='ocrx_word' id='word_1_375' title='bbox 1123 2091 1142 2096; x_wconf 91' lang='lat'>-</span> <span class='ocrx_word' id='word_1_376' title='bbox 1159 2073 1200 2104; x_wconf 92' lang='lat' dir='ltr'>Et</span> <span class='ocrx_word' id='word_1_377' title='bbox 1219 2082 1255 2103; x_wconf 86' lang='lat' dir='ltr'>ex</span> <span class='ocrx_word' id='word_1_378' title='bbox 1272 2073 1383 2103; x_wconf 89' lang='lat' dir='ltr'>eadem</span> 
     </span>
     <span class='ocr_line' id='line_1_50' title="bbox 314 2116 1381 2158; baseline 0 -11"><span class='ocrx_word' id='word_1_379' title='bbox 314 2116 415 2147; x_wconf 83' lang='lat' dir='ltr'>radice</span> <span class='ocrx_word' id='word_1_380' title='bbox 431 2123 518 2157; x_wconf 92' lang='lat' dir='ltr'>patet</span> <span class='ocrx_word' id='word_1_381' title='bbox 540 2117 705 2158; x_wconf 86' lang='lat' dir='ltr'>responsio</span> <span class='ocrx_word' id='word_1_382' title='bbox 725 2117 764 2147; x_wconf 92' lang='lat' dir='ltr'>ad</span> <span class='ocrx_word' id='word_1_383' title='bbox 780 2117 901 2158; x_wconf 89' lang='lat' dir='ltr'>reliqua</span> <span class='ocrx_word' id='word_1_384' title='bbox 927 2117 1049 2148; x_wconf 92' lang='lat' dir='ltr'>obiecta</span> <span class='ocrx_word' id='word_1_385' title='bbox 1072 2118 1105 2148; x_wconf 90' lang='lat' dir='ltr'>in</span> <span class='ocrx_word' id='word_1_386' title='bbox 1129 2117 1234 2158; x_wconf 89' lang='lat' dir='ltr'>primo</span> <span class='ocrx_word' id='word_1_387' title='bbox 1265 2117 1381 2147; x_wconf 86' lang='lat' dir='ltr'>dubio:</span> 
     </span>
     <span class='ocr_line' id='line_1_51' title="bbox 313 2161 1382 2202; baseline 0.001 -11"><span class='ocrx_word' id='word_1_388' title='bbox 313 2161 445 2201; x_wconf 87' lang='lat' dir='ltr'>penuria</span> <span class='ocrx_word' id='word_1_389' title='bbox 468 2161 627 2202; x_wconf 89' lang='lat' dir='ltr'>siquidem</span> <span class='ocrx_word' id='word_1_390' title='bbox 649 2162 881 2192; x_wconf 89' lang='lat' dir='ltr'>vocabulorum</span> <span class='ocrx_word' id='word_1_391' title='bbox 903 2163 1026 2193; x_wconf 86' lang='lat' dir='ltr'>amoris</span> <span class='ocrx_word' id='word_1_392' title='bbox 1049 2171 1168 2192; x_wconf 89' lang='lat' dir='ltr'>nomen</span> <span class='ocrx_word' id='word_1_393' title='bbox 1185 2162 1224 2192; x_wconf 88' lang='lat' dir='ltr'>ad</span> <span class='ocrx_word' id='word_1_394' title='bbox 1240 2161 1307 2192; x_wconf 87' lang='lat' dir='ltr'>eius</span> <span class='ocrx_word' id='word_1_395' title='bbox 1323 2168 1382 2192; x_wconf 90' lang='lat' dir='ltr'>ter-</span> 
     </span>
     <span class='ocr_line' id='line_1_52' title="bbox 314 2205 602 2236; baseline 0.003 -1"><span class='ocrx_word' id='word_1_396' title='bbox 314 2205 439 2236; x_wconf 87' lang='lat' dir='ltr'>minum</span> <span class='ocrx_word' id='word_1_397' title='bbox 455 2205 602 2236; x_wconf 83' lang='lat' dir='ltr'>extendit.</span> 
     </span>
    </p>

    <p class='ocr_par' dir='ltr' id='par_1_12' title="bbox 309 2249 1382 3307">
     <span class='ocr_line' id='line_1_53' title="bbox 371 2249 1382 2290; baseline 0 -11"><span class='ocrx_word' id='word_1_398' title='bbox 371 2249 424 2280; x_wconf 88' lang='lat' dir='ltr'>VI.</span> <span class='ocrx_word' id='word_1_399' title='bbox 449 2250 500 2280; x_wconf 88' lang='lat' dir='ltr'>Ad</span> <span class='ocrx_word' id='word_1_400' title='bbox 524 2249 697 2280; x_wconf 86' lang='lat' dir='ltr'>secundam</span> <span class='ocrx_word' id='word_1_401' title='bbox 719 2257 827 2280; x_wconf 88' lang='lat' dir='ltr'>autem</span> <span class='ocrx_word' id='word_1_402' title='bbox 851 2250 1083 2282; x_wconf 85' lang='lat' dir='ltr'>dubitationem</span> <span class='ocrx_word' id='word_1_403' title='bbox 1098 2250 1116 2269; x_wconf 89' lang='grc'>*</span> <span class='ocrx_word' id='word_1_404' title='bbox 1139 2249 1270 2285; x_wconf 91' lang='lat' dir='ltr'>dicitur,</span> <span class='ocrx_word' id='word_1_405' title='bbox 1292 2249 1382 2290; x_wconf 92' lang='lat' dir='ltr'>quod</span> 
     </span>
     <span class='ocr_line' id='line_1_54' title="bbox 313 2293 1380 2335; baseline 0 -12"><span class='ocrx_word' id='word_1_406' title='bbox 313 2300 497 2333; x_wconf 85' lang='lat' dir='ltr'>argumenta</span> <span class='ocrx_word' id='word_1_407' title='bbox 524 2293 557 2324; x_wconf 90' lang='lat' dir='ltr'>in</span> <span class='ocrx_word' id='word_1_408' title='bbox 581 2294 708 2324; x_wconf 92' lang='lat' dir='ltr'>duobus</span> <span class='ocrx_word' id='word_1_409' title='bbox 731 2301 871 2335; x_wconf 88' lang='lat' dir='ltr'>peccant.</span> <span class='ocrx_word' id='word_1_410' title='bbox 902 2294 1011 2324; x_wconf 79' lang='lat' dir='ltr'>Primo</span> <span class='ocrx_word' id='word_1_411' title='bbox 1038 2294 1071 2324; x_wconf 88' lang='lat' dir='ltr'>in</span> <span class='ocrx_word' id='word_1_412' title='bbox 1095 2294 1173 2330; x_wconf 88' lang='lat' dir='ltr'>hoc,</span> <span class='ocrx_word' id='word_1_413' title='bbox 1202 2293 1291 2334; x_wconf 92' lang='lat' dir='ltr'>quod</span> <span class='ocrx_word' id='word_1_414' title='bbox 1315 2303 1380 2323; x_wconf 93' lang='lat' dir='ltr'>non</span> 
     </span>
     <span class='ocr_line' id='line_1_55' title="bbox 312 2337 1380 2378; baseline 0.002 -12"><span class='ocrx_word' id='word_1_415' title='bbox 312 2337 420 2368; x_wconf 88' lang='lat' dir='ltr'>vident</span> <span class='ocrx_word' id='word_1_416' title='bbox 443 2337 571 2369; x_wconf 89' lang='lat' dir='ltr'>tertium</span> <span class='ocrx_word' id='word_1_417' title='bbox 595 2337 731 2368; x_wconf 87' lang='lat' dir='ltr'>modurn</span> <span class='ocrx_word' id='word_1_418' title='bbox 755 2338 877 2368; x_wconf 90' lang='lat' dir='ltr'>essendi</span> <span class='ocrx_word' id='word_1_419' title='bbox 901 2339 949 2375; x_wconf 87' lang='lat' dir='ltr'>in,</span> <span class='ocrx_word' id='word_1_420' title='bbox 979 2344 1102 2378; x_wconf 88' lang='lat' dir='ltr'>praeter</span> <span class='ocrx_word' id='word_1_421' title='bbox 1127 2347 1184 2378; x_wconf 91' lang='lat' dir='ltr'>per</span> <span class='ocrx_word' id='word_1_422' title='bbox 1212 2337 1380 2369; x_wconf 85' lang='lat' dir='ltr'>essentiam</span> 
     </span>
     <span class='ocr_line' id='line_1_56' title="bbox 313 2381 1379 2422; baseline 0.001 -11"><span class='ocrx_word' id='word_1_423' title='bbox 313 2388 344 2412; x_wconf 90' lang='lat' dir='ltr'>et</span> <span class='ocrx_word' id='word_1_424' title='bbox 359 2381 611 2418; x_wconf 91' lang='lat' dir='ltr'>similitudinem,</span> <span class='ocrx_word' id='word_1_425' title='bbox 628 2381 744 2412; x_wconf 91' lang='lat' dir='ltr'>scilicet</span> <span class='ocrx_word' id='word_1_426' title='bbox 754 2391 818 2422; x_wconf 78' lang='lat' dir='ltr'>per</span> <span class='ocrx_word' id='word_1_427' title='bbox 833 2382 1071 2412; x_wconf 82' lang='lat' dir='ltr'>inclinationem</span> <span class='ocrx_word' id='word_1_428' title='bbox 1087 2392 1144 2413; x_wconf 85' lang='lat' dir='ltr'>seu</span> <span class='ocrx_word' id='word_1_429' title='bbox 1165 2381 1379 2422; x_wconf 82' lang='lat' dir='ltr'>affectionem,</span> 
     </span>
     <span class='ocr_line' id='line_1_57' title="bbox 312 2425 1380 2466; baseline 0.001 -11"><span class='ocrx_word' id='word_1_430' title='bbox 312 2435 379 2466; x_wconf 93' lang='lat' dir='ltr'>quo</span> <span class='ocrx_word' id='word_1_431' title='bbox 395 2425 494 2456; x_wconf 87' lang='lat' dir='ltr'>modo</span> <span class='ocrx_word' id='word_1_432' title='bbox 512 2435 578 2456; x_wconf 89' lang='lat' dir='ltr'>esse</span> <span class='ocrx_word' id='word_1_433' title='bbox 602 2426 753 2456; x_wconf 90' lang='lat' dir='ltr'>deorsum</span> <span class='ocrx_word' id='word_1_434' title='bbox 767 2433 813 2457; x_wconf 90' lang='lat' dir='ltr'>est</span> <span class='ocrx_word' id='word_1_435' title='bbox 824 2426 857 2456; x_wconf 90' lang='lat' dir='ltr'>in</span> <span class='ocrx_word' id='word_1_436' title='bbox 873 2426 968 2466; x_wconf 88' lang='lat' dir='ltr'>gravi,</span> <span class='ocrx_word' id='word_1_437' title='bbox 986 2433 1017 2457; x_wconf 91' lang='lat' dir='ltr'>et</span> <span class='ocrx_word' id='word_1_438' title='bbox 1032 2436 1099 2456; x_wconf 90' lang='lat' dir='ltr'>esse</span> <span class='ocrx_word' id='word_1_439' title='bbox 1115 2436 1243 2457; x_wconf 90' lang='lat' dir='ltr'>sursum</span> <span class='ocrx_word' id='word_1_440' title='bbox 1258 2426 1291 2456; x_wconf 93' lang='lat' dir='ltr'>in</span> <span class='ocrx_word' id='word_1_441' title='bbox 1307 2426 1380 2457; x_wconf 91' lang='lat' dir='ltr'>levi.</span> 
     </span>
     <span class='ocr_line' id='line_1_58' title="bbox 312 2469 1379 2511; baseline 0 -11"><span class='ocrx_word' id='word_1_442' title='bbox 312 2469 373 2500; x_wconf 86' lang='lat' dir='ltr'>Hic</span> <span class='ocrx_word' id='word_1_443' title='bbox 389 2469 484 2506; x_wconf 90' lang='lat' dir='ltr'>enim,</span> <span class='ocrx_word' id='word_1_444' title='bbox 498 2477 534 2501; x_wconf 93' lang='lat' dir='ltr'>ut</span> <span class='ocrx_word' id='word_1_445' title='bbox 548 2470 581 2500; x_wconf 91' lang='lat' dir='ltr'>in</span> <span class='ocrx_word' id='word_1_446' title='bbox 594 2470 636 2501; x_wconf 94' lang='lat' dir='ltr'>IV</span> <span class='ocrx_word' id='word_1_447' title='bbox 652 2470 773 2501; x_wconf 87' lang='lat' dir='ltr'>Contra</span> <span class='ocrx_word' id='word_1_448' title='bbox 788 2470 893 2508; x_wconf 70' lang='lat' dir='ltr'>Geni„</span> <span class='ocrx_word' id='word_1_449' title='bbox 910 2480 977 2511; x_wconf 88' lang='lat' dir='ltr'>cap.</span> <span class='ocrx_word' id='word_1_450' title='bbox 989 2481 1050 2507; x_wconf 79' lang='lat' dir='ltr'>xrx,</span> <span class='ocrx_word' id='word_1_451' title='bbox 1063 2471 1256 2511; x_wconf 81' lang='lat' dir='ltr'>explanatur,</span> <span class='ocrx_word' id='word_1_452' title='bbox 1270 2470 1379 2501; x_wconf 91' lang='lat' dir='ltr'>tertius</span> 
     </span>
     <span class='ocr_line' id='line_1_59' title="bbox 312 2514 1379 2551; baseline 0.001 -7"><span class='ocrx_word' id='word_1_453' title='bbox 312 2520 358 2544; x_wconf 91' lang='lat' dir='ltr'>est</span> <span class='ocrx_word' id='word_1_454' title='bbox 374 2514 506 2544; x_wconf 89' lang='lat' dir='ltr'>modus:</span> <span class='ocrx_word' id='word_1_455' title='bbox 532 2521 563 2545; x_wconf 90' lang='lat' dir='ltr'>et</span> <span class='ocrx_word' id='word_1_456' title='bbox 584 2514 671 2545; x_wconf 85' lang='lat' dir='ltr'>iuxta</span> <span class='ocrx_word' id='word_1_457' title='bbox 693 2514 789 2551; x_wconf 87' lang='lat' dir='ltr'>hunc,</span> <span class='ocrx_word' id='word_1_458' title='bbox 813 2522 958 2546; x_wconf 88' lang='lat' dir='ltr'>amatum</span> <span class='ocrx_word' id='word_1_459' title='bbox 977 2522 1023 2546; x_wconf 93' lang='lat' dir='ltr'>est</span> <span class='ocrx_word' id='word_1_460' title='bbox 1037 2515 1071 2545; x_wconf 91' lang='lat' dir='ltr'>in</span> <span class='ocrx_word' id='word_1_461' title='bbox 1087 2521 1222 2551; x_wconf 86' lang='lat' dir='ltr'>amante,</span> <span class='ocrx_word' id='word_1_462' title='bbox 1240 2521 1275 2546; x_wconf 93' lang='lat' dir='ltr'>ut</span> <span class='ocrx_word' id='word_1_463' title='bbox 1291 2515 1330 2545; x_wconf 88' lang='lat' dir='ltr'>de</span> <span class='ocrx_word' id='word_1_464' title='bbox 1346 2524 1379 2545; x_wconf 89' lang='lat' dir='ltr'>se</span> 
     </span>
     <span class='ocr_line' id='line_1_60' title="bbox 311 2558 1378 2600; baseline 0.001 -12"><span class='ocrx_word' id='word_1_465' title='bbox 311 2565 407 2598; x_wconf 88' lang='lat' dir='ltr'>patet.</span> <span class='ocrx_word' id='word_1_466' title='bbox 418 2576 438 2582; x_wconf 85' lang='lat'>-</span> <span class='ocrx_word' id='word_1_467' title='bbox 450 2558 597 2589; x_wconf 80' lang='lat' dir='ltr'>Secundo</span> <span class='ocrx_word' id='word_1_468' title='bbox 612 2558 645 2589; x_wconf 92' lang='lat' dir='ltr'>in</span> <span class='ocrx_word' id='word_1_469' title='bbox 658 2558 719 2589; x_wconf 91' lang='lat' dir='ltr'>hoc</span> <span class='ocrx_word' id='word_1_470' title='bbox 733 2559 832 2599; x_wconf 84' lang='lat' dir='ltr'>quod,</span> <span class='ocrx_word' id='word_1_471' title='bbox 848 2569 914 2589; x_wconf 91' lang='lat' dir='ltr'>non</span> <span class='ocrx_word' id='word_1_472' title='bbox 926 2558 1071 2590; x_wconf 89' lang='lat' dir='ltr'>librando</span> <span class='ocrx_word' id='word_1_473' title='bbox 1087 2559 1165 2600; x_wconf 91' lang='lat' dir='ltr'>quid</span> <span class='ocrx_word' id='word_1_474' title='bbox 1180 2559 1219 2590; x_wconf 91' lang='lat' dir='ltr'>sit</span> <span class='ocrx_word' id='word_1_475' title='bbox 1235 2565 1378 2589; x_wconf 87' lang='lat' dir='ltr'>amatum</span> 
     </span>
     <span class='ocr_line' id='line_1_61' title="bbox 312 2602 1378 2644; baseline 0.001 -12"><span class='ocrx_word' id='word_1_476' title='bbox 312 2612 378 2632; x_wconf 91' lang='lat' dir='ltr'>esse</span> <span class='ocrx_word' id='word_1_477' title='bbox 401 2602 434 2632; x_wconf 93' lang='lat' dir='ltr'>in</span> <span class='ocrx_word' id='word_1_478' title='bbox 454 2610 596 2639; x_wconf 87' lang='lat' dir='ltr'>amante,</span> <span class='ocrx_word' id='word_1_479' title='bbox 620 2610 735 2643; x_wconf 89' lang='lat' dir='ltr'>putant</span> <span class='ocrx_word' id='word_1_480' title='bbox 758 2603 838 2633; x_wconf 90' lang='lat' dir='ltr'>hanc</span> <span class='ocrx_word' id='word_1_481' title='bbox 863 2603 1123 2644; x_wconf 85' lang='lat' dir='ltr'>consequentiam</span> <span class='ocrx_word' id='word_1_482' title='bbox 1146 2603 1263 2634; x_wconf 89' lang='lat' dir='ltr'>valere:</span> <span class='ocrx_word' id='word_1_483' title='bbox 1287 2613 1378 2633; x_wconf 87' lang='lat' dir='ltr'>ama-</span> 
     </span>
     <span class='ocr_line' id='line_1_62' title="bbox 311 2646 1380 2688; baseline 0.002 -12"><span class='ocrx_word' id='word_1_484' title='bbox 311 2651 377 2676; x_wconf 85' lang='lat' dir='ltr'>tum</span> <span class='ocrx_word' id='word_1_485' title='bbox 392 2646 439 2687; x_wconf 82' lang='lat' dir='ltr'>fit</span> <span class='ocrx_word' id='word_1_486' title='bbox 460 2657 481 2677; x_wconf 89' lang='lat' dir='ltr'>a</span> <span class='ocrx_word' id='word_1_487' title='bbox 505 2648 668 2678; x_wconf 78' lang='lat' dir='ltr'>voluntate</span> <span class='ocrx_word' id='word_1_488' title='bbox 687 2648 719 2678; x_wconf 89' lang='lat' dir='ltr'>in</span> <span class='ocrx_word' id='word_1_489' title='bbox 739 2653 879 2685; x_wconf 83' lang='lat' dir='ltr'>amante,</span> <span class='ocrx_word' id='word_1_490' title='bbox 905 2657 984 2688; x_wconf 82' lang='lat' dir='ltr'>ergo</span> <span class='ocrx_word' id='word_1_491' title='bbox 1005 2653 1149 2678; x_wconf 89' lang='lat' dir='ltr'>amatum</span> <span class='ocrx_word' id='word_1_492' title='bbox 1170 2648 1312 2678; x_wconf 83' lang='lat' dir='ltr'>trahitur</span> <span class='ocrx_word' id='word_1_493' title='bbox 1335 2647 1380 2678; x_wconf 85' lang='lat' dir='ltr'>ad</span> 
     </span>
     <span class='ocr_line' id='line_1_63' title="bbox 311 2691 1379 2729; baseline 0.001 -8"><span class='ocrx_word' id='word_1_494' title='bbox 311 2696 472 2721; x_wconf 83' lang='lat' dir='ltr'>amantem</span> <span class='ocrx_word' id='word_1_495' title='bbox 481 2699 494 2728; x_wconf 92' lang='lat'><em>;</em></span> <span class='ocrx_word' id='word_1_496' title='bbox 513 2701 587 2722; x_wconf 91' lang='lat' dir='ltr'>cum</span> <span class='ocrx_word' id='word_1_497' title='bbox 603 2698 709 2722; x_wconf 90' lang='lat' dir='ltr'>tamen</span> <span class='ocrx_word' id='word_1_498' title='bbox 726 2691 804 2722; x_wconf 88' lang='lat' dir='ltr'>nihil</span> <span class='ocrx_word' id='word_1_499' title='bbox 818 2691 930 2723; x_wconf 85' lang='lat' dir='ltr'>valeat.</span> <span class='ocrx_word' id='word_1_500' title='bbox 949 2692 1034 2729; x_wconf 84' lang='lat' dir='ltr'>Quia</span> <span class='ocrx_word' id='word_1_501' title='bbox 1049 2698 1192 2723; x_wconf 87' lang='lat' dir='ltr'>amatum</span> <span class='ocrx_word' id='word_1_502' title='bbox 1209 2701 1274 2722; x_wconf 91' lang='lat' dir='ltr'>non</span> <span class='ocrx_word' id='word_1_503' title='bbox 1290 2691 1379 2723; x_wconf 88' lang='lat' dir='ltr'>aliter</span> 
     </span>
     <span class='ocr_line' id='line_1_64' title="bbox 310 2734 1378 2772; baseline 0.003 -8"><span class='ocrx_word' id='word_1_504' title='bbox 310 2734 346 2765; x_wconf 89' lang='lat' dir='ltr'>fit</span> <span class='ocrx_word' id='word_1_505' title='bbox 363 2734 397 2765; x_wconf 92' lang='lat' dir='ltr'>in</span> <span class='ocrx_word' id='word_1_506' title='bbox 421 2742 555 2772; x_wconf 85' lang='lat' dir='ltr'>amante,</span> <span class='ocrx_word' id='word_1_507' title='bbox 579 2735 638 2766; x_wconf 93' lang='lat' dir='ltr'>nisi</span> <span class='ocrx_word' id='word_1_508' title='bbox 662 2736 839 2767; x_wconf 91' lang='lat' dir='ltr'>secundum</span> <span class='ocrx_word' id='word_1_509' title='bbox 862 2735 1060 2767; x_wconf 88' lang='lat' dir='ltr'>affectionem</span> <span class='ocrx_word' id='word_1_510' title='bbox 1084 2736 1218 2768; x_wconf 90' lang='lat' dir='ltr'>amantis</span> <span class='ocrx_word' id='word_1_511' title='bbox 1241 2737 1273 2767; x_wconf 91' lang='lat' dir='ltr'>in</span> <span class='ocrx_word' id='word_1_512' title='bbox 1293 2746 1378 2767; x_wconf 89' lang='lat' dir='ltr'>ama-</span> 
     </span>
     <span class='ocr_line' id='line_1_65' title="bbox 310 2780 1376 2821; baseline 0 -11"><span class='ocrx_word' id='word_1_513' title='bbox 310 2786 400 2810; x_wconf 90' lang='lat' dir='ltr'>tum:</span> <span class='ocrx_word' id='word_1_514' title='bbox 425 2786 456 2810; x_wconf 90' lang='lat' dir='ltr'>et</span> <span class='ocrx_word' id='word_1_515' title='bbox 479 2787 708 2820; x_wconf 87' lang='lat' dir='ltr'>consequenter</span> <span class='ocrx_word' id='word_1_516' title='bbox 732 2790 769 2810; x_wconf 87' lang='lat' dir='ltr'>ex</span> <span class='ocrx_word' id='word_1_517' title='bbox 791 2780 853 2810; x_wconf 91' lang='lat' dir='ltr'>hoc</span> <span class='ocrx_word' id='word_1_518' title='bbox 876 2780 946 2820; x_wconf 92' lang='lat' dir='ltr'>ipso</span> <span class='ocrx_word' id='word_1_519' title='bbox 976 2781 1065 2821; x_wconf 92' lang='lat' dir='ltr'>quod</span> <span class='ocrx_word' id='word_1_520' title='bbox 1089 2780 1132 2811; x_wconf 89' lang='lat' dir='ltr'>sic</span> <span class='ocrx_word' id='word_1_521' title='bbox 1156 2780 1204 2817; x_wconf 86' lang='lat' dir='ltr'>fit,</span> <span class='ocrx_word' id='word_1_522' title='bbox 1229 2780 1376 2817; x_wconf 87' lang='lat' dir='ltr'>trahitur,</span> 
     </span>
     <span class='ocr_line' id='line_1_66' title="bbox 311 2823 1378 2864; baseline 0.003 -11"><span class='ocrx_word' id='word_1_523' title='bbox 311 2823 567 2860; x_wconf 88' lang='lat' dir='ltr'>transformatur,</span> <span class='ocrx_word' id='word_1_524' title='bbox 597 2824 771 2864; x_wconf 87' lang='lat' dir='ltr'>impellitur</span> <span class='ocrx_word' id='word_1_525' title='bbox 793 2834 902 2854; x_wconf 88' lang='lat' dir='ltr'>amans</span> <span class='ocrx_word' id='word_1_526' title='bbox 925 2825 958 2855; x_wconf 93' lang='lat' dir='ltr'>in</span> <span class='ocrx_word' id='word_1_527' title='bbox 982 2831 1125 2855; x_wconf 88' lang='lat' dir='ltr'>amatum</span> <span class='ocrx_word' id='word_1_528' title='bbox 1148 2825 1318 2861; x_wconf 88' lang='lat' dir='ltr'>obiective;</span> <span class='ocrx_word' id='word_1_529' title='bbox 1348 2832 1378 2856; x_wconf 91' lang='lat' dir='ltr'>et</span> 
     </span>
     <span class='ocr_line' id='line_1_67' title="bbox 311 2867 1379 2911; baseline 0.003 -14"><span class='ocrx_word' id='word_1_530' title='bbox 311 2867 355 2898; x_wconf 90' lang='lat' dir='ltr'>sic</span> <span class='ocrx_word' id='word_1_531' title='bbox 378 2867 410 2897; x_wconf 88' lang='lat' dir='ltr'>in</span> <span class='ocrx_word' id='word_1_532' title='bbox 435 2877 473 2898; x_wconf 94' lang='lat' dir='ltr'>eo</span> <span class='ocrx_word' id='word_1_533' title='bbox 498 2875 553 2899; x_wconf 91' lang='lat' dir='ltr'>est.</span> <span class='ocrx_word' id='word_1_534' title='bbox 582 2869 754 2909; x_wconf 86' lang='lat' dir='ltr'>Patereque</span> <span class='ocrx_word' id='word_1_535' title='bbox 779 2868 868 2899; x_wconf 85' lang='lat' dir='ltr'>facile</span> <span class='ocrx_word' id='word_1_536' title='bbox 891 2876 1015 2909; x_wconf 90' lang='lat' dir='ltr'>poterat</span> <span class='ocrx_word' id='word_1_537' title='bbox 1037 2869 1098 2900; x_wconf 92' lang='lat' dir='ltr'>hoc</span> <span class='ocrx_word' id='word_1_538' title='bbox 1122 2879 1159 2900; x_wconf 84' lang='lat' dir='ltr'>ex</span> <span class='ocrx_word' id='word_1_539' title='bbox 1186 2869 1255 2911; x_wconf 88' lang='lat' dir='ltr'>ipsa</span> <span class='ocrx_word' id='word_1_540' title='bbox 1278 2871 1379 2900; x_wconf 85' lang='lat' dir='ltr'>amati</span> 
     </span>
     <span class='ocr_line' id='line_1_68' title="bbox 311 2911 1375 2950; baseline 0.002 -8"><span class='ocrx_word' id='word_1_541' title='bbox 311 2911 441 2943; x_wconf 87' lang='lat' dir='ltr'>ratione.</span> <span class='ocrx_word' id='word_1_542' title='bbox 467 2912 576 2943; x_wconf 88' lang='lat' dir='ltr'>Amari</span> <span class='ocrx_word' id='word_1_543' title='bbox 600 2913 685 2943; x_wconf 90' lang='lat' dir='ltr'>enim</span> <span class='ocrx_word' id='word_1_544' title='bbox 709 2923 775 2943; x_wconf 90' lang='lat' dir='ltr'>non</span> <span class='ocrx_word' id='word_1_545' title='bbox 799 2920 845 2943; x_wconf 92' lang='lat' dir='ltr'>est</span> <span class='ocrx_word' id='word_1_546' title='bbox 866 2913 956 2950; x_wconf 90' lang='lat' dir='ltr'>trahi,</span> <span class='ocrx_word' id='word_1_547' title='bbox 982 2914 1037 2943; x_wconf 88' lang='lat' dir='ltr'>sed</span> <span class='ocrx_word' id='word_1_548' title='bbox 1055 2913 1176 2944; x_wconf 83' lang='lat' dir='ltr'>trahere</span> <span class='ocrx_word' id='word_1_549' title='bbox 1199 2921 1375 2944; x_wconf 87' lang='lat' dir='ltr'>amantem:</span> 
     </span>
     <span class='ocr_line' id='line_1_69' title="bbox 311 2956 1376 2997; baseline 0.002 -11"><span class='ocrx_word' id='word_1_550' title='bbox 311 2963 341 2986; x_wconf 91' lang='lat' dir='ltr'>et</span> <span class='ocrx_word' id='word_1_551' title='bbox 358 2963 588 2997; x_wconf 84' lang='lat' dir='ltr'>consequenter</span> <span class='ocrx_word' id='word_1_552' title='bbox 610 2956 675 2987; x_wconf 87' lang='lat' dir='ltr'>fieri</span> <span class='ocrx_word' id='word_1_553' title='bbox 699 2964 735 2987; x_wconf 92' lang='lat' dir='ltr'>ut</span> <span class='ocrx_word' id='word_1_554' title='bbox 758 2965 910 2994; x_wconf 81' lang='lat' dir='ltr'>amatum,</span> <span class='ocrx_word' id='word_1_555' title='bbox 935 2967 1000 2988; x_wconf 90' lang='lat' dir='ltr'>non</span> <span class='ocrx_word' id='word_1_556' title='bbox 1025 2965 1071 2988; x_wconf 86' lang='lat' dir='ltr'>est</span> <span class='ocrx_word' id='word_1_557' title='bbox 1094 2957 1160 2988; x_wconf 85' lang='lat' dir='ltr'>fieri</span> <span class='ocrx_word' id='word_1_558' title='bbox 1176 2965 1212 2989; x_wconf 94' lang='lat' dir='ltr'>ut</span> <span class='ocrx_word' id='word_1_559' title='bbox 1231 2965 1376 2994; x_wconf 89' lang='lat' dir='ltr'>tractum,</span> 
     </span>
     <span class='ocr_line' id='line_1_70' title="bbox 311 3001 1377 3042; baseline 0.003 -12"><span class='ocrx_word' id='word_1_560' title='bbox 311 3001 365 3030; x_wconf 89' lang='lat' dir='ltr'>sed</span> <span class='ocrx_word' id='word_1_561' title='bbox 389 3007 425 3031; x_wconf 94' lang='lat' dir='ltr'>ut</span> <span class='ocrx_word' id='word_1_562' title='bbox 447 3001 588 3032; x_wconf 90' lang='lat' dir='ltr'>trahens:</span> <span class='ocrx_word' id='word_1_563' title='bbox 619 3011 654 3032; x_wconf 90' lang='lat' dir='ltr'>ac</span> <span class='ocrx_word' id='word_1_564' title='bbox 677 3011 732 3041; x_wconf 91' lang='lat' dir='ltr'>per</span> <span class='ocrx_word' id='word_1_565' title='bbox 755 3001 827 3037; x_wconf 80' lang='lat' dir='ltr'>hoc,</span> <span class='ocrx_word' id='word_1_566' title='bbox 845 3001 869 3031; x_wconf 91' lang='lat' dir='ltr'>si</span> <span class='ocrx_word' id='word_1_567' title='bbox 893 3002 1013 3042; x_wconf 90' lang='lat' dir='ltr'>aliquid</span> <span class='ocrx_word' id='word_1_568' title='bbox 1036 3001 1071 3032; x_wconf 88' lang='lat' dir='ltr'>fit</span> <span class='ocrx_word' id='word_1_569' title='bbox 1098 3002 1131 3032; x_wconf 91' lang='lat' dir='ltr'>in</span> <span class='ocrx_word' id='word_1_570' title='bbox 1154 3002 1318 3034; x_wconf 87' lang='lat' dir='ltr'>voluntate</span> <span class='ocrx_word' id='word_1_571' title='bbox 1342 3010 1377 3033; x_wconf 92' lang='lat' dir='ltr'>ut</span> 
     </span>
     <span class='ocr_line' id='line_1_71' title="bbox 311 3045 1377 3086; baseline 0.003 -12"><span class='ocrx_word' id='word_1_572' title='bbox 311 3051 463 3081; x_wconf 87' lang='lat' dir='ltr'>amatum,</span> <span class='ocrx_word' id='word_1_573' title='bbox 488 3055 553 3076; x_wconf 91' lang='lat' dir='ltr'>non</span> <span class='ocrx_word' id='word_1_574' title='bbox 577 3045 612 3077; x_wconf 87' lang='lat' dir='ltr'>fit</span> <span class='ocrx_word' id='word_1_575' title='bbox 635 3052 671 3076; x_wconf 95' lang='lat' dir='ltr'>ut</span> <span class='ocrx_word' id='word_1_576' title='bbox 693 3053 828 3077; x_wconf 90' lang='lat' dir='ltr'>tractum</span> <span class='ocrx_word' id='word_1_577' title='bbox 852 3046 891 3075; x_wconf 89' lang='lat' dir='ltr'>ad</span> <span class='ocrx_word' id='word_1_578' title='bbox 914 3046 1026 3086; x_wconf 87' lang='lat' dir='ltr'>ipsam,</span> <span class='ocrx_word' id='word_1_579' title='bbox 1052 3047 1106 3076; x_wconf 89' lang='lat' dir='ltr'>sed</span> <span class='ocrx_word' id='word_1_580' title='bbox 1131 3056 1147 3077; x_wconf 90' lang='lat' dir='ltr'>e</span> <span class='ocrx_word' id='word_1_581' title='bbox 1161 3046 1317 3077; x_wconf 86' lang='lat' dir='ltr'>contrario</span> <span class='ocrx_word' id='word_1_582' title='bbox 1341 3053 1377 3077; x_wconf 95' lang='lat' dir='ltr'>ut</span> 
     </span>
     <span class='ocr_line' id='line_1_72' title="bbox 309 3089 1376 3131; baseline 0.002 -12"><span class='ocrx_word' id='word_1_583' title='bbox 309 3089 435 3119; x_wconf 89' lang='lat' dir='ltr'>trahens</span> <span class='ocrx_word' id='word_1_584' title='bbox 458 3089 569 3129; x_wconf 89' lang='lat' dir='ltr'>ipsam.</span> <span class='ocrx_word' id='word_1_585' title='bbox 600 3090 641 3120; x_wconf 84' lang='lat' dir='ltr'>Et</span> <span class='ocrx_word' id='word_1_586' title='bbox 663 3090 725 3120; x_wconf 89' lang='lat' dir='ltr'>hoc</span> <span class='ocrx_word' id='word_1_587' title='bbox 750 3090 849 3120; x_wconf 93' lang='lat' dir='ltr'>modo</span> <span class='ocrx_word' id='word_1_588' title='bbox 874 3089 1009 3120; x_wconf 86' lang='lat' dir='ltr'>fatemur</span> <span class='ocrx_word' id='word_1_589' title='bbox 1037 3090 1277 3122; x_wconf 89' lang='lat' dir='ltr'>similitudinem</span> <span class='ocrx_word' id='word_1_590' title='bbox 1303 3100 1376 3131; x_wconf 90' lang='lat' dir='ltr'>pro-</span> 
     </span>
     <span class='ocr_line' id='line_1_73' title="bbox 310 3133 1376 3174; baseline 0.001 -11"><span class='ocrx_word' id='word_1_591' title='bbox 310 3133 523 3174; x_wconf 90' lang='lat' dir='ltr'>portionalem</span> <span class='ocrx_word' id='word_1_592' title='bbox 545 3134 664 3166; x_wconf 87' lang='lat' dir='ltr'>litterae</span> <span class='ocrx_word' id='word_1_593' title='bbox 694 3134 775 3164; x_wconf 92' lang='lat' dir='ltr'>inter</span> <span class='ocrx_word' id='word_1_594' title='bbox 804 3134 999 3165; x_wconf 90' lang='lat' dir='ltr'>intellectum</span> <span class='ocrx_word' id='word_1_595' title='bbox 1029 3141 1058 3165; x_wconf 90' lang='lat' dir='ltr'>et</span> <span class='ocrx_word' id='word_1_596' title='bbox 1085 3135 1284 3166; x_wconf 89' lang='lat' dir='ltr'>voluntatem</span> <span class='ocrx_word' id='word_1_597' title='bbox 1308 3145 1376 3165; x_wconf 90' lang='lat' dir='ltr'>cur—</span> 
     </span>
     <span class='ocr_line' id='line_1_74' title="bbox 310 3178 1374 3219; baseline 0.002 -11"><span class='ocrx_word' id='word_1_598' title='bbox 310 3187 395 3214; x_wconf 86' lang='lat' dir='ltr'>rere,</span> <span class='ocrx_word' id='word_1_599' title='bbox 425 3178 542 3209; x_wconf 89' lang='lat' dir='ltr'>scilicet</span> <span class='ocrx_word' id='word_1_600' title='bbox 569 3178 678 3219; x_wconf 89' lang='lat' dir='ltr'>quoad</span> <span class='ocrx_word' id='word_1_601' title='bbox 701 3178 763 3208; x_wconf 86' lang='lat' dir='ltr'>hoc</span> <span class='ocrx_word' id='word_1_602' title='bbox 786 3178 885 3218; x_wconf 91' lang='lat' dir='ltr'>quod,</span> <span class='ocrx_word' id='word_1_603' title='bbox 911 3178 991 3209; x_wconf 91' lang='lat' dir='ltr'>sicut</span> <span class='ocrx_word' id='word_1_604' title='bbox 1013 3178 1056 3209; x_wconf 92' lang='lat' dir='ltr'>ibi</span> <span class='ocrx_word' id='word_1_605' title='bbox 1080 3178 1115 3210; x_wconf 88' lang='lat' dir='ltr'>fit</span> <span class='ocrx_word' id='word_1_606' title='bbox 1138 3189 1186 3210; x_wconf 88' lang='lat' dir='ltr'>res</span> <span class='ocrx_word' id='word_1_607' title='bbox 1209 3179 1374 3215; x_wconf 86' lang='lat' dir='ltr'>intellecta,</span> 
     </span>
     <span class='ocr_line' id='line_1_75' title="bbox 309 3222 1375 3259; baseline 0.002 -7"><span class='ocrx_word' id='word_1_608' title='bbox 309 3222 351 3253; x_wconf 92' lang='lat' dir='ltr'>ita</span> <span class='ocrx_word' id='word_1_609' title='bbox 371 3222 421 3252; x_wconf 90' lang='lat' dir='ltr'>hic</span> <span class='ocrx_word' id='word_1_610' title='bbox 444 3233 492 3253; x_wconf 89' lang='lat' dir='ltr'>res</span> <span class='ocrx_word' id='word_1_611' title='bbox 516 3230 635 3254; x_wconf 86' lang='lat' dir='ltr'>amata:</span> <span class='ocrx_word' id='word_1_612' title='bbox 660 3223 715 3253; x_wconf 90' lang='lat' dir='ltr'>sed</span> <span class='ocrx_word' id='word_1_613' title='bbox 739 3222 959 3258; x_wconf 86' lang='lat' dir='ltr'>diversimode,</span> <span class='ocrx_word' id='word_1_614' title='bbox 984 3230 1020 3254; x_wconf 93' lang='lat' dir='ltr'>ut</span> <span class='ocrx_word' id='word_1_615' title='bbox 1043 3223 1164 3254; x_wconf 90' lang='lat' dir='ltr'>dictum</span> <span class='ocrx_word' id='word_1_616' title='bbox 1188 3229 1244 3259; x_wconf 85' lang='lat' dir='ltr'>est,</span> <span class='ocrx_word' id='word_1_617' title='bbox 1264 3230 1295 3254; x_wconf 91' lang='lat' dir='ltr'>et</span> <span class='ocrx_word' id='word_1_618' title='bbox 1310 3233 1375 3253; x_wconf 82' lang='lat' dir='ltr'>am-</span> 
     </span>
     <span class='ocr_line' id='line_1_76' title="bbox 309 3266 732 3307; baseline 0.002 -11"><span class='ocrx_word' id='word_1_619' title='bbox 309 3266 393 3307; x_wconf 89' lang='lat' dir='ltr'>plius</span> <span class='ocrx_word' id='word_1_620' title='bbox 417 3267 537 3298; x_wconf 90' lang='lat' dir='ltr'>dicetur</span> <span class='ocrx_word' id='word_1_621' title='bbox 559 3267 690 3298; x_wconf 89' lang='lat' dir='ltr'>inferius</span> <span class='ocrx_word' id='word_1_622' title='bbox 705 3267 732 3297; x_wconf 87' lang='lat'>*.</span> 
     </span>
    </p>

    <p class='ocr_par' dir='ltr' id='par_1_13' title="bbox 310 3311 1376 3519">
     <span class='ocr_line' id='line_1_77' title="bbox 369 3311 1375 3353; baseline 0 -12"><span class='ocrx_word' id='word_1_623' title='bbox 369 3311 434 3342; x_wconf 90' lang='lat' dir='ltr'>VII.</span> <span class='ocrx_word' id='word_1_624' title='bbox 460 3312 493 3341; x_wconf 92' lang='lat' dir='ltr'>In</span> <span class='ocrx_word' id='word_1_625' title='bbox 510 3311 717 3352; x_wconf 87' lang='lat' dir='ltr'>responsione</span> <span class='ocrx_word' id='word_1_626' title='bbox 736 3311 775 3341; x_wconf 84' lang='lat' dir='ltr'>ad</span> <span class='ocrx_word' id='word_1_627' title='bbox 795 3311 981 3347; x_wconf 90' lang='lat' dir='ltr'>secundum,</span> <span class='ocrx_word' id='word_1_628' title='bbox 997 3312 1122 3343; x_wconf 88' lang='lat' dir='ltr'>adverte</span> <span class='ocrx_word' id='word_1_629' title='bbox 1141 3312 1230 3353; x_wconf 93' lang='lat' dir='ltr'>quod</span> <span class='ocrx_word' id='word_1_630' title='bbox 1246 3321 1375 3352; x_wconf 87' lang='lat' dir='ltr'>respon-</span> 
     </span>
     <span class='ocr_line' id='line_1_78' title="bbox 311 3355 1376 3396; baseline 0.002 -12"><span class='ocrx_word' id='word_1_631' title='bbox 311 3355 357 3385; x_wconf 85' lang='lat' dir='ltr'>sio</span> <span class='ocrx_word' id='word_1_632' title='bbox 382 3355 524 3387; x_wconf 85' lang='lat' dir='ltr'>consistit</span> <span class='ocrx_word' id='word_1_633' title='bbox 545 3356 578 3386; x_wconf 95' lang='lat' dir='ltr'>in</span> <span class='ocrx_word' id='word_1_634' title='bbox 602 3356 674 3392; x_wconf 87' lang='lat' dir='ltr'>hoc,</span> <span class='ocrx_word' id='word_1_635' title='bbox 698 3355 787 3396; x_wconf 92' lang='lat' dir='ltr'>quod</span> <span class='ocrx_word' id='word_1_636' title='bbox 810 3355 912 3385; x_wconf 89' lang='lat' dir='ltr'>maior</span> <span class='ocrx_word' id='word_1_637' title='bbox 935 3355 987 3385; x_wconf 89' lang='lat' dir='ltr'>illa</span> <span class='ocrx_word' id='word_1_638' title='bbox 1011 3366 1076 3386; x_wconf 91' lang='lat' dir='ltr'>non</span> <span class='ocrx_word' id='word_1_639' title='bbox 1099 3363 1186 3387; x_wconf 91' lang='lat' dir='ltr'>tenet</span> <span class='ocrx_word' id='word_1_640' title='bbox 1209 3356 1240 3386; x_wconf 90' lang='lat' dir='ltr'>in</span> <span class='ocrx_word' id='word_1_641' title='bbox 1264 3362 1376 3387; x_wconf 88' lang='lat' dir='ltr'>natura</span> 
     </span>
     <span class='ocr_line' id='line_1_79' title="bbox 310 3398 1375 3440; baseline 0.002 -12"><span class='ocrx_word' id='word_1_642' title='bbox 310 3398 431 3430; x_wconf 86' lang='lat' dir='ltr'>infinita</span> <span class='ocrx_word' id='word_1_643' title='bbox 454 3399 664 3431; x_wconf 88' lang='lat' dir='ltr'>identificante</span> <span class='ocrx_word' id='word_1_644' title='bbox 693 3399 751 3430; x_wconf 87' lang='lat' dir='ltr'>sibi</span> <span class='ocrx_word' id='word_1_645' title='bbox 775 3399 900 3429; x_wconf 88' lang='lat' dir='ltr'>omnia:</span> <span class='ocrx_word' id='word_1_646' title='bbox 930 3400 1075 3440; x_wconf 89' lang='lat' dir='ltr'>quamvis</span> <span class='ocrx_word' id='word_1_647' title='bbox 1102 3400 1281 3432; x_wconf 84' lang='lat' dir='ltr'>inveniatur</span> <span class='ocrx_word' id='word_1_648' title='bbox 1302 3409 1375 3430; x_wconf 86' lang='lat' dir='ltr'>vera</span> 
     </span>
     <span class='ocr_line' id='line_1_80' title="bbox 310 3442 1375 3484; baseline 0.003 -12"><span class='ocrx_word' id='word_1_649' title='bbox 310 3442 342 3472; x_wconf 90' lang='lat' dir='ltr'>in</span> <span class='ocrx_word' id='word_1_650' title='bbox 366 3444 449 3479; x_wconf 90' lang='lat' dir='ltr'>aliis,</span> <span class='ocrx_word' id='word_1_651' title='bbox 478 3444 558 3484; x_wconf 83' lang='lat' dir='ltr'>quia</span> <span class='ocrx_word' id='word_1_652' title='bbox 580 3443 686 3475; x_wconf 83' lang='lat' dir='ltr'>finitae</span> <span class='ocrx_word' id='word_1_653' title='bbox 709 3450 802 3480; x_wconf 89' lang='lat' dir='ltr'>sunt,</span> <span class='ocrx_word' id='word_1_654' title='bbox 831 3451 862 3475; x_wconf 93' lang='lat' dir='ltr'>et</span> <span class='ocrx_word' id='word_1_655' title='bbox 890 3451 1057 3484; x_wconf 87' lang='lat' dir='ltr'>propterea</span> <span class='ocrx_word' id='word_1_656' title='bbox 1085 3454 1122 3474; x_wconf 90' lang='lat' dir='ltr'>ex</span> <span class='ocrx_word' id='word_1_657' title='bbox 1145 3445 1188 3475; x_wconf 91' lang='lat' dir='ltr'>eis</span> <span class='ocrx_word' id='word_1_658' title='bbox 1213 3450 1375 3484; x_wconf 88' lang='lat' dir='ltr'>assumpta</span> 
     </span>
     <span class='ocr_line' id='line_1_81' title="bbox 311 3488 634 3519; baseline 0.006 -2"><span class='ocrx_word' id='word_1_659' title='bbox 311 3494 357 3518; x_wconf 90' lang='lat' dir='ltr'>est</span> <span class='ocrx_word' id='word_1_660' title='bbox 381 3488 467 3518; x_wconf 91' lang='lat' dir='ltr'>velut</span> <span class='ocrx_word' id='word_1_661' title='bbox 490 3488 634 3519; x_wconf 88' lang='lat' dir='ltr'>maxima.</span> 
     </span>
    </p>

    <p class='ocr_par' dir='ltr' id='par_1_14' title="bbox 311 3531 1377 3661">
     <span class='ocr_line' id='line_1_82' title="bbox 368 3531 1374 3572; baseline 0.002 -11"><span class='ocrx_word' id='word_1_662' title='bbox 368 3531 448 3562; x_wconf 86' lang='lat' dir='ltr'><strong>VIII.</strong></span> <span class='ocrx_word' id='word_1_663' title='bbox 475 3532 509 3561; x_wconf 92' lang='lat' dir='ltr'>In</span> <span class='ocrx_word' id='word_1_664' title='bbox 526 3532 731 3572; x_wconf 89' lang='lat' dir='ltr'>responsione</span> <span class='ocrx_word' id='word_1_665' title='bbox 748 3532 787 3562; x_wconf 91' lang='lat' dir='ltr'>ad</span> <span class='ocrx_word' id='word_1_666' title='bbox 804 3532 941 3569; x_wconf 87' lang='lat' dir='ltr'>tertium,</span> <span class='ocrx_word' id='word_1_667' title='bbox 959 3539 1036 3563; x_wconf 89' lang='lat' dir='ltr'>nota</span> <span class='ocrx_word' id='word_1_668' title='bbox 1055 3533 1130 3563; x_wconf 88' lang='lat' dir='ltr'>duo.</span> <span class='ocrx_word' id='word_1_669' title='bbox 1155 3533 1299 3563; x_wconf 85' lang='lat' dir='ltr'>Primum</span> <span class='ocrx_word' id='word_1_670' title='bbox 1319 3539 1374 3568; x_wconf 88' lang='lat' dir='ltr'>est,</span> 
     </span>
     <span class='ocr_line' id='line_1_83' title="bbox 311 3575 1376 3616; baseline 0.002 -12"><span class='ocrx_word' id='word_1_671' title='bbox 311 3575 400 3615; x_wconf 93' lang='lat' dir='ltr'>quod</span> <span class='ocrx_word' id='word_1_672' title='bbox 418 3575 546 3606; x_wconf 88' lang='lat' dir='ltr'>tertium</span> <span class='ocrx_word' id='word_1_673' title='bbox 570 3583 794 3616; x_wconf 84' lang='lat' dir='ltr'>argumentum</span> <span class='ocrx_word' id='word_1_674' title='bbox 817 3577 999 3607; x_wconf 86' lang='lat' dir='ltr'>intendebat</span> <span class='ocrx_word' id='word_1_675' title='bbox 1023 3577 1211 3608; x_wconf 88' lang='lat' dir='ltr'>concludere</span> <span class='ocrx_word' id='word_1_676' title='bbox 1227 3586 1294 3607; x_wconf 87' lang='lat' dir='ltr'>non</span> <span class='ocrx_word' id='word_1_677' title='bbox 1309 3585 1376 3607; x_wconf 91' lang='lat' dir='ltr'>esse</span> 
     </span>
     <span class='ocr_line' id='line_1_84' title="bbox 311 3618 1377 3661; baseline 0.001 -12"><span class='ocrx_word' id='word_1_678' title='bbox 311 3618 465 3649; x_wconf 82' lang='lat' dir='ltr'>maiorem</span> <span class='ocrx_word' id='word_1_679' title='bbox 489 3619 724 3650; x_wconf 85' lang='lat' dir='ltr'>distinctionem</span> <span class='ocrx_word' id='word_1_680' title='bbox 754 3620 835 3651; x_wconf 91' lang='lat' dir='ltr'>inter</span> <span class='ocrx_word' id='word_1_681' title='bbox 865 3621 920 3651; x_wconf 88' lang='lat' dir='ltr'>has</span> <span class='ocrx_word' id='word_1_682' title='bbox 949 3621 1184 3661; x_wconf 89' lang='lat' dir='ltr'>processiones,</span> <span class='ocrx_word' id='word_1_683' title='bbox 1216 3630 1314 3661; x_wconf 89' lang='lat' dir='ltr'>quam</span> <span class='ocrx_word' id='word_1_684' title='bbox 1338 3620 1377 3651; x_wconf 92' lang='lat' dir='ltr'>sit</span> 
     </span>
    </p>
   </div>
   <div class='ocr_carea' id='block_1_9' title="bbox 982 269 1442 317">
    <p class='ocr_par' dir='ltr' id='par_1_15' title="bbox 982 269 1442 317">
     <span class='ocr_line' id='line_1_85' title="bbox 982 269 1442 317; baseline -0.004 -10"><span class='ocrx_word' id='word_1_685' title='bbox 982 269 1251 317; x_wconf 85' lang='lat' dir='ltr'>QUAESTIO</span> <span class='ocrx_word' id='word_1_686' title='bbox 1280 269 1442 316; x_wconf 82' lang='lat' dir='ltr'>xxvn,</span> 
     </span>
    </p>
   </div>
   <div class='ocr_carea' id='block_1_10' title="bbox 1472 268 1849 305">
    <p class='ocr_par' dir='ltr' id='par_1_16' title="bbox 1472 268 1849 305">
     <span class='ocr_line' id='line_1_86' title="bbox 1472 268 1849 305; baseline -0.003 0"><span class='ocrx_word' id='word_1_687' title='bbox 1472 268 1770 305; x_wconf 90' lang='lat' dir='ltr'><strong>ARTICULUS</strong></span> <span class='ocrx_word' id='word_1_688' title='bbox 1801 269 1849 304; x_wconf 93' lang='lat' dir='ltr'>III</span> 
     </span>
    </p>
   </div>
   <div class='ocr_carea' id='block_1_11' title="bbox 1429 347 2546 3660">
    <p class='ocr_par' dir='ltr' id='par_1_17' title="bbox 1443 347 2515 918">
     <span class='ocr_line' id='line_1_87' title="bbox 1446 347 2515 388; baseline 0.001 -10"><span class='ocrx_word' id='word_1_689' title='bbox 1446 348 1527 379; x_wconf 91' lang='lat' dir='ltr'>inter</span> <span class='ocrx_word' id='word_1_690' title='bbox 1545 348 1741 379; x_wconf 90' lang='lat' dir='ltr'>intellectum</span> <span class='ocrx_word' id='word_1_691' title='bbox 1757 355 1788 379; x_wconf 91' lang='lat' dir='ltr'>et</span> <span class='ocrx_word' id='word_1_692' title='bbox 1803 348 2018 379; x_wconf 86' lang='lat' dir='ltr'>voluntatem:</span> <span class='ocrx_word' id='word_1_693' title='bbox 2040 355 2070 379; x_wconf 91' lang='lat' dir='ltr'>et</span> <span class='ocrx_word' id='word_1_694' title='bbox 2086 354 2325 388; x_wconf 88' lang='lat' dir='ltr'>consequenter,</span> <span class='ocrx_word' id='word_1_695' title='bbox 2339 348 2420 379; x_wconf 86' lang='lat' dir='ltr'>sicut</span> <span class='ocrx_word' id='word_1_696' title='bbox 2434 347 2515 380; x_wconf 90' lang='lat' dir='ltr'>inter</span> 
     </span>
     <span class='ocr_line' id='line_1_88' title="bbox 1446 392 2515 429; baseline 0 -7"><span class='ocrx_word' id='word_1_697' title='bbox 1446 392 1642 424; x_wconf 88' lang='lat' dir='ltr'>intellectum</span> <span class='ocrx_word' id='word_1_698' title='bbox 1662 399 1692 423; x_wconf 92' lang='lat' dir='ltr'>et</span> <span class='ocrx_word' id='word_1_699' title='bbox 1710 393 1908 423; x_wconf 88' lang='lat' dir='ltr'>voluntatem</span> <span class='ocrx_word' id='word_1_700' title='bbox 1931 392 1964 422; x_wconf 93' lang='lat' dir='ltr'>in</span> <span class='ocrx_word' id='word_1_701' title='bbox 1988 392 2058 422; x_wconf 91' lang='lat' dir='ltr'>Deo</span> <span class='ocrx_word' id='word_1_702' title='bbox 2082 402 2147 422; x_wconf 91' lang='lat' dir='ltr'>non</span> <span class='ocrx_word' id='word_1_703' title='bbox 2172 399 2219 422; x_wconf 92' lang='lat' dir='ltr'>est</span> <span class='ocrx_word' id='word_1_704' title='bbox 2240 402 2313 422; x_wconf 88' lang='lat' dir='ltr'>vera</span> <span class='ocrx_word' id='word_1_705' title='bbox 2336 392 2452 429; x_wconf 91' lang='lat' dir='ltr'>alietas,</span> <span class='ocrx_word' id='word_1_706' title='bbox 2471 392 2515 423; x_wconf 89' lang='lat' dir='ltr'>ita</span> 
     </span>
     <span class='ocr_line' id='line_1_89' title="bbox 1446 436 2515 477; baseline 0 -10"><span class='ocrx_word' id='word_1_707' title='bbox 1446 446 1503 467; x_wconf 88' lang='lat' dir='ltr'>nec</span> <span class='ocrx_word' id='word_1_708' title='bbox 1519 437 1600 467; x_wconf 91' lang='lat' dir='ltr'>inter</span> <span class='ocrx_word' id='word_1_709' title='bbox 1614 436 1841 477; x_wconf 90' lang='lat' dir='ltr'>processiones.</span> <span class='ocrx_word' id='word_1_710' title='bbox 1867 436 2045 477; x_wconf 86' lang='lat' dir='ltr'>Responsio</span> <span class='ocrx_word' id='word_1_711' title='bbox 2062 444 2169 467; x_wconf 80' lang='lat' dir='ltr'>autem</span> <span class='ocrx_word' id='word_1_712' title='bbox 2193 436 2328 467; x_wconf 87' lang='lat' dir='ltr'>intendit</span> <span class='ocrx_word' id='word_1_713' title='bbox 2350 437 2515 467; x_wconf 88' lang='lat' dir='ltr'>ostendere</span> 
     </span>
     <span class='ocr_line' id='line_1_90' title="bbox 1447 480 2514 521; baseline -0.001 -10"><span class='ocrx_word' id='word_1_714' title='bbox 1447 481 1536 521; x_wconf 91' lang='lat' dir='ltr'>quod</span> <span class='ocrx_word' id='word_1_715' title='bbox 1559 481 1717 513; x_wconf 90' lang='lat' dir='ltr'>distinctio</span> <span class='ocrx_word' id='word_1_716' title='bbox 1748 481 1829 513; x_wconf 90' lang='lat' dir='ltr'>inter</span> <span class='ocrx_word' id='word_1_717' title='bbox 1858 480 2076 521; x_wconf 90' lang='lat' dir='ltr'>processiones</span> <span class='ocrx_word' id='word_1_718' title='bbox 2108 487 2154 511; x_wconf 89' lang='lat' dir='ltr'>est</span> <span class='ocrx_word' id='word_1_719' title='bbox 2184 480 2302 510; x_wconf 85' lang='lat' dir='ltr'>maior:</span> <span class='ocrx_word' id='word_1_720' title='bbox 2333 480 2400 510; x_wconf 88' lang='lat' dir='ltr'>imo</span> <span class='ocrx_word' id='word_1_721' title='bbox 2425 481 2514 521; x_wconf 90' lang='lat' dir='ltr'>quod</span> 
     </span>
     <span class='ocr_line' id='line_1_91' title="bbox 1446 524 2514 562; baseline 0 -7"><span class='ocrx_word' id='word_1_722' title='bbox 1446 525 1526 556; x_wconf 91' lang='lat' dir='ltr'>inter</span> <span class='ocrx_word' id='word_1_723' title='bbox 1549 535 1601 556; x_wconf 87' lang='lat' dir='ltr'>eas</span> <span class='ocrx_word' id='word_1_724' title='bbox 1625 532 1671 556; x_wconf 93' lang='lat' dir='ltr'>est</span> <span class='ocrx_word' id='word_1_725' title='bbox 1694 525 1811 562; x_wconf 87' lang='lat' dir='ltr'>alietas,</span> <span class='ocrx_word' id='word_1_726' title='bbox 1832 532 1933 556; x_wconf 87' lang='lat' dir='ltr'>stante</span> <span class='ocrx_word' id='word_1_727' title='bbox 1955 525 2117 556; x_wconf 89' lang='lat' dir='ltr'>identitate</span> <span class='ocrx_word' id='word_1_728' title='bbox 2140 524 2316 556; x_wconf 88' lang='lat' dir='ltr'>intellectus</span> <span class='ocrx_word' id='word_1_729' title='bbox 2345 531 2376 555; x_wconf 91' lang='lat' dir='ltr'>et</span> <span class='ocrx_word' id='word_1_730' title='bbox 2397 525 2514 555; x_wconf 88' lang='lat' dir='ltr'>volun-</span> 
     </span>
     <span class='ocr_line' id='line_1_92' title="bbox 1446 568 2514 610; baseline -0.001 -10"><span class='ocrx_word' id='word_1_731' title='bbox 1446 569 1531 606; x_wconf 87' lang='lat' dir='ltr'>tatis;</span> <span class='ocrx_word' id='word_1_732' title='bbox 1552 576 1583 600; x_wconf 92' lang='lat' dir='ltr'>et</span> <span class='ocrx_word' id='word_1_733' title='bbox 1597 570 1660 600; x_wconf 89' lang='lat' dir='ltr'>hoc</span> <span class='ocrx_word' id='word_1_734' title='bbox 1677 577 1807 610; x_wconf 91' lang='lat' dir='ltr'>propter</span> <span class='ocrx_word' id='word_1_735' title='bbox 1823 569 1969 600; x_wconf 91' lang='lat' dir='ltr'>ordinem</span> <span class='ocrx_word' id='word_1_736' title='bbox 1985 569 2115 609; x_wconf 89' lang='lat' dir='ltr'>originis</span> <span class='ocrx_word' id='word_1_737' title='bbox 2131 569 2213 599; x_wconf 91' lang='lat' dir='ltr'>inter</span> <span class='ocrx_word' id='word_1_738' title='bbox 2236 577 2304 605; x_wconf 88' lang='lat' dir='ltr'>eas;</span> <span class='ocrx_word' id='word_1_739' title='bbox 2325 568 2381 609; x_wconf 92' lang='lat' dir='ltr'>qui</span> <span class='ocrx_word' id='word_1_740' title='bbox 2406 575 2514 599; x_wconf 88' lang='lat' dir='ltr'>tamen</span> 
     </span>
     <span class='ocr_line' id='line_1_93' title="bbox 1446 613 2514 654; baseline -0.001 -10"><span class='ocrx_word' id='word_1_741' title='bbox 1446 614 1548 645; x_wconf 85' lang='lat' dir='ltr'>oritur</span> <span class='ocrx_word' id='word_1_742' title='bbox 1564 624 1601 645; x_wconf 84' lang='lat' dir='ltr'>ex</span> <span class='ocrx_word' id='word_1_743' title='bbox 1616 614 1791 645; x_wconf 91' lang='lat' dir='ltr'>rationibus</span> <span class='ocrx_word' id='word_1_744' title='bbox 1814 614 2055 654; x_wconf 89' lang='lat' dir='ltr'>principiorum,</span> <span class='ocrx_word' id='word_1_745' title='bbox 2073 613 2190 644; x_wconf 92' lang='lat' dir='ltr'>scilicet</span> <span class='ocrx_word' id='word_1_746' title='bbox 2212 613 2389 644; x_wconf 90' lang='lat' dir='ltr'>intellectus</span> <span class='ocrx_word' id='word_1_747' title='bbox 2408 619 2439 644; x_wconf 91' lang='lat' dir='ltr'>et</span> <span class='ocrx_word' id='word_1_748' title='bbox 2457 623 2514 643; x_wconf 93' lang='lat' dir='ltr'>vo-</span> 
     </span>
     <span class='ocr_line' id='line_1_94' title="bbox 1444 657 2513 709; baseline -0.001 -21"><span class='ocrx_word' id='word_1_749' title='bbox 1444 658 1584 695; x_wconf 87' lang='lat' dir='ltr'>luntatis,</span> <span class='ocrx_word' id='word_1_750' title='bbox 1601 658 1681 689; x_wconf 90' lang='lat' dir='ltr'>inter</span> <span class='ocrx_word' id='word_1_751' title='bbox 1703 668 1785 709; x_wconf 82' lang='lat' dir='ltr'>quae</span> <span class='ocrx_word' id='word_1_752' title='bbox 1809 668 1875 688; x_wconf 93' lang='lat' dir='ltr'>non</span> <span class='ocrx_word' id='word_1_753' title='bbox 1899 665 1945 689; x_wconf 92' lang='lat' dir='ltr'>est</span> <span class='ocrx_word' id='word_1_754' title='bbox 1968 658 2037 688; x_wconf 91' lang='lat' dir='ltr'>talis</span> <span class='ocrx_word' id='word_1_755' title='bbox 2061 658 2151 688; x_wconf 94' lang='lat' dir='ltr'>ordo.</span> <span class='ocrx_word' id='word_1_756' title='bbox 2177 658 2222 688; x_wconf 88' lang='lat' dir='ltr'>Ita</span> <span class='ocrx_word' id='word_1_757' title='bbox 2238 657 2328 698; x_wconf 91' lang='lat' dir='ltr'>quod</span> <span class='ocrx_word' id='word_1_758' title='bbox 2344 664 2390 688; x_wconf 88' lang='lat' dir='ltr'>est</span> <span class='ocrx_word' id='word_1_759' title='bbox 2405 657 2513 687; x_wconf 90' lang='lat' dir='ltr'>distin-</span> 
     </span>
     <span class='ocr_line' id='line_1_95' title="bbox 1446 701 2512 743; baseline -0.001 -11"><span class='ocrx_word' id='word_1_760' title='bbox 1446 701 1508 733; x_wconf 89' lang='lat' dir='ltr'>ctio</span> <span class='ocrx_word' id='word_1_761' title='bbox 1531 702 1565 732; x_wconf 90' lang='lat' dir='ltr'>in</span> <span class='ocrx_word' id='word_1_762' title='bbox 1587 702 1791 743; x_wconf 76' lang='lat' dir='ltr'>principiatiS,</span> <span class='ocrx_word' id='word_1_763' title='bbox 1809 706 1839 734; x_wconf 80' lang='lat' dir='ltr'>et</span> <span class='ocrx_word' id='word_1_764' title='bbox 1862 712 1927 732; x_wconf 91' lang='lat' dir='ltr'>non</span> <span class='ocrx_word' id='word_1_765' title='bbox 1952 710 1999 733; x_wconf 92' lang='lat' dir='ltr'>est</span> <span class='ocrx_word' id='word_1_766' title='bbox 2021 702 2054 732; x_wconf 92' lang='lat' dir='ltr'>in</span> <span class='ocrx_word' id='word_1_767' title='bbox 2077 701 2257 743; x_wconf 89' lang='lat' dir='ltr'>principiis,</span> <span class='ocrx_word' id='word_1_768' title='bbox 2282 709 2313 733; x_wconf 92' lang='lat' dir='ltr'>et</span> <span class='ocrx_word' id='word_1_769' title='bbox 2336 711 2373 732; x_wconf 88' lang='lat' dir='ltr'>ex</span> <span class='ocrx_word' id='word_1_770' title='bbox 2392 701 2512 732; x_wconf 88' lang='lat' dir='ltr'>ratione</span> 
     </span>
     <span class='ocr_line' id='line_1_96' title="bbox 1444 745 2513 786; baseline -0.001 -10"><span class='ocrx_word' id='word_1_771' title='bbox 1444 745 1590 786; x_wconf 90' lang='lat' dir='ltr'>ipsorum</span> <span class='ocrx_word' id='word_1_772' title='bbox 1613 746 1844 786; x_wconf 87' lang='lat' dir='ltr'>principiorum</span> <span class='ocrx_word' id='word_1_773' title='bbox 1860 753 1907 777; x_wconf 91' lang='lat' dir='ltr'>est</span> <span class='ocrx_word' id='word_1_774' title='bbox 1922 747 2002 777; x_wconf 93' lang='lat' dir='ltr'>ordo</span> <span class='ocrx_word' id='word_1_775' title='bbox 2023 746 2161 786; x_wconf 88' lang='lat' dir='ltr'>originis,</span> <span class='ocrx_word' id='word_1_776' title='bbox 2178 756 2244 777; x_wconf 89' lang='lat' dir='ltr'>non</span> <span class='ocrx_word' id='word_1_777' title='bbox 2264 746 2297 776; x_wconf 92' lang='lat' dir='ltr'>in</span> <span class='ocrx_word' id='word_1_778' title='bbox 2317 745 2437 786; x_wconf 92' lang='lat' dir='ltr'>seipsis,</span> <span class='ocrx_word' id='word_1_779' title='bbox 2457 745 2513 776; x_wconf 89' lang='lat' dir='ltr'>sed</span> 
     </span>
     <span class='ocr_line' id='line_1_97' title="bbox 1443 789 2512 831; baseline 0.001 -12"><span class='ocrx_word' id='word_1_780' title='bbox 1443 789 1477 819; x_wconf 89' lang='lat' dir='ltr'>in</span> <span class='ocrx_word' id='word_1_781' title='bbox 1501 790 1757 829; x_wconf 89' lang='lat' dir='ltr'>processionibus</span> <span class='ocrx_word' id='word_1_782' title='bbox 1781 790 1958 821; x_wconf 89' lang='lat' dir='ltr'>secundum</span> <span class='ocrx_word' id='word_1_783' title='bbox 1981 790 2058 831; x_wconf 90' lang='lat' dir='ltr'>ipsa.</span> <span class='ocrx_word' id='word_1_784' title='bbox 2084 791 2125 821; x_wconf 91' lang='lat' dir='ltr'>Et</span> <span class='ocrx_word' id='word_1_785' title='bbox 2144 790 2187 821; x_wconf 92' lang='lat' dir='ltr'>sic</span> <span class='ocrx_word' id='word_1_786' title='bbox 2206 790 2312 821; x_wconf 89' lang='lat' dir='ltr'>alietas</span> <span class='ocrx_word' id='word_1_787' title='bbox 2336 789 2512 830; x_wconf 90' lang='lat' dir='ltr'>processio-</span> 
     </span>
     <span class='ocr_line' id='line_1_98' title="bbox 1444 834 2512 875; baseline 0.001 -12"><span class='ocrx_word' id='word_1_788' title='bbox 1444 843 1524 864; x_wconf 92' lang='lat' dir='ltr'>num</span> <span class='ocrx_word' id='word_1_789' title='bbox 1547 834 1715 874; x_wconf 90' lang='lat' dir='ltr'>quaesita,</span> <span class='ocrx_word' id='word_1_790' title='bbox 1725 834 1758 872; x_wconf 85' lang='lat' dir='ltr'>in</span> <span class='ocrx_word' id='word_1_791' title='bbox 1789 844 1922 875; x_wconf 92' lang='lat' dir='ltr'>corpore</span> <span class='ocrx_word' id='word_1_792' title='bbox 1945 834 2067 866; x_wconf 85' lang='lat' dir='ltr'>articuli</span> <span class='ocrx_word' id='word_1_793' title='bbox 2089 834 2241 875; x_wconf 84' lang='lat' dir='ltr'>implicite</span> <span class='ocrx_word' id='word_1_794' title='bbox 2264 841 2389 866; x_wconf 88' lang='lat' dir='ltr'>tantum</span> <span class='ocrx_word' id='word_1_795' title='bbox 2413 834 2512 865; x_wconf 89' lang='lat' dir='ltr'>deter-</span> 
     </span>
     <span class='ocr_line' id='line_1_99' title="bbox 1443 869 2375 918; baseline 0.001 -11"><span class='ocrx_word' id='word_1_796' title='bbox 1443 877 1572 914; x_wconf 86' lang='lat' dir='ltr'>minata,</span> <span class='ocrx_word' id='word_1_797' title='bbox 1592 878 1642 908; x_wconf 90' lang='lat' dir='ltr'>hic</span> <span class='ocrx_word' id='word_1_798' title='bbox 1659 869 1802 918; x_wconf 86' lang='lat' dir='ltr'>explicite</span> <span class='ocrx_word' id='word_1_799' title='bbox 1818 878 2038 910; x_wconf 87' lang='lat' dir='ltr'>manifestatur</span> <span class='ocrx_word' id='word_1_800' title='bbox 2056 889 2093 909; x_wconf 87' lang='lat' dir='ltr'>ex</span> <span class='ocrx_word' id='word_1_801' title='bbox 2110 879 2220 909; x_wconf 91' lang='lat' dir='ltr'>ordine</span> <span class='ocrx_word' id='word_1_802' title='bbox 2237 878 2375 918; x_wconf 86' lang='lat' dir='ltr'>originis.</span> 
     </span>
    </p>

    <p class='ocr_par' dir='ltr' id='par_1_18' title="bbox 1438 922 2511 1538">
     <span class='ocr_line' id='line_1_100' title="bbox 1501 922 2510 964; baseline 0 -12"><span class='ocrx_word' id='word_1_803' title='bbox 1501 922 1682 952; x_wconf 83' lang='lat' dir='ltr'>Secundum</span> <span class='ocrx_word' id='word_1_804' title='bbox 1708 922 1936 952; x_wconf 89' lang='lat' dir='ltr'>advertendum</span> <span class='ocrx_word' id='word_1_805' title='bbox 1951 922 2002 953; x_wconf 89' lang='lat' dir='ltr'>hic</span> <span class='ocrx_word' id='word_1_806' title='bbox 2032 929 2079 954; x_wconf 89' lang='lat' dir='ltr'>est</span> <span class='ocrx_word' id='word_1_807' title='bbox 2101 923 2191 964; x_wconf 91' lang='lat' dir='ltr'>quod</span> <span class='ocrx_word' id='word_1_808' title='bbox 2213 923 2247 954; x_wconf 89' lang='lat' dir='ltr'>in</span> <span class='ocrx_word' id='word_1_809' title='bbox 2267 923 2368 954; x_wconf 87' lang='lat' dir='ltr'>littera</span> <span class='ocrx_word' id='word_1_810' title='bbox 2387 922 2510 959; x_wconf 87' lang='lat' dir='ltr'>dicitur,</span> 
     </span>
     <span class='ocr_line' id='line_1_101' title="bbox 1442 966 2511 1018; baseline 0.001 -22"><span class='ocrx_word' id='word_1_811' title='bbox 1442 966 1531 1007; x_wconf 93' lang='lat' dir='ltr'>quod</span> <span class='ocrx_word' id='word_1_812' title='bbox 1556 966 1594 996; x_wconf 89' lang='lat' dir='ltr'>de</span> <span class='ocrx_word' id='word_1_813' title='bbox 1617 966 1739 998; x_wconf 88' lang='lat' dir='ltr'>ratione</span> <span class='ocrx_word' id='word_1_814' title='bbox 1763 966 1879 996; x_wconf 88' lang='lat' dir='ltr'>amoris</span> <span class='ocrx_word' id='word_1_815' title='bbox 1903 973 1949 997; x_wconf 93' lang='lat' dir='ltr'>est</span> <span class='ocrx_word' id='word_1_816' title='bbox 1975 967 2064 1007; x_wconf 89' lang='lat' dir='ltr'>quod</span> <span class='ocrx_word' id='word_1_817' title='bbox 2087 967 2237 1007; x_wconf 90' lang='lat' dir='ltr'>procedat</span> <span class='ocrx_word' id='word_1_818' title='bbox 2261 978 2279 998; x_wconf 88' lang='lat' dir='ltr'>a</span> <span class='ocrx_word' id='word_1_819' title='bbox 2302 967 2511 1018; x_wconf 89' lang='lat' dir='ltr'>conceptione</span> 
     </span>
     <span class='ocr_line' id='line_1_102' title="bbox 1442 1010 2511 1052; baseline 0.002 -12"><span class='ocrx_word' id='word_1_820' title='bbox 1442 1010 1633 1046; x_wconf 88' lang='lat' dir='ltr'>intellectus;</span> <span class='ocrx_word' id='word_1_821' title='bbox 1659 1017 1689 1041; x_wconf 91' lang='lat' dir='ltr'>et</span> <span class='ocrx_word' id='word_1_822' title='bbox 1713 1016 1943 1051; x_wconf 90' lang='lat' dir='ltr'>consequenter</span> <span class='ocrx_word' id='word_1_823' title='bbox 1965 1010 1997 1040; x_wconf 91' lang='lat' dir='ltr'>in</span> <span class='ocrx_word' id='word_1_824' title='bbox 2021 1010 2148 1047; x_wconf 85' lang='lat' dir='ltr'>divinis,</span> <span class='ocrx_word' id='word_1_825' title='bbox 2173 1011 2262 1052; x_wconf 92' lang='lat' dir='ltr'>quod</span> <span class='ocrx_word' id='word_1_826' title='bbox 2286 1011 2447 1052; x_wconf 90' lang='lat' dir='ltr'>processio</span> <span class='ocrx_word' id='word_1_827' title='bbox 2471 1011 2511 1042; x_wconf 86' lang='lat' dir='ltr'>sit</span> 
     </span>
     <span class='ocr_line' id='line_1_103' title="bbox 1442 1054 2510 1095; baseline 0.002 -11"><span class='ocrx_word' id='word_1_828' title='bbox 1442 1064 1460 1085; x_wconf 89' lang='lat' dir='ltr'>a</span> <span class='ocrx_word' id='word_1_829' title='bbox 1476 1054 1687 1095; x_wconf 89' lang='lat' dir='ltr'>processione.</span> <span class='ocrx_word' id='word_1_830' title='bbox 1712 1054 1770 1085; x_wconf 91' lang='lat' dir='ltr'>Est</span> <span class='ocrx_word' id='word_1_831' title='bbox 1793 1054 1878 1084; x_wconf 92' lang='lat' dir='ltr'>enim</span> <span class='ocrx_word' id='word_1_832' title='bbox 1901 1054 2007 1095; x_wconf 89' lang='lat' dir='ltr'>primo</span> <span class='ocrx_word' id='word_1_833' title='bbox 2031 1054 2081 1085; x_wconf 92' lang='lat' dir='ltr'>hic</span> <span class='ocrx_word' id='word_1_834' title='bbox 2105 1054 2250 1091; x_wconf 88' lang='lat' dir='ltr'>dubium,</span> <span class='ocrx_word' id='word_1_835' title='bbox 2274 1065 2315 1086; x_wconf 86' lang='lat' dir='ltr'>an</span> <span class='ocrx_word' id='word_1_836' title='bbox 2338 1055 2378 1086; x_wconf 84' lang='lat' dir='ltr'>sit</span> <span class='ocrx_word' id='word_1_837' title='bbox 2401 1055 2439 1086; x_wconf 90' lang='lat' dir='ltr'>de</span> <span class='ocrx_word' id='word_1_838' title='bbox 2463 1065 2510 1086; x_wconf 87' lang='lat' dir='ltr'>ra-</span> 
     </span>
     <span class='ocr_line' id='line_1_104' title="bbox 1441 1098 2509 1140; baseline 0.001 -11"><span class='ocrx_word' id='word_1_839' title='bbox 1441 1098 1528 1136; x_wconf 85' lang='lat' dir='ltr'>tione</span> <span class='ocrx_word' id='word_1_840' title='bbox 1552 1098 1762 1139; x_wconf 85' lang='lat' dir='ltr'>processionis</span> <span class='ocrx_word' id='word_1_841' title='bbox 1786 1098 1904 1129; x_wconf 89' lang='lat' dir='ltr'>amoris</span> <span class='ocrx_word' id='word_1_842' title='bbox 1927 1098 1959 1128; x_wconf 91' lang='lat' dir='ltr'>in</span> <span class='ocrx_word' id='word_1_843' title='bbox 1983 1098 2094 1139; x_wconf 88' lang='lat' dir='ltr'>primo</span> <span class='ocrx_word' id='word_1_844' title='bbox 2112 1099 2212 1129; x_wconf 91' lang='lat' dir='ltr'>modo</span> <span class='ocrx_word' id='word_1_845' title='bbox 2236 1099 2360 1130; x_wconf 90' lang='lat' dir='ltr'>dicendi</span> <span class='ocrx_word' id='word_1_846' title='bbox 2377 1109 2441 1140; x_wconf 80' lang='lat' dir='ltr'>per</span> <span class='ocrx_word' id='word_1_847' title='bbox 2462 1109 2509 1137; x_wconf 85' lang='lat' dir='ltr'>se,</span> 
     </span>
     <span class='ocr_line' id='line_1_105' title="bbox 1441 1142 2510 1178; baseline 0.001 -5"><span class='ocrx_word' id='word_1_848' title='bbox 1441 1153 1480 1174; x_wconf 89' lang='lat' dir='ltr'>an</span> <span class='ocrx_word' id='word_1_849' title='bbox 1497 1143 1530 1173; x_wconf 91' lang='lat' dir='ltr'>in</span> <span class='ocrx_word' id='word_1_850' title='bbox 1546 1142 1697 1174; x_wconf 90' lang='lat' dir='ltr'>secundo.</span> <span class='ocrx_word' id='word_1_851' title='bbox 1722 1143 1780 1174; x_wconf 91' lang='lat' dir='ltr'>Est</span> <span class='ocrx_word' id='word_1_852' title='bbox 1802 1149 1833 1173; x_wconf 90' lang='lat' dir='ltr'>et</span> <span class='ocrx_word' id='word_1_853' title='bbox 1851 1152 1959 1173; x_wconf 90' lang='lat' dir='ltr'>rursus</span> <span class='ocrx_word' id='word_1_854' title='bbox 1983 1142 2128 1178; x_wconf 91' lang='lat' dir='ltr'>dubium,</span> <span class='ocrx_word' id='word_1_855' title='bbox 2145 1153 2186 1173; x_wconf 87' lang='lat' dir='ltr'>an</span> <span class='ocrx_word' id='word_1_856' title='bbox 2201 1143 2240 1173; x_wconf 91' lang='lat' dir='ltr'>de</span> <span class='ocrx_word' id='word_1_857' title='bbox 2255 1142 2376 1174; x_wconf 90' lang='lat' dir='ltr'>ratione</span> <span class='ocrx_word' id='word_1_858' title='bbox 2391 1144 2510 1174; x_wconf 85' lang='lat' dir='ltr'>amoris</span> 
     </span>
     <span class='ocr_line' id='line_1_106' title="bbox 1441 1186 2510 1228; baseline 0 -10"><span class='ocrx_word' id='word_1_859' title='bbox 1441 1187 1481 1219; x_wconf 90' lang='lat' dir='ltr'>sit</span> <span class='ocrx_word' id='word_1_860' title='bbox 1504 1187 1674 1228; x_wconf 80' lang='lat' dir='ltr'>procedere</span> <span class='ocrx_word' id='word_1_861' title='bbox 1702 1197 1721 1217; x_wconf 91' lang='lat' dir='ltr'>a</span> <span class='ocrx_word' id='word_1_862' title='bbox 1742 1187 1840 1217; x_wconf 91' lang='lat' dir='ltr'>verbo</span> <span class='ocrx_word' id='word_1_863' title='bbox 1868 1186 2061 1228; x_wconf 86' lang='lat' dir='ltr'>inquantum</span> <span class='ocrx_word' id='word_1_864' title='bbox 2088 1187 2239 1224; x_wconf 88' lang='lat' dir='ltr'>verbum,</span> <span class='ocrx_word' id='word_1_865' title='bbox 2268 1197 2309 1217; x_wconf 86' lang='lat' dir='ltr'>an</span> <span class='ocrx_word' id='word_1_866' title='bbox 2332 1187 2470 1218; x_wconf 84' lang='lat' dir='ltr'>solum·</span> <span class='ocrx_word' id='word_1_867' title='bbox 2463 1198 2510 1218; x_wconf 86' lang='grc'><strong>111-</strong></span> 
     </span>
     <span class='ocr_line' id='line_1_107' title="bbox 1441 1231 2510 1273; baseline 0.001 -11"><span class='ocrx_word' id='word_1_868' title='bbox 1441 1238 1598 1273; x_wconf 91' lang='lat' dir='ltr'>quantum</span> <span class='ocrx_word' id='word_1_869' title='bbox 1621 1231 1755 1262; x_wconf 90' lang='lat' dir='ltr'>verbum</span> <span class='ocrx_word' id='word_1_870' title='bbox 1779 1238 1824 1262; x_wconf 91' lang='lat' dir='ltr'>est</span> <span class='ocrx_word' id='word_1_871' title='bbox 1847 1241 1895 1262; x_wconf 92' lang='lat' dir='ltr'>res</span> <span class='ocrx_word' id='word_1_872' title='bbox 1919 1231 2086 1262; x_wconf 86' lang='lat' dir='ltr'>intellecta.</span> <span class='ocrx_word' id='word_1_873' title='bbox 2116 1231 2173 1262; x_wconf 90' lang='lat' dir='ltr'>Est</span> <span class='ocrx_word' id='word_1_874' title='bbox 2197 1238 2227 1262; x_wconf 90' lang='lat' dir='ltr'>et</span> <span class='ocrx_word' id='word_1_875' title='bbox 2247 1231 2339 1263; x_wconf 87' lang='lat' dir='ltr'>tertio</span> <span class='ocrx_word' id='word_1_876' title='bbox 2363 1231 2510 1268; x_wconf 88' lang='lat' dir='ltr'>dubium,</span> 
     </span>
     <span class='ocr_line' id='line_1_108' title="bbox 1441 1275 2510 1316; baseline 0 -10"><span class='ocrx_word' id='word_1_877' title='bbox 1441 1286 1480 1306; x_wconf 92' lang='lat' dir='ltr'>an</span> <span class='ocrx_word' id='word_1_878' title='bbox 1500 1275 1658 1316; x_wconf 84' lang='lat' dir='ltr'>praefatus</span> <span class='ocrx_word' id='word_1_879' title='bbox 1682 1276 1762 1306; x_wconf 92' lang='lat' dir='ltr'>ordo</span> <span class='ocrx_word' id='word_1_880' title='bbox 1787 1275 1917 1315; x_wconf 88' lang='lat' dir='ltr'>originis</span> <span class='ocrx_word' id='word_1_881' title='bbox 1942 1275 1981 1306; x_wconf 91' lang='lat' dir='ltr'>sit</span> <span class='ocrx_word' id='word_1_882' title='bbox 2004 1275 2143 1316; x_wconf 90' lang='lat' dir='ltr'>praecise</span> <span class='ocrx_word' id='word_1_883' title='bbox 2166 1275 2199 1305; x_wconf 92' lang='lat' dir='ltr'>id</span> <span class='ocrx_word' id='word_1_884' title='bbox 2222 1285 2289 1316; x_wconf 91' lang='lat' dir='ltr'>quo</span> <span class='ocrx_word' id='word_1_885' title='bbox 2309 1275 2432 1307; x_wconf 89' lang='lat' dir='ltr'>realiter</span> <span class='ocrx_word' id='word_1_886' title='bbox 2448 1275 2510 1306; x_wconf 87' lang='lat' dir='ltr'>dis-</span> 
     </span>
     <span class='ocr_line' id='line_1_109' title="bbox 1440 1319 2509 1360; baseline -0.001 -9"><span class='ocrx_word' id='word_1_887' title='bbox 1440 1320 1630 1360; x_wconf 88' lang='lat' dir='ltr'>tinguuntur</span> <span class='ocrx_word' id='word_1_888' title='bbox 1651 1319 1738 1360; x_wconf 89' lang='lat' dir='ltr'>ipsae</span> <span class='ocrx_word' id='word_1_889' title='bbox 1762 1319 1990 1360; x_wconf 90' lang='lat' dir='ltr'>processiones,</span> <span class='ocrx_word' id='word_1_890' title='bbox 2015 1319 2058 1350; x_wconf 86' lang='lat' dir='ltr'>ita</span> <span class='ocrx_word' id='word_1_891' title='bbox 2081 1320 2171 1360; x_wconf 91' lang='lat' dir='ltr'>quod</span> <span class='ocrx_word' id='word_1_892' title='bbox 2195 1320 2318 1350; x_wconf 90' lang='lat' dir='ltr'>secluso</span> <span class='ocrx_word' id='word_1_893' title='bbox 2342 1319 2413 1360; x_wconf 92' lang='lat' dir='ltr'>ipso</span> <span class='ocrx_word' id='word_1_894' title='bbox 2442 1330 2509 1350; x_wconf 90' lang='lat' dir='ltr'>non</span> 
     </span>
     <span class='ocr_line' id='line_1_110' title="bbox 1440 1363 2509 1405; baseline -0.001 -10"><span class='ocrx_word' id='word_1_895' title='bbox 1440 1371 1521 1395; x_wconf 91' lang='lat' dir='ltr'>esset</span> <span class='ocrx_word' id='word_1_896' title='bbox 1539 1364 1630 1395; x_wconf 87' lang='lat' dir='ltr'>realis</span> <span class='ocrx_word' id='word_1_897' title='bbox 1649 1363 1729 1395; x_wconf 92' lang='lat' dir='ltr'>inter</span> <span class='ocrx_word' id='word_1_898' title='bbox 1748 1373 1800 1394; x_wconf 84' lang='lat' dir='ltr'>eas</span> <span class='ocrx_word' id='word_1_899' title='bbox 1819 1363 1996 1395; x_wconf 65' lang='lat' dir='ltr'>distinctim</span> <span class='ocrx_word' id='word_1_900' title='bbox 2016 1364 2078 1395; x_wconf 93' lang='lat' dir='ltr'>Sed</span> <span class='ocrx_word' id='word_1_901' title='bbox 2101 1364 2257 1404; x_wconf 91' lang='lat' dir='ltr'>quoniam</span> <span class='ocrx_word' id='word_1_902' title='bbox 2280 1364 2313 1394; x_wconf 93' lang='lat' dir='ltr'>in</span> <span class='ocrx_word' id='word_1_903' title='bbox 2337 1374 2391 1405; x_wconf 94' lang='lat' dir='ltr'>qu.</span> <span class='ocrx_word' id='word_1_904' title='bbox 2407 1374 2509 1401; x_wconf 82' lang='lat' dir='ltr'>xxxvr,</span> 
     </span>
     <span class='ocr_line' id='line_1_111' title="bbox 1440 1406 2546 1449; baseline 0.001 -10"><span class='ocrx_word' id='word_1_905' title='bbox 1440 1416 1496 1440; x_wconf 86' lang='lat' dir='ltr'>art.</span> <span class='ocrx_word' id='word_1_906' title='bbox 1519 1419 1536 1439; x_wconf 91' lang='lat'>2</span> <span class='ocrx_word' id='word_1_907' title='bbox 1553 1406 1579 1445; x_wconf 66' lang='lat'>¹⁸,</span> <span class='ocrx_word' id='word_1_908' title='bbox 1604 1408 1800 1440; x_wconf 88' lang='lat' dir='ltr'>discutienda</span> <span class='ocrx_word' id='word_1_909' title='bbox 1823 1408 1901 1439; x_wconf 89' lang='lat' dir='ltr'>haec</span> <span class='ocrx_word' id='word_1_910' title='bbox 1924 1415 2008 1444; x_wconf 88' lang='lat' dir='ltr'>sunt,</span> <span class='ocrx_word' id='word_1_911' title='bbox 2023 1409 2078 1439; x_wconf 91' lang='lat' dir='ltr'>ubi</span> <span class='ocrx_word' id='word_1_912' title='bbox 2102 1407 2217 1439; x_wconf 89' lang='lat' dir='ltr'>melius</span> <span class='ocrx_word' id='word_1_913' title='bbox 2240 1418 2372 1449; x_wconf 92' lang='lat' dir='ltr'>quoque</span> <span class='ocrx_word' id='word_1_914' title='bbox 2395 1408 2546 1440; x_wconf 72' lang='lat' dir='ltr'>intelli-²</span> 
     </span>
     <span class='ocr_line' id='line_1_112' title="bbox 1439 1452 2510 1493; baseline 0 -9"><span class='ocrx_word' id='word_1_915' title='bbox 1439 1460 1562 1493; x_wconf 85' lang='lat' dir='ltr'>gentur,</span> <span class='ocrx_word' id='word_1_916' title='bbox 1579 1459 1653 1493; x_wconf 92' lang='lat' dir='ltr'>post</span> <span class='ocrx_word' id='word_1_917' title='bbox 1676 1459 1844 1484; x_wconf 85' lang='lat' dir='ltr'>tractatum</span> <span class='ocrx_word' id='word_1_918' title='bbox 1867 1453 2080 1483; x_wconf 88' lang='lat' dir='ltr'>Personarum</span> <span class='ocrx_word' id='word_1_919' title='bbox 2104 1452 2293 1489; x_wconf 90' lang='lat' dir='ltr'>divinarum,</span> <span class='ocrx_word' id='word_1_920' title='bbox 2317 1452 2434 1484; x_wconf 91' lang='lat' dir='ltr'>idcirco</span> <span class='ocrx_word' id='word_1_921' title='bbox 2458 1452 2510 1484; x_wconf 87' lang='lat' dir='ltr'>hic</span> 
     </span>
     <span class='ocr_line' id='line_1_113' title="bbox 1438 1504 1701 1538; baseline -0.004 -10"><span class='ocrx_word' id='word_1_922' title='bbox 1438 1504 1701 1538; x_wconf 85' lang='lat' dir='ltr'>pertranseamus.</span> 
     </span>
    </p>

    <p class='ocr_par' dir='ltr' id='par_1_19' title="bbox 1437 1540 2508 1804">
     <span class='ocr_line' id='line_1_114' title="bbox 1497 1540 2507 1582; baseline 0 -10"><span class='ocrx_word' id='word_1_923' title='bbox 1497 1542 1550 1572; x_wconf 88' lang='lat' dir='ltr'>IX.</span> <span class='ocrx_word' id='word_1_924' title='bbox 1576 1541 1728 1582; x_wconf 89' lang='lat' dir='ltr'>Quinque</span> <span class='ocrx_word' id='word_1_925' title='bbox 1750 1547 1859 1571; x_wconf 89' lang='lat' dir='ltr'>tamen</span> <span class='ocrx_word' id='word_1_926' title='bbox 1890 1540 1980 1571; x_wconf 90' lang='lat' dir='ltr'>nullo</span> <span class='ocrx_word' id='word_1_927' title='bbox 2011 1548 2105 1582; x_wconf 89' lang='lat' dir='ltr'>pacto</span> <span class='ocrx_word' id='word_1_928' title='bbox 2134 1541 2361 1582; x_wconf 90' lang='lat' dir='ltr'>praetereunda</span> <span class='ocrx_word' id='word_1_929' title='bbox 2388 1540 2507 1572; x_wconf 87' lang='lat' dir='ltr'>censui.</span> 
     </span>
     <span class='ocr_line' id='line_1_115' title="bbox 1437 1585 2508 1626; baseline 0 -10"><span class='ocrx_word' id='word_1_930' title='bbox 1437 1587 1582 1616; x_wconf 85' lang='lat' dir='ltr'>Primum</span> <span class='ocrx_word' id='word_1_931' title='bbox 1609 1592 1675 1622; x_wconf 90' lang='lat' dir='ltr'>est,</span> <span class='ocrx_word' id='word_1_932' title='bbox 1709 1585 1799 1626; x_wconf 92' lang='lat' dir='ltr'>quod</span> <span class='ocrx_word' id='word_1_933' title='bbox 1818 1592 1942 1616; x_wconf 87' lang='lat' dir='ltr'>constat</span> <span class='ocrx_word' id='word_1_934' title='bbox 1970 1586 2069 1626; x_wconf 87' lang='lat' dir='ltr'>quod,</span> <span class='ocrx_word' id='word_1_935' title='bbox 2100 1585 2284 1626; x_wconf 87' lang='lat' dir='ltr'>accipiendo</span> <span class='ocrx_word' id='word_1_936' title='bbox 2316 1592 2508 1626; x_wconf 86' lang='lat' dir='ltr'>conceptum</span> 
     </span>
     <span class='ocr_line' id='line_1_116' title="bbox 1438 1629 2508 1670; baseline 0 -10"><span class='ocrx_word' id='word_1_937' title='bbox 1438 1640 1497 1670; x_wconf 92' lang='lat' dir='ltr'>pro</span> <span class='ocrx_word' id='word_1_938' title='bbox 1514 1640 1547 1660; x_wconf 90' lang='lat' dir='ltr'>re</span> <span class='ocrx_word' id='word_1_939' title='bbox 1571 1636 1724 1670; x_wconf 87' lang='lat' dir='ltr'>concepta</span> <span class='ocrx_word' id='word_1_940' title='bbox 1747 1639 1803 1660; x_wconf 93' lang='lat' dir='ltr'>seu</span> <span class='ocrx_word' id='word_1_941' title='bbox 1828 1629 1953 1670; x_wconf 87' lang='lat' dir='ltr'>cognita</span> <span class='ocrx_word' id='word_1_942' title='bbox 1977 1637 2012 1661; x_wconf 94' lang='lat' dir='ltr'>ut</span> <span class='ocrx_word' id='word_1_943' title='bbox 2043 1630 2095 1666; x_wconf 89' lang='lat' dir='ltr'>sic,</span> <span class='ocrx_word' id='word_1_944' title='bbox 2121 1630 2358 1670; x_wconf 88' lang='lat' dir='ltr'>processionem</span> <span class='ocrx_word' id='word_1_945' title='bbox 2389 1630 2508 1660; x_wconf 89' lang='lat' dir='ltr'>amoris</span> 
     </span>
     <span class='ocr_line' id='line_1_117' title="bbox 1438 1673 2508 1715; baseline 0 -11"><span class='ocrx_word' id='word_1_946' title='bbox 1438 1681 1566 1714; x_wconf 87' lang='lat' dir='ltr'>oportet</span> <span class='ocrx_word' id='word_1_947' title='bbox 1589 1684 1655 1705; x_wconf 86' lang='lat' dir='ltr'>esse</span> <span class='ocrx_word' id='word_1_948' title='bbox 1679 1684 1697 1704; x_wconf 87' lang='lat' dir='ltr'>a</span> <span class='ocrx_word' id='word_1_949' title='bbox 1716 1680 1889 1714; x_wconf 90' lang='lat' dir='ltr'>conceptu:</span> <span class='ocrx_word' id='word_1_950' title='bbox 1914 1673 2076 1713; x_wconf 87' lang='lat' dir='ltr'>incognita</span> <span class='ocrx_word' id='word_1_951' title='bbox 2100 1674 2186 1705; x_wconf 86' lang='lat' dir='ltr'>enim</span> <span class='ocrx_word' id='word_1_952' title='bbox 2210 1684 2416 1715; x_wconf 88' lang='lat' dir='ltr'>nequaquam</span> <span class='ocrx_word' id='word_1_953' title='bbox 2437 1673 2508 1705; x_wconf 90' lang='lat' dir='ltr'>dili-</span> 
     </span>
     <span class='ocr_line' id='line_1_118' title="bbox 1437 1717 2508 1760; baseline 0 -11"><span class='ocrx_word' id='word_1_954' title='bbox 1437 1728 1510 1758; x_wconf 87' lang='lat' dir='ltr'>gere</span> <span class='ocrx_word' id='word_1_955' title='bbox 1525 1728 1709 1759; x_wconf 89' lang='lat' dir='ltr'>possumus.</span> <span class='ocrx_word' id='word_1_956' title='bbox 1733 1718 1774 1749; x_wconf 91' lang='lat' dir='ltr'>Et</span> <span class='ocrx_word' id='word_1_957' title='bbox 1789 1724 1957 1758; x_wconf 87' lang='lat' dir='ltr'>propterea</span> <span class='ocrx_word' id='word_1_958' title='bbox 1978 1718 2012 1748; x_wconf 90' lang='lat' dir='ltr'>in</span> <span class='ocrx_word' id='word_1_959' title='bbox 2035 1717 2137 1749; x_wconf 88' lang='lat' dir='ltr'>littera</span> <span class='ocrx_word' id='word_1_960' title='bbox 2160 1717 2251 1760; x_wconf 89' lang='lat' dir='ltr'>quasi</span> <span class='ocrx_word' id='word_1_961' title='bbox 2270 1728 2327 1759; x_wconf 90' lang='lat' dir='ltr'>per</span> <span class='ocrx_word' id='word_1_962' title='bbox 2341 1728 2375 1748; x_wconf 84' lang='lat' dir='ltr'>se</span> <span class='ocrx_word' id='word_1_963' title='bbox 2391 1725 2508 1750; x_wconf 90' lang='lat' dir='ltr'>notum</span> 
     </span>
     <span class='ocr_line' id='line_1_119' title="bbox 1439 1761 2365 1804; baseline 0 -10"><span class='ocrx_word' id='word_1_964' title='bbox 1439 1763 1562 1800; x_wconf 88' lang='lat' dir='ltr'>dicitur,</span> <span class='ocrx_word' id='word_1_965' title='bbox 1578 1762 1668 1804; x_wconf 92' lang='lat' dir='ltr'>quod</span> <span class='ocrx_word' id='word_1_966' title='bbox 1684 1762 1724 1792; x_wconf 93' lang='lat' dir='ltr'>de</span> <span class='ocrx_word' id='word_1_967' title='bbox 1738 1761 1859 1793; x_wconf 89' lang='lat' dir='ltr'>ratione</span> <span class='ocrx_word' id='word_1_968' title='bbox 1875 1762 1992 1793; x_wconf 86' lang='lat' dir='ltr'>amoris</span> <span class='ocrx_word' id='word_1_969' title='bbox 2009 1769 2056 1794; x_wconf 92' lang='lat' dir='ltr'>est</span> <span class='ocrx_word' id='word_1_970' title='bbox 2072 1762 2147 1793; x_wconf 92' lang='lat' dir='ltr'>oriri</span> <span class='ocrx_word' id='word_1_971' title='bbox 2163 1773 2181 1793; x_wconf 91' lang='lat' dir='ltr'>a</span> <span class='ocrx_word' id='word_1_972' title='bbox 2197 1769 2365 1803; x_wconf 87' lang='lat' dir='ltr'>conceptu.</span> 
     </span>
    </p>

    <p class='ocr_par' dir='ltr' id='par_1_20' title="bbox 1437 1805 2508 2114">
     <span class='ocr_line' id='line_1_120' title="bbox 1496 1805 2507 1847; baseline -0.001 -9"><span class='ocrx_word' id='word_1_973' title='bbox 1496 1808 1535 1838; x_wconf 90' lang='lat' dir='ltr'>X.</span> <span class='ocrx_word' id='word_1_974' title='bbox 1560 1807 1742 1838; x_wconf 80' lang='lat' dir='ltr'>Secundum</span> <span class='ocrx_word' id='word_1_975' title='bbox 1767 1812 1829 1842; x_wconf 90' lang='lat' dir='ltr'>est,</span> <span class='ocrx_word' id='word_1_976' title='bbox 1859 1806 1949 1847; x_wconf 93' lang='lat' dir='ltr'>quod</span> <span class='ocrx_word' id='word_1_977' title='bbox 1972 1816 2020 1837; x_wconf 90' lang='lat' dir='ltr'>res</span> <span class='ocrx_word' id='word_1_978' title='bbox 2044 1805 2170 1846; x_wconf 87' lang='lat' dir='ltr'>cognita</span> <span class='ocrx_word' id='word_1_979' title='bbox 2199 1812 2245 1837; x_wconf 90' lang='lat' dir='ltr'>est</span> <span class='ocrx_word' id='word_1_980' title='bbox 2273 1816 2367 1837; x_wconf 89' lang='lat' dir='ltr'>causa</span> <span class='ocrx_word' id='word_1_981' title='bbox 2389 1805 2507 1838; x_wconf 87' lang='lat' dir='ltr'>amoris</span> 
     </span>
     <span class='ocr_line' id='line_1_121' title="bbox 1438 1849 2508 1891; baseline 0.001 -10"><span class='ocrx_word' id='word_1_982' title='bbox 1438 1851 1472 1881; x_wconf 93' lang='lat' dir='ltr'>in</span> <span class='ocrx_word' id='word_1_983' title='bbox 1486 1861 1599 1891; x_wconf 83' lang='lat' dir='ltr'>genere</span> <span class='ocrx_word' id='word_1_984' title='bbox 1616 1860 1727 1881; x_wconf 87' lang='lat' dir='ltr'>causae</span> <span class='ocrx_word' id='word_1_985' title='bbox 1745 1849 1916 1881; x_wconf 86' lang='lat' dir='ltr'>efficientis.</span> <span class='ocrx_word' id='word_1_986' title='bbox 1933 1850 2032 1888; x_wconf 92' lang='lat' dir='ltr'>Quod</span> <span class='ocrx_word' id='word_1_987' title='bbox 2048 1860 2085 1881; x_wconf 86' lang='lat' dir='ltr'>ex</span> <span class='ocrx_word' id='word_1_988' title='bbox 2100 1860 2139 1881; x_wconf 91' lang='lat' dir='ltr'>eo</span> <span class='ocrx_word' id='word_1_989' title='bbox 2152 1856 2238 1891; x_wconf 89' lang='lat' dir='ltr'>patet</span> <span class='ocrx_word' id='word_1_990' title='bbox 2253 1850 2342 1891; x_wconf 91' lang='lat' dir='ltr'>quod</span> <span class='ocrx_word' id='word_1_991' title='bbox 2356 1849 2389 1880; x_wconf 92' lang='lat' dir='ltr'>in</span> <span class='ocrx_word' id='word_1_992' title='bbox 2404 1849 2508 1882; x_wconf 78' lang='lat' dir='ltr'>littera</span> 
     </span>
     <span class='ocr_line' id='line_1_122' title="bbox 1438 1894 2506 1936; baseline 0.001 -11"><span class='ocrx_word' id='word_1_993' title='bbox 1438 1895 1561 1932; x_wconf 87' lang='lat' dir='ltr'>dicitur,</span> <span class='ocrx_word' id='word_1_994' title='bbox 1585 1895 1675 1936; x_wconf 91' lang='lat' dir='ltr'>quod</span> <span class='ocrx_word' id='word_1_995' title='bbox 1698 1903 1789 1924; x_wconf 88' lang='lat' dir='ltr'>amor</span> <span class='ocrx_word' id='word_1_996' title='bbox 1811 1894 1906 1925; x_wconf 88' lang='lat' dir='ltr'>habet</span> <span class='ocrx_word' id='word_1_997' title='bbox 1929 1894 2075 1925; x_wconf 87' lang='lat' dir='ltr'>ordinem</span> <span class='ocrx_word' id='word_1_998' title='bbox 2099 1894 2229 1934; x_wconf 85' lang='lat' dir='ltr'>originis</span> <span class='ocrx_word' id='word_1_999' title='bbox 2248 1894 2287 1924; x_wconf 86' lang='lat' dir='ltr'>ad</span> <span class='ocrx_word' id='word_1_1000' title='bbox 2303 1900 2506 1935; x_wconf 81' lang='lat' dir='ltr'>conceptum.</span> 
     </span>
     <span class='ocr_line' id='line_1_123' title="bbox 1438 1938 2508 1979; baseline 0 -9"><span class='ocrx_word' id='word_1_1001' title='bbox 1438 1940 1573 1971; x_wconf 80' lang='lat' dir='ltr'>Constat</span> <span class='ocrx_word' id='word_1_1002' title='bbox 1596 1938 1682 1969; x_wconf 91' lang='lat' dir='ltr'>enim</span> <span class='ocrx_word' id='word_1_1003' title='bbox 1701 1938 1847 1970; x_wconf 90' lang='lat' dir='ltr'>ordinem</span> <span class='ocrx_word' id='word_1_1004' title='bbox 1871 1938 2011 1979; x_wconf 79' lang='lat' dir='ltr'>originis,</span> <span class='ocrx_word' id='word_1_1005' title='bbox 2028 1938 2062 1969; x_wconf 90' lang='lat' dir='ltr'>in</span> <span class='ocrx_word' id='word_1_1006' title='bbox 2075 1938 2253 1979; x_wconf 85' lang='lat' dir='ltr'>proposito,</span> <span class='ocrx_word' id='word_1_1007' title='bbox 2275 1938 2420 1971; x_wconf 86' lang='lat' dir='ltr'>ordinem</span> <span class='ocrx_word' id='word_1_1008' title='bbox 2439 1948 2508 1970; x_wconf 73' lang='lat' dir='ltr'>ease</span> 
     </span>
     <span class='ocr_line' id='line_1_124' title="bbox 1438 1982 2505 2024; baseline 0 -10"><span class='ocrx_word' id='word_1_1009' title='bbox 1438 1983 1616 2014; x_wconf 88' lang='lat' dir='ltr'>secundum</span> <span class='ocrx_word' id='word_1_1010' title='bbox 1638 1983 1775 2014; x_wconf 90' lang='lat' dir='ltr'>modum</span> <span class='ocrx_word' id='word_1_1011' title='bbox 1799 1982 1993 2014; x_wconf 85' lang='lat' dir='ltr'>efficientiae.</span> <span class='ocrx_word' id='word_1_1012' title='bbox 2023 1982 2254 2024; x_wconf 82' lang='lat' dir='ltr'>Consonatque</span> <span class='ocrx_word' id='word_1_1013' title='bbox 2278 1982 2353 2014; x_wconf 84' lang='lat' dir='ltr'>huic</span> <span class='ocrx_word' id='word_1_1014' title='bbox 2381 1989 2505 2015; x_wconf 86' lang='lat' dir='ltr'>senten-</span> 
     </span>
     <span class='ocr_line' id='line_1_125' title="bbox 1437 2026 2505 2069; baseline -0.001 -10"><span class='ocrx_word' id='word_1_1015' title='bbox 1437 2027 1499 2059; x_wconf 87' lang='lat' dir='ltr'>tiae</span> <span class='ocrx_word' id='word_1_1016' title='bbox 1522 2027 1602 2059; x_wconf 91' lang='lat' dir='ltr'>illud</span> <span class='ocrx_word' id='word_1_1017' title='bbox 1623 2027 1772 2058; x_wconf 88' lang='lat' dir='ltr'>Averrois</span> <span class='ocrx_word' id='word_1_1018' title='bbox 1800 2026 1834 2058; x_wconf 92' lang='lat' dir='ltr'>in</span> <span class='ocrx_word' id='word_1_1019' title='bbox 1858 2027 1914 2058; x_wconf 88' lang='lat' dir='ltr'>XII</span> <span class='ocrx_word' id='word_1_1020' title='bbox 1938 2027 2135 2069; x_wconf 65' lang='lat' dir='ltr'>Metaphys„</span> <span class='ocrx_word' id='word_1_1021' title='bbox 2161 2037 2279 2058; x_wconf 91' lang='lat' dir='ltr'>comm.</span> <span class='ocrx_word' id='word_1_1022' title='bbox 2299 2035 2409 2058; x_wconf 79' lang='lat' dir='ltr'>mvr:</span> <span class='ocrx_word' id='word_1_1023' title='bbox 2439 2027 2505 2058; x_wconf 84' lang='lat' dir='ltr'>bal-</span> 
     </span>
     <span class='ocr_line' id='line_1_126' title="bbox 1438 2071 2237 2114; baseline 0 -12"><span class='ocrx_word' id='word_1_1024' title='bbox 1438 2082 1532 2103; x_wconf 87' lang='lat' dir='ltr'>neum</span> <span class='ocrx_word' id='word_1_1025' title='bbox 1557 2074 1589 2103; x_wconf 91' lang='lat' dir='ltr'>in</span> <span class='ocrx_word' id='word_1_1026' title='bbox 1614 2073 1723 2103; x_wconf 90' lang='lat' dir='ltr'>anima</span> <span class='ocrx_word' id='word_1_1027' title='bbox 1748 2076 1795 2102; x_wconf 83' lang='lat' dir='ltr'>est</span> <span class='ocrx_word' id='word_1_1028' title='bbox 1817 2081 1921 2114; x_wconf 81' lang='lat' dir='ltr'>agens</span> <span class='ocrx_word' id='word_1_1029' title='bbox 1942 2071 2154 2110; x_wconf 82' lang='lat' dir='ltr'>desiderium,</span> <span class='ocrx_word' id='word_1_1030' title='bbox 2179 2079 2237 2103; x_wconf 90' lang='lat' dir='ltr'>etc.</span> 
     </span>
    </p>

    <p class='ocr_par' dir='ltr' id='par_1_21' title="bbox 1433 2104 2508 2678">
     <span class='ocr_line' id='line_1_127' title="bbox 1495 2104 2507 2157; baseline -0.001 -10"><span class='ocrx_word' id='word_1_1031' title='bbox 1495 2117 1549 2148; x_wconf 90' lang='lat' dir='ltr'>XI.</span> <span class='ocrx_word' id='word_1_1032' title='bbox 1579 2117 1721 2147; x_wconf 87' lang='lat' dir='ltr'>Tertium</span> <span class='ocrx_word' id='word_1_1033' title='bbox 1746 2122 1792 2147; x_wconf 90' lang='lat' dir='ltr'>est</span> <span class='ocrx_word' id='word_1_1034' title='bbox 1815 2116 1919 2157; x_wconf 90' lang='lat' dir='ltr'>quod,</span> <span class='ocrx_word' id='word_1_1035' title='bbox 1944 2115 2089 2157; x_wconf 87' lang='lat' dir='ltr'>quamvis</span> <span class='ocrx_word' id='word_1_1036' title='bbox 2113 2125 2204 2146; x_wconf 90' lang='lat' dir='ltr'>amor</span> <span class='ocrx_word' id='word_1_1037' title='bbox 2226 2115 2346 2147; x_wconf 90' lang='lat' dir='ltr'>oriatur</span> <span class='ocrx_word' id='word_1_1038' title='bbox 2366 2104 2507 2147; x_wconf 78' lang='lat' dir='ltr'>effective</span> 
     </span>
     <span class='ocr_line' id='line_1_128' title="bbox 1437 2159 2508 2200; baseline 0 -9"><span class='ocrx_word' id='word_1_1039' title='bbox 1437 2171 1456 2191; x_wconf 85' lang='lat' dir='ltr'>a</span> <span class='ocrx_word' id='word_1_1040' title='bbox 1479 2161 1617 2196; x_wconf 90' lang='lat' dir='ltr'>duobus,</span> <span class='ocrx_word' id='word_1_1041' title='bbox 1637 2160 1754 2191; x_wconf 90' lang='lat' dir='ltr'>scilicet</span> <span class='ocrx_word' id='word_1_1042' title='bbox 1769 2170 1786 2191; x_wconf 88' lang='lat' dir='ltr'>a</span> <span class='ocrx_word' id='word_1_1043' title='bbox 1803 2161 1967 2192; x_wconf 91' lang='lat' dir='ltr'>voluntate</span> <span class='ocrx_word' id='word_1_1044' title='bbox 1983 2167 2014 2192; x_wconf 92' lang='lat' dir='ltr'>et</span> <span class='ocrx_word' id='word_1_1045' title='bbox 2029 2170 2047 2190; x_wconf 91' lang='lat' dir='ltr'>a</span> <span class='ocrx_word' id='word_1_1046' title='bbox 2063 2170 2096 2191; x_wconf 92' lang='lat' dir='ltr'>re</span> <span class='ocrx_word' id='word_1_1047' title='bbox 2119 2159 2247 2191; x_wconf 85' lang='lat' dir='ltr'>amabili</span> <span class='ocrx_word' id='word_1_1048' title='bbox 2271 2159 2406 2200; x_wconf 77' lang='lat' dir='ltr'>cognita,</span> <span class='ocrx_word' id='word_1_1049' title='bbox 2424 2159 2508 2191; x_wconf 83' lang='lat' dir='ltr'>sicut</span> 
     </span>
     <span class='ocr_line' id='line_1_129' title="bbox 1438 2204 2506 2245; baseline 0 -9"><span class='ocrx_word' id='word_1_1050' title='bbox 1438 2212 1468 2236; x_wconf 92' lang='lat' dir='ltr'>et</span> <span class='ocrx_word' id='word_1_1051' title='bbox 1491 2206 1624 2236; x_wconf 89' lang='lat' dir='ltr'>verbum</span> <span class='ocrx_word' id='word_1_1052' title='bbox 1647 2206 1686 2236; x_wconf 85' lang='lat' dir='ltr'>ab</span> <span class='ocrx_word' id='word_1_1053' title='bbox 1709 2204 1869 2236; x_wconf 89' lang='lat' dir='ltr'>intellectu</span> <span class='ocrx_word' id='word_1_1054' title='bbox 1887 2209 1918 2236; x_wconf 85' lang='lat' dir='ltr'>&#39;et</span> <span class='ocrx_word' id='word_1_1055' title='bbox 1932 2204 2120 2245; x_wconf 81' lang='lat' dir='ltr'>intelligibili</span> <span class='ocrx_word' id='word_1_1056' title='bbox 2143 2214 2208 2236; x_wconf 79' lang='lat' dir='ltr'>una</span> <span class='ocrx_word' id='word_1_1057' title='bbox 2228 2214 2303 2236; x_wconf 89' lang='lat' dir='ltr'>cum</span> <span class='ocrx_word' id='word_1_1058' title='bbox 2326 2204 2487 2236; x_wconf 75' lang='lat' dir='ltr'>intellectu</span> <span class='ocrx_word' id='word_1_1059' title='bbox 2495 2212 2506 2242; x_wconf 84' lang='lat'>;</span> 
     </span>
     <span class='ocr_line' id='line_1_130' title="bbox 1437 2248 2505 2290; baseline 0 -10"><span class='ocrx_word' id='word_1_1060' title='bbox 1437 2259 1552 2290; x_wconf 85' lang='lat' dir='ltr'>magna</span> <span class='ocrx_word' id='word_1_1061' title='bbox 1582 2256 1689 2281; x_wconf 90' lang='lat' dir='ltr'>tamen</span> <span class='ocrx_word' id='word_1_1062' title='bbox 1720 2248 1893 2280; x_wconf 82' lang='lat' dir='ltr'>differentia</span> <span class='ocrx_word' id='word_1_1063' title='bbox 1916 2248 2119 2290; x_wconf 88' lang='lat' dir='ltr'>percipienda</span> <span class='ocrx_word' id='word_1_1064' title='bbox 2148 2249 2200 2280; x_wconf 80' lang='lat' dir='ltr'>hic</span> <span class='ocrx_word' id='word_1_1065' title='bbox 2230 2256 2285 2280; x_wconf 90' lang='lat' dir='ltr'>est.</span> <span class='ocrx_word' id='word_1_1066' title='bbox 2320 2248 2505 2290; x_wconf 84' lang='lat' dir='ltr'>Conceptus</span> 
     </span>
     <span class='ocr_line' id='line_1_131' title="bbox 1437 2292 2506 2335; baseline 0.001 -11"><span class='ocrx_word' id='word_1_1067' title='bbox 1437 2293 1522 2324; x_wconf 89' lang='lat' dir='ltr'>enim</span> <span class='ocrx_word' id='word_1_1068' title='bbox 1546 2293 1732 2335; x_wconf 89' lang='lat' dir='ltr'>producitur</span> <span class='ocrx_word' id='word_1_1069' title='bbox 1759 2293 1798 2323; x_wconf 88' lang='lat' dir='ltr'>ab</span> <span class='ocrx_word' id='word_1_1070' title='bbox 1831 2299 1968 2334; x_wconf 91' lang='lat' dir='ltr'>utroque</span> <span class='ocrx_word' id='word_1_1071' title='bbox 1997 2293 2030 2323; x_wconf 89' lang='lat' dir='ltr'>in</span> <span class='ocrx_word' id='word_1_1072' title='bbox 2053 2292 2084 2323; x_wconf 91' lang='lat' dir='ltr'>vi</span> <span class='ocrx_word' id='word_1_1073' title='bbox 2113 2292 2208 2324; x_wconf 91' lang='lat' dir='ltr'>unius</span> <span class='ocrx_word' id='word_1_1074' title='bbox 2232 2292 2394 2324; x_wconf 89' lang='lat' dir='ltr'>efficientis</span> <span class='ocrx_word' id='word_1_1075' title='bbox 2418 2302 2506 2325; x_wconf 84' lang='lat' dir='ltr'>com·</span> 
     </span>
     <span class='ocr_line' id='line_1_132' title="bbox 1436 2336 2503 2378; baseline -0.001 -10"><span class='ocrx_word' id='word_1_1076' title='bbox 1436 2337 1529 2378; x_wconf 90' lang='lat' dir='ltr'>pleti,</span> <span class='ocrx_word' id='word_1_1077' title='bbox 1554 2344 1584 2368; x_wconf 87' lang='lat' dir='ltr'>et</span> <span class='ocrx_word' id='word_1_1078' title='bbox 1607 2337 1640 2367; x_wconf 88' lang='lat' dir='ltr'>in</span> <span class='ocrx_word' id='word_1_1079' title='bbox 1664 2337 1784 2367; x_wconf 88' lang='lat' dir='ltr'>ratione</span> <span class='ocrx_word' id='word_1_1080' title='bbox 1808 2336 1871 2368; x_wconf 87' lang='lat' dir='ltr'>rei:</span> <span class='ocrx_word' id='word_1_1081' title='bbox 1896 2346 1987 2367; x_wconf 89' lang='lat' dir='ltr'>amor</span> <span class='ocrx_word' id='word_1_1082' title='bbox 2007 2343 2115 2367; x_wconf 88' lang='lat' dir='ltr'>autem</span> <span class='ocrx_word' id='word_1_1083' title='bbox 2138 2336 2325 2377; x_wconf 90' lang='lat' dir='ltr'>producitur</span> <span class='ocrx_word' id='word_1_1084' title='bbox 2347 2347 2366 2367; x_wconf 89' lang='lat' dir='ltr'>a</span> <span class='ocrx_word' id='word_1_1085' title='bbox 2387 2336 2503 2368; x_wconf 85' lang='lat' dir='ltr'>volun-</span> 
     </span>
     <span class='ocr_line' id='line_1_133' title="bbox 1435 2380 2504 2420; baseline -0.001 -8"><span class='ocrx_word' id='word_1_1086' title='bbox 1435 2389 1498 2413; x_wconf 87' lang='lat' dir='ltr'>tate</span> <span class='ocrx_word' id='word_1_1087' title='bbox 1526 2389 1556 2413; x_wconf 92' lang='lat' dir='ltr'>et</span> <span class='ocrx_word' id='word_1_1088' title='bbox 1586 2391 1619 2412; x_wconf 90' lang='lat' dir='ltr'>re</span> <span class='ocrx_word' id='word_1_1089' title='bbox 1647 2380 1774 2411; x_wconf 86' lang='lat' dir='ltr'>amabili</span> <span class='ocrx_word' id='word_1_1090' title='bbox 1805 2380 1950 2420; x_wconf 84' lang='lat' dir='ltr'>cognita,</span> <span class='ocrx_word' id='word_1_1091' title='bbox 1982 2391 2048 2411; x_wconf 92' lang='lat' dir='ltr'>non</span> <span class='ocrx_word' id='word_1_1092' title='bbox 2077 2388 2112 2412; x_wconf 89' lang='lat' dir='ltr'>ut</span> <span class='ocrx_word' id='word_1_1093' title='bbox 2142 2380 2370 2420; x_wconf 86' lang='lat' dir='ltr'>integrantibus</span> <span class='ocrx_word' id='word_1_1094' title='bbox 2401 2390 2504 2411; x_wconf 87' lang='lat' dir='ltr'>unum</span> 
     </span>
     <span class='ocr_line' id='line_1_134' title="bbox 1435 2424 2505 2466; baseline 0 -10"><span class='ocrx_word' id='word_1_1095' title='bbox 1435 2436 1540 2466; x_wconf 87' lang='lat' dir='ltr'>agens,</span> <span class='ocrx_word' id='word_1_1096' title='bbox 1564 2425 1619 2456; x_wconf 90' lang='lat' dir='ltr'>sed</span> <span class='ocrx_word' id='word_1_1097' title='bbox 1643 2432 1678 2456; x_wconf 94' lang='lat' dir='ltr'>ut</span> <span class='ocrx_word' id='word_1_1098' title='bbox 1701 2435 1718 2455; x_wconf 93' lang='lat' dir='ltr'>e</span> <span class='ocrx_word' id='word_1_1099' title='bbox 1742 2425 1879 2461; x_wconf 86' lang='lat' dir='ltr'>diverso,</span> <span class='ocrx_word' id='word_1_1100' title='bbox 1904 2435 1940 2456; x_wconf 91' lang='lat' dir='ltr'>ac</span> <span class='ocrx_word' id='word_1_1101' title='bbox 1963 2425 2092 2456; x_wconf 90' lang='lat' dir='ltr'>diversis</span> <span class='ocrx_word' id='word_1_1102' title='bbox 2115 2424 2290 2456; x_wconf 84' lang='lat' dir='ltr'>rationibus</span> <span class='ocrx_word' id='word_1_1103' title='bbox 2314 2434 2505 2456; x_wconf 85' lang='lat' dir='ltr'>concurren-</span> 
     </span>
     <span class='ocr_line' id='line_1_135' title="bbox 1434 2468 2503 2506; baseline -0.001 -5"><span class='ocrx_word' id='word_1_1104' title='bbox 1434 2470 1527 2502; x_wconf 91' lang='lat' dir='ltr'>tibus.</span> <span class='ocrx_word' id='word_1_1105' title='bbox 1552 2472 1582 2501; x_wconf 81' lang='grc' dir='ltr'><strong>Α</strong></span> <span class='ocrx_word' id='word_1_1106' title='bbox 1604 2470 1767 2500; x_wconf 87' lang='lat' dir='ltr'>voluntate</span> <span class='ocrx_word' id='word_1_1107' title='bbox 1790 2469 1876 2500; x_wconf 88' lang='lat' dir='ltr'>enim</span> <span class='ocrx_word' id='word_1_1108' title='bbox 1899 2469 1999 2500; x_wconf 90' lang='lat' dir='ltr'>oritur</span> <span class='ocrx_word' id='word_1_1109' title='bbox 2022 2469 2053 2500; x_wconf 88' lang='lat' dir='ltr'>in</span> <span class='ocrx_word' id='word_1_1110' title='bbox 2085 2468 2206 2500; x_wconf 85' lang='lat' dir='ltr'>ratione</span> <span class='ocrx_word' id='word_1_1111' title='bbox 2229 2468 2289 2506; x_wconf 85' lang='lat' dir='ltr'>rei,</span> <span class='ocrx_word' id='word_1_1112' title='bbox 2313 2469 2352 2499; x_wconf 85' lang='lat' dir='ltr'>ab</span> <span class='ocrx_word' id='word_1_1113' title='bbox 2376 2468 2503 2500; x_wconf 83' lang='lat' dir='ltr'>amabili</span> 
     </span>
     <span class='ocr_line' id='line_1_136' title="bbox 1434 2513 2502 2553; baseline -0.002 -7"><span class='ocrx_word' id='word_1_1114' title='bbox 1434 2522 1543 2546; x_wconf 88' lang='lat' dir='ltr'>autem</span> <span class='ocrx_word' id='word_1_1115' title='bbox 1557 2514 1590 2545; x_wconf 88' lang='lat' dir='ltr'>in</span> <span class='ocrx_word' id='word_1_1116' title='bbox 1606 2514 1727 2545; x_wconf 83' lang='lat' dir='ltr'>ratione</span> <span class='ocrx_word' id='word_1_1117' title='bbox 1751 2513 1885 2553; x_wconf 85' lang='lat' dir='ltr'>cogniti:</span> <span class='ocrx_word' id='word_1_1118' title='bbox 1910 2513 2045 2544; x_wconf 84' lang='lat' dir='ltr'>amabile</span> <span class='ocrx_word' id='word_1_1119' title='bbox 2068 2513 2154 2544; x_wconf 89' lang='lat' dir='ltr'>enim</span> <span class='ocrx_word' id='word_1_1120' title='bbox 2177 2520 2213 2544; x_wconf 94' lang='lat' dir='ltr'>ut</span> <span class='ocrx_word' id='word_1_1121' title='bbox 2229 2513 2394 2553; x_wconf 83' lang='lat' dir='ltr'>cognitum</span> <span class='ocrx_word' id='word_1_1122' title='bbox 2413 2523 2502 2544; x_wconf 89' lang='lat' dir='ltr'>amo-</span> 
     </span>
     <span class='ocr_line' id='line_1_137' title="bbox 1433 2557 2504 2600; baseline -0.001 -11"><span class='ocrx_word' id='word_1_1123' title='bbox 1433 2569 1501 2589; x_wconf 90' lang='lat' dir='ltr'>rem</span> <span class='ocrx_word' id='word_1_1124' title='bbox 1525 2558 1615 2600; x_wconf 90' lang='lat' dir='ltr'>parit,</span> <span class='ocrx_word' id='word_1_1125' title='bbox 1639 2558 1787 2589; x_wconf 91' lang='lat' dir='ltr'>voluntas</span> <span class='ocrx_word' id='word_1_1126' title='bbox 1811 2564 1918 2588; x_wconf 90' lang='lat' dir='ltr'>autem</span> <span class='ocrx_word' id='word_1_1127' title='bbox 1942 2565 1977 2588; x_wconf 95' lang='lat' dir='ltr'>ut</span> <span class='ocrx_word' id='word_1_1128' title='bbox 2000 2557 2070 2588; x_wconf 89' lang='lat' dir='ltr'>talis</span> <span class='ocrx_word' id='word_1_1129' title='bbox 2093 2567 2151 2588; x_wconf 85' lang='lat' dir='ltr'>res.</span> <span class='ocrx_word' id='word_1_1130' title='bbox 2175 2557 2217 2588; x_wconf 86' lang='lat' dir='ltr'>Et</span> <span class='ocrx_word' id='word_1_1131' title='bbox 2240 2557 2316 2588; x_wconf 87' lang='lat' dir='ltr'>haec</span> <span class='ocrx_word' id='word_1_1132' title='bbox 2339 2567 2399 2598; x_wconf 91' lang='lat' dir='ltr'>pro</span> <span class='ocrx_word' id='word_1_1133' title='bbox 2416 2566 2504 2589; x_wconf 88' lang='lat' dir='ltr'>nunc</span> 
     </span>
     <span class='ocr_line' id='line_1_138' title="bbox 1434 2600 2504 2643; baseline -0.002 -9"><span class='ocrx_word' id='word_1_1134' title='bbox 1434 2602 1590 2635; x_wconf 83' lang='lat' dir='ltr'>sufficiant</span> <span class='ocrx_word' id='word_1_1135' title='bbox 1613 2612 1671 2643; x_wconf 92' lang='lat' dir='ltr'>pro</span> <span class='ocrx_word' id='word_1_1136' title='bbox 1696 2601 1910 2633; x_wconf 88' lang='lat' dir='ltr'>fundamentis</span> <span class='ocrx_word' id='word_1_1137' title='bbox 1940 2601 2150 2632; x_wconf 89' lang='lat' dir='ltr'>dicendorum</span> <span class='ocrx_word' id='word_1_1138' title='bbox 2179 2601 2218 2632; x_wconf 93' lang='lat' dir='ltr'>de</span> <span class='ocrx_word' id='word_1_1139' title='bbox 2247 2611 2355 2632; x_wconf 90' lang='lat' dir='ltr'>amore</span> <span class='ocrx_word' id='word_1_1140' title='bbox 2379 2607 2410 2633; x_wconf 93' lang='lat' dir='ltr'>et</span> <span class='ocrx_word' id='word_1_1141' title='bbox 2432 2600 2504 2643; x_wconf 86' lang='lat' dir='ltr'>Spi-</span> 
     </span>
     <span class='ocr_line' id='line_1_139' title="bbox 1433 2647 1644 2678; baseline 0 0"><span class='ocrx_word' id='word_1_1142' title='bbox 1433 2647 1495 2678; x_wconf 90' lang='lat' dir='ltr'>ritu</span> <span class='ocrx_word' id='word_1_1143' title='bbox 1518 2647 1644 2678; x_wconf 80' lang='lat' dir='ltr'>Sancto.</span> 
     </span>
    </p>

    <p class='ocr_par' dir='ltr' id='par_1_22' title="bbox 1431 2689 2504 3219">
     <span class='ocr_line' id='line_1_140' title="bbox 1490 2689 2503 2731; baseline 0 -9"><span class='ocrx_word' id='word_1_1144' title='bbox 1490 2692 1559 2723; x_wconf 87' lang='lat' dir='ltr'>XII.</span> <span class='ocrx_word' id='word_1_1145' title='bbox 1587 2692 1748 2729; x_wconf 85' lang='lat' dir='ltr'>Quartum</span> <span class='ocrx_word' id='word_1_1146' title='bbox 1773 2697 1828 2727; x_wconf 87' lang='lat' dir='ltr'>est,</span> <span class='ocrx_word' id='word_1_1147' title='bbox 1852 2690 1942 2731; x_wconf 91' lang='lat' dir='ltr'>quod</span> <span class='ocrx_word' id='word_1_1148' title='bbox 1966 2690 2090 2726; x_wconf 89' lang='lat' dir='ltr'>Scotus,</span> <span class='ocrx_word' id='word_1_1149' title='bbox 2113 2689 2148 2720; x_wconf 87' lang='lat' dir='ltr'>in</span> <span class='ocrx_word' id='word_1_1150' title='bbox 2171 2689 2194 2726; x_wconf 87' lang='lat'>1,</span> <span class='ocrx_word' id='word_1_1151' title='bbox 2218 2689 2289 2722; x_wconf 87' lang='lat' dir='ltr'>dist.</span> <span class='ocrx_word' id='word_1_1152' title='bbox 2305 2699 2369 2726; x_wconf 87' lang='lat' dir='ltr'>xm,</span> <span class='ocrx_word' id='word_1_1153' title='bbox 2388 2699 2427 2721; x_wconf 85' lang='lat' dir='ltr'>ex</span> <span class='ocrx_word' id='word_1_1154' title='bbox 2444 2689 2503 2722; x_wconf 86' lang='lat' dir='ltr'>illo</span> 
     </span>
     <span class='ocr_line' id='line_1_141' title="bbox 1432 2733 2504 2775; baseline -0.001 -8"><span class='ocrx_word' id='word_1_1155' title='bbox 1432 2737 1530 2767; x_wconf 90' lang='lat' dir='ltr'>verbo</span> <span class='ocrx_word' id='word_1_1156' title='bbox 1553 2737 1687 2773; x_wconf 82' lang='lat' dir='ltr'>ordinis,</span> <span class='ocrx_word' id='word_1_1157' title='bbox 1708 2734 1860 2767; x_wconf 85' lang='lat' dir='ltr'>intellexit</span> <span class='ocrx_word' id='word_1_1158' title='bbox 1882 2735 1968 2766; x_wconf 92' lang='lat' dir='ltr'>hunc</span> <span class='ocrx_word' id='word_1_1159' title='bbox 1995 2734 2106 2765; x_wconf 90' lang='lat' dir='ltr'>locum</span> <span class='ocrx_word' id='word_1_1160' title='bbox 2134 2735 2173 2765; x_wconf 90' lang='lat' dir='ltr'>de</span> <span class='ocrx_word' id='word_1_1161' title='bbox 2202 2733 2403 2765; x_wconf 89' lang='lat' dir='ltr'>distinctione</span> <span class='ocrx_word' id='word_1_1162' title='bbox 2425 2744 2504 2775; x_wconf 87' lang='lat' dir='ltr'>pro-</span> 
     </span>
     <span class='ocr_line' id='line_1_142' title="bbox 1434 2778 2502 2829; baseline -0.001 -18"><span class='ocrx_word' id='word_1_1163' title='bbox 1434 2781 1615 2812; x_wconf 89' lang='lat' dir='ltr'>cessionum</span> <span class='ocrx_word' id='word_1_1164' title='bbox 1643 2780 1820 2810; x_wconf 92' lang='lat' dir='ltr'>secundum</span> <span class='ocrx_word' id='word_1_1165' title='bbox 1851 2778 1939 2819; x_wconf 84' lang='lat' dir='ltr'>prius</span> <span class='ocrx_word' id='word_1_1166' title='bbox 1970 2786 2001 2810; x_wconf 91' lang='lat' dir='ltr'>et</span> <span class='ocrx_word' id='word_1_1167' title='bbox 2031 2778 2208 2829; x_wconf 82' lang='lat' dir='ltr'>posterius:</span> <span class='ocrx_word' id='word_1_1168' title='bbox 2242 2786 2273 2810; x_wconf 92' lang='lat' dir='ltr'>et</span> <span class='ocrx_word' id='word_1_1169' title='bbox 2302 2778 2502 2819; x_wconf 82' lang='lat' dir='ltr'>impugnavit</span> 
     </span>
     <span class='ocr_line' id='line_1_143' title="bbox 1433 2822 2500 2866; baseline -0.003 -10"><span class='ocrx_word' id='word_1_1170' title='bbox 1433 2824 1602 2866; x_wconf 87' lang='lat' dir='ltr'>tripliciter.</span> <span class='ocrx_word' id='word_1_1171' title='bbox 1627 2825 1752 2862; x_wconf 87' lang='lat' dir='ltr'>Primo,</span> <span class='ocrx_word' id='word_1_1172' title='bbox 1778 2823 1854 2866; x_wconf 91' lang='lat' dir='ltr'>quia</span> <span class='ocrx_word' id='word_1_1173' title='bbox 1877 2823 1935 2853; x_wconf 88' lang='lat' dir='ltr'>ista</span> <span class='ocrx_word' id='word_1_1174' title='bbox 1959 2833 2026 2853; x_wconf 93' lang='lat' dir='ltr'>non</span> <span class='ocrx_word' id='word_1_1175' title='bbox 2050 2830 2097 2854; x_wconf 91' lang='lat' dir='ltr'>est</span> <span class='ocrx_word' id='word_1_1176' title='bbox 2118 2822 2221 2864; x_wconf 89' lang='lat' dir='ltr'>prima</span> <span class='ocrx_word' id='word_1_1177' title='bbox 2245 2822 2403 2854; x_wconf 90' lang='lat' dir='ltr'>distinctio</span> <span class='ocrx_word' id='word_1_1178' title='bbox 2426 2832 2500 2864; x_wconf 90' lang='lat' dir='ltr'>pro-</span> 
     </span>
     <span class='ocr_line' id='line_1_144' title="bbox 1433 2865 2500 2908; baseline -0.003 -8"><span class='ocrx_word' id='word_1_1179' title='bbox 1433 2869 1631 2900; x_wconf 91' lang='lat' dir='ltr'>cessionum:</span> <span class='ocrx_word' id='word_1_1180' title='bbox 1656 2878 1731 2899; x_wconf 91' lang='lat' dir='ltr'>nam</span> <span class='ocrx_word' id='word_1_1181' title='bbox 1754 2868 1826 2898; x_wconf 92' lang='lat' dir='ltr'>ideo</span> <span class='ocrx_word' id='word_1_1182' title='bbox 1851 2867 1904 2898; x_wconf 89' lang='lat' dir='ltr'>illa</span> <span class='ocrx_word' id='word_1_1183' title='bbox 1928 2867 2029 2908; x_wconf 90' lang='lat' dir='ltr'>prior,</span> <span class='ocrx_word' id='word_1_1184' title='bbox 2053 2867 2131 2898; x_wconf 90' lang='lat' dir='ltr'>haec</span> <span class='ocrx_word' id='word_1_1185' title='bbox 2154 2866 2324 2908; x_wconf 88' lang='lat' dir='ltr'>posterior,</span> <span class='ocrx_word' id='word_1_1186' title='bbox 2348 2866 2424 2908; x_wconf 88' lang='lat' dir='ltr'>quia</span> <span class='ocrx_word' id='word_1_1187' title='bbox 2446 2865 2500 2899; x_wconf 77' lang='lat' dir='ltr'>iun</span> 
     </span>
     <span class='ocr_line' id='line_1_145' title="bbox 1433 2909 2501 2952; baseline -0.004 -8"><span class='ocrx_word' id='word_1_1188' title='bbox 1433 2921 1479 2944; x_wconf 94' lang='lat' dir='ltr'>est</span> <span class='ocrx_word' id='word_1_1189' title='bbox 1501 2913 1581 2950; x_wconf 89' lang='lat' dir='ltr'>talis,</span> <span class='ocrx_word' id='word_1_1190' title='bbox 1599 2920 1630 2944; x_wconf 92' lang='lat' dir='ltr'>et</span> <span class='ocrx_word' id='word_1_1191' title='bbox 1651 2913 1710 2944; x_wconf 90' lang='lat' dir='ltr'>ista</span> <span class='ocrx_word' id='word_1_1192' title='bbox 1733 2912 1811 2943; x_wconf 81' lang='lat' dir='ltr'>talis,</span> <span class='ocrx_word' id='word_1_1193' title='bbox 1829 2928 1847 2935; x_wconf 93' lang='lat'>-·</span> <span class='ocrx_word' id='word_1_1194' title='bbox 1863 2911 2022 2949; x_wconf 82' lang='lat' dir='ltr'>Secundo,</span> <span class='ocrx_word' id='word_1_1195' title='bbox 2039 2911 2114 2952; x_wconf 86' lang='lat' dir='ltr'>quia</span> <span class='ocrx_word' id='word_1_1196' title='bbox 2135 2909 2353 2952; x_wconf 82' lang='lat' dir='ltr'>processiones</span> <span class='ocrx_word' id='word_1_1197' title='bbox 2376 2909 2501 2941; x_wconf 86' lang='lat' dir='ltr'>divinae</span> 
     </span>
     <span class='ocr_line' id='line_1_146' title="bbox 1433 2954 2501 2996; baseline -0.003 -8"><span class='ocrx_word' id='word_1_1198' title='bbox 1433 2965 1507 2989; x_wconf 88' lang='lat' dir='ltr'>sunt</span> <span class='ocrx_word' id='word_1_1199' title='bbox 1531 2957 1714 2988; x_wconf 82' lang='lat' dir='ltr'>relationes:</span> <span class='ocrx_word' id='word_1_1200' title='bbox 1738 2956 1904 2987; x_wconf 89' lang='lat' dir='ltr'>relationes</span> <span class='ocrx_word' id='word_1_1201' title='bbox 1928 2963 2036 2987; x_wconf 90' lang='lat' dir='ltr'>autem</span> <span class='ocrx_word' id='word_1_1202' title='bbox 2056 2965 2122 2986; x_wconf 89' lang='lat' dir='ltr'>non</span> <span class='ocrx_word' id='word_1_1203' title='bbox 2141 2954 2380 2995; x_wconf 85' lang='lat' dir='ltr'>distinguuntur</span> <span class='ocrx_word' id='word_1_1204' title='bbox 2393 2954 2501 2996; x_wconf 87' lang='lat' dir='ltr'>primo</span> 
     </span>
     <span class='ocr_line' id='line_1_147' title="bbox 1432 2998 2499 3051; baseline -0.004 -18"><span class='ocrx_word' id='word_1_1205' title='bbox 1432 3013 1488 3043; x_wconf 88' lang='lat' dir='ltr'>per</span> <span class='ocrx_word' id='word_1_1206' title='bbox 1511 3002 1586 3032; x_wconf 88' lang='lat' dir='ltr'>alias</span> <span class='ocrx_word' id='word_1_1207' title='bbox 1610 3001 1785 3032; x_wconf 90' lang='lat' dir='ltr'>relationes.</span> <span class='ocrx_word' id='word_1_1208' title='bbox 1801 3018 1822 3023; x_wconf 94' lang='lat'><em>—</em></span> <span class='ocrx_word' id='word_1_1209' title='bbox 1842 3001 1962 3038; x_wconf 82' lang='lat' dir='ltr'>Tertio,</span> <span class='ocrx_word' id='word_1_1210' title='bbox 1987 2999 2062 3051; x_wconf 86' lang='lat' dir='ltr'>quia</span> <span class='ocrx_word' id='word_1_1211' title='bbox 2085 2999 2161 3030; x_wconf 84' lang='lat' dir='ltr'>istae</span> <span class='ocrx_word' id='word_1_1212' title='bbox 2187 2998 2355 3029; x_wconf 85' lang='lat' dir='ltr'>relationes</span> <span class='ocrx_word' id='word_1_1213' title='bbox 2379 2998 2499 3029; x_wconf 87' lang='lat' dir='ltr'>ordinis</span> 
     </span>
     <span class='ocr_line' id='line_1_148' title="bbox 1432 3042 2500 3093; baseline -0.004 -16"><span class='ocrx_word' id='word_1_1214' title='bbox 1432 3054 1506 3078; x_wconf 90' lang='lat' dir='ltr'>sunt</span> <span class='ocrx_word' id='word_1_1215' title='bbox 1534 3046 1612 3077; x_wconf 88' lang='lat' dir='ltr'>aliae</span> <span class='ocrx_word' id='word_1_1216' title='bbox 1643 3056 1661 3076; x_wconf 89' lang='lat' dir='ltr'>a</span> <span class='ocrx_word' id='word_1_1217' title='bbox 1691 3045 1896 3076; x_wconf 90' lang='lat' dir='ltr'>relationibus</span> <span class='ocrx_word' id='word_1_1218' title='bbox 1927 3043 2066 3084; x_wconf 88' lang='lat' dir='ltr'>originis.</span> <span class='ocrx_word' id='word_1_1219' title='bbox 2098 3043 2197 3081; x_wconf 88' lang='lat' dir='ltr'>Quod</span> <span class='ocrx_word' id='word_1_1220' title='bbox 2220 3043 2388 3093; x_wconf 86' lang='lat' dir='ltr'>probatur:</span> <span class='ocrx_word' id='word_1_1221' title='bbox 2422 3042 2500 3084; x_wconf 83' lang='lat' dir='ltr'>quia</span> 
     </span>
     <span class='ocr_line' id='line_1_149' title="bbox 1432 3087 2499 3128; baseline -0.004 -7"><span class='ocrx_word' id='word_1_1222' title='bbox 1432 3098 1505 3122; x_wconf 91' lang='lat' dir='ltr'>sunt</span> <span class='ocrx_word' id='word_1_1223' title='bbox 1521 3090 1602 3121; x_wconf 90' lang='lat' dir='ltr'>inter</span> <span class='ocrx_word' id='word_1_1224' title='bbox 1625 3090 1685 3120; x_wconf 87' lang='lat' dir='ltr'>alia</span> <span class='ocrx_word' id='word_1_1225' title='bbox 1708 3096 1863 3126; x_wconf 85' lang='lat' dir='ltr'>extrema;</span> <span class='ocrx_word' id='word_1_1226' title='bbox 1888 3098 1964 3119; x_wconf 90' lang='lat' dir='ltr'>nam</span> <span class='ocrx_word' id='word_1_1227' title='bbox 1987 3087 2097 3119; x_wconf 89' lang='lat' dir='ltr'>relatio</span> <span class='ocrx_word' id='word_1_1228' title='bbox 2117 3087 2246 3127; x_wconf 87' lang='lat' dir='ltr'>originis</span> <span class='ocrx_word' id='word_1_1229' title='bbox 2267 3094 2314 3118; x_wconf 90' lang='lat' dir='ltr'>est</span> <span class='ocrx_word' id='word_1_1230' title='bbox 2329 3087 2410 3118; x_wconf 89' lang='lat' dir='ltr'>inter</span> <span class='ocrx_word' id='word_1_1231' title='bbox 2424 3097 2499 3128; x_wconf 92' lang='lat' dir='ltr'>pro—</span> 
     </span>
     <span class='ocr_line' id='line_1_150' title="bbox 1431 3112 2497 3175; baseline -0.005 -9"><span class='ocrx_word' id='word_1_1232' title='bbox 1431 3135 1564 3166; x_wconf 90' lang='lat' dir='ltr'>ductum</span> <span class='ocrx_word' id='word_1_1233' title='bbox 1588 3142 1619 3166; x_wconf 92' lang='lat' dir='ltr'>et</span> <span class='ocrx_word' id='word_1_1234' title='bbox 1642 3134 1830 3175; x_wconf 88' lang='lat' dir='ltr'>producens,</span> <span class='ocrx_word' id='word_1_1235' title='bbox 1856 3112 1965 3164; x_wconf 59' lang='lat' dir='ltr'>’relatio</span> <span class='ocrx_word' id='word_1_1236' title='bbox 1989 3142 2064 3163; x_wconf 88' lang='lat' dir='ltr'>vero</span> <span class='ocrx_word' id='word_1_1237' title='bbox 2088 3131 2207 3162; x_wconf 89' lang='lat' dir='ltr'>ordinis</span> <span class='ocrx_word' id='word_1_1238' title='bbox 2232 3139 2277 3162; x_wconf 88' lang='lat' dir='ltr'>est</span> <span class='ocrx_word' id='word_1_1239' title='bbox 2300 3131 2382 3162; x_wconf 91' lang='lat' dir='ltr'>inter</span> <span class='ocrx_word' id='word_1_1240' title='bbox 2403 3131 2497 3172; x_wconf 84' lang='lat' dir='ltr'>origi-</span> 
     </span>
     <span class='ocr_line' id='line_1_151' title="bbox 1431 3175 2273 3219; baseline -0.005 -9"><span class='ocrx_word' id='word_1_1241' title='bbox 1431 3189 1505 3210; x_wconf 90' lang='lat' dir='ltr'>nem</span> <span class='ocrx_word' id='word_1_1242' title='bbox 1522 3185 1552 3210; x_wconf 89' lang='lat' dir='ltr'>et</span> <span class='ocrx_word' id='word_1_1243' title='bbox 1567 3178 1733 3219; x_wconf 83' lang='lat' dir='ltr'>originem.</span> <span class='ocrx_word' id='word_1_1244' title='bbox 1753 3178 1836 3209; x_wconf 90' lang='lat' dir='ltr'>Male</span> <span class='ocrx_word' id='word_1_1245' title='bbox 1852 3187 1927 3217; x_wconf 83' lang='lat' dir='ltr'>ergo</span> <span class='ocrx_word' id='word_1_1246' title='bbox 1945 3175 2086 3218; x_wconf 84' lang='lat' dir='ltr'>exposita</span> <span class='ocrx_word' id='word_1_1247' title='bbox 2101 3183 2148 3207; x_wconf 89' lang='lat' dir='ltr'>est</span> <span class='ocrx_word' id='word_1_1248' title='bbox 2163 3175 2273 3207; x_wconf 89' lang='lat' dir='ltr'>littera.</span> 
     </span>
    </p>

    <p class='ocr_par' dir='ltr' id='par_1_23' title="bbox 1429 3219 2497 3660">
     <span class='ocr_line' id='line_1_152' title="bbox 1489 3219 2497 3261; baseline -0.004 -7"><span class='ocrx_word' id='word_1_1249' title='bbox 1489 3223 1561 3254; x_wconf 84' lang='lat' dir='ltr'>Sed·</span> <span class='ocrx_word' id='word_1_1250' title='bbox 1574 3223 1614 3253; x_wconf 81' lang='lat' dir='ltr'>ad</span> <span class='ocrx_word' id='word_1_1251' title='bbox 1636 3223 1713 3253; x_wconf 85' lang='lat' dir='ltr'>haec</span> <span class='ocrx_word' id='word_1_1252' title='bbox 1744 3222 1842 3252; x_wconf 86' lang='lat' dir='ltr'>facilis</span> <span class='ocrx_word' id='word_1_1253' title='bbox 1873 3227 1920 3252; x_wconf 88' lang='lat' dir='ltr'>est</span> <span class='ocrx_word' id='word_1_1254' title='bbox 1941 3219 2116 3261; x_wconf 80' lang='lat' dir='ltr'>responsio.</span> <span class='ocrx_word' id='word_1_1255' title='bbox 2150 3220 2196 3250; x_wconf 85' lang='lat' dir='ltr'>Ex</span> <span class='ocrx_word' id='word_1_1256' title='bbox 2219 3220 2290 3260; x_wconf 92' lang='lat' dir='ltr'>ipso</span> <span class='ocrx_word' id='word_1_1257' title='bbox 2314 3219 2400 3251; x_wconf 88' lang='lat' dir='ltr'>enirn</span> <span class='ocrx_word' id='word_1_1258' title='bbox 2422 3229 2497 3261; x_wconf 88' lang='lat' dir='ltr'>pro-</span> 
     </span>
     <span class='ocr_line' id='line_1_153' title="bbox 1430 3263 2497 3307; baseline -0.004 -9"><span class='ocrx_word' id='word_1_1259' title='bbox 1430 3277 1538 3307; x_wconf 84' lang='lat' dir='ltr'>gressu</span> <span class='ocrx_word' id='word_1_1260' title='bbox 1561 3267 1650 3298; x_wconf 91' lang='lat' dir='ltr'>istius</span> <span class='ocrx_word' id='word_1_1261' title='bbox 1674 3273 1822 3298; x_wconf 84' lang='lat' dir='ltr'>tractatus</span> <span class='ocrx_word' id='word_1_1262' title='bbox 1845 3271 1975 3306; x_wconf 88' lang='lat' dir='ltr'>apparet</span> <span class='ocrx_word' id='word_1_1263' title='bbox 1998 3273 2108 3295; x_wconf 85' lang='lat' dir='ltr'>sensus</span> <span class='ocrx_word' id='word_1_1264' title='bbox 2135 3264 2272 3300; x_wconf 88' lang='lat' dir='ltr'>litterae,</span> <span class='ocrx_word' id='word_1_1265' title='bbox 2297 3263 2393 3295; x_wconf 90' lang='lat' dir='ltr'>simul</span> <span class='ocrx_word' id='word_1_1266' title='bbox 2421 3273 2497 3294; x_wconf 84' lang='lat' dir='ltr'>cum</span> 
     </span>
     <span class='ocr_line' id='line_1_154' title="bbox 1431 3307 2496 3352; baseline -0.004 -10"><span class='ocrx_word' id='word_1_1267' title='bbox 1431 3312 1550 3342; x_wconf 88' lang='lat' dir='ltr'>ratione</span> <span class='ocrx_word' id='word_1_1268' title='bbox 1573 3321 1671 3352; x_wconf 90' lang='lat' dir='ltr'>quare</span> <span class='ocrx_word' id='word_1_1269' title='bbox 1694 3311 1738 3341; x_wconf 90' lang='lat' dir='ltr'>sic</span> <span class='ocrx_word' id='word_1_1270' title='bbox 1759 3310 1851 3352; x_wconf 88' lang='lat' dir='ltr'>quasi</span> <span class='ocrx_word' id='word_1_1271' title='bbox 1874 3309 2028 3339; x_wconf 88' lang='lat' dir='ltr'>diminute</span> <span class='ocrx_word' id='word_1_1272' title='bbox 2060 3307 2187 3339; x_wconf 88' lang='lat' dir='ltr'>locutus</span> <span class='ocrx_word' id='word_1_1273' title='bbox 2210 3308 2250 3340; x_wconf 87' lang='lat' dir='ltr'>sit</span> <span class='ocrx_word' id='word_1_1274' title='bbox 2272 3308 2335 3339; x_wconf 87' lang='lat' dir='ltr'>hoc</span> <span class='ocrx_word' id='word_1_1275' title='bbox 2357 3308 2391 3339; x_wconf 90' lang='lat' dir='ltr'>in</span> <span class='ocrx_word' id='word_1_1276' title='bbox 2422 3308 2496 3338; x_wconf 91' lang='lat' dir='ltr'>loco</span> 
     </span>
     <span class='ocr_line' id='line_1_155' title="bbox 1430 3352 2496 3394; baseline -0.004 -8"><span class='ocrx_word' id='word_1_1277' title='bbox 1430 3358 1560 3386; x_wconf 84' lang='lat' dir='ltr'>Auctor.</span> <span class='ocrx_word' id='word_1_1278' title='bbox 1577 3354 1828 3386; x_wconf 85' lang='lat' dir='ltr'>Manifestabitur</span> <span class='ocrx_word' id='word_1_1279' title='bbox 1851 3353 1935 3384; x_wconf 89' lang='lat' dir='ltr'>enim</span> <span class='ocrx_word' id='word_1_1280' title='bbox 1958 3352 2089 3383; x_wconf 87' lang='lat' dir='ltr'>inferius</span> <span class='ocrx_word' id='word_1_1281' title='bbox 2103 3353 2120 3372; x_wconf 79' lang='lat'>&#39;⁸‘</span> <span class='ocrx_word' id='word_1_1282' title='bbox 2139 3353 2228 3394; x_wconf 89' lang='lat' dir='ltr'>quod</span> <span class='ocrx_word' id='word_1_1283' title='bbox 2250 3353 2283 3383; x_wconf 93' lang='lat' dir='ltr'>in</span> <span class='ocrx_word' id='word_1_1284' title='bbox 2301 3352 2414 3384; x_wconf 82' lang='lat' dir='ltr'>divinis</span> <span class='ocrx_word' id='word_1_1285' title='bbox 2429 3361 2496 3382; x_wconf 91' lang='lat' dir='ltr'>non</span> 
     </span>
     <span class='ocr_line' id='line_1_156' title="bbox 1431 3395 2496 3439; baseline -0.004 -9"><span class='ocrx_word' id='word_1_1286' title='bbox 1431 3407 1476 3430; x_wconf 92' lang='lat' dir='ltr'>est</span> <span class='ocrx_word' id='word_1_1287' title='bbox 1500 3400 1579 3430; x_wconf 91' lang='lat' dir='ltr'>ordo</span> <span class='ocrx_word' id='word_1_1288' title='bbox 1604 3399 1663 3430; x_wconf 87' lang='lat' dir='ltr'>nisi</span> <span class='ocrx_word' id='word_1_1289' title='bbox 1687 3398 1826 3439; x_wconf 83' lang='lat' dir='ltr'>originis,</span> <span class='ocrx_word' id='word_1_1290' title='bbox 1851 3404 1882 3428; x_wconf 93' lang='lat' dir='ltr'>et</span> <span class='ocrx_word' id='word_1_1291' title='bbox 1897 3397 1986 3438; x_wconf 92' lang='lat' dir='ltr'>quod</span> <span class='ocrx_word' id='word_1_1292' title='bbox 2009 3396 2061 3427; x_wconf 91' lang='lat' dir='ltr'>ille</span> <span class='ocrx_word' id='word_1_1293' title='bbox 2086 3407 2151 3427; x_wconf 92' lang='lat' dir='ltr'>non</span> <span class='ocrx_word' id='word_1_1294' title='bbox 2175 3397 2308 3428; x_wconf 89' lang='lat' dir='ltr'>includit</span> <span class='ocrx_word' id='word_1_1295' title='bbox 2328 3395 2496 3428; x_wconf 88' lang='lat' dir='ltr'>relationes</span> 
     </span>
     <span class='ocr_line' id='line_1_157' title="bbox 1430 3439 2495 3484; baseline -0.003 -10"><span class='ocrx_word' id='word_1_1296' title='bbox 1430 3444 1543 3483; x_wconf 89' lang='lat' dir='ltr'>prioris</span> <span class='ocrx_word' id='word_1_1297' title='bbox 1572 3451 1602 3475; x_wconf 91' lang='lat' dir='ltr'>et</span> <span class='ocrx_word' id='word_1_1298' title='bbox 1625 3442 1818 3484; x_wconf 89' lang='lat' dir='ltr'>posterioris.</span> <span class='ocrx_word' id='word_1_1299' title='bbox 1850 3442 1891 3472; x_wconf 92' lang='lat' dir='ltr'>Et</span> <span class='ocrx_word' id='word_1_1300' title='bbox 1918 3447 2084 3482; x_wconf 89' lang='lat' dir='ltr'>propterea</span> <span class='ocrx_word' id='word_1_1301' title='bbox 2113 3441 2271 3472; x_wconf 91' lang='lat' dir='ltr'>distinctio</span> <span class='ocrx_word' id='word_1_1302' title='bbox 2302 3439 2421 3472; x_wconf 79' lang='lat' dir='ltr'>ordinis</span> <span class='ocrx_word' id='word_1_1303' title='bbox 2443 3439 2495 3471; x_wconf 88' lang='lat' dir='ltr'>hic</span> 
     </span>
     <span class='ocr_line' id='line_1_158' title="bbox 1430 3483 2496 3527; baseline -0.004 -9"><span class='ocrx_word' id='word_1_1304' title='bbox 1430 3488 1542 3527; x_wconf 86' lang='lat' dir='ltr'>posita,</span> <span class='ocrx_word' id='word_1_1305' title='bbox 1560 3488 1642 3518; x_wconf 87' lang='lat' dir='ltr'>male</span> <span class='ocrx_word' id='word_1_1306' title='bbox 1666 3486 1807 3527; x_wconf 84' lang='lat' dir='ltr'>exposita</span> <span class='ocrx_word' id='word_1_1307' title='bbox 1831 3493 1877 3517; x_wconf 87' lang='lat' dir='ltr'>est</span> <span class='ocrx_word' id='word_1_1308' title='bbox 1900 3494 1959 3525; x_wconf 85' lang='lat' dir='ltr'>pro</span> <span class='ocrx_word' id='word_1_1309' title='bbox 1983 3485 2184 3516; x_wconf 90' lang='lat' dir='ltr'>distinctione</span> <span class='ocrx_word' id='word_1_1310' title='bbox 2208 3485 2385 3516; x_wconf 86' lang='lat' dir='ltr'>secundum</span> <span class='ocrx_word' id='word_1_1311' title='bbox 2406 3483 2496 3525; x_wconf 81' lang='lat' dir='ltr'>prius</span> 
     </span>
     <span class='ocr_line' id='line_1_159' title="bbox 1430 3527 2492 3572; baseline -0.004 -9"><span class='ocrx_word' id='word_1_1312' title='bbox 1430 3539 1460 3563; x_wconf 91' lang='lat' dir='ltr'>et</span> <span class='ocrx_word' id='word_1_1313' title='bbox 1475 3532 1646 3571; x_wconf 86' lang='lat' dir='ltr'>posterius:</span> <span class='ocrx_word' id='word_1_1314' title='bbox 1671 3530 1826 3572; x_wconf 85' lang='lat' dir='ltr'>quoniam</span> <span class='ocrx_word' id='word_1_1315' title='bbox 1843 3535 1890 3560; x_wconf 87' lang='lat' dir='ltr'>est</span> <span class='ocrx_word' id='word_1_1316' title='bbox 1906 3529 2066 3560; x_wconf 89' lang='lat' dir='ltr'>distinctio</span> <span class='ocrx_word' id='word_1_1317' title='bbox 2081 3529 2201 3560; x_wconf 86' lang='lat' dir='ltr'>ordinis</span> <span class='ocrx_word' id='word_1_1318' title='bbox 2223 3528 2361 3570; x_wconf 81' lang='lat' dir='ltr'>originis.</span> <span class='ocrx_word' id='word_1_1319' title='bbox 2374 3545 2394 3551; x_wconf 92' lang='lat'>-</span> <span class='ocrx_word' id='word_1_1320' title='bbox 2406 3527 2447 3559; x_wconf 92' lang='lat' dir='ltr'>Et</span> <span class='ocrx_word' id='word_1_1321' title='bbox 2466 3527 2492 3558; x_wconf 85' lang='lat' dir='ltr'>si</span> 
     </span>
     <span class='ocr_line' id='line_1_160' title="bbox 1430 3571 2494 3614; baseline -0.005 -8"><span class='ocrx_word' id='word_1_1322' title='bbox 1430 3583 1539 3607; x_wconf 82' lang='lat' dir='ltr'>contra</span> <span class='ocrx_word' id='word_1_1323' title='bbox 1560 3576 1621 3606; x_wconf 87' lang='lat' dir='ltr'>hoc</span> <span class='ocrx_word' id='word_1_1324' title='bbox 1641 3575 1770 3611; x_wconf 84' lang='lat' dir='ltr'>dicatur,</span> <span class='ocrx_word' id='word_1_1325' title='bbox 1788 3574 1876 3614; x_wconf 93' lang='lat' dir='ltr'>quod</span> <span class='ocrx_word' id='word_1_1326' title='bbox 1898 3573 1955 3604; x_wconf 85' lang='lat' dir='ltr'>ista</span> <span class='ocrx_word' id='word_1_1327' title='bbox 1980 3573 2138 3605; x_wconf 87' lang='lat' dir='ltr'>distinctio</span> <span class='ocrx_word' id='word_1_1328' title='bbox 2163 3583 2228 3604; x_wconf 89' lang='lat' dir='ltr'>non</span> <span class='ocrx_word' id='word_1_1329' title='bbox 2252 3580 2300 3605; x_wconf 88' lang='lat' dir='ltr'>est</span> <span class='ocrx_word' id='word_1_1330' title='bbox 2323 3571 2434 3614; x_wconf 88' lang='lat' dir='ltr'>prima,</span> <span class='ocrx_word' id='word_1_1331' title='bbox 2455 3571 2494 3602; x_wconf 91' lang='lat' dir='ltr'>de</span> 
     </span>
     <span class='ocr_line' id='line_1_161' title="bbox 1429 3618 2495 3660; baseline -0.004 -10"><span class='ocrx_word' id='word_1_1332' title='bbox 1429 3619 1629 3650; x_wconf 89' lang='lat' dir='ltr'>distinctione</span> <span class='ocrx_word' id='word_1_1333' title='bbox 1656 3618 1730 3649; x_wconf 90' lang='lat' dir='ltr'>reali</span> <span class='ocrx_word' id='word_1_1334' title='bbox 1752 3618 1926 3660; x_wconf 88' lang='lat' dir='ltr'>loquendo,</span> <span class='ocrx_word' id='word_1_1335' title='bbox 1953 3625 2084 3658; x_wconf 84' lang='lat' dir='ltr'>negatur</span> <span class='ocrx_word' id='word_1_1336' title='bbox 2106 3624 2325 3658; x_wconf 86' lang='lat' dir='ltr'>assumptum:</span> <span class='ocrx_word' id='word_1_1337' title='bbox 2350 3625 2433 3652; x_wconf 81' lang='lat' dir='ltr'>nam,</span> <span class='ocrx_word' id='word_1_1338' title='bbox 2458 3622 2495 3646; x_wconf 93' lang='lat' dir='ltr'>ut</span> 
     </span>
    </p>
   </div>
   <div class='ocr_carea' id='block_1_12' title="bbox 2560 1409 2753 1433">
    <p class='ocr_par' dir='ltr' id='par_1_24' title="bbox 2560 1409 2753 1433">
     <span class='ocr_line' id='line_1_162' title="bbox 2560 1409 2753 1433; baseline 0 -1"><span class='ocrx_word' id='word_1_1339' title='bbox 2560 1409 2587 1432; x_wconf 85' lang='lat' dir='ltr'>In</span> <span class='ocrx_word' id='word_1_1340' title='bbox 2598 1409 2753 1433; x_wconf 81' lang='lat' dir='ltr'>commento.</span> 
     </span>
    </p>
   </div>
   <div class='ocr_carea' id='block_1_13' title="bbox 2523 3352 2738 3382">
    <p class='ocr_par' dir='ltr' id='par_1_25' title="bbox 2523 3352 2738 3382">
     <span class='ocr_line' id='line_1_163' title="bbox 2523 3352 2738 3382; baseline 0.005 -7"><span class='ocrx_word' id='word_1_1341' title='bbox 2523 3353 2532 3363; x_wconf 73' lang='lat'><em>⁶</em></span> <span class='ocrx_word' id='word_1_1342' title='bbox 2541 3352 2590 3381; x_wconf 86' lang='lat' dir='ltr'>Qu.</span> <span class='ocrx_word' id='word_1_1343' title='bbox 2600 3358 2656 3382; x_wconf 80' lang='lat' dir='ltr'>xm,</span> <span class='ocrx_word' id='word_1_1344' title='bbox 2666 3356 2738 3382; x_wconf 70' lang='lat' dir='ltr'>m3.</span> 
     </span>
    </p>
   </div>
  </div>
 </body>
</html>
