2768 4178
64 3203 75 3214 ⁸
90 3203 125 3225 Cf.
143 3208 207 3225 num.
222 3208 246 3224 11.

64 3385 73 3393 '⁵
89 3383 146 3411 Cap.
165 3389 199 3409 vi,
214 3389 237 3405 n.
252 3388 276 3411 33

67 3415 119 3438 cap.
134 3415 175 3437 vn,
190 3416 213 3431 n.
228 3415 255 3431 n.

300 254 378 301 462

304 340 359 370 est
392 332 478 369 finis
512 331 760 380 generationis
797 331 869 368 nisi
901 331 1126 379 inquantum
1159 336 1214 366 est
1243 329 1369 366 simili-

303 386 396 423 tudo
418 386 563 422 formae
584 384 807 433 generantis,
829 384 935 433 quod
955 396 1064 422 suam
1084 381 1368 419 similitudinem

304 438 590 475 communicare
623 437 792 474 intendit.
831 436 1011 485 Alioquin
1044 436 1168 472 forma
1203 435 1370 483 generati

305 499 403 528 esset
435 490 598 527 nobilior
631 496 856 538 generante,
893 501 981 526 cum
1018 488 1105 525 finis
1134 487 1180 524 sit
1207 487 1371 525 nobilior

303 544 361 580 his
390 555 487 592 quae
516 550 603 580 sunt
631 544 678 580 ad
705 543 838 579 finem.

356 599 415 633 AD
457 607 616 632 TERTmM
657 607 841 632 morannum
880 595 984 643 quod
1019 593 1149 630 omnia
1186 600 1372 643 appetunt

303 651 431 686 Deum
450 656 492 685 ut
509 649 641 696 finem,
663 649 879 697 appetendo
908 646 1180 695 quodcumque
1209 647 1369 694 bonum,

303 702 383 739 sive
413 701 580 751 appetitu
608 701 827 750 intelligibili
846 706 871 748 η,
902 700 981 737 sive
1011 699 1187 746 sensibili,
1209 699 1289 736 sive
1305 712 1371 736 na-

302 754 431 802 turali,
461 754 524 803 qui
552 762 608 791 est
636 754 715 791 sine
754 753 990 802 cognitione:
1021 752 1109 800 quia
1137 752 1227 788 nihil
1256 753 1371 789 habet

356 894 382 926 η)
399 894 567 927 intelligibili.
586 908 601 913 -
621 894 793 919 intellectuali
804 892 992 925 ACDEG(B?).
1004 907 1022 912 -
1040 893 1088 918 Ed.
1103 900 1120 917 a
1135 897 1195 925 post
1205 893 1250 917 Ad
1262 893 1370 917 tertium

302 929 375 961 ponit
389 930 545 954 solutionem
560 930 642 962 quarti
657 929 810 962 argumenti,
821 934 846 953 et
858 934 918 962 post
928 928 972 953 Ad
986 932 1112 961 quartum
1127 928 1283 952 solutionem
1297 928 1370 953 tertii.

978 250 1244 298 QUAESTIO
1274 251 1413 298 XLIV,
1442 250 1738 287 ARTICULUS
1768 250 1820 286 IV

1424 330 1610 366 rationem
1633 329 1725 366 boni
1756 337 1792 366 et
1821 329 2045 378 appetibilis,
2066 328 2138 366 nisi
2157 329 2369 367 secundum
2390 331 2496 380 quod

1422 382 1620 431 participat
1648 382 1721 419 Dei
1750 382 2046 419 similitudinem.

1477 437 1536 472 AD
1557 447 1729 478 QUARTUM
1749 447 1933 472 mcaNDUM
1949 435 2067 484 quod,
2085 447 2172 471 cum
2188 436 2295 472 Deus
2315 435 2361 472 sit
2380 448 2495 472 causa

1425 488 1605 536 efficiens,
1637 488 1862 537 exemplaris
1892 496 1928 525 et
1954 488 2078 525 finalis
2098 488 2275 525 omnium
2295 500 2436 535 rerum,
2458 496 2495 525 et

1425 541 1583 578 materia
1610 541 1735 590 prima
1763 541 1809 578 sit
1827 542 1875 578 ab
1895 542 1992 591 ipso,
2013 541 2183 590 sequitur
2202 541 2307 590 quod
2325 542 2494 590 primum

1424 594 1653 643 principium
1673 592 1686 614 ⁰
1714 594 1890 631 omnium
1915 607 2042 631 rerum
2064 594 2110 631 sit
2127 606 2249 630 unum
2269 601 2416 632 tantum
2437 608 2494 632 se-

1426 647 1596 684 cundum
1617 659 1711 684 rem.
1733 647 1836 684 Nihil
1856 655 1985 684 tamen
2004 647 2182 696 prohibet
2201 646 2239 684 in
2259 659 2305 684 eo
2322 648 2493 686 conside-

1425 700 1497 736 rari
1527 700 1647 736 multa
1666 700 1879 737 secundum
1899 701 2097 748 rationem,
2115 712 2281 749 quorum
2302 701 2493 749 quaedam

1424 752 1527 800 prius
1557 753 1697 789 cadunt
1724 753 1764 790 in
1791 753 1980 791 intellectu
2009 761 2139 791 nostro
2169 766 2287 802 quam
2316 753 2398 791 alia.

1426 931 1436 952 t
1475 891 1503 953 to)
1522 893 1644 952 prgznum
1665 893 1839 925 principium.
1857 894 2054 926 —principium
2079 895 2126 920 Pa.
2143 908 2163 913 -
2181 896 2244 920 Post
2269 903 2349 920 unum
2374 896 2496 920 omittunt

1437 935 1471 953 an
1487 936 1530 952 um

985 1024 1317 1058 Commentario.
1340 1023 1591 1058 Cardinalis
1613 1025 1814 1059 Caietam·

332 1133 352 1153 N
375 1123 479 1159 titulo,
503 1123 536 1164 ly
559 1124 701 1154 omnium
726 1122 882 1153 distribuit
897 1132 956 1163 pro
978 1122 1128 1152 omnibus
1151 1122 1244 1152 rebus
1268 1122 1336 1152 aliis
1352 1132 1370 1152 a

303 1136 417 1198 IDeo:
435 1167 590 1208 quoniam
601 1174 750 1198 tractatus
765 1167 822 1197 iste
837 1167 876 1197 de
891 1166 1069 1197 causalitate
1081 1166 1141 1196 Dei
1157 1166 1197 1196 ad
1213 1173 1296 1196 extra
1313 1172 1369 1197 est.

357 1212 394 1242 ΙΙ.
420 1212 455 1242 ln
480 1221 612 1252 corpore
640 1211 734 1242 unica
758 1218 804 1242 est
832 1210 1013 1241 conclusio:
1037 1210 1152 1241 Divina
1175 1210 1298 1241 bonitas
1323 1217 1370 1241 est

301 1255 372 1286 finis
388 1265 494 1286 rerum
511 1255 667 1286 omnium.
684 1274 706 1279 —
721 1256 877 1286 Probatur
891 1254 945 1285 sic.
965 1254 1110 1285 Primum
1125 1264 1220 1295 agens
1234 1254 1370 1286 intendit

301 1300 408 1330 solum
432 1300 668 1331 communicare
692 1309 783 1330 suam
807 1299 991 1335 bonitatem,
1012 1306 1043 1330 et
1059 1309 1271 1340 unaquaeque
1288 1309 1369 1329 crea-

301 1351 372 1375 tura
395 1344 530 1375 intendit
553 1344 706 1384 consequi
721 1343 806 1374 illius
822 1343 1077 1374 similitudinem:
1102 1353 1177 1383 ergo
1193 1343 1298 1373 divina
1313 1344 1368 1373 bo-

300 1388 381 1419 nitas
404 1395 450 1419 est
472 1388 544 1418 finis
567 1388 716 1419 omnium
738 1397 855 1418 rerum.

355 1433 563 1469 Antecedens,
580 1433 688 1473 quoad
706 1432 844 1472 primam
867 1438 999 1472 partem,
1025 1431 1200 1462 declaratur
1223 1441 1259 1462 ex
1283 1431 1369 1462 diffe—

300 1476 399 1507 rentia
421 1477 502 1507 inter
529 1476 670 1517 primum
701 1486 796 1516 agens
821 1482 852 1506 et
873 1475 995 1516 reliqua
1017 1475 1141 1515 agentia
1168 1475 1367 1516 imperfecta:

301 1521 418 1551 scilicet
440 1521 529 1561 quod
551 1521 619 1557 illa,
644 1521 740 1551 etiam
762 1519 900 1560 agendo,
925 1519 1095 1550 intendunt
1118 1519 1238 1560 aliquid
1261 1520 1368 1560 acqui-

301 1575 377 1601 rere,
395 1565 470 1605 quia
486 1565 582 1595 simul
601 1571 700 1605 agunt
715 1572 745 1596 et
761 1564 941 1605 patiuntur;
965 1564 1027 1594 hoc
1049 1573 1125 1594 vero
1150 1574 1216 1594 non
1239 1571 1370 1604 propter

300 1609 553 1650 acquisitionem,
574 1609 629 1639 sed
645 1615 775 1649 propter
790 1607 1116 1639 communicationem
1138 1615 1264 1639 tantum
1286 1607 1367 1644 finis,

301 1653 373 1693 agit.
398 1653 515 1690 Quoad
538 1654 711 1684 secundam
733 1663 809 1684 vero
832 1659 966 1694 partem,
991 1653 1159 1693 probatur:
1185 1652 1260 1693 quia
1283 1652 1368 1682 idem

300 1704 346 1728 est
368 1696 438 1727 finis
458 1697 576 1737 agentis
600 1704 630 1728 et
652 1697 809 1738 patientis,
826 1704 862 1729 ut
876 1696 930 1733 sic,
947 1697 1094 1737 quamvis
1109 1697 1330 1727 diversimode.
1347 1714 1368 1719 -

301 1741 538 1783 Consequentia
568 1751 643 1772 vero
674 1742 844 1783 probatur,
875 1741 985 1781 quoad
1017 1741 1158 1781 primum
1187 1751 1300 1781 agens,
1332 1750 1369 1771 ex

300 1786 422 1816 duabus
446 1786 728 1826 propositionibus.
753 1786 859 1816 Prima
882 1791 938 1821 est,
963 1785 1052 1826 quod
1075 1795 1172 1816 omne
1191 1795 1286 1826 agens
1306 1785 1370 1825 agit

299 1838 429 1871 propter
456 1829 563 1861 finem.
594 1830 692 1867 Quod
720 1831 888 1871 probatur:
914 1829 989 1869 quia
1017 1829 1160 1870 alioquin
1184 1839 1221 1860 ex
1244 1829 1368 1860 actione

301 1874 420 1915 agentis
444 1884 510 1905 non
538 1875 638 1914 magis
662 1882 844 1916 sequeretur
869 1874 931 1904 hoc
955 1883 1053 1914 quam
1076 1874 1172 1910 illud,
1197 1874 1257 1904 nisi
1281 1883 1366 1904 casu.

300 1919 444 1950 Secunda
460 1926 520 1949 est:
538 1918 623 1949 idem
640 1926 686 1950 est
701 1919 772 1949 finis
789 1918 907 1959 agentis
924 1925 954 1948 et
970 1918 1127 1957 patientis.
1153 1918 1270 1956 Quoad
1288 1927 1368 1948 crea-

299 1970 384 1994 turas
407 1973 492 1999 vero,
510 1973 546 1994 ex
561 1963 716 1994 antedicta
732 1962 961 2004 propositione,
978 1962 1111 1994 scilicet:
1136 1962 1222 1993 idem
1236 1969 1283 1993 est
1296 1961 1368 1992 finis

299 2007 419 2048 agentis
443 2014 473 2038 et
495 2008 651 2048 patientis.

356 2052 407 2082 ΙΙΙ.
433 2051 524 2083 Circa
547 2052 714 2092 praedicta,
738 2063 797 2094 pro
821 2059 942 2093 quanto
966 2059 1093 2093 ponunt
1111 2052 1200 2093 quod
1220 2051 1368 2082 omnium

300 2106 422 2132 rerum,
447 2097 746 2137 comprehendendo
771 2097 865 2128 etiam
888 2097 1030 2137 primum
1054 2106 1158 2137 agens,
1184 2095 1289 2126 divina
1312 2096 1368 2125 bo-

301 2140 380 2171 nitas
404 2147 450 2171 est
472 2140 556 2178 finis,
582 2141 708 2172 adverte
731 2142 820 2182 quod
843 2142 930 2172 Deus
956 2148 1061 2183 potest
1085 2140 1250 2181 dupliciter
1273 2139 1366 2171 sumi.

300 2185 408 2215 Primo
432 2185 548 2221 modo,
578 2186 741 2216 absolute:
767 2192 797 2216 et
820 2185 863 2216 sic
887 2185 954 2216 eius
982 2185 1090 2216 nullus
1114 2191 1161 2215 est
1183 2183 1263 2215 finis.
1293 2184 1367 2214 Alio

302 2229 418 2265 modo,
442 2235 479 2259 ut
501 2229 643 2269 primum
666 2238 777 2269 agens:
803 2236 833 2260 et
855 2236 931 2260 tunc
955 2229 1129 2270 dupliciter.
1158 2229 1233 2259 Uno
1257 2228 1367 2264 modo,

302 2279 459 2313 quantum
478 2274 518 2303 ad
541 2283 608 2303 rem
632 2283 714 2314 quae
738 2281 783 2304 est
807 2273 888 2305 actio
912 2283 977 2314 qua
1000 2273 1114 2304 dicitur
1130 2281 1244 2312 agens:
1269 2278 1300 2302 et
1325 2272 1369 2302 sic

301 2327 408 2347 rursus
432 2317 559 2348 nullum
581 2317 675 2348 habet
697 2317 813 2354 finem,
844 2317 920 2359 quia
942 2317 1023 2348 actio
1046 2317 1106 2347 Dei
1135 2324 1181 2348 est
1204 2316 1272 2347 eius
1295 2316 1368 2346 sub-

302 2361 423 2392 stantia.
449 2361 490 2392 Et
505 2361 549 2392 sic
566 2362 730 2393 consuevit
745 2362 806 2392 dici
829 2362 918 2403 quod
933 2362 1021 2392 Deus
1037 2361 1101 2401 agit
1115 2367 1245 2401 propter
1260 2359 1367 2397 finem,

302 2415 367 2435 non
391 2405 450 2442 sui,
475 2406 529 2436 sed
552 2405 699 2442 aliorum,
724 2413 760 2437 ut
782 2406 815 2436 in
839 2416 894 2447 qu.
910 2416 971 2443 x1x‚
995 2412 1051 2436 art.
1075 2416 1105 2442 1,
1129 2405 1169 2435 ad
1198 2416 1223 2442 1,
1248 2411 1368 2436 tactum

301 2456 355 2480 est.
380 2449 454 2480 Alio
478 2450 577 2480 modo
601 2449 783 2487 formaliter,
801 2450 978 2480 secundum
994 2449 1150 2481 rationem
1166 2448 1313 2480 actionis:
1339 2455 1369 2479 et

301 2493 344 2523 sic
359 2493 454 2524 habet
476 2503 567 2524 suam
590 2494 765 2525 bonitatem
787 2493 885 2525 finem
909 2504 984 2525 suae
1007 2493 1148 2530 actionis,
1173 2493 1248 2534 quia
1271 2502 1368 2523 omne

300 2547 409 2577 agens,
434 2544 470 2569 ut
491 2537 524 2568 in
547 2538 649 2569 littera
673 2538 795 2575 dicitur,
820 2538 884 2578 agit
905 2545 1036 2580 propter
1058 2537 1165 2568 finem.
1190 2537 1231 2568 Et
1254 2535 1368 2567 confir—

300 2588 420 2612 matur:
446 2582 521 2623 quia
544 2581 615 2612 finis
638 2589 685 2613 est
708 2593 802 2613 causa
825 2593 1001 2619 causarum,
1021 2582 1102 2613 idest
1116 2581 1303 2612 causalitatis
1319 2590 1366 2612 ce-

300 2632 437 2657 terarum
452 2635 632 2663 causarum;
657 2637 731 2667 ergo
747 2633 793 2658 est
809 2637 903 2658 causa
917 2626 1106 2658 causalitatis
1121 2625 1253 2667 agentis;
1278 2625 1367 2666 quod

301 2676 347 2701 est
362 2680 428 2701 esse
445 2681 573 2701 causam
597 2681 672 2701 suae
696 2671 836 2702 actionis.
861 2670 894 2702 Si
912 2671 1007 2711 igitur
1029 2670 1100 2701 finis
1124 2677 1255 2711 propter
1269 2679 1366 2710 quem

301 2714 364 2755 agit
387 2715 482 2751 Deus,
508 2721 554 2745 est
573 2725 629 2745 sua
643 2715 777 2752 bonitas,
802 2715 871 2756 ipsa
895 2715 952 2746 erit
968 2725 1062 2746 causa
1077 2724 1173 2756 quare
1190 2714 1277 2744 Deus
1293 2713 1365 2754 agit.

358 2759 398 2789 Et
421 2758 482 2789 hoc
510 2769 652 2800 expresse
683 2766 816 2790 conatur
844 2759 946 2790 littera
977 2760 1090 2790 docere
1119 2759 1153 2789 in
1181 2768 1313 2798 corpore
1337 2764 1368 2789 et

300 2803 332 2833 in
349 2803 555 2843 responsione
571 2804 611 2834 ad
626 2803 778 2843 primum,
803 2803 1026 2844 distinguendo
1051 2803 1090 2834 de
1111 2809 1222 2843 agente
1237 2809 1368 2843 propter

300 2846 397 2878 finem
421 2848 692 2888 consequendum,
715 2848 766 2878 vel
790 2848 1113 2884 communicandum;
1138 2853 1169 2878 et
1187 2847 1221 2877 in
1237 2856 1367 2887 respon-

301 2891 389 2922 sione
413 2891 453 2921 ad
476 2898 635 2933 quartum,
661 2892 806 2922 docendo
830 2893 920 2933 quod
942 2902 1009 2923 non
1032 2891 1215 2923 inconvenit
1237 2891 1270 2921 in
1286 2891 1366 2927 Deo,

301 2935 477 2966 secundum
500 2935 666 2973 rationem,
692 2935 881 2977 distinguere
905 2936 1080 2967 bonitatem
1096 2945 1197 2972 suam,
1223 2942 1259 2966 ut
1282 2935 1366 2976 prio-

300 2989 367 3010 rem
391 2989 518 3010 causam
546 2980 650 3021 seipso
680 2986 716 3011 ut
740 2987 860 3021 agente.
875 2998 896 3004 —
912 2981 954 3012 Et
976 2980 1019 3011 sic
1042 2979 1207 3021 responsio
1231 2979 1368 3021 amplior

301 3024 542 3064 quodammodo
560 3031 606 3055 est
617 3034 717 3065 quam
732 3025 886 3065 quaestio.
906 3024 978 3056 Dixi
992 3031 1100 3055 autem
1115 3024 1368 3065 quodammodo.-

301 3068 375 3108 quia
398 3078 465 3098 non
488 3075 534 3099 est
557 3075 683 3099 extensa
710 3069 874 3100 causalitas
898 3069 1020 3100 divinae
1043 3068 1202 3105 bonitatis,
1228 3074 1263 3100 ut
1285 3067 1367 3105 finis,

301 3112 340 3142 ad
356 3112 461 3152 plures
485 3122 532 3144 res
556 3123 655 3154 quam
670 3112 732 3144 sint
753 3123 864 3144 omnes
888 3121 1061 3149 creaturae;
1086 3113 1141 3144 sed
1163 3113 1203 3144 ad
1227 3112 1367 3154 aliquam

301 3156 455 3187 rationem
477 3156 510 3187 in
533 3157 603 3198 ipso
628 3157 792 3194 Creatore,
817 3164 853 3188 ut
876 3157 929 3194 sic,
954 3164 990 3188 ut
1012 3164 1098 3198 patet
1121 3167 1158 3188 ex
1181 3157 1280 3188 dictis.

359 3200 412 3231 IV.
437 3200 529 3232 Circa
552 3200 758 3232 differentiam
785 3201 865 3232 inter
892 3201 951 3232 alia
979 3201 1103 3241 agentia
1126 3208 1157 3232 et
1179 3201 1321 3242 primum
1334 3201 1366 3239 ¹⁸³,

302 3244 380 3275 scito
396 3245 485 3285 quod
501 3245 624 3285 agentia
639 3245 832 3286 imperfecta,
850 3255 931 3286 quae
946 3252 1044 3286 agunt
1059 3252 1090 3276 et
1104 3245 1278 3287 patiuntur,
1294 3253 1368 3277 sunt

303 3288 449 3329 duplicia.
474 3289 640 3326 Quaedam
663 3299 744 3330 quae
769 3296 867 3330 agunt
886 3296 916 3320 et
931 3289 1094 3330 patiuntur
1117 3290 1156 3320 ab
1172 3290 1220 3320 his
1236 3289 1269 3320 in
1285 3300 1367 3331 quae

303 3339 409 3372 agunt,
433 3343 489 3373 per
511 3333 721 3364 reactionem:
747 3340 777 3364 et
800 3333 858 3364 ista
882 3340 956 3364 sunt
974 3344 1055 3375 quae
1073 3334 1312 3365 communicant
1333 3334 1367 3365 in

303 3376 450 3412 materia,
474 3384 510 3408 ut
534 3377 646 3409 dicitur
668 3377 701 3408 in
724 3377 736 3408 1
761 3378 800 3408 de
825 3377 1036 3409 Generatione
1049 3378 1076 3408 *.
1101 3379 1268 3416 Quaedam
1290 3388 1366 3409 vero

304 3427 377 3450 sunt
399 3430 480 3460 quae
503 3428 600 3461 agunt
623 3428 653 3452 et
676 3421 853 3462 patiuntur,
878 3421 958 3453 idest
984 3428 1089 3463 agunt
1112 3427 1197 3453 mota
1221 3422 1261 3453 ab
1283 3423 1368 3454 alio:

304 3470 334 3494 et
349 3463 407 3494 ista
424 3472 469 3495 est
492 3465 632 3496 conditio
656 3465 803 3496 omnium
827 3466 1042 3497 secundorum
1065 3466 1235 3506 agentium.
1260 3466 1301 3498 Et
1322 3466 1367 3497 di-

305 3514 419 3538 cuntur
440 3507 622 3548 imperfecta
646 3510 760 3540 eodem
783 3509 1030 3550 imperfectionis
1053 3511 1163 3547 modo,
1188 3520 1255 3552 quo
1272 3510 1367 3542 etiam

305 3551 413 3582 omnia
436 3552 518 3583 entia
541 3553 615 3584 citra
638 3554 778 3593 primum
802 3554 949 3585 dicuntur
972 3554 1167 3595 imperfecta,
1192 3555 1266 3596 quia
1290 3554 1366 3586 defi-

305 3595 391 3627 ciunt
407 3605 425 3626 a
440 3596 534 3636 primi
557 3596 729 3628 nobilitate.
754 3598 794 3628 Et
817 3598 856 3628 de
878 3598 927 3628 his
951 3598 1094 3640 loquitur
1116 3599 1231 3630 directe
1254 3599 1365 3636 littera,

1425 1123 1684 1164 condistinguens
1708 1130 1817 1155 contra
1848 1134 1884 1155 ea
1914 1124 2056 1165 primum
2085 1135 2191 1165 agens.
2222 1126 2270 1156 Ex
2293 1136 2332 1157 eo
2355 1136 2494 1168 namque

1424 1169 1514 1208 quod
1529 1175 1628 1208 agunt
1650 1169 1741 1209 quasi
1765 1175 1842 1205 acta,
1864 1179 2062 1210 consequens
2081 1177 2127 1200 est
2145 1177 2182 1201 ut
2197 1170 2230 1200 in
2245 1169 2264 1188 '¹‘
2287 1171 2410 1210 agendo
2427 1177 2494 1201 ten-

1425 1212 1514 1248 dant,
1538 1212 1630 1253 quasi
1657 1213 1821 1252 patientia,
1846 1212 1879 1243 in
1903 1213 2132 1254 acquirendum
2161 1224 2216 1244 seu
2241 1214 2495 1245 conservandum

1424 1254 1505 1298 (non
1521 1257 1607 1287 enim
1622 1256 1716 1288 refert
1730 1257 1808 1298 quid
1819 1257 1938 1288 horum
1955 1258 2075 1288 dicatur
2088 1258 2122 1288 in
2137 1259 2320 1299 proposito:
2340 1258 2495 1299 quoniam

1423 1311 1513 1341 agere
1537 1301 1577 1331 ad
1609 1301 1863 1332 conservandum
1894 1308 1978 1333 extra
2010 1302 2227 1343 acquisitionis
2258 1303 2404 1333 ordinem
2427 1313 2495 1334 non

1424 1343 1487 1387 est)
1516 1345 1655 1386 aliquam
1679 1345 1842 1386 propriam
1869 1345 2114 1387 perfectionem;
2139 1353 2185 1384 et,
2211 1354 2247 1378 ut
2269 1347 2373 1388 inquit
2394 1349 2494 1378 Aver-

1423 1399 1503 1426 roes,
1523 1390 1581 1420 XII
1597 1390 1794 1430 Metaphys„
1812 1400 1929 1421 comm.
1946 1401 2038 1420 xxxw
2053 1390 2080 1427 *,
2105 1391 2216 1422 saltem
2235 1391 2494 1422 assimilationem

1423 1434 1463 1463 ad
1478 1433 1615 1474 primam
1639 1444 1767 1464 causam
1790 1434 1823 1464 in
1848 1434 1993 1465 faciendo
2017 1435 2109 1466 entia.
2134 1435 2175 1466 Et
2199 1436 2275 1466 haec
2298 1442 2345 1466 est
2367 1445 2494 1466 summa

1422 1477 1588 1518 perfectio:
1613 1478 1778 1519 quoniam,
1796 1485 1832 1509 ut
1847 1478 2011 1509 Dionisius
2032 1479 2138 1520 inquit
2152 1478 2180 1516 ὓ,
2206 1481 2348 1511 omnium
2364 1480 2494 1511 divinis·-

1422 1523 1536 1552 simum
1562 1527 1609 1553 est
1630 1523 1694 1553 Dei
1716 1528 1953 1563 cooperatorem
1967 1523 2058 1564 fieri.

1481 1567 1520 1598 V.
1545 1567 1581 1597 In
1597 1567 1804 1607 responsione
1823 1567 1863 1597 ad
1879 1568 2066 1604 secundum,
2090 1575 2167 1600 nota
2186 1569 2253 1600 tria.
2277 1569 2423 1599 Primum
2448 1575 2495 1600 est

1422 1611 1512 1651 quod
1534 1611 1678 1644 innuitur
1704 1611 1863 1652 quaedam
1886 1611 2064 1648 distinctio,
2097 1613 2187 1644 cuius
2210 1614 2345 1644 alterum
2367 1619 2494 1644 tantum

1422 1655 1605 1686 membrum
1620 1655 1814 1695 exprimitur,
1831 1655 1961 1686 scilicet:
1982 1656 2098 1687 Forma
2114 1657 2211 1697 geniti
2223 1657 2404 1698 dupliciter;
2425 1667 2493 1689 uno

1422 1699 1541 1736 modo,
1573 1706 1609 1730 ut
1632 1699 1742 1730 similis
1766 1700 1887 1730 formae
1910 1700 2100 1740 generantis;
2132 1701 2195 1732 alio
2219 1702 2338 1738 modo,
2362 1707 2492 1733 tacetur.

1422 1743 1569 1774 Innuitur
1587 1744 1674 1774 enim
1697 1743 1774 1775 haec
1797 1744 1967 1780 distinctio,
1985 1754 2059 1774 cum
2079 1745 2192 1776 dicitur
2207 1746 2297 1786 quod
2316 1746 2444 1777 nonnisi
2457 1750 2495 1776 ut

1421 1788 1545 1826 similis,
1567 1794 1613 1819 est
1628 1787 1717 1818 finis:
1743 1794 1789 1819 est
1812 1788 1908 1828 igitur
1931 1788 1991 1818 alia
2015 1788 2082 1819 eius
2105 1790 2258 1830 acceptio.
2273 1807 2294 1813 —
2309 1789 2493 1821 Secundum

1422 1839 1469 1863 est
1491 1832 1581 1873 quod
1603 1832 1647 1862 ibi
1670 1831 1794 1868 dicitur,
1818 1832 1935 1863 scilicet
1957 1833 2047 1872 quod
2070 1833 2174 1864 forma
2197 1834 2294 1875 geniti
2313 1833 2442 1865 nonnisi
2458 1839 2494 1866 ut

1422 1876 1533 1907 similis
1556 1876 1735 1917 generanti,
1759 1883 1806 1908 est
1829 1876 1910 1907 finis.
1930 1894 1951 1899 —
1975 1877 2116 1908 Tertium
2142 1885 2197 1915 est,
2222 1878 2311 1920 quod
2334 1878 2397 1909 hoc
2419 1888 2494 1919 pro-

1421 1921 1524 1957 batur,
1541 1920 1617 1962 quia
1632 1919 1703 1951 finis
1721 1927 1767 1951 est
1782 1921 1924 1951 nobilior
1936 1920 1984 1951 his
2001 1930 2082 1961 quae
2099 1929 2173 1954 sunt
2188 1923 2228 1953 ad
2241 1922 2348 1953 finem.
2365 1940 2386 1946 -
2402 1921 2494 1953 Circa

1422 1975 1563 2006 quorum
1587 1964 1711 2005 singula
1734 1972 1781 1996 est
1804 1965 1949 1996 dubium.

1481 2009 1572 2041 Circa
1605 2009 1856 2046 distinctionem,
1883 2010 2071 2051 ambiguum
2099 2017 2145 2042 est
2172 2011 2262 2052 quod
2290 2010 2330 2041 sit
2359 2010 2494 2041 alterum

1422 2053 1631 2085 distinctionis
1654 2054 1846 2085 membrum.

1480 2097 1572 2129 Circa
1586 2098 1828 2138 responsionem
1851 2108 1937 2135 vero,
1962 2105 2032 2129 tum
2053 2099 2128 2140 quia
2151 2098 2230 2130 falsa
2246 2098 2388 2130 videtur:
2412 2108 2493 2140 quo-

1422 2142 1509 2173 niam
1523 2142 1627 2173 forma
1642 2142 1748 2183 geniti,
1765 2142 1860 2173 etiam
1876 2142 2030 2180 absolute,
2055 2150 2102 2174 est
2123 2142 2195 2174 finis
2217 2142 2439 2184 generationis,
2455 2149 2493 2175 ut

1422 2187 1460 2217 de
1485 2197 1518 2217 se
1541 2193 1636 2227 patet.
1654 2205 1675 2209 -
1691 2187 1780 2217 Tum
1803 2186 1878 2228 quia
1902 2197 1939 2218 ex
1962 2197 1998 2218 ea
2018 2197 2085 2218 non
2105 2187 2215 2219 satisfit
2233 2193 2421 2228 argumento
2444 2187 2494 2218 in-

1422 2230 1549 2267 ferenti,
1575 2241 1611 2261 ex
1634 2231 1697 2261 hoc
1725 2231 1815 2271 quod
1842 2231 1946 2261 forma
1968 2231 2065 2271 geniti
2094 2238 2140 2263 est
2162 2231 2234 2262 finis
2263 2231 2491 2272 generationis,

1422 2275 1511 2315 quod
1533 2275 1641 2315 ipsum
1665 2284 1760 2314 agens
1787 2284 1854 2305 non
1882 2282 1929 2306 est
1957 2275 2029 2306 finis
2053 2285 2129 2306 suae
2152 2275 2284 2307 actionis
2298 2299 2305 2313 ,
2337 2275 2493 2317 quoniam

1422 2318 1493 2349 finis
1508 2318 1718 2359 generationis
1734 2329 1801 2349 non
1817 2318 1967 2350 coincidit
1980 2319 2014 2350 in
2027 2319 2114 2350 idem
2127 2330 2263 2351 numero
2280 2330 2356 2351 cum
2370 2326 2493 2362 agente.

1423 2362 1509 2394 Cum
1533 2363 1619 2393 enim
1638 2372 1675 2393 ex
1690 2362 1749 2394 hac
1771 2363 1979 2403 responsione
2002 2363 2064 2395 hoc
2087 2364 2194 2395 solum
2216 2364 2378 2401 habeatur,
2402 2363 2494 2405 quod

1422 2406 1525 2437 forma
1540 2406 1637 2448 geniti
1653 2416 1718 2437 non
1736 2413 1782 2438 est
1797 2406 1868 2444 finis
1891 2407 1951 2438 nisi
1968 2414 2004 2439 ut
2027 2407 2146 2445 similis,
2163 2407 2369 2439 confirmatur
2383 2407 2493 2449 potius

1422 2459 1664 2491 argumentum:
1695 2451 1771 2492 quia
1800 2451 1864 2482 sive
1895 2451 1935 2482 sit
1957 2450 2028 2482 finis
2057 2458 2093 2483 ut
2116 2451 2246 2489 similis,
2279 2452 2344 2483 sive
2366 2449 2498 2483 non'ut

1422 2495 1543 2532 similis,
1561 2494 1676 2527 sufficit
1690 2495 1779 2536 quod
1803 2495 1871 2535 ipsa
1895 2502 1941 2526 est
1963 2495 2045 2532 finis,
2070 2506 2169 2537 quam
2185 2502 2309 2527 constat
2323 2505 2390 2526 non
2406 2495 2492 2527 coin-

1422 2539 1523 2570 cidere
1539 2539 1572 2569 in
1595 2539 1681 2570 idem
1704 2549 1850 2570 numero.
1867 2557 1888 2562 -
1905 2540 1946 2570 Et
1960 2539 2181 2571 confirmatur:
2206 2540 2283 2581 quia
2304 2540 2383 2581 ipsa,
2400 2547 2437 2572 ut
2452 2539 2494 2571 si·

1421 2583 1524 2620 milis,
1556 2590 1603 2614 est
1626 2583 1771 2615 distincta
1793 2594 1811 2614 a
1834 2583 1939 2614 forma
1961 2584 2099 2624 agentis,
2129 2584 2286 2625 quoniam
2309 2585 2348 2615 de
2371 2583 2492 2616 ratione

1422 2627 1636 2659 similitudinis
1660 2635 1706 2659 est
1730 2627 1900 2665 diversitaS,
1923 2634 1961 2659 ut
1983 2628 2096 2660 dicitur
2119 2629 2148 2660 V
2170 2629 2355 2670 Metaphys.
2371 2627 2390 2647 ⁴*

1478 2671 1570 2703 Circa
1592 2672 1749 2703 rationem
1773 2672 1905 2703 demum
1928 2672 2064 2703 dubium
2087 2679 2143 2710 est,
2167 2673 2253 2714 quia,
2278 2683 2353 2704 cum
2371 2671 2405 2704 in
2420 2671 2492 2704 uni—

1421 2716 1509 2747 vocis
1533 2725 1590 2756 par
1613 2716 1654 2747 sit
1676 2716 1825 2747 nobilitas
1848 2716 2025 2756 generantis
2044 2723 2075 2748 et
2088 2716 2195 2757 geniti,
2221 2717 2246 2748 si
2270 2717 2373 2748 forma
2395 2715 2493 2758 geniti

1421 2770 1488 2791 non
1511 2766 1617 2801 potest
1632 2770 1699 2791 esse
1721 2759 1802 2796 finis,
1827 2760 1903 2801 quia
1926 2771 1993 2791 non
2017 2767 2063 2792 est
2085 2761 2225 2792 nobilior
2247 2761 2295 2792 his
2319 2771 2401 2802 quae
2418 2766 2493 2792 sunt

1422 2805 1462 2835 ad
1484 2804 1600 2841 finem;
1631 2804 1699 2844 pari
1721 2805 1843 2835 ratione
1867 2814 1926 2836 nec
1950 2805 2053 2836 forma
2075 2805 2272 2846 generantis,
2305 2815 2364 2836 nec
2386 2805 2491 2836 forma

1421 2848 1518 2889 geniti
1541 2855 1578 2880 ut
1599 2848 1710 2879 similis
1732 2849 1903 2889 generanti,
1927 2856 2034 2890 potest
2056 2859 2124 2880 esse
2146 2849 2228 2881 finis.

1479 2893 1533 2924 Vl.
1557 2893 1609 2924 Ad
1632 2892 1823 2924 evidentiam
1850 2893 1947 2924 huius
1970 2893 2178 2931 difficultatis,
2202 2893 2369 2924 sciendum
2391 2893 2491 2935 quod,

1421 2937 1582 2978 quamvis,
1611 2937 1827 2978 comparando
1858 2937 2073 2978 corruptibilia
2095 2937 2136 2968 ad
2159 2937 2369 2978 sempiterna,
2400 2944 2436 2970 ut
2458 2937 2492 2968 in

1422 2982 1448 3012 11
1464 2981 1504 3012 de
1517 2982 1647 3019 Anima,
1664 2987 1738 3012 text.
1757 2981 1798 3020 34
1811 2979 1840 3018 “‚
1866 2989 1896 3013 et
1915 2981 1947 3012 in
1964 2982 1990 3012 11
2010 2981 2112 3020 Caeli,
2138 2991 2257 3013 comm.
2272 2991 2346 3019 xvn,
2367 2981 2490 3018 dicitur,

1421 3025 1544 3067 agentia
1571 3025 1786 3066 corruptibilia
1814 3032 1908 3066 agant
1935 3032 2066 3066 propter
2087 3025 2174 3056 aliud
2197 3024 2358 3069 (etenim,
2382 3032 2419 3057 ut
2440 3025 2493 3057 hic

1422 3069 1616 3106 ostenditur,
1646 3069 1756 3100 omnia
1784 3077 1883 3110 agunt
1910 3077 1946 3101 ut
1974 3070 2161 3111 participent
2193 3070 2421 3111 perfectionem
2445 3069 2492 3101 di-

1421 3112 1561 3156 vinam);
1587 3114 1732 3145 absolute
1755 3120 1871 3151 tamen,
1897 3121 1928 3146 et
1949 3124 2016 3145 non
2036 3114 2074 3145 de
2097 3113 2146 3144 his
2169 3114 2220 3145 vel
2241 3114 2303 3145 illis
2326 3113 2492 3155 agentibus

1421 3158 1596 3199 loquendo,
1621 3165 1651 3189 et
1674 3158 1951 3198 comparando·ea
1973 3159 2014 3189 ad
2037 3157 2174 3195 effectus,
2199 3165 2235 3189 ut
2257 3158 2291 3189 in
2312 3158 2376 3190 hoc
2399 3168 2492 3200 argu-

1421 3209 1531 3233 mento
1547 3201 1592 3239 fit,
1608 3202 1780 3233 dicendum
1804 3209 1850 3233 est
1863 3203 1953 3244 quod
1972 3202 2122 3233 omnibus
2137 3202 2302 3243 agentibus
2319 3211 2492 3234 commune

1422 3253 1468 3277 est
1490 3256 1581 3287 agere
1604 3253 1734 3287 propter
1757 3256 1799 3283 se,
1824 3246 1970 3288 quamvis
1990 3246 2209 3278 diversimode.
2235 3246 2334 3284 Quod
2357 3246 2400 3279 sic
2424 3256 2491 3277 ma-

1422 3290 1594 3322 nifestatur.
1620 3290 1726 3322 Omne
1750 3300 1845 3331 agens
1868 3290 2003 3322 intendit
2016 3289 2116 3321 facere
2133 3290 2191 3321 sibi
2208 3290 2326 3321 simile:
2351 3300 2426 3331 ergo
2442 3289 2491 3321 in-

1421 3335 1522 3366 tendit
1544 3334 1686 3375 seipsum
1714 3334 1904 3373 diffundere,
1928 3334 2093 3366 extendere
2117 3341 2147 3366 et
2170 3335 2338 3375 ampliare:
2363 3335 2406 3366 ob
2427 3334 2491 3365 hoc

1421 3388 1561 3420 namque
1591 3389 1743 3419 generans
1773 3385 1919 3419 generat,
1947 3385 1983 3409 ut
2005 3386 2181 3419 perseveret
2208 3389 2333 3420 semper
2361 3389 2400 3410 eo
2423 3388 2490 3420 quo

1421 3429 1526 3463 potest
1541 3423 1652 3459 modo,
1677 3429 1712 3454 ut
1734 3422 1949 3464 Philosophus
1968 3422 2045 3453 dixit
2060 3422 2178 3454 ibidem
2191 3422 2218 3454 *.
2244 3423 2279 3454 In
2302 3423 2364 3454 hoc
2383 3429 2491 3454 autem
2517 3430 2528 3440 ·
2575 3444 2582 3452 .

1421 3467 1510 3508 quod
1525 3467 1597 3498 dico
1613 3468 1751 3507 seipsum
1771 3466 1955 3507 diffundere
1976 3476 2032 3497 seu
2053 3468 2303 3505 communicare,
2321 3467 2387 3498 duo
2404 3467 2488 3498 clau-

1422 3511 1557 3547 duntur,
1582 3510 1699 3542 scilicet
1720 3510 1914 3551 diffundere,
1939 3517 1969 3541 et
1987 3510 2020 3552 ly
2035 3511 2194 3552 seipsum:
2218 3517 2248 3542 et
2271 3521 2346 3542 cum
2369 3516 2491 3542 constet

1422 3555 1512 3596 quod
1534 3555 1661 3585 nullum
1675 3564 1770 3595 agens
1786 3554 1927 3595 seipsum
1943 3554 2084 3586 intendat
2098 3561 2229 3596 propter
2244 3554 2417 3587 diffundere
2432 3563 2488 3585 seu

1423 3598 1659 3630 communicare
1683 3606 1718 3630 ut
1741 3597 1853 3636 finem,
1878 3605 1971 3630 restat
1998 3606 2034 3630 ut
2057 3599 2230 3631 diffundere
2253 3599 2394 3630 intendat
2415 3607 2488 3639 pro·

2521 1177 2533 1189 ¹·
2547 1177 2573 1200 tu
2586 1178 2665 1200 omitt.
2680 1178 2736 1201 edd.

2521 1204 2583 1233 1508,
2598 1210 2654 1233 ¹5¹4·

2520 1396 2530 1406 ·
2546 1394 2583 1418 Cf.
2606 1400 2694 1418 eornm.

2521 1427 2611 1444 xxxvn.

2523 1485 2533 1495 '¹
2538 1483 2575 1506 De
2585 1484 2651 1507 Cael.
2656 1483 2735 1511 Hier„

2520 1516 2572 1539 etp.
2587 1516 2622 1533 m.
