2768 4178
318 273 366 309 86
1010 273 1278 320 QUAESTIO
1308 273 1414 320 VIII,
1444 274 1744 312 ARTICULUS
1775 274 1824 310 III

319 354 465 390 locum:
495 360 532 390 et
560 354 668 389 Deus
689 364 849 389 ornnem
868 353 1001 390 locum
1022 353 1155 401 replet.
1185 353 1279 389 Non
1299 352 1398 389 sicut
1451 354 1527 390 hoc
1547 362 1602 391 est
1620 354 1659 391 in
1677 366 1756 391 uno
1775 355 1837 391 vel
1866 354 2039 403 pluribus
2059 354 2163 401 locis,
2185 361 2221 390 et
2239 353 2279 390 in
2299 343 2385 390 loco
2403 365 2527 402 parvo

322 418 461 455 corpus
480 404 510 443 ⁰:
540 417 679 454 corpus
705 406 808 443 enim
839 406 975 444 dicitur
1003 407 1149 455 replere
1177 405 1397 453 10011111,111-

323 467 509 508 quantum
546 472 627 496 non
665 459 896 509 compatitur
933 472 1082 496 secum·
1105 459 1207 496 aliud
1236 470 1395 508 corpus3

322 513 391 551 sed
419 525 488 562 per
514 513 590 550 hoc
618 513 725 562 quod
753 515 860 551 Deus
890 521 946 550 est
973 513 1011 550 in
1040 512 1167 562 aliquo
1196 512 1298 560 loco,
1319 524 1398 549 non

324 566 535 604 excluditur
559 566 651 616 quin
674 566 768 604 alia‘
797 566 870 604 sint
898 566 968 603 ibi:
997 567 1076 603 imo
1095 578 1166 615 per
1184 565 1260 602 hoc
1279 566 1400 615 replet

324 620 455 657 omnia
474 621 571 667 loca,
601 620 707 669 quod
731 621 795 658 dat
814 633 897 658 esse
927 619 1109 657 omnibus
1133 618 1278 667 locatis,
1299 631 1398 668 quae

324 674 473 722 replent
501 674 635 711 omnia
662 675 748 711 loca
767 682 795 711 ².

378 729 437 763 An
466 739 604 764 PRIMUM
638 739 737 764 ERGO
775 739 960 764 1110οΝ1)οΜ
998 725 1105 775 quod
1142 724 1399 775 incorporalia

325 792 404 818 non
433 787 522 817 sunt
540 780 578 818 in
596 781 684 818 loco
704 781 724 803 '¹‘
752 793 822 830 per
850 784 1070 818 contactum
1099 778 1318 828 quantitatis
1346 778 1400 815 di-

324 833 533 882 mensivae,
555 834 651 872 sicut
675 846 856 884 corpora:
886 833 955 871 sed
978 845 1047 883 per
1076 839 1297 870 contactum
1324 831 1400 869 vir-

325 895 425 925 tutis.

379 943 438 978 AD
458 952 650 979 SECUNDUM
669 953 855 978 DICENDUM
881 941 986 989 quod
1005 938 1236 978 indivisibile
1257 945 1314 976 est
1333 938 1401 975 du-

323 995 422 1044 plex.
452 993 582 1032 Unum
595 993 606 1015 ²
630 994 739 1043 quod
759 1002 814 1031 est
833 994 1020 1031 terminus
1041 992 1225 1040 continui,
1244 999 1287 1029 ut
1305 1003 1402 1041 pun-

326 1055 407 1085 ctus
431 1047 470 1084 111
493 1048 818 1098 permanentibus,
840 1054 877 1084 et
895 1054 1142 1084 momentum
1161 1045 1200 1082 in
1220 1044 1401 1082 successi-

324 1101 395 1139 vis.
426 1101 475 1137 Et
498 1101 722 1138 huiusmodi
751 1100 993 1148 indivisibile,
1014 1101 1054 1137 in
1073 1098 1402 1149 permanentibus,

325 1155 414 1203 quia
433 1154 551 1192 habet
578 1154 875 1192 determinatum
905 1154 1033 1202 situm,
1063 1165 1143 1191 non
1163 1159 1290 1202 potest
1319 1164 1402 1190 esse

325 1208 364 1245 in
392 1208 564 1257 pluribus
601 1208 773 1257 partibus
801 1208 896 1254 loci,
926 1208 989 1245 vel
1018 1207 1057 1244 in
1085 1206 1259 1256 pluribus
1287 1206 1401 1243 locis:

327 1269 363 1299 et
391 1260 562 1299 similiter
589 1261 818 1299 indivisibile
847 1261 1007 1299 actionis
1035 1262 1099 1299 vel
1128 1268 1280 1309 motus,
1315 1259 1404 1309 quia

326 1315 443 1352 habet
461 1315 757 1353 determinatum
778 1315 954 1353 ordinem
974 1315 1013 1352 in
1032 1321 1143 1352 motu
1157 1314 1222 1352 vel
1240 1313 1402 1361 actione,

327 1381 407 1406 non
440 1376 567 1418 potest
601 1381 683 1406 esse
719 1369 759 1406 in
786 1368 958 1418 pluribus
995 1368 1167 1418 partibus
1204 1367 1402 1417 temporis.

328 1422 443 1460 Aliud
462 1430 592 1460 autern
611 1422 840 1460 indivisibile
860 1430 928 1471 est,
953 1422 1061 1471 quod
1082 1429 1138 1459 est
1157 1428 1261 1458 extra
1280 1428 1404 1458 totum

328 1488 448 1524 genus
478 1476 666 1514 continui:
700 1483 736 1514 et
764 1477 840 1514 hoc
866 1476 988 1514 modo
1018 1474 1253 1513 substantiae
1282 1475 1405 1512 incor-

328 1542 491 1579 poreae,
526 1538 567 1567 ut
599 1531 723 1578 Deus,
754 1530 912 1579 angelus
930 1535 951 1557 1·
979 1537 1015 1567 01
1047 1528 1197 1575 anima,
1228 1528 1406 1566 dicuntur

329 1596 413 1620 esse
432 1583 694 1622 indivisibiles.
723 1584 820 1621 Tale
847 1583 960 1632 igitur
986 1582 1216 1621 indivisibile
1239 1594 1320 1619 non
1339 1594 1405 1631 ap-

328 1637 487 1686 plicatur
514 1637 564 1675 ad
593 1637 820 1674 continuum
849 1637 946 1675 sicut
974 1636 1118 1686 aliquid
1138 1636 1231 1683 eius,
1262 1636 1330 1674 sed
1348 1635 1404 1673 in—

329 1698 515 1739 quantum
546 1690 727 1739 contingit
749 1690 841 1728 illud
869 1703 939 1728 sua
957 1690 1107 1727 virtute.
1138 1689 1250 1727 Unde
1271 1701 1405 1726 secun-

329 1745 422 1781 dum
437 1744 545 1792 quod
558 1744 679 1782 virtus
699 1756 768 1781 sua
787 1757 827 1781 se
842 1751 970 1794 potest
989 1743 1194 1781 extendere
1214 1743 1264 1780 ad
1283 1755 1405 1780 unum

327 1798 390 1834 vel
418 1799 558 1846 multa,
589 1797 639 1835 ad
665 1810 831 1848 parvum
859 1798 922 1836 vel
951 1809 1158 1846 magnum,
1189 1795 1404 1834 secundum

383 1929 407 1963 θ)
427 1937 533 1962 corpus.
550 1944 570 1950 —
587 1937 705 1962 corpora
723 1929 840 1955 ADEFG
860 1935 885 1955 et
905 1930 947 1955 ed.
961 1938 987 1955 a.

383 1966 403 1998 ι)
422 1966 486 1998 quin
506 1966 570 1991 alia.
588 1978 607 1985 —
625 1966 698 1998 quod
714 1966 771 1991 alia
789 1972 842 1990 non
862 1966 976 1991 codices.

383 2001 408 2034 κ)
428 2001 518 2026 omnia
538 2002 605 2026 loca.
623 2015 643 2021 -
661 2002 719 2026 loca
739 2001 842 2026 codices
862 2007 887 2026 et
906 2002 946 2026 ed.
960 2009 986 2031 a,
1006 2002 1065 2026 loca
1084 2001 1175 2026 omnia
1195 2001 1235 2026 ed.
1251 2001 1275 2026 b.

382 2036 410 2070 λ)
434 2037 530 2062 Unum.
548 2051 567 2056 -
590 2037 676 2062 Unum
695 2037 801 2070 quidem
821 2037 898 2062 BDE.

384 2073 412 2106 μ.)
432 2073 552 2106 angelus.
571 2086 591 2092 -
609 2072 671 2097 Om.
690 2072 819 2103 ABCDE3
838 2078 899 2105 post
917 2073 1010 2098 anima
1025 2073 1123 2097 addunt
1142 2075 1168 2097 et
1185 2072 1352 2097 substantiae
1366 2079 1406 2097 se-

323 2112 443 2140 paratae
461 2108 606 2133 ABCDEF.

1452 408 1515 444 vel
1545 419 1700 456 magno.

1506 461 1566 498 AD
1585 473 1747 498 TERTmM
1766 473 1953 498 DICENDUM
1976 461 2083 510 quod
2102 468 2227 498 totum
2247 459 2383 498 dicitur
2401 472 2527 509 respe-

1454 521 1516 551 ctu
1550 514 1717 563 partium
1736 513 1768 551 ³⁸.
1798 515 1867 552 Est
1903 522 2033 552 autem
2073 514 2213 563 duplex
2249 524 2359 562 pars:
2389 513 2530 551 scilicet
2555 520 2563 528 ·
2580 519 2609 540 1>-
2624 525 2675 547 945·

1451 579 1541 616 pars
1561 567 1759 615 essentiae,
1775 575 1817 605 ut
1834 568 1961 605 forma
1981 575 2018 605 et
2035 567 2194 605 materia
2214 567 2390 605 dicuntur
2402 573 2529 615 partes

1454 621 1670 670 compositi,
1692 628 1729 658 et
1742 633 1862 670 genus
1883 629 1920 659 et
1939 621 2152 659 differentia
2166 628 2294 670 partes
2313 619 2470 670 speciei3
2494 626 2531 657 et

1455 674 1570 711 etiam
1584 680 1597 694 “
1622 686 1712 724 pars
1741 674 1971 723 quantitatis,
1992 675 2032 712 in
2051 687 2170 724 quam
2190 674 2331 712 scilicet
2351 673 2531 711 dividitur

1454 726 1583 776 aliqua
1611 727 1812 777 quantitas.
1844 728 1963 775 Quod
1990 741 2081 777 ergo
2112 736 2168 766 est
2185 735 2309 765 totum
2337 727 2377 764 in
2401 727 2529 776 aliquo

1453 780 1541 817 loco
1561 781 1742 818 totalitate
1762 781 1991 830 quantitatis,
2007 794 2087 819 non
2104 789 2231 831 potest
2250 794 2333 819 esse
2354 789 2458 818 extra
2475 780 2530 817 lo-

1455 845 1546 871 cum
1566 834 1691 871 illum:
1718 834 1810 884 quia
1828 835 2019 884 quantitas
2037 835 2149 872 locati
2163 832 2177 859 ε
2197 842 2532 872 commensuratur
2569 872 2573 877 ,

1455 886 1654 935 quantitati
1682 887 1768 935 loci,
1797 888 1902 925 unde
1930 901 2010 926 11011
2034 896 2091 926 051
2108 889 2272 926 totalitas
2301 887 2534 938 quantitatis,

1456 940 1487 977 si
1506 952 1586 977 non
1602 940 1653 979 sit
1670 940 1834 978 totalitas
1854 941 1939 979 loci.
1966 942 2045 979 Sed
2063 942 2227 980 totalitas
2247 942 2434 980 essentiae
2453 954 2534 979 non

1457 1001 1792 1031 commensuratur
1816 993 1988 1032 totalitati
2016 995 2101 1032 loci.
2131 996 2244 1034 Unde
2272 1008 2354 1033 non
2381 1002 2534 1045 oportet

1457 1047 1564 1096 quod
1591 1046 1684 1084 illud
1713 1047 1820 1096 quod
1849 1054 1905 1084 est
1929 1055 2054 1085 toturn
2078 1048 2260 1086 totalitate
2289 1049 2475 1087 essentiae
2494 1048 2534 1086 in

1457 1100 1598 1150 aliquo,
1628 1100 1733 1138 nullo
1762 1100 1883 1138 modo
1909 1101 1956 1138 sit
1975 1108 2080 1139 extra
2107 1101 2212 1140 illud.
2243 1102 2349 1140 Sicut
2376 1110 2536 1154 apparet

1458 1154 1574 1191 etiam
1593 1159 1606 1174 ⁰
1634 1154 1673 1191 in
1701 1153 1833 1191 formis
1862 1154 2173 1203 accidentalibus,
2193 1167 2294 1205 quae
2318 1156 2535 1194 secundum

1458 1207 1636 1245 accidens
1674 1207 1925 1257 quantitatem
1963 1208 2128 1245 habent:
2163 1208 2301 1246 albedo
2341 1209 2443 1247 enim
2467 1207 2537 1248 'est

1457 1268 1537 1298 tota
1571 1261 1611 1298 in
1649 1261 1818 1311 qualibet
1853 1268 1962 1311 parte
2001 1261 2240 1311 superficiei,
2271 1262 2303 1300 si
2331 1263 2538 1313 accipiatur

1457 1314 1620 1352 totalitas
1649 1315 1848 1363 essentiae,
1878 1315 1969 1364 quia
1997 1315 2213 1353 secundum
2240 1316 2451 1365 perfectam
2478 1329 2538 1355 ra·

1458 1368 1604 1406 tionem
1637 1381 1729 1406 suae
1767 1368 1908 1418 speciei
1944 1369 2140 1407 invenitur
2166 1369 2206 1406 in
2233 1369 2403 1419 qualibet
2429 1378 2537 1420 parte

1459 1421 1675 1471 superficiei
1695 1427 1731 1468 π;
1762 1422 1793 1459 51
1821 1430 1951 1460 autern
1981 1422 2189 1472 accipiatur
2211 1423 2376 1461 totalitas
2401 1435 2537 1462 secun-

1460 1475 1554 1513 dum
1583 1475 1845 1524 quantitatem,
1866 1489 1985 1525 quam
2013 1477 2132 1514 habet
2157 1489 2229 1526 per
2257 1476 2454 1527 accidens,
2483 1477 2538 1516 sic

1459 1541 1539 1567 non
1558 1537 1614 1566 est
1633 1536 1712 1566 tota
1730 1529 1771 1567 in
1791 1529 1961 1579 qualibet
1986 1537 2095 1580 parte
2124 1530 2353 1580 superficiei.
2384 1532 2428 1569 In
2447 1531 2538 1570 sub-

1459 1582 1603 1620 stantiis
1631 1590 1762 1620 autem
1790 1583 2028 1633 incorporeis
2056 1596 2137 1622 non
2165 1591 2222 1622 est
2250 1584 2429 1633 totalitas,
2464 1597 2538 1623 nec

1458 1648 1528 1686 per
1546 1648 1588 1673 se
1608 1649 1680 1674 1100
1698 1649 1768 1686 per
1787 1637 1978 1685 accidens,
1999 1637 2071 1675 nisi
2090 1638 2306 1675 secundum
2325 1638 2536 1687 perfectam

1459 1689 1647 1728 rationem
1676 1689 1874 1728 essentiae.
1906 1691 1956 1728 Et
1973 1690 2075 1739 ideo,
2096 1691 2194 1729 sicut
2216 1691 2346 1729 anima
2375 1699 2432 1730 est
2457 1699 2538 1731 tota

1458 1743 1498 1781 in
1526 1743 1695 1793 qualibet
1721 1751 1828 1793 parte
1858 1744 2043 1794 corporis,
2073 1744 2124 1782 ita
2151 1745 2259 1783 Deus
2287 1752 2390 1783 totus
2415 1753 2472 1784 est
2499 1745 2539 1784 in

1461 1796 1643 1835 omnibus
1673 1804 1709 1834 et
1738 1796 1904 1846 singulis.

1517 1929 1542 1962 ν)
1561 1929 1651 1954 ετίαηι.
1669 1943 1689 1950 -
1706 1933 1747 1955 est
1765 1930 1795 1962 B,
1813 1934 1854 1956 est
1872 1930 1953 1955 etiam
1973 1931 2066 1961 ceteri,
2085 1939 2139 1956 om.
2154 1932 2195 1957 ed.
2207 1939 2233 1957 a.
2251 1946 2269 1951 —
2287 1932 2339 1958 Pro
2358 1933 2385 1958 in
2405 1939 2495 1966 quam,
2510 1933 2538 1959 in

1461 1971 1528 1997 quas
1547 1965 1648 1995 ACDE,
1667 1965 1694 1990 in
1713 1972 1767 1998 qua
1786 1965 1816 1990 B.
2411 1977 2414 1980 *

1517 1999 1541 2033 ξ)
1560 2000 1700 2033 quantitas
1718 2001 1809 2027 locati.
1826 2014 1846 2021 -
1864 2001 1981 2027 1ocatum
2001 2002 2032 2027 Β.

1517 2035 1543 2070 ο)
1564 2037 1656 2062 etiam.
1675 2050 1694 2056 -
1713 2036 1776 2062 Om.
1795 2037 1850 2062 FG.

1515 2072 1545 2105 π)
1563 2072 1721 2105 superficiei.
1740 2086 1758 2091 -
1777 2073 1839 2099 Om.
1859 2073 1962 2098 codices
1981 2078 2006 2098 et
2025 2074 2066 2098 ed.
2080 2081 2107 2099 a.

1016 2195 1351 2229 Commentafia
1374 2194 1627 2228 Cardinalis
1649 2195 1851 2228 Caietam

392 2297 500 2318 rrums
524 2286 636 2317 clarus.
656 2303 674 2308 -
697 2285 732 2316 ln
755 2295 889 2325 corpore
913 2285 996 2315 duo:
1026 2284 1132 2325 primo
1160 2283 1338 2324 distinguit;
1363 2293 1409 2314 se-

334 2299 500 2362 Tcundo
524 2330 694 2371 respondet
715 2329 859 2371 quaesito
880 2329 973 2360 unica
997 2328 1204 2360 conclusione
1227 2328 1407 2364 bimembri,

332 2376 419 2406 iuxta
442 2375 643 2416 propositam
666 2373 913 2405 distinctionem.

389 2419 557 2451 Distinctio
575 2426 622 2450 est
644 2418 712 2450 ista.
737 2419 814 2449 Esse
838 2418 871 2448 in
895 2418 968 2449 loco
994 2417 1177 2459 dupliciter:
1202 2425 1238 2449 ut
1262 2417 1294 2448 in
1312 2427 1359 2456 re,
1377 2423 1409 2448 et

334 2472 369 2496 ut
391 2465 424 2495 in
448 2464 527 2494 Ioco.
553 2464 724 2494 Probatur:
750 2463 826 2504 quia
849 2463 940 2494 locus
965 2470 1011 2494 est
1034 2473 1082 2495 res
1107 2469 1138 2494 et
1160 2463 1260 2494 locus.

389 2508 564 2540 Conclusio
579 2517 655 2539 vero
675 2507 860 2548 responsiva
876 2514 939 2538 est:
964 2508 1052 2538 Deus
1068 2514 1115 2538 est
1134 2514 1272 2548 utroque
1295 2507 1406 2542 mod0,

333 2554 512 2585 secundum
534 2552 665 2594 aliquid,
691 2552 821 2593 ubique.
1030 2581 1034 2585 .

389 2598 545 2629 Probatur
568 2597 677 2638 quoad
700 2597 843 2638 primum
867 2596 1014 2627 modurn.
1044 2596 1133 2627 Deus
1161 2596 1214 2627 dat
1239 2605 1320 2632 esse,
1347 2595 1407 2626 vir-

334 2650 437 2674 tutem
451 2649 482 2673 et
499 2642 719 2683 operationem
743 2641 894 2672 omnibus
915 2641 1023 2672 rebus:
1048 2650 1124 2681 ergo
1144 2640 1295 2671 omnibus
1316 2639 1405 2671 Iocis.

334 2687 484 2724 —Quoad
508 2686 687 2717 secundum
710 2695 795 2716 vero.
825 2686 913 2716 Deus
937 2685 990 2716 dat
1013 2694 1080 2716 esse
1106 2685 1257 2716 omnibus
1281 2684 1405 2726 replen-

1462 2283 1547 2315 tibus
1570 2284 1658 2315 loca:
1685 2294 1760 2325 ergo
1777 2291 1823 2317 est
1838 2285 1871 2315 in
1895 2285 2046 2317 omnibus
2061 2285 2140 2317 locis
2165 2287 2410 2328 quodammodo
2435 2296 2471 2321 ut
2489 2300 2538 2321 re-

1462 2328 1554 2370 plens
1578 2329 1687 2359 omnia
1710 2329 1791 2360 loca.

1517 2373 1553 2404 11.
1579 2372 1671 2404 Circa
1699 2373 1775 2404 haec
1807 2374 1949 2411 adverte,
1974 2375 2063 2416 quod
2087 2376 2213 2416 replere
2236 2375 2341 2408 locum
2367 2360 2551 2419 dupliciter·

1461 2417 1591 2449 dicitur:
1625 2417 1742 2449 scilicet
1764 2417 1974 2459 formaliter,
2000 2426 2030 2450 et
2054 2419 2207 2460 effective.
2242 2420 2370 2462 Corpus
2393 2422 2537 2454 locatum

1460 2461 1560 2503 replet
1582 2462 1693 2493 locum
1714 2462 1902 2494 formaliter:
1928 2463 2016 2494 Deus
2031 2463 2181 2496 effective.
2205 2465 2247 2498 Et
2261 2475 2299 2496 ex
2314 2466 2377 2498 hoc
2393 2467 2539 2509 sequitur

1461 2506 1634 2538 differentia
1655 2506 1689 2538 111
1711 2506 1814 2538 littera
1843 2507 1964 2548 posita,
1988 2508 2078 2550 quod
2102 2518 2220 2550 corpus
2250 2510 2376 2551 replens
2399 2511 2539 2545 excludit

1461 2550 1537 2582 alia:
1568 2551 1657 2582 Deus
1680 2558 1789 2584 autem
1817 2552 1941 2592 replens
1964 2562 2048 2589 non,
2081 2552 2148 2584 imo
2173 2553 2248 2586 facit
2270 2554 2332 2586 alia
2353 2555 2463 2589 locari.
2495 2556 2539 2588 Et

1460 2602 1628 2636 propterea
1651 2595 1684 2626 in
1708 2595 1915 2627 conclusione
1939 2606 2004 2628 non
2028 2597 2173 2630 absolute
2196 2598 2312 2631 dicitur
2334 2599 2426 2642 quod
2446 2600 2536 2640 Deus

1460 2647 1507 2672 est
1522 2639 1555 2670 in
1571 2639 1646 2671 loco
1662 2646 1698 2672 ut
1714 2640 1747 2671 in
1763 2640 1836 2671 loco
1856 2641 2015 2673 absolute:
2041 2642 2097 2673 sed
2111 2643 2289 2675 seeundum
2305 2644 2441 2686 aliquid,
2456 2643 2540 2680 idea!

1461 2684 1725 2726 quodammodo;
1749 2685 1825 2727 quia
1849 2685 1966 2718 scilicet
1990 2696 2057 2717 non
2081 2685 2266 2726 formaliter,
2286 2688 2342 2720 sed
2362 2688 2537 2722 causaliter.

1144 2830 1466 2873 ARTICULUS
1494 2831 1726 2874 TERTIUS

613 2926 770 2958 UTRUM
795 2925 907 2956 DEUS
930 2925 996 2956 slT
1022 2925 1184 2963 UBIQUE
1208 2925 1291 2956 PER
1315 2923 1568 2962 Ε55ΕΝΤΙΑΜ,
1593 2925 1898 2958 PRAESENTIAM
1922 2927 1980 2958 ET
2004 2927 2263 2959 POTENTIAM

1041 3015 1049 3039 1
1070 3015 1153 3045 Sent„
1174 3014 1234 3040 dist.
1252 3021 1346 3046 xxxvii,
1365 3022 1410 3048 qu.
1434 3022 1455 3046 1,
1475 3020 1522 3040 art.
1543 3022 1573 3046 ²5
1592 3021 1618 3040 et
1636 3015 1662 3040 in
1681 3023 1770 3049 expos.
1790 3015 1826 3041 lit.

365 3116 437 3167 24:55
454 3119 528 3167 μς(
550 3116 573 3142 n
592 3116 753 3142 Teanum
774 3115 826 3141 510
852 3115 1092 3141 pnocrzmrun.
1122 3103 1283 3142 Videtur
1301 3103 1408 3152 quod

369 3145 523 3216 &5¹53
551 3159 651 3196 male
671 3157 910 3206 assignentur
929 3157 1036 3194 modi
1056 3157 1236 3195 existendi
1252 3157 1408 3194 Deum*

356 3212 359 3217 '
388 3209 391 3215 '
495 3199 589 3249 in
619 3212 753 3259 rebus,
795 3223 884 3248 cum
914 3211 1050 3248 dicitur
1083 3210 1189 3259 quod
1218 3211 1325 3248 Deus
1354 3217 1410 3247 est

397 3276 407 3289 2
510 3255 589 3303 ’11
617 3265 798 3303 omnibus
817 3263 835 3294 Ρ
862 3265 975 3302 rebus
1003 3277 1072 3313 per
1101 3264 1318 3313 essentiam,
1338 3275 1408 3313 po-

337 3319 493 3356 tentiam
527 3327 563 3356 et
596 3318 864 3369 praesentiam.
905 3318 946 3356 Id
975 3318 1078 3355 enim
1107 3331 1176 3368 per
1205 3316 1408 3355 essentiam

339 3380 394 3409 est
422 3372 460 3409 in
489 3372 629 3421 aliquo,
651 3372 755 3422 quod
785 3372 1033 3410 essentialiter
1061 3379 1117 3409 est
1144 3371 1183 3409 in
1212 3383 1271 3409 eo.
1302 3372 1409 3408 Deus

339 3433 467 3463 autem
497 3438 575 3463 non
605 3433 661 3464 est
690 3426 936 3464 essentialiter
968 3425 1007 3463 in
1036 3426 1168 3463 rebus:
1199 3437 1278 3462 non
1307 3423 1408 3461 enim

393 3548 420 3580 α)
440 3549 575 3574 existendi
595 3550 690 3575 Deum.
708 3564 727 3569 —
746 3550 853 3576 dicendi
872 3550 959 3576 Deum
978 3556 1034 3575 esse
1053 3551 1083 3575 Β.

1463 3111 1520 3141 051
1548 3103 1595 3141 010
1625 3103 1788 3142 essentia
1812 3105 1971 3143 alicuius
1992 3106 2057 3144 rei.
2088 3106 2192 3154 Ergo
2222 3118 2301 3143 non
2330 3107 2446 3144 debet
2465 3107 2538 3147 dici

1463 3157 1568 3207 quod
1597 3158 1704 3195 Deus
1733 3158 1780 3195 sit
1807 3157 1845 3195 in
1874 3159 1989 3196 rebus
2015 3171 2087 3210 per
2115 3159 2334 3209 essentiam,
2354 3172 2538 3210 praesen-

1462 3210 1554 3248 tiam
1583 3218 1620 3248 et
1646 3211 1870 3261 potentiam.

1518 3276 1553 3301 2.
1583 3264 1822 3314 PRAETEREA,
1851 3266 1927 3304 hoc
1947 3273 2004 3303 est
2023 3277 2105 3303 esse
2133 3274 2376 3315 praesentem
2397 3267 2538 3306 alicui’

1464 3316 1534 3365 rei,
1563 3317 1705 3355 scilicet
1736 3330 1816 3356 non
1850 3319 1984 3357 deesse
2011 3318 2074 3356 illi.
2113 3319 2191 3357 Sed
2219 3320 2295 3357 hoc
2324 3329 2380 3359 est
2406 3321 2536 3359 Deum

1465 3382 1547 3407 esse
1575 3383 1645 3420 per
1673 3372 1878 3410 essentiam
1898 3373 1937 3410 in
1956 3372 2070 3410 rebus
2086 3369 2111 3420 ὃ,
2141 3373 2284 3411 50111001
2302 3387 2381 3413 11011
2402 3374 2536 3412 deesse

1464 3423 1574 3461 alicui
1595 3424 1658 3462 rei.
1689 3426 1792 3474 Ergo
1821 3425 1924 3463 idem
1945 3433 2001 3463 est
2021 3438 2103 3463 esse
2123 3428 2252 3465 Deum
2271 3428 2310 3466 in
2330 3427 2511 3466 omnibus
2525 3434 2537 3449 ⁸

1517 3547 1542 3580 ὃ)
1562 3548 1647 3574 rebus.
1668 3562 1682 3568 —
1702 3549 1823 3575 omnibus
1842 3550 1954 3576 codices.
1973 3564 1992 3569 -
2010 3551 2110 3577 scilicet
2133 3552 2257 3578 omittunt
2279 3550 2382 3578 codice·
2402 3556 2428 3576 et
2446 3550 2535 3576 editio-

393 3582 418 3615 β)
438 3584 566 3609 omnibus.
584 3598 603 3604 —
621 3586 683 3611 Om.
698 3585 773 3611 ACE.
791 3599 810 3605 -
828 3586 895 3615 Mox.
908 3586 1111 3619 transponendo,
1121 3584 1303 3619 praesentiam
1319 3586 1345 3608 er
1358 3589 1409 3615 po·
1464 3590 1511 3608 nes
1530 3583 1581 3608 ab.

340 3619 452 3645 tentiam
472 3620 572 3645 ACDE.

393 3655 420 3687 γ)
439 3654 529 3680 alicui.
546 3669 564 3674 -
583 3656 695 3681 alicuius
714 3657 810 3682 ACEF.
829 3671 847 3676 -
865 3656 964 3683 sciticet
981 3665 1034 3682 orn.
1048 3657 1149 3682 codices
1169 3661 1194 3682 et
1213 3656 1272 3681 edd.
1290 3655 1341 3681 ab.

1517 3619 1539 3651 ε)
1559 3626 1615 3645 esse
1629 3620 1714 3646 Deum
1731 3621 1757 3645 r'n
1770 3621 1900 3647 omnibus.
1914 3635 1932 3641 -
1946 3629 2002 3647 esse
2016 3622 2042 3647 in
2057 3623 2180 3649 omnibus
2193 3622 2291 3654 ABCE,
2306 3622 2333 3648 in
2348 3621 2426 3648 rebus
2439 3628 2494 3648 esse
2506 3621 2535 3652 F.

1465 3661 1520 3679 esse
1540 3655 1626 3680 Deum
1646 3655 1678 3687 G,
1697 3663 1752 3682 esse
1771 3656 1796 3681 in
1818 3657 1904 3682 Deum
1924 3658 2045 3683 omnibus
2065 3658 2105 3684 ed.
2119 3666 2146 3685 a.

2654 681 2666 698 ν
