2768 4178
97 737 106 745 ¹
122 734 160 756 Ad
174 740 190 761 1,
205 740 225 755 z.

98 1009 107 1019 ·
126 1008 183 1036 Cap.
193 1013 236 1034 vn,
251 1013 274 1029 n.
290 1007 313 1029 6.

98 1036 118 1045 ··
136 1034 194 1063 Cap.
209 1040 243 1062 iu,
258 1040 280 1056 n.
290 1039 313 1056 2.

100 1406 112 1416 '⁸
128 1404 164 1427 Cf.
179 1410 243 1427 num.

203 2107 220 2124 α

103 2157 112 2166 ·
128 2155 179 2178 Lib.
195 2155 226 2182 V,
247 2161 317 2183 prosa

106 2188 136 2204 w.

110 2267 118 2276 ·
135 2265 183 2293 Qu.
194 2271 229 2293 ni,
244 2269 286 2287 art.
296 2271 317 2293 7.

106 2481 319 2530 s.‘³1‘³:1*.¹2÷.¹;·„.³.³

106 2534 143 2557 cf.
160 2534 190 2556 de
207 2534 277 2556 Mem.
297 2536 321 2556 et

107 2561 256 2610 ’ἑῗῗῖζῖῑκῖῗ

108 2908 117 2917 '
135 2906 191 2934 Cap.
207 2912 232 2929 11.

107 3120 116 3129 ·
132 3119 198 3141 Vers.
214 3125 245 3147 ¹9·

258 2567 280 2589 ρ-
300 2567 319 2587 ¹3

262 2593 285 2609 n.

342 255 412 292 136

338 343 445 368 tento:
471 335 626 376 quoniam
650 334 791 366 naturale
808 341 854 366 est
877 335 910 366 in
933 335 1040 376 vigilia
1055 335 1169 368 habere
1193 345 1290 367 usum
1312 335 1407 367 ratio-

338 381 398 417 nis,
415 389 482 410 non
506 386 613 410 autem
636 378 670 409 in
693 389 820 410 somno.
1329 404 1339 414 ,

395 425 517 455 Contra
532 425 743 455 alienationes
754 433 830 455 vero
845 423 979 461 invehit,
997 424 1073 465 quia
1087 424 1150 455 hoc
1164 423 1411 455 fundamentum

338 469 462 500 videtur
485 474 653 509 sumptum
673 477 709 498 ex
732 467 914 499 fictionibus
932 468 1119 505 Mahumeti,
1138 468 1194 510 qui
1217 468 1331 499 dicitur
1346 467 1411 509 epi—

338 513 472 554 lepticus
496 512 602 549 fuisse,
629 518 668 549 et,
694 513 733 543 ad
750 513 956 553 operiendam
978 513 1137 544 miseriam
1161 522 1262 549 suam,
1288 512 1412 543 dicebat

339 563 486 598 oportere
502 567 535 588 se
552 557 671 594 cadere,
685 557 799 598 angelo
815 557 968 598 loquente
985 557 1053 594 sibi,
1069 564 1128 588 etc.
1146 557 1222 588 Inde
1238 556 1410 593 Avicenna,

338 601 490 633 reveritus
512 601 616 642 Iegem
640 611 742 639 suam,
762 601 795 632 in
818 600 1034 644 metaphysica
1051 601 1159 632 docuit
1174 601 1251 632 haec
1275 601 1314 632 de
1337 600 1410 632 alie-

339 645 530 678 nationibus.

393 690 446 721 IV.
465 690 517 721 Ad
548 689 739 721 evidentiam
761 689 889 727 horum,
915 690 993 721 scito
1012 691 1134 730 primo,
1158 700 1195 720 ex
1219 700 1242 721 s·
1264 690 1409 727 Thoma,

338 735 371 765 in
387 734 451 772 Qu.
468 734 508 765 de
528 734 609 771 Ver„
626 744 682 776 qu.
698 744 751 771 xn,
772 741 828 766 art.
847 745 880 775 9,
899 741 930 766 et
945 735 987 765 ΙΙ·
1003 734 1066 770 11⁸2,
1088 744 1142 775 qu.
1160 744 1270 771 chxn,
1288 742 1344 766 art.
1361 746 1371 765 1
1385 733 1411 771 ⁴³,

339 779 380 810 ad
403 778 621 820 cognitionem
644 779 710 810 duo
735 789 930 816 concurrere,
949 778 1065 810 scilicet
1083 779 1294 819 receptionem
1315 786 1346 810 et
1364 780 1411 810 iu-

338 824 467 855 dicium.
482 823 600 862 Quoad
615 823 829 864 receptionem
842 823 1116 864 cognoscibilium,
1133 823 1300 854 abstractio
1312 833 1331 854 a
1343 833 1412 854 sen-

340 869 426 900 sibus
442 868 576 899 confert:
597 868 706 909 quoad
721 868 878 899 iudicium
895 878 981 905 vero,
998 878 1075 899 non.
1099 867 1264 905 Quoniam
1278 867 1412 908 impres-

340 912 445 944 siones
469 912 598 944 subtiles
622 912 824 953 superiorum
848 913 1045 954 quiescentes
1069 911 1183 943 melius
1203 911 1411 952 percipimus:

340 958 396 988 sed
418 957 555 989 iudicare
581 956 717 998 perfecte
736 957 918 998 nequimus,
941 957 1001 987 nisi
1028 956 1111 987 facta
1136 956 1346 993 resolutione,
1371 967 1411 986 an

341 1009 518 1033 consonent
541 1001 750 1038 sensibilibus,
767 1008 804 1032 ut
819 1001 934 1032 dicitur
957 1001 998 1032 111
1018 1001 1109 1032 Caeli
1122 1001 1139 1020 *
1156 1007 1186 1031 et
1201 1001 1243 1032 VI
1259 1001 1363 1032 Ethic.
1379 998 1412 1016 ¹⁸*

340 1047 433 1078 Unde
456 1046 556 1077 littera
579 1055 704 1086 semper
723 1046 822 1077 utitur
844 1045 1030 1077 nominibus
1050 1045 1285 1086 pertinentibus»
1303 1045 1342 1076 ad
1366 1055 1412 1076 re-

340 1091 529 1132 ceptionem,
551 1090 668 1121 scilicet
691 1100 841 1131 capacem
866 1100 935 1122 esse
959 1097 990 1121 et
1007 1091 1186 1131 percipere.

394 1134 479 1166 Scito
501 1135 642 1166 secundo
665 1135 764 1176 quod,
789 1145 864 1166 cum
888 1144 1051 1166 sermones
1069 1134 1264 1175 intelligendi
1288 1134 1351 1166 sint
1365 1135 1412 1166 in-

339 1179 386 1210 fra
408 1189 509 1220 genus
529 1179 567 1210 de
582 1189 648 1220 quo
665 1186 712 1210 est
735 1189 850 1216 sermo,
872 1186 902 1211 et
918 1179 969 1210 hic
989 1179 1029 1210 sit
1047 1189 1152 1210 sermo
1169 1179 1208 1210 de
1231 1186 1343 1210 nostro
1363 1179 1412 1210 in-

339 1223 476 1261 tellectu,
497 1230 527 1254 et
544 1230 773 1266 consequenter
796 1224 834 1255 de
851 1223 1017 1265 phantasia
1032 1224 1066 1254 in
1082 1230 1153 1255 actu
1174 1222 1264 1267 (quia
1285 1231 1412 1265 oportet

338 1268 567 1309 intelligentem
592 1268 812 1309 phantasmata
827 1267 1010 1311 speculari);
1033 1268 1199 1300 manifeste
1220 1268 1362 1310 sequitur
1377 1275 1413 1299 ut

340 1313 391 1344 hic
408 1323 474 1344 non
496 1313 536 1344 sit
559 1323 663 1344 sermo
688 1313 727 1344 de
746 1313 833 1354 quali
854 1320 910 1345 aut
925 1319 1184 1355 quantacumque
1204 1312 1412 1345 abstractione

340 1368 358 1388 a
374 1357 602 1398 corporalibus,
626 1357 681 1389 sed
704 1357 794 1400 infra
819 1358 1020 1390 latitudinem
1044 1358 1224 1389 intellectus
1247 1359 1279 1389 in
1302 1363 1388 1389 actu.

393 1402 434 1433 V.
453 1403 494 1434 Et
517 1412 553 1433 ex
576 1402 625 1433 his
638 1402 759 1433 'omnia
780 1402 798 1422 ’¹‘
822 1402 1000 1434 solvuntur.
1021 1402 1186 1440 Quoniam
1213 1409 1300 1444 patet
1323 1403 1412 1444 quod

341 1446 444 1487 prima
467 1446 595 1488 sequela
618 1446 695 1477 nihil
718 1447 816 1478 valet:
841 1447 917 1489 quia
940 1457 1074 1478 somnus
1090 1446 1271 1488 profundus
1294 1448 1411 1478 abstra-

341 1490 388 1522 hit
404 1497 488 1522 extra
506 1491 707 1522 latitudinem
729 1491 906 1523 intellectus
922 1491 955 1522 in
971 1498 1053 1523 actu.
1066 1509 1084 1514 -
1105 1491 1145 1523 Et
1168 1491 1320 1528 similiter,
1340 1491 1413 1522 licet

341 1535 382 1567 sit
404 1535 507 1567 maius
531 1535 722 1567 miraculum
744 1535 900 1567 iudicium
922 1535 1059 1567 veritatis
1082 1535 1116 1566 in
1139 1546 1266 1573 somno,
1284 1546 1351 1566 non
1370 1542 1413 1567 ta-

1030 255 1298 303 QUAESTIO
1327 256 1417 304 XII,
1446 256 1743 294 ARTICULUS
1772 257 1841 293 XII

1465 346 1539 367 men
1563 336 1712 377 receptio.
1731 354 1752 359 —
1775 337 1816 367 Et
1845 337 1948 368 simile
1977 342 2023 368 est
2052 336 2085 366 in
2114 337 2265 368 omnibus
2295 337 2538 368 alienationibus

1463 380 1634 418 iudicium,
1658 381 1884 423 undecumque
1907 382 2044 413 veniant.
2070 381 2102 412 Si
2126 381 2212 411 enim
2234 381 2315 412 infra
2337 381 2538 413 latitudinem

1464 424 1641 456 intellectus
1657 425 1690 455 in
1713 432 1784 456 actu
1802 426 1996 463 abstrahunt,
2014 432 2136 466 quanto
2160 425 2261 466 magis
2277 425 2442 466 phantasia
2456 425 2537 456 circa

1465 469 1639 509 spiritualia
1663 477 1838 510 occupatur
1861 469 2070 501 ministrando
2094 469 2282 506 intellectui,
2302 476 2391 501 tanto
2414 470 2536 501 intelle-

1466 520 1534 544 ctus
1557 513 1804 554 intelligibilium
1837 515 2039 555 superiorum
2063 521 2110 545 est
2137 514 2299 554 capacior,
2324 520 2437 554 utpote
2459 514 2537 545 vici-

1465 558 1537 588 nior
1560 565 1591 589 et
1613 558 1721 589 minus
1744 559 1877 590 turbata.
1902 559 1944 590 Et
1965 559 2040 591 inde
2064 559 2212 600 provenit
2239 558 2330 600 quod
2353 558 2536 589 melancho-

1465 602 1602 633 licorum
1617 602 1668 633 alii
1684 603 1820 634 omnino
1843 610 1984 644 expertes
2000 611 2075 636 sunt
2089 603 2307 644 superiorum:
2328 603 2405 644 quia
2420 602 2538 634 scilicet

1466 647 1545 677 adeo
1561 647 1720 678 turbatam
1735 647 1853 678 habent
1867 647 2078 688 phantasiam,
2095 655 2131 679 ut
2145 647 2324 679 intellectus
2340 647 2374 678 in
2390 654 2462 678 actu
2481 647 2536 677 ha-

1465 691 1531 722 beri
1555 698 1707 733 nequeat;
1725 691 1806 723 sicut
1820 692 1854 722 in
1877 692 1984 733 pueris
2007 703 2044 724 ex
2059 692 2195 723 humido
2219 691 2341 723 accidit.
2365 691 2428 723 Alii
2443 701 2536 732 supe-

1466 735 1588 766 riorum
1610 736 1712 767 multa
1742 736 1921 777 loquuntur
1950 744 1981 768 et
2007 737 2194 778 praedicunt
2216 747 2305 773 vera,
2335 736 2388 767 alii
2418 744 2536 776 pauca;

1466 780 1644 810 secundum
1656 780 1746 821 quod
1761 781 1834 821 plus
1846 787 1901 812 aut
1913 781 2019 813 minus
2035 781 2254 822 impediuntur
2269 781 2433 812 interiores
2445 780 2536 817 vires,

1467 830 1498 854 et
1527 825 1705 855 secundum
1729 825 1819 865 quod
1842 825 1956 856 melius
1979 826 2098 857 habent
2120 826 2275 866 disposita
2297 826 2536 866 phantasmata,

1467 873 1497 898 et
1515 868 1695 899 secundum
1717 869 1828 900 altiora
1851 869 2072 910 phantasmata
2094 870 2127 901 in
2150 870 2199 901 his
2222 880 2322 911 quam
2335 870 2368 900 in
2384 869 2456 906 illis,
2477 875 2536 900 etc.

1522 912 1588 943 Nec
1607 919 1682 943 sunt
1704 912 1782 944 haec
1798 923 1835 944 ex
1857 914 1928 954 lege
1950 915 2138 951 Mahumeti,
2155 921 2191 946 ut
2214 914 2266 946 hic
2282 914 2384 945 dicere
2407 923 2475 944 non
2491 919 2538 944 est

1465 956 1597 987 veritus:
1619 956 1673 987 sed
1686 967 1723 987 ex
1739 957 1944 999 philosophia
1963 958 2107 996 naturali,
2125 969 2162 990 ex
2178 958 2377 1000 experientia,
2395 968 2433 989 ex
2451 967 2538 989 sacra

1466 1000 1636 1041 Scriptura,
1657 1010 1694 1031 ex
1718 1001 1812 1032 sacris
1831 1002 2026 1034 doctoribus.
2046 1003 2088 1034 Et
2103 1003 2142 1034 de
2165 1003 2370 1044 philosophia
2392 1009 2423 1034 et
2445 1012 2537 1043 expe-

1466 1044 1576 1076 rientia
1600 1045 1722 1076 dictum
1738 1052 1797 1077 est:
1821 1046 1969 1087 quamvis
1992 1057 2059 1078 non
2075 1047 2179 1079 desint
2196 1047 2467 1088 philosophorum
2482 1057 2537 1077 au·

1467 1089 1624 1121 ctoritates
1647 1089 1680 1120 in
1703 1090 1744 1121 de
1762 1090 1882 1122 Somno
1901 1096 1932 1122 et
1951 1091 2068 1133 Vigilia
2083 1090 2112 1122 ἕ.
2131 1091 2225 1123 Sacra
2247 1098 2356 1123 autem
2378 1091 2539 1132 Scriptura

1466 1134 1560 1176 plena
1577 1141 1624 1165 est
1638 1133 1814 1166 visionibus
1831 1134 1864 1166 in
1880 1135 2025 1166 somniis.
2049 1135 2120 1166 Imo
2135 1136 2234 1167 Num.
2251 1146 2294 1167 xn
2309 1135 2327 1154 ⁴*
2343 1136 2430 1168 Deus
2445 1136 2536 1167 locu-

1466 1185 1576 1210 turum
1599 1189 1632 1210 se
1655 1179 1819 1220 prophetis
1843 1179 1876 1210 in
1900 1179 2033 1211 somniis
2057 1180 2228 1221 promittit:
2253 1187 2285 1212 et
2307 1179 2401 1211 Ioelis
2419 1190 2442 1211 11
2456 1179 2475 1198 ⁴*
2490 1180 2536 1211 di-

1467 1223 1557 1260 citur,
1579 1223 1661 1255 inter
1677 1223 1804 1255 effectus
1821 1223 1955 1265 Spiritus
1971 1224 2088 1262 Sancti,
2105 1226 2230 1256 somnia
2244 1224 2461 1263 somniabunt,
2478 1231 2536 1256 etc.

1466 1268 1666 1308 Augustinus
1677 1278 1818 1309 quoque,
1829 1269 1887 1300 XII
1897 1279 1996 1310 super
2009 1269 2156 1301 Genesim
2168 1269 2212 1300 ad
2227 1269 2367 1300 litteram
2374 1267 2403 1305 ⁰,
2418 1267 2537 1309 inquit:
2565 1270 2576 1282 ⁸

1467 1313 1597 1344 animae
1618 1313 1790 1350 humanae,
1806 1314 1981 1344 secundum
1998 1314 2084 1355 quod
2106 1324 2126 1345 a
2149 1313 2295 1345 sensibus
2317 1313 2538 1351 abstrahitur,

1467 1358 1615 1389 convenit
1619 1357 1744 1398 futura
1754 1358 1958 1398 praevidere.
1971 1358 2143 1399 Gregorius
2161 1367 2304 1399 quoque,
2317 1357 2350 1388 in
2362 1357 2406 1388 lv
2416 1355 2538 1395 Diam,
2564 1358 2577 1371 ’

1466 1401 1528 1433 hoc
1551 1401 1638 1432 idem
1661 1402 1772 1433 docet:
1797 1402 1864 1433 imo
1889 1402 1964 1434 dicit
1987 1402 2050 1434 hoc
2073 1402 2242 1434 convenire
2266 1402 2405 1438 animae,
2429 1401 2480 1432 vel
2503 1411 2541 1433 ex

1466 1453 1596 1478 naturae
1617 1446 1797 1483 subtilitate,
1814 1453 1870 1478 aut
1885 1447 2076 1478 revelatione
2098 1447 2313 1488 superiorum.
2329 1446 2450 1478 Taceat
2464 1455 2540 1486 ergo

1467 1497 1733 1532 praesumptuosa
1751 1491 1828 1522 haec
1847 1500 1924 1522 vox:
1943 1491 2211 1524 Christianissima
2227 1490 2371 1523 doctrina
2389 1490 2467 1522 haec
2483 1497 2539 1527 est,

1466 1542 1497 1566 et
1519 1535 1743 1576 philosophica
1767 1535 1873 1567 simul.

1076 1690 1394 1732 ARTICULUS
1424 1689 1809 1733 DUODECIMUS

534 1786 689 1818 UTRUM
713 1786 795 1817 PER
819 1784 1049 1816 RArioNEM
1072 1784 1346 1816 NATURALEM
1369 1784 1493 1816 DEUM
1517 1783 1560 1815 IN
1584 1783 1675 1815 HAC
1700 1784 1805 1815 VITA
1830 1783 2122 1816 COGNOSCERE
2146 1783 2352 1816 possmus

609 1869 684 1901 Infra,
700 1877 743 1902 qu.
762 1876 838 1900 xxxn,
858 1874 904 1894 art.
923 1877 944 1899 ¹3
964 1876 1008 1901 qu.
1028 1875 1126 1900 mxxxvi,
1146 1873 1192 1893 art.
1213 1875 1236 1898 2,
1256 1868 1288 1893 ad
1311 1875 1332 1898 1;
1351 1867 1360 1892 l
1376 1867 1460 1897 Sene„
1479 1867 1538 1892 dist.
1556 1874 1593 1898 m,
1613 1874 1658 1899 qu.
1677 1874 1694 1897 1,
1715 1871 1762 1891 art.
1781 1874 1802 1897 1;
1822 1866 1862 1898 111,
1882 1866 1941 1892 dist.
1960 1874 2037 1899 xxvu,
2057 1875 2102 1900 qu.
2121 1874 2158 1897 m,
2178 1872 2227 1892 art.
2246 1875 2268 1899 η

815 1904 849 1929 IV
870 1905 947 1930 Com.
967 1905 1054 1934 Genr„
1074 1911 1129 1936 cap.
1148 1911 1172 1934 1;
1192 1904 1218 1928 in
1237 1903 1310 1928 Boet.
1330 1902 1364 1928 de
1385 1902 1468 1933 Trim,
1488 1910 1533 1935 qu.
1551 1909 1568 1934 ι,
1588 1907 1636 1927 ast.
1656 1909 1685 1932 ως
1705 1902 1714 1926 1
1733 1902 1820 1932 Rom.¹
1841 1909 1898 1935 cap.
1916 1909 1939 1934 1,
1958 1902 2016 1928 lect.
2035 1909 2070 1927 vi.

528 2002 579 2027 D
607 1999 846 2027 DUODEcimuM
878 1999 932 2024 510
970 1998 1210 2024 PROCEDITUR.
1253 1985 1415 2024 Videtur

556 2043 663 2092 quod
689 2054 759 2092 per
777 2041 990 2078 naturalem
1020 2040 1208 2077 rationem
1227 2041 1356 2077 Deum
1377 2039 1415 2076 in

408 2135 411 2140 ,
531 2093 629 2135 hac
665 2095 744 2133 vita
781 2106 1013 2143 cognoscere
1050 2105 1130 2131 non
1166 2093 1360 2142 possimus
1383 2099 1414 2130 ⁶¹.

402 2141 657 2187 61an1011
677 2148 780 2186 enim
799 2147 966 2195 Boetius,
987 2147 1026 2184 in
1045 2147 1142 2184 libro
1161 2147 1207 2183 de
1226 2146 1413 2194 Consol.*,

345 2205 452 2254 quod
485 2204 581 2242 ratio
614 2215 690 2240 non
724 2201 824 2250 capit
853 2200 1058 2249 simplicem
1081 2201 1272 2249 sormam.
1308 2201 1415 2237 Deus

345 2266 474 2296 autem
512 2256 679 2294 maxime
718 2262 774 2292 est
810 2254 971 2303 simplex
1008 2254 1153 2300 forma,
1191 2261 1233 2289 ut
1261 2251 1416 2302 supra*

346 2319 542 2350 ostensum
564 2317 630 2347 est.
660 2309 764 2357 Ergo
783 2308 833 2345 ad
853 2307 933 2344 eius
954 2306 1213 2355 cognitionem
1234 2306 1329 2343 ratio
1350 2318 1415 2343 na-

345 2366 472 2403 turalis
500 2363 701 2414 pervenire
730 2373 809 2399 non
836 2367 972 2410 potest.

401 2431 436 2457 2.
453 2419 686 2464 Pamisum,
703 2415 848 2452 ratione
869 2413 1030 2451 naturali
1050 2412 1130 2450 sine
1149 2413 1414 2462 phantasmate

346 2473 437 2510 nihil
465 2470 632 2519 intelligit
659 2469 799 2516 anima,
819 2475 862 2505 ut
881 2467 1016 2505 dicitur
1034 2466 1073 2503 in
1094 2467 1143 2503 ΙΙΙ
1163 2466 1210 2503 de
1227 2466 1370 2503 Anima
1383 2465 1414 2503 ²⁸.

347 2526 424 2564 Sed
444 2525 528 2573 Dei,
546 2536 634 2561 cum
654 2523 699 2560 sit
723 2522 983 2571 incorporeus,
1000 2520 1229 2570 phantasma
1247 2519 1287 2557 in
1306 2519 1418 2557 nobis

347 2592 430 2617 esse
451 2591 530 2616 non
548 2585 684 2627 potest.
706 2576 810 2624 Ergo
831 2574 1010 2623 cognosci
1029 2585 1109 2611 non
1127 2581 1253 2622 potest
1267 2585 1290 2610 a
1305 2572 1416 2610 nobis

347 2633 562 2682 cognitione
592 2629 764 2668 naturali.

403 2688 437 2724 3.
468 2688 699 2732 PRAETEREA,
726 2681 890 2731 cognitio
919 2692 1019 2731 quae
1047 2687 1104 2717 est
1131 2691 1200 2729 per
1228 2679 1415 2717 rationem

348 2740 572 2787 naturalem,
595 2736 810 2775 communis
830 2742 886 2772 est
905 2733 1016 2772 bonis
1037 2740 1073 2771 et
1092 2733 1214 2781 malis,
1235 2732 1331 2771 sicut
1350 2745 1417 2771 na-

347 2801 431 2831 tura
450 2792 467 2823 β
496 2793 549 2830 eis
578 2790 792 2829 communis
821 2796 887 2826 est.
919 2787 997 2825 Sed
1017 2786 1181 2835 cognitio
1210 2786 1283 2824 Dei
1312 2799 1417 2824 com-

346 2847 439 2896 petit
463 2854 610 2884 tanturn
639 2843 771 2881 bonis:
803 2842 890 2879 dicit
919 2841 1021 2879 enim
1050 2840 1298 2889 Augustinus,
1328 2842 1341 2877 l
1371 2841 1418 2878 de

352 2902 388 2938 T
384 2901 454 2937 rin.
476 2900 508 2948 ²⁸,
539 2899 643 2949 quod
671 2897 803 2935 mentis
831 2897 1022 2932 humanae
1049 2894 1149 2931 acies
1177 2894 1214 2931 in
1244 2899 1321 2931 tam
1349 2906 1417 2931 ex-

348 2953 494 2991 cellenti
528 2953 611 2990 luce
639 2963 713 2988 non
735 2949 894 2999 figitur,
924 2948 997 2985 nisi
1015 2959 1088 2996 per
1116 2947 1292 2985 iustitiam
1318 2947 1419 2996 fidei

347 3007 579 3044 emundetur.
618 3006 722 3053 Ergo
755 3004 861 3040 Deus
889 3014 958 3051 per
986 3001 1173 3039 rationem
1202 3001 1415 3038 naturalem

349 3059 528 3109 cognosci
556 3071 635 3098 non
663 3064 799 3108 potest.

402 3115 476 3151 SED
515 3124 661 3151 CONTRA
689 3122 755 3148 Es‘r
783 3109 887 3158 quod
916 3108 1050 3146 dicitur
1077 3109 1190 3145 Rom.
1217 3119 1227 3144 1
1251 3106 1291 3144 *τ
1317 3106 1419 3156 quod

348 3173 476 3205 notum
511 3173 566 3205 est
597 3165 696 3211 Dei,
729 3162 969 3211 manifestum
1004 3167 1056 3199 est
1092 3161 1130 3198 in
1165 3160 1260 3206 illis,
1299 3159 1414 3208 idest,

290 3226 293 3230 '
348 3220 453 3270 quod
482 3217 737 3270 cognoscibile
766 3225 821 3255 est
851 3215 898 3254 de
924 3216 1010 3253 Deo
1039 3226 1109 3264 per
1133 3213 1321 3251 rationem
1349 3225 1416 3251 na-

347 3275 521 3311 turalem.

402 3329 627 3364 RESPONDEO
656 3335 840 3363 DicENDUM
869 3320 975 3372 quod
998 3320 1178 3358 naturalis
1197 3326 1326 3358 nostra
1354 3331 1416 3357 co-

347 3380 462 3429 gnitio
484 3393 506 3418 a
525 3392 639 3418 sensu
657 3377 886 3429 principium
915 3373 1045 3412 sumit:
1074 3374 1177 3412 unde
1202 3380 1349 3411 tanturn
1376 3385 1415 3410 se

403 3484 429 3517 α)
444 3485 587 3516 possimus.
605 3499 623 3504 —
636 3492 779 3518 possumus
799 3486 901 3512 codices
921 3492 946 3512 et
964 3488 1015 3512 ab.

402 3518 427 3551 β)
448 3523 555 3544 natura.
573 3533 592 3539 -
609 3524 635 3545 et
653 3523 753 3546 natura
771 3522 917 3547 ACDEFG.

401 3555 428 3587 γ)
447 3562 552 3580 causae.
568 3569 588 3574 -
606 3556 662 3581 eius
680 3557 711 3587 A,
730 3564 783 3582 om.
803 3557 879 3582 ceteri
899 3562 924 3583 et
942 3565 959 3583 a
970 3558 993 3583 b.

366 3588 435 3651 ωδ).
446 3593 474 3650 eg
485 3597 538 3623 per
555 3598 715 3624 consequens
770 3593 867 3619 videri.
884 3607 902 3613 -
921 3600 969 3619 nec
982 3601 1035 3626 per
1053 3601 1212 3628 consequens
1231 3593 1345 3620 essentia
1364 3592 1417 3618 Dei

348 3633 364 3651 ν
394 3632 434 3651 ενι
475 3643 483 3650 .

1469 1993 1598 2023 nostra
1617 1985 1797 2022 naturalis
1817 1985 1982 2034 cognitio
2004 1985 2207 2023 extendere
2223 1993 2362 2035 potest,
2381 1986 2543 2037 inquan-

1469 2046 1551 2076 tum
1579 2038 1788 2076 manuduci
1816 2047 1942 2087 potest
1970 2051 2039 2088 per
2066 2038 2268 2077 sensibilia.
2299 2040 2358 2078 Ex
2386 2041 2542 2080 sensibi-

1469 2092 1565 2129 libus
1593 2100 1723 2130 autern
1751 2104 1831 2130 non
1858 2099 1984 2141 potest
2011 2105 2135 2142 usque
2163 2092 2212 2130 ad
2237 2093 2314 2131 hoc
2332 2093 2543 2136 intellectus

1469 2153 1600 2183 noster
1613 2145 1839 2195 pertingere,
1861 2146 1968 2194 quod
1983 2145 2154 2183 divinam
2174 2146 2380 2184 essentiam
2394 2147 2542 2187 videat:

1469 2199 1559 2248 quia
1587 2206 1782 2236 creaturae
1811 2199 2008 2236 sensibiles
2037 2207 2123 2236 sunt
2147 2199 2307 2238 effectus
2335 2200 2408 2238 Dei
2426 2201 2544 2240 virtu-

1469 2260 1548 2290 tem
1577 2264 1714 2290 causae
1733 2257 1748 2279 ⁷
1777 2263 1855 2289 non
1884 2252 2154 2301 adaequantes.
2184 2253 2297 2291 Unde
2317 2266 2364 2291 ex
2383 2254 2543 2295 sensibi-

1469 2305 1562 2343 lium
1582 2304 1797 2354 cognitione
1826 2317 1905 2342 non
1928 2313 2054 2355 potest
2073 2313 2151 2343 tota
2170 2306 2243 2343 Dei
2261 2306 2381 2344 virtus
2401 2319 2542 2356 cogno-

1470 2359 1541 2396 sci:
1572 2367 1607 2396 et
1626 2371 1695 2408 per
1715 2371 1956 2407 consequens
1980 2371 2051 2396 nec
2081 2359 2162 2396 eius
2191 2359 2354 2397 essentia
2372 2360 2496 2399 videri
2515 2358 2540 2398 ⁸.

1472 2412 1550 2450 Sed
1569 2412 1659 2461 quia
1677 2420 1765 2450 sunt
1785 2412 1865 2449 eius
1884 2420 1895 2436 ε
1915 2412 2073 2450 effectus
2093 2425 2116 2450 a
2132 2425 2247 2450 causa
2266 2413 2541 2463 dependentes,

1471 2478 1518 2503 ex
1537 2466 1592 2503 eis
1611 2465 1649 2503 in
1669 2466 1744 2503 hoc
1764 2465 1923 2515 perduci
1949 2478 2171 2515 possumus,
2200 2473 2242 2503 ut
2261 2479 2542 2516 cognoscamus

1471 2520 1519 2558 de
1548 2520 1633 2557 Deo
1661 2531 1712 2556 an
1741 2525 1815 2564 est,·
1844 2527 1880 2556 et
1907 2526 1949 2556 ut
1984 2531 2264 2568 cognoscamus
2299 2521 2347 2558 de
2381 2520 2466 2570 ipso
2495 2534 2543 2560 ea

1471 2585 1570 2622 quae
1603 2584 1760 2610 necesse
1795 2580 1851 2609 est
1880 2573 1913 2609 ei
1946 2573 2153 2611 convenire
2188 2574 2402 2612 secundum
2434 2575 2543 2624 quod

1471 2634 1527 2664 est
1553 2626 1679 2676 prima
1716 2626 1893 2663 omnium
1923 2638 2058 2674 causa,
2089 2627 2278 2664 excedens
2307 2628 2439 2667 omnia
2473 2641 2542 2669 sua

1471 2687 1623 2718 causata
1643 2679 1667 2716 ζ.
1698 2679 1809 2717 Unde
1848 2679 2116 2728 cognoscimus
2154 2680 2202 2718 de
2239 2680 2324 2730 ipso
2351 2681 2542 2730 habitudi-

1471 2745 1560 2771 nem
1589 2732 1707 2782 ipsius
1741 2732 1791 2770 ad
1819 2741 2032 2782 creaturas,
2061 2733 2168 2783 quod
2196 2733 2338 2772 scilicet
2365 2735 2541 2776 omnium

1471 2794 1527 2824 est
1555 2798 1691 2831 causa;
1722 2794 1759 2823 et
1787 2786 2040 2824 differentiam
2075 2794 2335 2825 creaturarum
2364 2789 2413 2826 ab
2441 2789 2540 2840 ipso,

1471 2839 1577 2890 quod
1605 2839 1744 2877 scilicet
1781 2839 1862 2889 ipse
1895 2853 1974 2878 non
2012 2848 2068 2878 est
2104 2840 2246 2890 aliquid
2275 2853 2411 2879 eorum
2439 2853 2539 2892 quae

1471 2893 1519 2931 ab
1539 2906 1586 2930 eo
1613 2900 1814 2930 causantur
1837 2901 1868 2939 τι;
1895 2901 1931 2931 et
1949 2894 2054 2943 quod
2073 2894 2169 2931 haec
2188 2906 2268 2931 non
2291 2902 2541 2934 removentur

1470 2947 1519 2985 ab
1548 2958 1595 2984 eo
1623 2953 1781 2996 propter
1809 2947 1890 2984 eius
1919 2947 2124 2996 defectum,
2143 2947 2213 2985 sed
2241 2946 2330 2996 quia
2359 2960 2538 2998 superex-

1471 3000 1581 3038 cedit.

1523 3055 1582 3091 AD
1598 3065 1735 3092 ramum
1750 3065 1849 3091 ERGO
1869 3065 2054 3091 DICENDUM
2073 3053 2179 3104 quod
2194 3052 2288 3090 ratio
2308 3053 2358 3091 ad
2372 3053 2539 3094 formam

1470 3106 1684 3156 simplicem
1712 3106 1926 3156 pertingere
1955 3119 2034 3145 non
2061 3113 2199 3157 potest,
2228 3113 2270 3143 ut
2297 3106 2390 3145 sciat
2417 3107 2466 3147 de
2494 3119 2540 3147 ea

1470 3160 1561 3209 quid
1578 3165 1648 3198 est:
1663 3167 1790 3209 potest
1808 3167 1939 3198 tamen
1958 3159 2006 3198 de
2027 3172 2073 3198 ea
2092 3171 2338 3209 cognoscere,
2359 3167 2400 3198 ut
2419 3161 2512 3201 sciat
2525 3158 2540 3182 ⁰

1470 3225 1520 3251 an
1550 3219 1613 3251 est.

1525 3268 1583 3304 AD
1603 3278 1793 3304 SECUNDUM
1816 3278 2000 3304 DlCENDtJM
2027 3265 2132 3315 quod
2151 3266 2258 3303 Deus
2287 3267 2447 3304 naturali
2475 3279 2539 3305 co·

1471 3319 1638 3368 gnitione
1654 3319 1896 3368 cognoscitur
1908 3331 1978 3369 per
1990 3318 2258 3368 phantasmata
2272 3326 2280 3341 ⁸
2295 3319 2454 3358 effectus
2468 3320 2536 3358 sui.

1525 3374 1582 3410 AD
1611 3385 1770 3411 TERT1UM
1789 3384 1973 3411 DiCENDtJM
1993 3372 2098 3421 quod
2118 3372 2282 3421 cognitio
2302 3372 2375 3411 Dei
2392 3385 2463 3424 per
2481 3385 2538 3412 es-

1523 3488 1545 3519 ε)
1565 3488 1630 3514 eius.
1647 3501 1667 3508 -
1685 3487 1748 3513 Om.
1763 3486 1941 3520 BCDEFGpA
1961 3491 1986 3512 et
2005 3486 2045 3511 ed.
2065 3494 2090 3511 a.

1523 3522 1548 3555 ζ)
1567 3530 1617 3548 sua
1635 3526 1754 3549 causata.
1772 3535 1791 3543 -
1808 3525 1901 3548 creata
1919 3522 1972 3551 BD,
1991 3529 2040 3547 sua
2058 3525 2150 3547 creata
2169 3522 2228 3548 edd.
2247 3522 2298 3548 ab.

1523 3558 1551 3617 ¹3)
1570 3561 1726 3618 causantur.
1743 3571 1771 3618 -ὸ
1779 3561 1908 3617 σταθείς-κν
1927 3557 2031 3617 BDab.b

1524 3592 1550 3661 ψ)
1558 3600 1760 3661 ἕὴαῖιῗῖεῆιῖια.
1774 3598 1976 3661 ’Ῐᾈῗιῗαῖιῖῗιῖηῗὲ
1989 3600 2175 3654 ‘issem-“Gau
