2768 4178
36 443 46 452 '¹
61 441 134 464 Num.
145 447 175 468 rv,
189 447 214 462 v.

47 2038 58 2047 ⁶
72 2036 143 2059 Num.
156 2042 233 2065 praec.

274 327 351 364 270

335 394 404 427 Vll.
421 395 484 426 Sed
506 394 583 425 haec
607 394 725 430 omnia,
741 401 778 425 ut
797 404 833 424 ex
852 394 942 425 dictis
959 400 1054 434 patet,
1074 393 1270 424 intellectum
1284 403 1351 423 non

280 440 438 481 quietant:
464 439 628 480 quoniam,
646 445 683 469 ut
697 439 761 469 iam
772 438 790 457 *
806 439 927 469 dictum
943 445 998 474 est,
1016 448 1082 468 non
1100 438 1138 467 de
1154 438 1223 467 Deo
1240 447 1349 468 secun-

280 485 360 514 dum
383 494 416 514 se
440 483 649 519 considerato,
669 483 724 513 sed
749 483 926 514 secundum
949 482 1039 523 quod
1067 482 1105 512 de
1128 481 1211 512 facto
1236 488 1298 518 est;
1322 487 1352 512 et

280 528 423 559 similiter
446 537 511 557 non
536 527 574 557 de
598 527 673 567 ipsis
697 527 817 558 naturis
837 536 1004 558 causarum
1027 533 1082 557 aut
1105 535 1221 562 rerum,
1238 535 1296 556 nec
1312 526 1351 555 de

280 572 463 603 necessitate
480 578 534 602 aut
557 571 788 612 contingentia;
814 571 869 602 sed
892 571 932 602 de
955 569 1231 610 compassibilitate
1249 570 1349 600 inevi-

281 617 425 648 tabilium
446 621 616 646 eventuum
632 625 703 647 cum
721 616 939 656 contingentia
956 619 987 645 et
1002 614 1148 645 libertate
1163 614 1350 651 eorundem,

281 668 328 692 est
343 660 498 701 quaestio.
519 660 593 690 Non
610 660 696 690 enim
712 659 821 691 satisfit
837 659 992 700 quaesit0,
1006 658 1141 688 dicendo
1158 658 1246 699 quod
1263 665 1351 692 actus

281 704 428 736 eveniens
452 711 498 735 est
517 704 668 735 evitabilis
693 711 723 735 et
745 703 949 734 inevitabilis:
974 702 1126 733 evitabilis
1149 702 1280 742 quidem
1304 712 1349 732 se-

282 749 424 780 cundum
440 757 487 785 se;
507 748 695 779 inevitabilis
719 758 793 779 vero
818 748 995 779 secundum
1010 746 1101 787 quod
1124 753 1170 777 est
1193 746 1349 787 provisus.

281 794 370 824 Licet
385 792 471 823 enim
494 792 556 823 hoc
579 792 619 823 sit
633 803 755 829 verum,
772 800 878 823 tamen
902 802 968 822 non
984 790 1079 821 solvit
1101 791 1235 821 nodum.
1261 790 1351 828 Quo-

281 838 368 868 niam
384 844 472 868 actus
496 836 642 867 eveniens
665 837 704 867 de
728 837 811 868 facto
836 843 881 867 est
904 836 968 866 iam
984 835 1130 875 provisus
1154 835 1192 865 ab
1212 840 1350 870 aeterno,

281 889 313 913 et
336 891 403 913 esse
426 881 591 922 provisum
620 881 718 912 vincit
747 880 945 912 conditiones
972 879 1072 920 ipsius
1102 879 1280 909 secundum
1303 887 1350 909 se:

282 933 314 957 et
337 932 566 967 consequenter
589 932 676 956 actus
701 925 847 956 eveniens
863 931 909 955 est
932 923 1124 964 simpliciter,
1144 923 1224 953 idest
1247 923 1351 953 omni-

282 972 342 1002 bus
366 970 579 1006 consideratis,
602 969 808 1006 inevitabilis;
833 976 864 1000 et
887 969 1065 1000 secundum
1088 967 1175 1008 quid,
1196 967 1276 997 idest
1299 977 1351 997 so-

282 1014 381 1046 litarie
405 1020 563 1054 sumptus,
589 1013 750 1044 evitabilis.
777 1013 865 1045 Sicut
888 1012 1041 1054 proiectio
1070 1011 1182 1042 mercis
1206 1018 1351 1052 tempore

282 1058 446 1098 naufragii,
467 1065 514 1089 est
537 1057 720 1098 simpliciter
743 1058 851 1094 volita,
873 1057 947 1098 quia
972 1056 1123 1087 omnibus
1148 1055 1351 1086 consideratis

283 1110 330 1134 est
352 1103 462 1139 volita;
481 1109 511 1133 et
527 1102 705 1132 secundum
728 1101 807 1143 quid
826 1108 872 1132 est
895 1101 1004 1137 nolita,
1024 1100 1100 1142 quia
1123 1100 1301 1131 secundum
1317 1110 1350 1130 se

282 1147 435 1188 proiectio
458 1146 527 1186 ipsa
551 1146 703 1186 displicet.

335 1191 422 1222 Nihil
437 1200 569 1231 quoque
585 1190 625 1220 ad
644 1189 848 1231 propositum
864 1189 946 1226 facit,
967 1189 1069 1220 dicere
1083 1189 1172 1230 quod
1192 1198 1259 1219 esse
1277 1199 1351 1229 pro-

282 1235 388 1266 visum
411 1234 489 1265 nihil
513 1235 605 1275 ponit
620 1234 654 1264 in
676 1242 748 1266 actu
765 1234 939 1265 eveniente.
957 1234 992 1264 In
1014 1233 1077 1264 hoc
1099 1233 1185 1264 enim
1204 1233 1350 1274 exemplo

283 1279 447 1310 manifeste
470 1285 609 1320 apparet,
640 1278 719 1309 nihil
743 1279 783 1309 ad
802 1289 869 1309 rem
892 1278 1006 1309 referre
1029 1288 1069 1308 an
1093 1284 1192 1318 ponat
1211 1278 1262 1308 vel
1284 1288 1351 1308 non

283 1331 399 1365 ponat:
424 1333 491 1354 esse
514 1333 654 1364 namque
673 1323 811 1354 volitum
826 1323 906 1353 nihil
924 1323 1017 1364 ponit
1031 1322 1064 1352 in
1080 1322 1220 1363 proiecta
1236 1332 1350 1359 merce,

267 1399 270 1402 ⁴
284 1375 315 1399 et
338 1375 455 1404 tamen,
478 1374 535 1399 etc.

338 1413 404 1443 Nec
428 1412 523 1443 etiam
547 1412 690 1443 evaditur
713 1412 848 1443 dicendo
869 1412 967 1452 quod,
993 1411 1069 1452 quia
1091 1417 1179 1442 actus
1203 1411 1350 1442 eveniens

285 1464 331 1488 est
354 1457 500 1497 provisus
515 1467 532 1487 a
551 1457 632 1493 Deo,
654 1463 685 1487 et
702 1455 921 1487 inevitabilitas
937 1455 1004 1486 eius
1027 1455 1171 1496 sequitur
1194 1465 1261 1486 esse
1277 1465 1350 1496 pro-

284 1501 391 1532 visum
414 1508 450 1532 ut
472 1511 520 1531 res
544 1501 715 1541 respectiva
739 1501 778 1531 ad
802 1501 922 1537 Deum,
948 1507 1035 1531 actus
1064 1500 1211 1530 eveniens
1239 1507 1286 1531 est
1312 1500 1351 1530 de

286 1546 370 1576 facto
394 1545 582 1576 inevitabilis
606 1552 748 1585 respectu
765 1545 835 1582 Dei,
853 1555 919 1575 non
943 1551 1051 1575 autem
1074 1551 1218 1585 respectu
1241 1544 1350 1575 nostri.

285 1590 358 1620 Hoc
382 1589 468 1620 enim
483 1589 659 1630 aequivalet
675 1589 786 1620 nihilo.
811 1589 985 1626 Quoniam,
1003 1588 1029 1619 si
1053 1589 1091 1619 de
1115 1588 1198 1619 facto
1222 1588 1353 1619 inevita-

285 1634 357 1665 bilis
381 1641 427 1665 est
450 1644 467 1664 a
490 1634 576 1670 Deo,
602 1643 677 1674 ergo
701 1641 731 1664 et
750 1634 789 1664 de
813 1633 896 1664 facto
912 1632 1099 1664 inevitabilis
1124 1639 1171 1663 est
1185 1639 1216 1664 et
1232 1633 1352 1673 simpli-

287 1678 370 1714 citer,
395 1685 426 1709 et
449 1688 466 1708 a
490 1677 598 1708 nobis:
624 1678 780 1719 quoniam
809 1677 1005 1718 impossibile
1034 1684 1081 1708 est
1103 1687 1122 1707 a
1144 1687 1353 1718 quocumque

286 1722 385 1759 vitari,
402 1722 492 1763 quod
508 1732 525 1752 a
545 1723 614 1752 Deo
631 1722 670 1753 de
686 1722 770 1753 facto
789 1722 879 1754 vitari
895 1732 961 1753 non
978 1728 1091 1763 potest,
1109 1728 1239 1763 propter
1254 1720 1355 1762 ipsius

287 1777 448 1798 summam
472 1766 653 1797 efficaciam.

343 1811 424 1842 VIII.
442 1811 578 1851 Oportet
596 1811 700 1851 igitur,
719 1811 744 1841 si
760 1810 956 1851 quaestionis
970 1810 1066 1841 huius
1084 1810 1197 1841 veritas
1214 1810 1355 1851 quietare

287 1856 379 1886 debet
405 1855 601 1886 intellectum
633 1861 797 1891 nostrum,
822 1855 957 1886 alterum
987 1855 1128 1885 duorum
1158 1854 1276 1885 dicere:
1302 1860 1357 1885 aut

286 1900 375 1941 quod
399 1909 466 1930 esse
489 1899 655 1940 provi-sum
678 1909 745 1930 non
768 1906 919 1940 sequatur
934 1898 1168 1935 inevitabilitas;
1190 1905 1245 1930 aut
1267 1898 1357 1939 quod

285 1944 506 1975 inevitabilitas
530 1950 660 1974 eventus
689 1943 808 1984 provisi
831 1953 898 1974 non
922 1943 1052 1984 deroget
1080 1942 1273 1974 evitabilitati
1304 1952 1356 1973 eo-

286 1989 423 2019 rundem
446 1995 628 2019 eventuum.
649 1988 691 2019 Et
712 1987 774 2018 hoc
798 1988 976 2019 secundum
999 1987 1141 2028 quidem,
1158 1994 1288 2028 propter
1308 1997 1357 2018 ra-

286 2033 408 2064 tionem
424 2030 546 2072 supra*
565 2032 745 2069 adductam,
762 2042 829 2063 non
852 2032 943 2072 capio
963 2032 1131 2073 quomodo
1155 2031 1256 2072 possit
1278 2031 1357 2062 veri-

286 2076 385 2108 ficari:
410 2076 510 2118 liquet
533 2077 619 2108 enim
635 2077 724 2118 quod
741 2086 806 2107 non
830 2076 890 2107 nisi
911 2076 1089 2107 secundum
1105 2076 1183 2117 quid
1207 2075 1357 2107 evitabili-

287 2128 333 2152 tas
357 2121 467 2152 salvari
491 2128 630 2162 apparet.
644 2136 663 2144 -
679 2121 824 2152 Primum
847 2128 965 2157 autem,
981 2120 1129 2162 quamvis
1145 2120 1358 2152 communiter

287 2176 305 2196 a
329 2165 512 2196 doctoribus
536 2166 729 2202 destruatur,
757 2165 933 2196 dicentibus
957 2165 1047 2206 quod
1071 2175 1138 2196 esse
1170 2164 1355 2206 provisum,

287 2220 343 2240 seu
366 2210 512 2246 volitum,
533 2220 588 2240 seu
613 2209 882 2250 praedestinatum
920 2219 978 2250 pro
995 2209 1110 2240 eodem
1133 2209 1228 2246 enim,
1249 2209 1358 2250 quoad

286 2254 368 2284 hanc
392 2253 609 2285 difficultatem
623 2277 630 2288 .
655 2253 764 2284 omnia
787 2253 909 2294 accipio
956 2253 1098 2295 sequitur
1121 2253 1356 2289 inevitabilitas;

288 2308 347 2338 ego
377 2304 499 2334 tamen,
525 2308 591 2328 non
615 2304 651 2328 ut
683 2308 849 2338 opponam
871 2308 924 2328 me
948 2304 1058 2333 contra
1087 2304 1276 2334 torrentem,
1299 2307 1358 2328 nec

287 2343 466 2379 asserendo,
487 2342 541 2373 sed
558 2349 664 2373 stante¹
678 2352 802 2383 semper
821 2341 999 2383 captivitate
1017 2341 1194 2372 intellectus
1213 2341 1247 2372 in
1266 2341 1356 2372 obse-

287 2387 402 2428 quium
426 2386 552 2423 Christi,
573 2386 717 2427 suspicor
738 2387 837 2428 quod,
862 2386 1139 2427 quemadmodum
1161 2396 1228 2417 esse
1252 2385 1356 2426 provi-

287 2441 360 2462 sum
388 2441 445 2462 nec
474 2430 721 2471 contingentiam
749 2441 807 2462 nec
830 2431 1048 2462 necessitatem
1071 2430 1163 2471 ponit
1185 2430 1218 2461 in
1242 2437 1356 2461 eventu

288 2475 427 2516 proviso,
449 2482 484 2506 ut
506 2475 539 2505 in
562 2475 663 2506 littera
687 2475 816 2511 dicitur,
842 2485 881 2506 eo
905 2475 980 2516 quia
1003 2475 1090 2506 Deus
1115 2482 1161 2506 est
1188 2484 1282 2505 causa
1305 2484 1357 2505 su-

287 2519 505 2560 perexcedens,
523 2519 696 2550 eminenter
714 2519 908 2560 praehabens
933 2519 1106 2550 necessaria
1122 2526 1152 2550 et
1175 2518 1357 2559 contingen-

1314 3024 1505 3068 eom-3

961 313 1229 361 QUAESTIO
1259 314 1379 361 XXII,
1408 313 1706 350 ARTICULUS
1736 313 1788 350 IV

1406 392 1448 423 tia
1472 390 1542 435 (per
1565 392 1627 423 hoc
1644 392 1730 423 enim
1754 392 1858 423 evadit
1881 403 1904 423 s.
1922 392 2066 423 Thomas
2085 392 2123 422 ab
2140 391 2193 422 illa
2207 393 2328 424 ratione
2343 394 2386 425 VI
2402 395 2475 425 Me-

1406 438 1533 478 taphys.
1559 437 1610 467 hic
1634 437 1740 467 allata:
1765 436 1899 468 intendit
1922 437 2008 467 enim
2036 436 2125 477 quod
2149 437 2383 477 propositiones
2406 439 2475 470 Ari-

1407 481 1526 512 stotelis
1549 480 1749 512 verificantur
1771 480 1805 511 in
1829 481 1931 512 causis
1955 480 2211 521 particularibus,
2236 491 2374 522 quarum
2397 482 2494 516 aliae..⁴
2511 516 2519 520 ,

1406 532 1480 556 sunt
1496 525 1697 562 necessariae,
1715 525 1793 556 aliae
1809 525 2037 566 contingentes,
2055 525 2133 555 aliae
2149 535 2206 564 per
2220 535 2262 561 se,
2280 532 2311 557 et
2326 526 2404 556 aliae
2420 536 2477 568 per

1406 570 1567 606 accidens;
1593 580 1659 600 non
1691 576 1798 600 autern
1821 570 1854 600 in
1883 580 1977 601 causa
2010 569 2276 600 universalissima
2308 570 2476 601 excedente

1407 614 1594 645 necessarias
1625 621 1656 645 et
1679 613 1911 655 contingentes,
1935 624 1991 655 per
2015 624 2047 644 se
2071 620 2102 644 et
2124 623 2181 653 per
2210 613 2369 651 accidens;
2394 624 2477 655 quo-

1406 658 1491 688 niam
1516 659 1557 689 ad
1580 668 1650 689 eam
1675 665 1795 699 spectat
1817 659 2009 698 producere,
2036 665 2071 689 ut
2095 657 2222 689 effectus
2247 658 2383 695 electos,
2409 669 2476 690 non
2497 666 2515 680 ³³

1406 703 1514 733 solum
1529 713 1587 739 res,
1605 703 1661 733 sed
1680 712 1792 733 omnes
1806 713 1913 734 rerum
1932 710 1963 734 et
1982 709 2156 733 eventuum
2176 701 2323 745 modos);
2347 703 2400 739 ita,
2417 703 2477 734 el'e-

1406 747 1511 777 vando
1527 747 1620 778 altius
1644 747 1759 778 mentis
1779 747 1902 784 oculos,
1918 747 1986 788 ipse
2002 747 2099 784 Deus,
2117 757 2154 778 ex
2175 757 2232 777 sua
2255 746 2360 778 altiori
2378 757 2478 788 quam

1407 791 1544 830 cogitare
1567 790 1728 831 possimus
1752 791 1942 828 excellentia,
1965 791 2009 822 sic
2033 792 2126 822 rebus
2150 791 2379 832 eventibusque
2402 802 2476 832 pro-

1405 834 1519 871 videat,
1532 841 1568 866 ut
1584 845 1651 865 esse
1667 835 1831 875 provisum
1849 837 1887 866 ab
1905 845 1943 866 eo
1967 843 2117 877 sequatur
2135 835 2255 876 aliquid
2269 835 2362 867 altius
2379 846 2478 877 quam

1407 878 1591 909 evitabilitas
1613 879 1665 909 vel
1687 879 1925 916 inevitabilitas;
1953 887 1989 911 ut
2011 880 2055 911 sic
2079 890 2116 911 ex
2139 880 2263 920 passiva
2295 880 2478 921 provisione

1407 929 1547 959 eventus,
1563 923 1706 953 neutrius
1722 923 1967 954 combinationis
1983 924 2118 955 alterum
2133 925 2316 956 membrum
2332 931 2479 965 oporteat

1407 967 1506 1007 sequi.
1523 967 1565 998 Et
1587 967 1613 997 si
1637 966 1680 997 sic
1699 974 1755 1004 est,
1775 967 1916 1008 quiescet
1937 968 2124 1005 intellectus,
2142 979 2208 999 non
2225 968 2380 1000 evidentia
2398 969 2478 1000 veri-

1406 1010 1477 1042 tatis
1497 1011 1666 1051 inspectae,
1683 1011 1738 1041 sed
1761 1011 1926 1042 altitudine
1947 1012 2152 1043 inaccessibili
2168 1012 2305 1044 veritatis
2323 1014 2477 1045 occultae.

1406 1055 1447 1086 Et
1469 1055 1532 1086 hoc
1555 1055 1717 1095 ingeniolo
1741 1065 1815 1086 meo
1839 1056 1913 1086 satis
1937 1055 2122 1087 rationabile
2144 1057 2284 1088 videtur:
2309 1064 2380 1088 tum
2403 1068 2477 1099 pro-

1406 1106 1476 1140 pter
1490 1099 1646 1130 rationem
1660 1099 1868 1140 praedictam;
1889 1106 1959 1131 tum
1973 1100 2139 1141 quoniam,
2156 1107 2192 1132 ut
2207 1100 2251 1132 ait
2266 1101 2438 1142 Gregorius
2450 1102 2477 1139 *,

1406 1144 1513 1175 minus
1537 1144 1577 1174 de
1599 1144 1669 1174 Deo
1693 1144 1796 1181 sentit,
1812 1144 1869 1185 qui
1891 1144 1954 1175 hoc
1976 1150 2102 1176 tantum
2126 1145 2164 1175 de
2187 1145 2243 1176 illo
2267 1146 2374 1183 credit,
2389 1147 2479 1188 quod

1406 1199 1466 1220 suo
1490 1188 1618 1229 ingenio
1641 1188 1745 1220 metiri
1768 1195 1882 1229 potest.

2506 1103 2518 1115 ⁸
2538 1102 2599 1125 vide
2619 1102 2719 1131 uma,

2506 1129 2724 1184 {Enxfflass‘ffi

1463 1233 1516 1264 IX.
1541 1234 1606 1264 Nec
1629 1240 1797 1274 propterea
1819 1233 2003 1274 negandum
2026 1233 2146 1274 aliquid
2179 1243 2293 1264 eorum
2324 1244 2407 1275 quae
2439 1236 2480 1266 ad
2534 1235 2536 1238 ’

1407 1277 1546 1308 divinam
1572 1277 1871 1314 immutabilitatem,
1893 1277 2115 1315 actualitatem,
2139 1277 2360 1309 certitudinem
2384 1286 2480 1320 atque

1406 1321 1691 1359 universalitatem,
1725 1329 1755 1353 et
1782 1322 1896 1353 similia
1909 1346 1916 1359 ,
1943 1323 2083 1363 spectare
2117 1322 2234 1353 scimus
2265 1329 2319 1354 aut
2351 1333 2388 1354 ex
2418 1323 2480 1354 fide

1406 1373 1566 1403 tenemus,
1596 1366 1756 1407 suspicor:
1781 1367 1836 1397 sed
1865 1366 1998 1408 aliquod
2028 1366 2191 1398 occultum
2222 1366 2331 1404 latere,
2362 1367 2413 1399 vel
2443 1377 2481 1399 ex

1405 1418 1493 1451 parte
1513 1411 1631 1442 ordinis
1657 1411 1714 1452 qui
1735 1418 1781 1442 est
1795 1411 1876 1442 inter
1897 1411 2005 1442 Deum
2024 1418 2054 1442 et
2070 1418 2220 1442 eventum
2238 1412 2413 1452 provisum,
2430 1412 2482 1443 vel

1406 1466 1444 1486 ex
1461 1455 1585 1496 glutino
1608 1455 1690 1486 inter
1711 1455 1819 1496 ipsum
1838 1462 1988 1487 eventum
2011 1462 2042 1486 et
2058 1465 2125 1486 esse
2141 1455 2317 1496 provisum,
2337 1456 2480 1488 arbitror.

1406 1501 1447 1531 Et
1462 1499 1515 1536 sic,
1528 1499 1724 1531 intellectum
1740 1500 1863 1531 animae
1880 1507 2005 1531 nostrae
2020 1500 2153 1531 oculum
2169 1507 2304 1531 noctuae
2321 1511 2387 1532 esse
2404 1511 2480 1532 con-

1407 1544 1556 1580 siderans,
1576 1544 1609 1574 in
1632 1544 1811 1584 ignorantia
1834 1544 1903 1575 sola
1926 1544 2067 1585 quietem
2095 1544 2179 1575 illius
2202 1544 2340 1576 invenio.
2365 1545 2480 1577 Melius

1407 1595 1454 1619 est
1484 1588 1571 1619 enim
1601 1595 1667 1619 tam
1690 1588 1764 1619 fidei
1796 1589 1967 1620 catholicae
1996 1599 2096 1630 quam
2120 1589 2362 1630 philosophiae,
2389 1589 2479 1622 fateri

1408 1633 1589 1664 caecitatem
1607 1639 1758 1670 nostram,
1780 1643 1879 1674 quam
1894 1643 2029 1664 asserere
2045 1640 2199 1674 tanquam
2218 1634 2384 1670 evidentia,
2397 1644 2481 1676 quae

1407 1677 1604 1709 intellectum
1626 1687 1693 1708 non
1712 1677 1871 1718 quietant:
1897 1677 2053 1708 evidentia
2071 1688 2211 1719 namque
2234 1678 2406 1720 quietativa
2421 1685 2478 1710 est.

1407 1723 1473 1753 Nec
1489 1728 1656 1763 propterea
1671 1732 1783 1753 omnes
1803 1722 1949 1753 doctores
1964 1722 2232 1763 praesumptionis
2251 1732 2381 1754 accuso:
2398 1733 2480 1764 quo-

1408 1766 1495 1797 niam
1518 1766 1724 1797 balbutiendo
1757 1773 1793 1797 ut
1825 1773 2015 1807 potuerunt,
2036 1766 2294 1798 immobilitatem
2317 1777 2352 1798 ac
2376 1767 2481 1799 effica-

1408 1811 1491 1842 ciam
1518 1820 1680 1841 summam
1703 1817 1735 1842 et
1757 1817 1917 1841 aeternam
1945 1810 2043 1841 divini
2071 1810 2263 1848 intellectus,
2287 1811 2479 1849 voluntatis,

1409 1854 1636 1895 potestatisque
1656 1854 1816 1885 insinuare
1838 1855 2041 1886 intenderunt
2062 1865 2175 1886 omnes
2201 1864 2257 1896 per
2278 1855 2482 1888 infallibilita-

1408 1906 1474 1930 tem
1497 1898 1616 1930 ordinis
1639 1898 1763 1930 divinae
1787 1899 1948 1930 electionis
1967 1899 2007 1929 ad
2030 1906 2161 1930 eventus
2184 1908 2313 1931 omnes:
2339 1909 2482 1942 quorum

1409 1943 1488 1974 nihil
1511 1942 1668 1984 praefatae
1689 1943 1863 1984 suspicioni
1879 1944 1992 1980 obstat,
2009 1953 2092 1985 quae
2107 1943 2202 1975 altius
2222 1944 2300 1985 quid
2323 1943 2357 1975 in
2379 1944 2427 1975 eis*
2439 1945 2483 1976 la-

1410 1994 1474 2018 tere
1497 1987 1604 2018 credit.
1622 1987 1664 2018 Et
1685 1997 1767 2024 vere,
1785 1987 1811 2018 si
1834 1987 1879 2018 sic
1902 1987 2143 2028 praedicaretur,
2165 1988 2273 2019 nullus
2296 1987 2377 2020 forte
2401 1989 2482 2021 circa

1410 2031 1730 2073 praedestinationem
1761 2038 1875 2063 erraret
1898 2032 2110 2069 Christianus;
2136 2032 2218 2064 sicut
2244 2043 2320 2064 uon·
2344 2040 2424 2065 errat
2446 2033 2481 2064 in

1410 2076 1541 2107 materia
1554 2075 1732 2113 Trinitatis,
1756 2077 1832 2118 quia
1848 2076 1971 2114 dicitur,
1989 2083 2019 2108 et
2035 2077 2190 2114 scribitur,
2208 2083 2239 2108 et
2261 2077 2305 2108 ita
2320 2084 2376 2115 est,
2391 2078 2483 2120 quod

1411 2121 1535 2152 occulta
1559 2127 1606 2152 est
1627 2121 1771 2152 humano
1795 2121 1977 2158 intellectui,
1998 2128 2030 2152 et
2051 2122 2120 2152 sola
2142 2120 2220 2152 fides
2244 2121 2369 2154 sufficit.

1464 2165 1636 2206 Optimum
1652 2172 1760 2196 autem
1774 2172 1869 2207 atque
1893 2166 2017 2196 salubre
2041 2165 2211 2197 consilium
2230 2173 2276 2197 est
2298 2166 2332 2197 in
2354 2166 2414 2198 hac
2436 2176 2481 2204 re,

1409 2209 1559 2240 inchoare
1582 2210 1621 2240 ab
1644 2209 1694 2240 his
1717 2220 1799 2251 quae
1816 2216 1901 2241 certo
1925 2210 2052 2247 scimus,
2070 2217 2101 2242 et
2115 2209 2295 2251 experimur
2316 2211 2350 2242 in
2372 2210 2480 2248 nobis,

1411 2253 1528 2284 scilicet
1543 2253 1632 2294 quod
1656 2253 1765 2284 omnia
1791 2264 1873 2295 quae
1896 2255 1955 2285 sub
1978 2255 2078 2285 libero
2098 2254 2226 2286 arbitrio
2250 2262 2360 2287 nostro
2385 2252 2505 2287 conti-⁴

1411 2304 1535 2334 nentur,
1560 2297 1717 2328 evitabilia
1740 2308 1758 2328 a
1781 2298 1873 2329 nobis
1896 2305 1988 2335 sunt;
2014 2305 2045 2329 et
2067 2306 2235 2339 propterea
2258 2299 2344 2340 digni
2366 2309 2480 2331 sumus

1411 2351 1516 2383 poena
1531 2341 1581 2372 vel
1597 2342 1757 2382 praemio:
1782 2342 1950 2383 quomodo
1967 2349 2084 2379 autem,
2101 2343 2163 2374 hoc
2183 2343 2281 2380 salvo,
2299 2343 2404 2375 divina
2422 2344 2482 2375 sal-

1410 2393 1501 2417 vetur
1516 2386 1715 2426 providentia
1734 2396 1769 2417 ac
1792 2386 2045 2427 praedestinatio,
2063 2394 2132 2424 etc.,
2150 2387 2275 2418 credere
2298 2388 2387 2429 quod
2411 2398 2481 2419 san-

1412 2437 1460 2461 cta
1483 2431 1584 2461 Mater
1606 2430 1745 2461 Ecclesia
1769 2431 1874 2462 credit.
1900 2431 2061 2472 Scriptum
2085 2438 2132 2462 est
2150 2431 2237 2462 enim
2250 2430 2284 2462 ἐ
2309 2432 2428 2463 altiora
2451 2437 2482 2463 te

1411 2485 1451 2505 ne
1473 2475 1669 2515 quaesieris;
1686 2475 1834 2515 plurima
1859 2476 1942 2506 enim
1966 2481 2043 2507 sunt
2061 2476 2116 2507 tibi
2133 2485 2235 2517 supra
2253 2485 2367 2508 sensus
2384 2476 2482 2508 homi-

1412 2529 1488 2550 num
1513 2519 1667 2550 revelata.
1692 2519 1734 2550 Et
1755 2519 1817 2550 hoc
1842 2526 1888 2551 est
1911 2530 2014 2551 unum
2038 2520 2077 2551 de
2100 2519 2171 2551 illis.

2510 2437 2519 2448 ·
2527 2435 2681 2464 &eminam
2690 2441 2731 2465 ιθ

2740 1202 2747 1222 l

2761 2884 2768 3055 —....-*..-—
2763 2846 2768 2874 ....
2764 2787 2768 2831 .....
2764 2744 2768 2758 a.
2764 2724 2768 2730 Α
