2768 4178
78 2203 90 2214 *
101 2202 159 2229 Cap.
169 2207 212 2224 xn.
226 2214 237 2219 -
253 2202 290 2225 Cf.

78 2229 115 2250 De
125 2229 230 2251 Moribus
244 2229 289 2251 Ec-

79 2255 133 2277 cles.
154 2255 247 2278 Cathol.
267 2258 291 2277 et

78 2282 108 2303 de
121 2282 227 2304 Moribus
236 2282 290 2303 Ma·

78 2308 208 2336 nichaeor„
217 2308 288 2336 lib.11‚

77 2341 128 2362 cap.
144 2341 177 2357 ιιι.

175 2458 190 2492 β

74 2733 86 2745 ⁴
100 2733 165 2755 Loco
180 2733 219 2756 cit.

314 264 394 301 494

320 334 407 370 Hoc
435 341 563 370 tamen
598 332 884 380 intelligendum
915 339 970 368 est
998 339 1009 355 ε
1040 331 1253 368 secundum
1283 342 1387 367 com-

319 399 479 423 munem
518 385 780 434 acceptionem
816 384 908 421 boni
938 392 973 421 et
1001 384 1112 421 mali:
1143 395 1221 420 non
1258 391 1387 419 autern

320 439 532 476 secundum
561 438 666 487 quod
695 437 905 486 specialiter
933 437 1113 486 accipitur
1140 437 1214 473 hoc
1239 436 1386 473 bonurn

321 500 357 528 et
383 493 457 528 hoc
477 492 634 528 malum.
665 491 807 527 Album
829 498 957 527 autem
979 497 1015 526 et
1034 489 1198 537 nigrum,
1220 490 1330 526 dulce
1351 497 1386 525 et

320 557 507 591 amarum,
529 551 565 580 et
584 544 806 580 huiusmodi
833 542 1030 589 contraria,
1053 554 1131 579 non
1151 542 1387 590 accipiuntur

318 597 388 634 nisi
409 597 638 646 specialiter:
659 597 748 645 quia
768 605 855 633 sunt
876 597 914 633 in
934 595 1165 644 quibusdam
1185 595 1386 643 generibus

974 251 1242 299 QUAESTIO
1272 251 1446 299 XLVIII,
1477 250 1773 288 ARTICULUS
1804 250 1856 286 lV

1442 331 1545 367 unde
1574 341 1695 366 unum
1724 329 1872 365 bonum
1902 336 2028 377 potest
2048 328 2158 365 simul
2179 340 2261 365 esse
2283 340 2371 365 cum
2390 328 2514 377 priva-

1442 383 1544 420 tione
1573 382 1724 419 alterius
1753 382 1857 418 boni.

1495 438 1554 472 Αι)
1584 447 1758 478 QUARTUM
1777 447 1962 472 DICENDUM
1983 434 1997 460 ζ
2025 434 2131 484 quod
2152 434 2347 483 Propheta
2373 433 2514 483 impre-

1443 496 1549 526 catur
1566 500 1638 526 vae
1664 488 1733 525 illis
1762 488 1827 536 qui
1857 487 1987 525 dicunt
2015 488 2054 525 id
2073 487 2179 536 quod
2200 496 2255 525 est
2275 487 2434 534 bonum,
2456 499 2514 524 se-

1443 543 1611 579 cundum
1643 541 1749 589 quod
1780 549 1835 578 est
1854 541 2016 588 bonum,
2038 553 2122 577 esse
2151 541 2310 578 malum.
2342 541 2429 577 Hoc
2448 553 2513 577 au-

1440 602 1519 631 tern
1540 607 1616 631 non
1638 594 1807 644 sequitur
1827 606 1872 630 ex
1892 594 2123 644 praemissis,
2139 602 2181 630 ut
2199 607 2268 643 per
2286 593 2480 643 praedicta
2494 593 2514 614 *

320 649 586 687 determinatis.
624 649 703 687 Sed
731 651 878 687 bonum
909 648 1039 686 circuit
1067 648 1198 685 omnia
1226 660 1384 696 genera:
1412 646 1415 698 Ι
1440 655 1555 696 patet.

372 790 394 822 ε)
414 790 474 815 Ηοε
492 793 580 814 tamen
601 789 801 822 intelligendum
820 792 869 814 est.
886 803 905 807 —
926 789 1024 814 Tamen
1045 788 1186 813 CDEFGa.

371 825 396 858 ζ)
415 826 460 850 Ad
477 828 603 858 quartum
623 825 773 850 dicendum.
790 839 809 844 —
826 825 870 849 Ad
888 828 1014 857 quartum
1028 824 1067 849 sic
1081 824 1222 849 dicendum
1237 824 1266 849 P.
1283 838 1302 842 —
1321 824 1386 848 Pro-

1436 789 1521 820 pheta
1536 788 1632 813 omittit
1650 788 1686 818 D3
1706 796 1754 821 pro
1774 788 1938 820 imprecatur
1956 794 2014 818 vae,
2034 789 2229 821 interpretatur
2247 795 2296 813 vae
2315 788 2453 821 CGpABF,
2473 789 2513 814 in-

1436 824 1614 856 praedicatur
1633 830 1682 848 vae
1700 823 1732 848 D.

997 901 1330 946 Commentario.
1353 912 1606 945 Oardjnalis
1629 911 1832 945 Caietam
1871 956 1875 961 Ι

377 1013 484 1033 rrums
509 1003 610 1033 clarus
633 1008 688 1032 est.
706 1020 726 1025 —
745 1002 780 1032 ln
804 1012 936 1042 corpore
961 1003 1054 1033 unica
1077 1009 1124 1033 est
1147 1001 1321 1038 conclusio,
1342 1011 1388 1031 re-

319 1015 527 1087 Tsponsiva
555 1047 699 1087 quaesito
728 1046 928 1077 affirmative:
951 1047 1080 1089 ,Malum
1105 1054 1151 1077 est
1178 1046 1211 1076 in
1241 1046 1328 1076 bono
1353 1052 1389 1077 ut

317 1091 350 1122 in
381 1091 533 1123 subiecto.
557 1109 578 1114 -
601 1091 766 1122 Probatur.
799 1091 923 1122 Malum
953 1098 1000 1121 est
1030 1091 1106 1122 boni
1137 1090 1291 1127 remotio,
1321 1100 1387 1121 non

318 1135 478 1175 negative,
502 1135 557 1166 sed
580 1135 749 1175 privative:
775 1145 849 1175 ergo
874 1135 996 1166 malum
1021 1143 1051 1166 et
1074 1136 1198 1166 bonum
1227 1135 1386 1175 privatum

318 1186 392 1210 sunt
414 1180 447 1209 in
472 1180 586 1210 eodem
610 1179 770 1216 subiecto,
801 1179 919 1210 scilicet
946 1186 1018 1210 ente
1040 1180 1074 1210 in
1097 1180 1240 1220 potentia
1267 1179 1386 1220 simpli-

317 1224 392 1255 citer
410 1224 460 1254 vel
483 1224 659 1255 secundum
678 1224 772 1265 quid:
793 1234 868 1264 ergo
887 1224 1010 1255 malurn
1030 1231 1076 1255 est
1094 1224 1127 1254 in
1147 1225 1234 1255 bono
1254 1224 1335 1255 sicut
1353 1224 1386 1254 in

317 1268 469 1299 subiecto.

371 1313 579 1349 Antecedens,
593 1313 701 1353 quoad
720 1313 892 1343 secundam
909 1320 1040 1353 partem,
1058 1313 1220 1353 probatur,
1238 1313 1384 1343 ducendo

318 1357 357 1387 ad
380 1357 576 1397 impossibile
601 1357 727 1397 duplex.
752 1357 897 1388 Primum
921 1364 981 1394 est,
1012 1357 1099 1398 quod
1125 1367 1161 1388 ea
1184 1367 1266 1398 quae
1295 1357 1384 1387 nullo

317 1402 416 1432 modo
437 1408 519 1438 sunt,
541 1408 644 1432 essent
662 1402 755 1432 mala.
775 1402 959 1432 Secundum
979 1409 1034 1438 est,
1054 1402 1142 1443 quod
1159 1401 1269 1432 omnia
1283 1408 1387 1432 essent

1444 1001 1537 1032 mala.
1551 1019 1572 1024 —
1583 1001 1700 1038 Quoad
1716 1000 1840 1031 tertiam
1855 1010 1942 1037 vero,
1955 1011 1991 1031 ex
2007 1000 2193 1032 sufficientia
2208 1001 2392 1033 bimembris
2406 1002 2513 1034 distin-

1444 1045 1557 1076 ctionis
1579 1045 1679 1085 ipsius
1699 1044 1886 1075 remotionis
1910 1045 1997 1076 boni.

1502 1089 1608 1120 Prima
1637 1089 1864 1130 consequentia
1891 1090 2060 1129 probatur:
2090 1090 2165 1131 quia
2188 1090 2373 1131 privationis
2397 1097 2427 1122 et
2444 1091 2512 1122 'for-

1442 1144 1513 1165 mae
1532 1133 1618 1164 idem
1635 1141 1681 1164 est
1696 1134 1884 1170 subiectum,
1906 1134 2021 1164 scilicet
2040 1144 2094 1164 ens
2110 1134 2142 1164 in
2161 1135 2304 1175 potentia
2330 1135 2514 1176 simpliciter

1441 1179 1492 1209 vel
1504 1178 1682 1209 secundum
1698 1178 1786 1219 quid.
1802 1196 1822 1202 -
1838 1178 1984 1209 Secunda
1995 1188 2085 1209 vero:
2110 1178 2185 1219 quia
2202 1186 2375 1220 utrumque
2395 1186 2442 1210 est
2456 1180 2512 1210 bo-

1442 1233 1530 1254 num.
1555 1224 1596 1253 Et
1612 1223 1650 1253 de
1667 1230 1738 1254 ente
1762 1223 1894 1263 quidem
1914 1223 1945 1253 in
1966 1223 2108 1263 potentia
2132 1224 2310 1254 secundum
2329 1224 2417 1265 quid,
2438 1234 2513 1264 pro-

1441 1268 1546 1298 batur:
1572 1267 1647 1308 quia
1670 1274 1716 1298 est
1740 1277 1794 1297 ens
1810 1267 1843 1297 in
1860 1274 1945 1303 actu;
1970 1275 2058 1298 actus
2079 1274 2187 1298 autem
2206 1268 2331 1299 bonitas
2355 1269 2514 1309 quaedam

1441 1319 1497 1343 est.
1522 1312 1570 1342 De
1594 1319 1665 1342 ente
1688 1322 1763 1342 vero
1783 1311 1815 1342 in
1835 1312 1978 1352 potentia
2002 1312 2201 1352 simpliciter:
2226 1312 2300 1353 quia
2319 1313 2444 1343 bonum
2465 1312 2513 1343 di-

1441 1356 1521 1387 citur
1544 1356 1626 1387 sicut
1648 1363 1679 1387 et
1703 1365 1774 1392 ens;
1799 1366 1835 1387 ac
1858 1366 1914 1396 per
1937 1356 2015 1392 hoc,
2040 1356 2121 1387 sicut
2144 1366 2199 1387 ens
2222 1356 2255 1387 in
2283 1357 2426 1398 potentia
2457 1367 2512 1388 ens

1440 1401 1605 1441 quoddam
1622 1408 1677 1437 est,
1697 1400 1741 1431 ita
1756 1401 1880 1431 bonum
1903 1401 1936 1431 in
1960 1401 2103 1441 potentia
2130 1401 2255 1432 bonum
2271 1401 2436 1443 quoddam
2456 1407 2511 1433 est.

1101 1563 1421 1605 ARTICULUS
1451 1562 1724 1615 QUARTUS

915 1665 1071 1696 UTRUM
1095 1666 1253 1696 MALUM
1278 1664 1549 1696 CORRUMPAT
1573 1664 1733 1696 ToTUM
1755 1664 1910 1709 BONUM

804 1753 825 1777 1⁴
844 1753 896 1783 11⁴¹,
916 1761 961 1786 qu.
980 1761 1068 1784 LxxxV,
1087 1758 1134 1779 art.
1154 1760 1184 1783 2;
1204 1753 1224 1778 11
1244 1753 1326 1782 sent..
1347 1753 1407 1778 dist.
1425 1760 1506 1783 κων,
1526 1758 1573 1778 art.
1593 1752 1623 1783 5;
1643 1753 1675 1778 111
1697 1754 1773 1779 Cont.
1795 1754 1883 1782 Gent..
1903 1761 1959 1786 cap.
1978 1761 2026 1785 ¹1¹3

1226 1789 1268 1813 De
1286 1789 1370 1818 Malo,
1390 1797 1434 1821 qu.
1448 1796 1476 1819 11,
1496 1793 1542 1814 art.
1561 1795 1600 1813 12.

405 1894 412 1907 ν
438 1911 452 1923 ,,
469 1904 480 1928 2
530 1890 552 1915 D
573 1889 746 1920 QUARTUM
766 1890 819 1915 sm
839 1889 1079 1915 PROCEDITUR.
1099 1877 1260 1914 Videtur
1279 1877 1384 1926 quod

360 1927 369 1935 “
386 1926 394 1935 ”
460 1929 506 1976 '⁴³2
531 1932 674 1968 malurn
693 1939 913 1980 corrumpat
931 1939 1055 1968 toturn
1076 1932 1235 1968 bonurn.
1253 1931 1384 1968 Unum

432 2003 450 2039 ζ
496 2029 498 2031 ‚
515 1981 632 2021 enim
653 1984 929 2021 contrariorum
949 1985 1112 2021 totaliter
1131 1984 1385 2033 corrumpitur

529 2051 598 2087 per
626 2038 786 2075 alterurn
811 2044 840 2074 α.
876 2037 954 2075 Sed
982 2038 1130 2074 bonum
1165 2046 1201 2075 et
1235 2039 1382 2074 malum

317 2099 403 2128 sunt
431 2091 627 2129 contraria.
665 2092 767 2139 Ergo
798 2091 944 2128 malurn
972 2098 1097 2140 potest
1136 2103 1381 2140 corrumpere

315 2151 438 2181 totum
468 2146 627 2182 bonum.

371 2210 405 2234 2.
427 2199 661 2245 PRAETEREA,
685 2196 919 2246 Augustinus
949 2197 1047 2243 dicit,
1077 2197 1116 2234 in
1135 2197 1327 2234 Enchirid.
1348 2196 1380 2244 ²¹⁸,

316 2250 421 2299 quod
440 2251 584 2287 malum
605 2258 718 2287 nocet
735 2250 961 2298 inquantum
981 2250 1113 2287 adimit
1130 2251 1282 2287 bonum.
1305 2250 1382 2287 Sed

316 2303 464 2340 bonum
494 2311 550 2340 est
577 2303 647 2340 sibi
667 2303 790 2340 simile
810 2310 846 2339 et
864 2303 1068 2340 uniforme.
1099 2304 1202 2352 Ergo
1222 2303 1383 2340 totaliter

315 2356 454 2393 tollitur
479 2369 550 2406 per
576 2357 734 2393 malum.

371 2410 405 2446 3.
435 2410 677 2456 PRAETEREA,
708 2409 874 2457 malum,
905 2409 1072 2458 quandiu
1104 2417 1174 2457 est,
1205 2417 1317 2447 nocet
1345 2417 1382 2446 et

315 2462 436 2499 aufert
457 2461 474 2491 β
503 2463 661 2500 bonum.
693 2462 770 2500 Sed
798 2462 890 2499 illud
910 2475 932 2499 a
952 2475 1028 2511 quo
1058 2475 1212 2512 semper
1240 2462 1381 2511 aliquid

314 2515 500 2563 aufertur,
530 2516 762 2565 quandoque
798 2515 1054 2563 consumitur,
1085 2516 1155 2553 nisi
1183 2515 1230 2553 sit
1257 2515 1380 2553 infini—

313 2575 417 2615 tum;
438 2569 542 2618 quod
562 2581 640 2606 non
659 2576 784 2618 potest
803 2569 875 2606 dici
897 2569 943 2606 de
965 2569 1093 2618 aliquo
1114 2570 1218 2606 bono
1239 2577 1378 2606 creato.

314 2622 415 2670 Ergo
445 2623 590 2659 malum
620 2622 810 2659 consumit
837 2622 998 2660 totaliter
1026 2623 1185 2660 bonum.

368 2676 442 2712 SED
472 2687 617 2713 CONTRA
646 2687 712 2712 EST
740 2675 846 2724 quod
865 2676 1100 2724 Augustinus
1120 2676 1220 2723 dicit,
1245 2675 1284 2713 in
1302 2677 1380 2713 En-

313 2728 442 2765 chirid.
463 2728 503 2777 ⁹⁸,
533 2728 638 2778 quod
667 2729 811 2766 malurn
841 2741 919 2766 non
947 2737 1072 2779 potest
1099 2729 1262 2766 totaliter
1289 2741 1379 2766 con-

312 2793 463 2818 sumere
493 2783 653 2819 bonum.

366 2837 591 2873 RESPONDEO
621 2847 804 2873 DICENDUM
834 2835 938 2884 quod
968 2837 1113 2873 malurn
1149 2848 1227 2873 non
1255 2842 1381 2885 potest

311 2889 472 2925 totaliter
492 2901 718 2926 consumere
738 2889 897 2926 bonurn.
914 2887 984 2927 'Ad
1005 2890 1112 2926 cuius
1134 2889 1376 2936 evidentiam,

313 2942 634 2979 considerandum
651 2949 706 2979 est
724 2943 830 2990 quod
847 2950 901 2979 est
915 2943 1047 2992 triplex
1062 2943 1222 2980 bonum.
1245 2943 1379 2990 Quod—

313 2995 414 3042 dam,
436 2996 541 3045 quod
559 3008 628 3045 per
647 2995 792 3033 malum
813 2996 975 3033 totaliter
993 2996 1148 3034 tollitur:
1175 3003 1211 3033 et
1229 2997 1304 3033 hoc
1325 3003 1380 3033 est

312 3049 458 3085 bonum
475 3049 695 3098 oppositum
715 3050 836 3096 malo;
866 3049 962 3086 sicut
980 3050 1111 3086 lumen
1130 3049 1293 3087 totaliter
1310 3062 1380 3099 per

312 3103 486 3139 tenebras
506 3102 644 3139 tollitur
663 3107 688 3149 ⁷,
716 3110 751 3140 et
769 3102 872 3140 visus
891 3115 960 3151 per
980 3102 1213 3141 caecitatem.
1244 3103 1378 3150 Quod-

314 3154 402 3192 dam
430 3167 525 3193 vero
554 3156 700 3193 bonum
731 3163 797 3204 est,
828 3156 932 3205 quod
962 3168 1032 3193 nec
1060 3156 1221 3194 totaliter
1240 3156 1380 3194 tollitur

311 3221 380 3257 per
409 3210 564 3256 malum,
585 3221 656 3246 nec
677 3209 916 3247 diminuitur:
947 3209 1087 3246 scilicet
1106 3210 1252 3247 bonum
1272 3209 1379 3258 quod

313 3269 369 3298 est
397 3262 608 3299 subiectum
638 3263 747 3309 mali;
777 3275 856 3300 non
885 3262 988 3299 enim
1017 3275 1085 3311 per
1113 3263 1290 3300 tenebras
1314 3262 1379 3300 ali-

313 3315 404 3364 quid
438 3315 485 3352 de
519 3316 727 3353 substantia
762 3316 858 3354 aeris
897 3315 1128 3353 diminuitur.
1168 3316 1378 3363 Quoddam

312 3380 405 3405 vero
435 3369 582 3406 bonum
612 3376 687 3417 est,
722 3370 828 3418 quod
866 3369 1088 3406 diminuitur
1125 3369 1282 3419 quidem
1310 3381 1380 3419 per

366 3500 393 3533 α)
412 3501 535 3526 alterum.
552 3513 570 3520 ·-
588 3501 663 3526 aliud
682 3501 744 3526 Pab.

366 3534 391 3568 β)
410 3536 508 3570 aufert.
526 3550 546 3555 —
562 3537 660 3562 adimit
678 3537 790 3562 codices.

366 3572 392 3605 γ)
407 3572 527 3597 totaliter
542 3579 592 3604 per
611 3573 732 3598 tenebras
751 3573 864 3598 tollitur.
881 3587 901 3592 -
919 3574 945 3598 in
959 3581 1021 3599 aere
1035 3573 1139 3598 tollitur
1148 3580 1200 3605 per
1212 3573 1334 3598 tenebras
1348 3573 1377 3605 B,

314 3607 417 3633 tollitur
421 3614 473 3639 per
483 3608 603 3633 tenebras
614 3609 698 3633 ceteri.
706 3622 726 3627 —
738 3609 827 3633 Statim
841 3609 961 3634 totaliter
973 3617 1026 3634 om.
1036 3609 1158 3639 ACEFG,
1169 3609 1273 3634 tollitur
1282 3617 1335 3634 om.
1346 3609 1377 3634 1).

1440 1878 1599 1925 malum,
1629 1878 1697 1915 sed
1717 1890 1796 1915 non
1815 1877 1978 1915 totaliter
2005 1877 2166 1915 tollitur:
2198 1885 2234 1915 et
2259 1877 2336 1915 hoc
2363 1878 2511 1918 bonum

1440 1938 1495 1968 est
1522 1931 1696 1969 habilitas
1725 1931 1883 1968 subiecti
1913 1931 1963 1968 ad
1992 1939 2132 1968 actum.

1493 1984 1705 2022 Diminutio
1726 1992 1855 2021 autern
1876 1984 1989 2022 huius
2010 1984 2102 2021 boni
2121 1997 2201 2022 non
2217 1992 2273 2023 est
2287 1985 2510 2035 accipienda

1437 2050 1508 2087 per
1535 2038 1846 2085 subtractionem,
1877 2038 1971 2075 sicut
2000 2046 2054 2075 est
2074 2038 2275 2076 diminutio
2303 2039 2343 2076 in
2361 2038 2509 2088 quanti-

1438 2091 1594 2129 tatibus:
1625 2093 1692 2129 sed
1711 2104 1781 2141 per
1799 2091 2080 2139 remissionem,
2110 2091 2207 2130 sicut
2235 2100 2291 2130 est
2310 2092 2508 2131 diminutio

1438 2145 1475 2182 in
1505 2145 1748 2193 qualitatibus
1777 2152 1813 2181 et
1841 2144 1984 2182 formis.
2016 2145 2208 2182 Remissio
2238 2153 2367 2183 autem
2395 2145 2507 2184 huius

1437 2198 1639 2235 habilitatis
1678 2206 1733 2235 est
1769 2198 1989 2247 accipienda
2028 2211 2047 2235 e
2078 2198 2266 2236 contrario
2305 2198 2510 2238 intensioni

1436 2251 1565 2300 ipsius.
1583 2251 1792 2288 Intenditur
1807 2251 1909 2288 enim
1925 2251 2146 2290 huiusmodi
2161 2252 2335 2290 habilitas
2349 2265 2419 2302 per
2434 2252 2508 2290 dis-

1435 2304 1646 2353 positiones
1675 2304 1814 2352 quibus
1841 2304 2000 2341 materia
2021 2313 2272 2354 praeparatur
2290 2306 2340 2343 ad
2358 2314 2506 2354 actum3

1437 2370 1535 2407 quae
1568 2365 1711 2407 quanto
1750 2357 1871 2406 magis
1908 2357 2205 2407 multiplicantur
2241 2358 2279 2395 in
2308 2359 2505 2407 subiecto,

1435 2418 1541 2448 tanto
1578 2410 1740 2448 habilius
1770 2418 1826 2447 est
1853 2411 1903 2448 ad
1932 2410 2193 2460 recipiendum
2229 2412 2506 2460 perfectionem

1436 2472 1472 2501 et
1500 2464 1678 2501 formam.
1714 2464 1763 2500 Et
1789 2476 1809 2500 e
1834 2463 2023 2501 contrario
2053 2464 2253 2502 remittitur
2279 2477 2349 2514 per
2377 2464 2506 2515 dispo-

1435 2517 1590 2554 sitiones
1619 2516 1845 2563 contrarias;
1876 2529 1976 2566 quae
2004 2525 2148 2565 quanto
2177 2517 2297 2566 magis
2330 2518 2506 2568 multipli-

1436 2578 1541 2608 catae
1570 2579 1657 2607 sunt
1676 2567 1690 2592 ⁸
1717 2570 1756 2607 in
1787 2570 1957 2618 materia,
1987 2578 2024 2607 et
2051 2570 2173 2619 magis
2197 2570 2379 2619 intensae,
2399 2578 2504 2610 tanto

1434 2623 1554 2672 magis
1583 2623 1783 2661 remittitur
1810 2623 1980 2672 potentia
2008 2623 2056 2661 ad
2085 2631 2226 2662 actum.

1490 2677 1529 2714 Si
1558 2676 1668 2725 igitur
1697 2676 1908 2714 contrariae
1939 2676 2206 2726 dispositiones
2240 2676 2279 2715 in
2312 2676 2505 2716 infinitum

1435 2730 1672 2779 multiplicari
1693 2738 1730 2767 et
1748 2730 1891 2768 intendi
1920 2742 1999 2767 non
2018 2738 2190 2780 possunt,
2221 2731 2288 2768 sed
2314 2743 2435 2780 usque
2455 2731 2506 2769 ad

1435 2792 1581 2821 certum
1613 2783 1842 2830 terminum,
1881 2795 2006 2831 neque
2039 2783 2212 2821 habilitas
2244 2784 2439 2833 praedicta
2465 2783 2505 2823 in

1434 2837 1623 2874 infinitum
1654 2836 1875 2874 diminuitur
1893 2837 1955 2875 vel
1976 2837 2184 2874 remittitur.
2215 2837 2320 2875 Sicut
2345 2845 2450 2887 patet
2467 2837 2505 2875 in

1433 2890 1674 2939 qualitatibus
1702 2889 1834 2927 activis
1863 2897 1900 2927 et
1927 2889 2090 2939 passivis
2119 2890 2413 2928 elementorum:
2443 2890 2504 2928 fri-

1433 2943 1566 2991 giditas
1601 2943 1704 2980 enim
1733 2950 1769 2980 et
1796 2943 2024 2990 humiditas,
2053 2955 2123 2992 per
2156 2949 2267 2992 quae
2285 2943 2506 2982 diminuitur

1433 2997 1516 3034 sive
1531 2996 1730 3034 remittitur
1747 2996 1922 3034 habilitas
1942 2996 2124 3034 materiae
2143 2997 2192 3034 ad
2211 2997 2375 3035 formam
2395 2997 2503 3046 ignis,

1433 3062 1512 3087 non
1549 3058 1711 3099 possunt
1736 3049 1974 3099 multiplicari
2001 3049 2039 3087 in
2069 3049 2272 3087 infinitum.
2293 3071 2317 3078 -
2340 3050 2380 3087 Si
2407 3062 2503 3088 vero

1433 3103 1701 3152 dispositiones
1735 3102 1944 3140 contrariae
1973 3102 2011 3140 in
2039 3102 2229 3140 infinitum
2264 3103 2504 3153 multiplicari

2639 441 2655 471 t

2543 601 2553 611 '¹
2566 602 2591 624 In
2606 607 2714 631 corpore.

1432 3164 1604 3206 possunt,
1635 3163 1671 3193 et
1698 3156 1872 3193 habilitas
1892 3155 2087 3205 praedicta
2115 3155 2153 3193 in
2181 3155 2373 3194 infinitum
2394 3155 2503 3194 dimi·
2551 3194 2554 3198 ,

1434 3209 1560 3247 nuitur
1578 3210 1641 3247 vel
1660 3209 1869 3247 remittitur.
1900 3210 1993 3247 Non
2012 3217 2142 3246 tamen
2162 3209 2323 3247 totaliter
2341 3209 2502 3247 tollitur:

1433 3262 1522 3311 quia
1546 3275 1700 3312 semper
1718 3270 1849 3300 manet
1867 3262 1906 3300 in
1926 3275 1995 3300 sua
2015 3261 2152 3309 radice,
2174 3275 2272 3311 quae
2300 3269 2311 3286 ἕ
2341 3269 2397 3300 est
2415 3263 2503 3300 sub-

1433 3315 1568 3353 stantia
1583 3315 1753 3353 subiecti.
1776 3316 1882 3353 Sicut
1896 3315 1926 3353 si
1947 3315 1985 3352 in
2003 3315 2194 3353 infinitum
2215 3315 2505 3365 interponantur

1433 3381 1596 3418 corpora
1625 3382 1747 3418 opaca
1767 3369 1864 3406 inter
1882 3369 2004 3406 solem
2026 3375 2063 3406 et
2081 3380 2222 3418 aerem,
2254 3369 2292 3406 in
2311 3368 2503 3407 infinitum

1486 3500 1512 3535 ὃ)
1531 3505 1632 3534 quanto
1652 3502 1738 3535 magis
1756 3501 1947 3534 multiplicatae
1960 3504 2030 3526 sunt.
2048 3515 2067 3521 -
2085 3505 2185 3534 quanto
2205 3501 2292 3535 magis
2311 3501 2503 3534 multiplicatae

1427 3537 1542 3571 suerunt
1552 3537 1688 3570 BCEFpA.
1698 3540 1798 3570 quanto
1809 3537 1896 3570 magis
1909 3537 2100 3570 multiplicatae
2106 3537 2215 3571 suerint
2224 3537 2294 3568 GsA,
2306 3540 2406 3570 quanto
2415 3536 2503 3570 mgis

1434 3572 1645 3605 multiplicantur
1664 3573 1695 3597 D.

1486 3608 1508 3641 ε)
1527 3615 1602 3641 quae.
1622 3621 1639 3628 —-
1657 3608 1729 3641 quod
1747 3608 1848 3633 codices
1867 3613 1893 3632 et
1910 3608 1962 3634 ab.
