2768 4178
24 412 34 421 '
46 411 94 438 Qu.
102 416 151 438 xix,
162 413 233 438 art.3‚

20 444 36 464 ⁴
120 464 135 498 β

25 1260 37 1273 ¹·
47 1259 96 1289 Qu.
105 1265 153 1289 m,
162 1263 205 1282 an.
212 1267 237 1287 4.

37 3438 49 3450 ⁴
63 3437 99 3460 ef.
115 3443 180 3460 num.
190 3443 223 3459 m.

20 3498 22 3502 v
37 3483 49 3495 “
62 3482 100 3505 Cf.
114 3488 179 3505 num.
191 3489 223 3504 xv.

949 270 1217 319 QUAESTIO
1247 270 1367 316 XXV,
1397 270 1694 307 ARTICULUS
1723 271 1758 307 V

263 349 358 386 ordo
388 361 515 386 rerum
546 350 721 396 effluere,
756 349 825 386 nisi
858 349 953 386 sicut
972 362 1082 386 *nunc
1111 356 1178 386 est.
1198 370 1223 376 -
1254 349 1332 386 Sed

262 415 377 451 supra
395 402 416 424 '¹‘
444 403 683 439 ostendimus
708 404 836 439 Deum
866 414 945 438 non
974 414 1085 450 agere
1114 402 1223 451 quasi
1242 401 1260 430 β
1286 414 1330 439 ex

261 456 485 493 necessitate
523 463 681 493 naturae
696 485 706 503 ,
741 455 810 492 sed
849 455 1086 492 voluntatem
1126 455 1206 492 eius
1249 467 1331 492 esse

262 509 436 547 omnium
466 521 593 546 rerum
624 520 796 554 causam;
817 520 944 556 neque
969 508 1082 545 etiam
1111 508 1235 557 ipsam
1263 521 1331 545 vo-

262 564 445 600 luntatem
465 561 681 599 naturaliter
709 568 746 598 et
773 573 819 598 ex
837 561 1060 598 necessitate
1089 561 1332 598 determinari

263 616 312 653 ad
339 616 408 652 has
437 627 508 652 res.
530 614 641 652 Unde
669 615 772 651 nullo
802 614 922 650 modo
946 614 1014 650 iste
1044 626 1175 651 cursus
1203 626 1330 651 rerum

263 669 314 706 sic
345 681 389 705 ex
409 667 632 705 necessitate
661 679 683 703 a
702 668 787 703 Deo
807 667 997 716 provenit,
1019 667 1124 715 quod
1153 667 1225 704 alia
1243 679 1332 716 pro-

262 722 395 759 venire
422 733 502 758 non
529 727 698 770 possent.

316 774 391 811 Alii
418 786 512 811 vero
538 773 711 810 dixerunt
739 772 845 821 quod
872 772 1042 821 potentia
1062 772 1190 810 divina
1211 773 1330 810 deter-

264 827 430 865 minatur
449 826 499 864 ad
517 827 620 863 hunc
641 837 796 862 cursum
815 838 956 872 rerum,
980 833 1137 875 propter
1156 826 1330 864 ordinem

264 879 471 929 sapientiae
491 887 528 916 et
546 878 707 916 iustitiae
728 879 892 926 divinae,
917 879 997 915 sine
1017 891 1095 927 quo
1115 880 1220 916 Deus
1239 879 1330 916 nihil

265 939 454 982 operatur.
466 953 491 960 -
503 933 604 969 Cum
624 939 753 968 autem
773 932 942 981 potentia
956 932 1040 979 Dei,
1057 944 1156 981 quae
1178 940 1232 969 est
1252 932 1331 969 eius

266 985 440 1034 essentia,
460 997 538 1022 non
559 985 604 1022 sit
625 985 727 1022 aliud
747 997 864 1034 quarn
884 985 956 1022 Dei
977 985 1172 1034 sapientia,
1190 997 1332 1022 conve-

265 1039 412 1076 nienter
439 1038 595 1088 quidem
625 1038 698 1075 dici
724 1045 850 1087 potest
877 1038 983 1086 quod
1010 1038 1102 1075 nihil
1126 1038 1172 1075 sit
1194 1038 1233 1075 in
1259 1038 1332 1075 Dei

263 1092 446 1141 potentia,
463 1091 567 1141 quod
583 1104 662 1129 non
677 1091 722 1128 sit
735 1091 774 1128 in
790 1091 923 1128 ordine
940 1091 1091 1128 divinae
1107 1091 1330 1140 sapientiae:

265 1157 356 1182 nam
378 1145 506 1183 divina
526 1144 709 1195 sapientia
732 1151 855 1181 totum
875 1156 989 1193 posse
1008 1144 1200 1193 potentiae
1228 1156 1333 1181 com-

264 1198 476 1248 prehendit.
490 1198 567 1235 Sed
581 1205 711 1235 tamen
727 1197 823 1234 ordo
839 1210 861 1234 a
877 1197 1006 1235 divina
1020 1197 1204 1246 sapientia
1218 1197 1332 1233 rebus

265 1251 416 1299 inditus,
446 1252 485 1288 in
503 1263 582 1301 quo
603 1251 696 1288 ratio
717 1249 875 1287 iustitiae
905 1250 1085 1297 consistit,
1115 1257 1156 1286 ut
1180 1262 1295 1298 supra
1313 1249 1333 1271 ’¹‘

266 1304 410 1344 dictum
430 1311 497 1352 est,
518 1317 597 1341 non
625 1304 815 1352 adaequat
834 1303 1003 1340 divinam
1024 1302 1258 1351 sapientiam,
1281 1302 1334 1338 sic

264 1366 307 1395 ut
322 1357 452 1395 divina
467 1357 649 1406 sapientia
669 1356 848 1394 limitetur
862 1356 911 1392 ad
926 1356 1027 1392 hunc
1044 1355 1233 1392 ordinem.
1250 1356 1333 1392 Ma-

266 1410 444 1448 nifestum
465 1418 521 1447 est
540 1410 642 1447 enim
663 1414 677 1435 ⁷
697 1408 802 1457 quod
821 1415 900 1445 tota
920 1408 1014 1445 ratio
1035 1408 1189 1455 ordinis,
1215 1420 1332 1457 quam

266 1464 417 1513 sapiens
437 1464 551 1500 rebus
575 1475 597 1499 a
625 1474 664 1499 se
693 1461 799 1498 factis
822 1461 996 1510 imponit,
1018 1474 1040 1498 a
1058 1461 1137 1498 fine
1157 1460 1331 1498 sumitur.

267 1515 434 1563 Quando
459 1515 570 1564 igitur
588 1514 675 1552 finis
696 1522 751 1551 est
770 1514 1081 1563 proportionatus
1105 1514 1218 1551 rebus
1247 1526 1334 1563 pro-

263 1576 349 1618 pter
361 1569 482 1606 finem
497 1567 613 1615 factis,
630 1567 814 1616 sapientia
829 1567 997 1604 facientis
1012 1567 1192 1604 limitatur
1206 1567 1255 1604 ad
1270 1567 1334 1604 ali-

266 1634 383 1671 quem
408 1621 702 1659 determinatum
723 1620 911 1657 ordinem.
939 1621 1017 1658 Sed
1037 1621 1166 1658 divina
1185 1619 1334 1657 bonitas

266 1681 323 1712 est
340 1674 426 1712 finis
445 1673 873 1723 improportionabiliter
893 1674 1081 1711 excedens
1101 1686 1160 1710 res
1177 1681 1332 1710 creatas.

265 1727 378 1765 Unde
389 1727 517 1765 divina
531 1727 715 1776 sapientia
730 1739 809 1763 non
819 1726 1090 1777 determinatur
1104 1728 1153 1765 ad
1168 1727 1333 1775 aliquem

267 1787 412 1818 certum
424 1780 600 1817 ordinem
616 1778 630 1801 ὃ
644 1792 784 1826 rerum,
804 1787 846 1816 ut
860 1792 941 1817 non
955 1780 1074 1829 possit
1093 1780 1187 1817 alius
1203 1793 1335 1817 cursus

265 1845 393 1871 rerum
407 1834 455 1870 ab
471 1833 553 1882 ipsa
563 1838 575 1854 ⁸
590 1833 758 1870 effluere.
775 1832 887 1870 Unde
902 1833 1109 1871 dicendum
1125 1840 1180 1870 est
1195 1833 1335 1882 simpli-

266 1886 357 1924 citer
372 1887 479 1935 quod
493 1887 599 1923 Deus
614 1893 739 1935 potest
757 1885 830 1922 alia
849 1886 972 1923 facere
989 1899 1106 1935 quam
1121 1898 1221 1935 quae
1236 1886 1334 1923 facit.

319 1941 379 1976 AD
408 1951 545 1976 PRIMUM
573 1950 689 1976 ERGO·
709 1951 894 1976 DICENDUM
928 1939 1033 1988 quod
1062 1939 1101 1976 in
1134 1939 1266 1986 nobis,
1297 1939 1335 1976 in

267 1992 407 2042 quibus
436 1999 492 2029 est
520 1992 622 2029 aliud
648 1992 818 2041 potentia
838 1999 873 2028 et
901 1992 1063 2029 essentia
1091 2005 1113 2029 a
1139 1993 1336 2030 voluntate

268 2054 306 2084 et
332 2045 533 2093 intellectu,
555 2053 590 2082 et
609 2045 747 2082 iterum
767 2045 974 2082 intellectus
993 2045 1095 2082 aliud
1114 2045 1130 2071 ζ
1148 2058 1170 2082 a
1189 2045 1338 2094 sapien-

268 2100 329 2148 tia,
351 2106 387 2135 et
404 2099 582 2136 voluntas
611 2098 714 2135 aliud
733 2111 755 2135 a
774 2098 923 2146 iustitia,
944 2106 1069 2147 potest
1093 2111 1175 2136 esse
1195 2098 1337 2147 aliquid

267 2152 307 2190 in
333 2152 523 2202 potentia,
553 2152 659 2200 quod
688 2164 767 2189 non
794 2159 920 2201 potest
954 2164 1036 2189 esse
1071 2151 1110 2189 in
1140 2153 1338 2189 voluntate

268 2206 376 2253 iusta,
405 2206 467 2242 vel
495 2205 534 2242 in
562 2204 752 2241 intellectu
785 2204 965 2253 sapiente.
997 2205 1075 2242 Sed
1102 2205 1142 2241 in
1169 2206 1254 2241 Deo
1285 2212 1340 2242 est

268 2258 372 2296 idem
400 2258 569 2308 potentia
597 2264 634 2294 et
662 2256 822 2294 essentia
842 2265 856 2288 η
888 2265 924 2294 et
947 2258 1125 2294 voluntas
1146 2265 1182 2294 et
1199 2257 1341 2294 intelle-

269 2319 350 2349 ctus
379 2319 416 2348 et
434 2310 618 2360 sapientia
638 2310 840 2347 etiustitia.
861 2309 973 2347 Unde
1002 2310 1094 2348 nihil
1112 2317 1238 2359 potest
1257 2323 1340 2347 esse

267 2365 308 2403 in
333 2364 503 2414 potentia
527 2363 668 2411 divina,
689 2363 793 2412 quod
813 2376 892 2400 non
906 2363 1026 2412 possit
1045 2376 1128 2400 esse
1147 2364 1186 2400 in
1204 2364 1340 2401 volun-

268 2425 344 2456 tate
371 2417 468 2455 iusta
495 2417 630 2466 ipsius,
662 2424 697 2453 et
724 2416 763 2453 in
790 2414 803 2437 θ
831 2417 1019 2454 intellectu
1048 2416 1217 2466 sapiente
1246 2417 1339 2454 eius.

269 2471 423 2509 Tamen
451 2477 474 2518 ⁸,
497 2470 585 2519 quia
604 2470 781 2507 voluntas
801 2482 880 2507 non
901 2470 1174 2507 determinatur
1202 2482 1247 2506 ex
1275 2483 1340 2507 ne-

271 2524 442 2562 cessitate
470 2523 520 2560 ad
548 2523 643 2560 haec
670 2523 733 2560 vel
761 2522 838 2570 illa,
868 2523 940 2560 nisi
967 2523 1062 2561 forte
1091 2536 1136 2560 ex
1165 2523 1337 2572 supposi-

270 2578 385 2624 tione,
405 2585 448 2614 ut
476 2588 591 2624 supra
609 2575 629 2597 *
649 2575 792 2613 dictum
812 2583 884 2622 est3
905 2588 1031 2624 neque
1060 2576 1244 2625 sapientia
1268 2576 1339 2613 Dei

273 2638 308 2668 et
335 2630 473 2667 iustitia
501 2629 802 2667 determinantur
820 2629 868 2666 ad
888 2629 991 2666 hunc
1010 2629 1198 2676 ordinem,
1218 2636 1260 2667 ut
1280 2642 1339 2666 su-

271 2695 341 2733 pra
353 2682 374 2705 ²⁸
393 2683 537 2720 dictum
558 2690 629 2728 est3
649 2681 740 2719 nihil
758 2681 936 2730 prohibet
956 2694 1038 2719 esse
1057 2683 1196 2732 aliquid
1217 2683 1254 2719 in
1274 2695 1342 2731 po-

273 2736 388 2774 tentia
416 2735 488 2772 Dei
507 2742 533 2782 ⁸,
563 2735 669 2784 quod
697 2747 776 2772 non
798 2735 890 2782 vult,
921 2742 956 2772 et
983 2735 1091 2784 quod
1118 2748 1197 2773 non
1223 2736 1339 2772 conti-

2375 284 2449 320 297

1388 357 1499 386 netur
1518 350 1590 386 sub
1612 349 1755 387 ordine
1771 362 1886 399 quem
1907 352 2032 389 statuit
2060 353 2172 389 rebus
2191 352 2221 389 ²³⁶.
2251 354 2300 389 Et
2327 352 2416 402 quia
2440 351 2452 373 λ

1386 403 1556 451 potentia
1584 403 1798 451 intelligitur
1824 412 1865 441 ut
1894 417 2096 453 exequens,
2117 406 2295 442 voluntas
2323 414 2452 442 autem

1385 463 1427 492 ut
1445 456 1649 505 imperans,
1671 464 1707 493 et
1726 456 1933 494 intellectus
1954 466 1990 495 et
2018 459 2200 507 sapientia
2218 466 2260 495 ut
2279 458 2451 506 dirigens,

1387 509 1492 558 quod
1520 509 1732 546 attribuitur
1759 510 1951 559 potentiae
1972 512 2182 548 secundum
2211 523 2251 548 se
2281 511 2451 548 conside-

1387 570 1510 609 ratae,
1548 562 1682 600 dicitur
1718 564 1824 600 Deus
1860 576 1974 612 posse
2009 565 2213 601 secundum
2244 564 2452 612 potentiam

1386 615 1608 652 absolutam.
1638 617 1688 652 Et
1715 616 1936 653 huiusmodi
1966 625 2021 653 est
2048 629 2163 654 omne
2187 617 2278 654 illud
2309 618 2349 654 in
2375 629 2452 666 quo

1385 675 1511 716 potest
1539 669 1676 706 salvari
1706 669 1799 706 ratio
1830 669 1935 716 entis,
1956 677 1997 706 ut
2024 682 2137 718 supra
2165 670 2185 691 ’¹‘
2213 670 2355 707 dictum
2385 678 2451 707 est.
2479 681 2490 692 ⁴

1387 721 1504 767 Quod
1533 729 1662 758 autem
1690 722 1903 759 attribuitur
1929 723 2120 771 potentiae
2141 723 2291 760 divinae
2320 735 2453 760 secun-

1386 774 1480 811 dum
1508 775 1614 823 quod
1644 775 1841 824 exequitur
1860 775 2064 824 imperium
2093 775 2297 812 voluntatis
2320 776 2453 823 iustae,

1384 828 1459 864 hoc
1488 827 1621 864 dicitur
1649 829 1754 865 Deus
1781 841 1895 877 posse
1929 829 2052 865 facere
2076 835 2095 855 μ
2122 829 2167 865 de
2199 829 2364 877 potentia
2393 841 2453 865 or-

1385 880 1525 917 dinata.
1549 882 1770 918 Secundum
1790 882 1865 918 hoc
1895 893 1983 929 ergo
2003 887 2027 929 ”,
2050 881 2254 918 dicendum
2275 889 2329 917 est
2348 881 2453 929 quod

1385 934 1490 970 Deus
1505 941 1630 982 potest
1644 933 1716 971 alia
1735 934 1871 982 facere,
1888 934 1935 971 de
1950 935 2120 983 potentia
2135 934 2319 981 absoluta,
2337 946 2453 982 quam

1386 998 1485 1034 quae
1505 987 1707 1035 praescivit
1727 994 1762 1023 et
1779 987 2062 1036 praeordinavit
2085 999 2125 1024 se
2149 987 2354 1023 facturum:
2375 999 2454 1023 non

1386 1046 1516 1076 tamen
1543 1047 1668 1088 potest
1697 1052 1779 1076 esse
1809 1041 1915 1088 quod
1943 1040 2069 1088 aliqua
2097 1040 2218 1087 faciat,
2249 1052 2348 1087 quae
2375 1051 2455 1076 non

1386 1092 1632 1140 praesciverit
1660 1100 1696 1129 et
1714 1093 2040 1142 praeordinaverit
2068 1105 2108 1130 se
2133 1093 2332 1130 facturum.
2354 1092 2456 1139 Quia

1386 1145 1514 1192 ipsum
1543 1146 1667 1182 facere
1696 1146 1865 1183 subiacet
1892 1146 2163 1195 praescientiae
2193 1153 2230 1182 et
2260 1145 2456 1194 praeordi-

1387 1198 1548 1234 nationi:
1569 1211 1648 1235 non
1676 1206 1804 1235 autern
1832 1199 1958 1248 ipsum
1985 1212 2111 1248 posse,
2133 1199 2238 1246 quod
2268 1206 2323 1235 est
2349 1206 2456 1235 natu-

1388 1251 1475 1286 rale.
1499 1250 1589 1287 Ideo
1611 1251 1713 1288 enim
1734 1253 1840 1288 Deus
1860 1252 2001 1300 aliquid
2021 1252 2118 1299 facit,
2141 1252 2229 1300 quia
2256 1252 2354 1288 vult:
2375 1263 2455 1287 non

1387 1311 1517 1340 tamen
1545 1303 1633 1340 ideo
1660 1311 1803 1352 potest,
1834 1305 1922 1353 quia
1949 1305 2048 1351 vult,
2078 1304 2146 1341 sed
2175 1304 2264 1353 quia
2291 1303 2373 1340 talis
2402 1311 2456 1340 est

1387 1368 1427 1393 ln
1455 1368 1524 1392 sua
1553 1363 1697 1393 natura.

1442 1410 1502 1446 AD
1530 1421 1719 1446 SECUNDUM
1748 1421 1932 1447 D1CENDuM
1961 1409 2066 1458 quod
2103 1411 2209 1446 Deus
2237 1422 2315 1446 non
2344 1409 2457 1446 debet

1388 1461 1530 1510 aliquid
1558 1462 1669 1499 alicui
1697 1462 1768 1499 nisi
1796 1462 1877 1499 sibi.
1912 1463 2035 1509 Unde,
2071 1475 2159 1499 cum
2189 1462 2323 1499 dicitur
2350 1462 2456 1510 quod

1389 1516 1495 1552 Deus
1523 1527 1603 1552 non
1639 1522 1764 1563 potest
1792 1515 1914 1552 facere
1957 1515 2028 1552 nisi
2060 1516 2165 1564 quod
2195 1515 2331 1563 debet,
2366 1515 2456 1552 nihil

1389 1568 1491 1605 aliud
1519 1567 1751 1616 significatur
1778 1568 1848 1605 nisi
1877 1568 1981 1617 quod
2010 1570 2116 1605 Deus
2144 1581 2223 1605 non
2250 1576 2375 1617 potest
2403 1569 2454 1604 fa-

1390 1633 1474 1658 cere
1503 1621 1572 1658 nisi
1601 1621 1706 1669 quod
1735 1621 1768 1657 ei
1797 1629 1851 1658 est
1880 1622 2111 1658 conveniens
2141 1629 2176 1658 et
2204 1621 2356 1658 iustum.
2379 1621 2456 1658 Sed

1389 1675 1465 1711 hoc
1499 1674 1605 1722 quod
1634 1674 1720 1711 dico
1750 1675 1972 1711 conveniens
2000 1680 2036 1711 et
2061 1675 2213 1720 iustum,
2250 1681 2374 1722 potest
2401 1674 2456 1711 in-

1390 1727 1502 1775 telligi
1531 1726 1847 1776 duplicsterfUno
1876 1727 2009 1775 modo,
2039 1727 2090 1764 sic
2115 1724 2227 1776 quod*
2247 1728 2322 1764 hoc
2350 1728 2456 1775 quod

1390 1781 1475 1818 dico
1505 1781 1727 1818 conveniens
1746 1786 1782 1817 et
1798 1777 1811 1803 ξ
1830 1781 1979 1826 iustum,
1999 1780 2104 1829 prius
2123 1780 2347 1828 intelligatur
2366 1793 2455 1817 con-

1389 1834 1492 1882 iungi
1521 1846 1610 1870 curn
1638 1834 1712 1870 hoc
1741 1834 1862 1870 verbo
1883 1840 1946 1879 est,
1966 1833 2017 1870 ita
2045 1833 2150 1881 quod
2174 1839 2187 1854 ⁰
2215 1833 2458 1881 restringatur

1391 1887 1440 1924 ad
1477 1887 1655 1924 standum
1688 1899 1759 1935 pro
1797 1886 2081 1935 praesentibus3
2113 1894 2148 1923 et
2186 1886 2238 1923 sic
2275 1887 2457 1923 referatur

1391 1940 1440 1977 ad
1467 1939 1690 1988 potentiam.
1712 1940 1762 1976 Et
1781 1939 1832 1976 sic
1861 1940 1997 1976 falsum
2018 1947 2072 1976 est
2099 1939 2204 1987 quod
2228 1939 2379 1976 dicitur:
2402 1947 2457 1976 est

1392 1993 1495 2030 enim
1524 2005 1675 2029 sensus:
1705 1993 1809 2030 Deus
1838 2005 1911 2029 non
1943 1998 2067 2040 potest
2085 1994 2224 2040 facere
2255 1993 2328 2029 nisi
2357 1993 2459 2040 quod

1392 2047 1504 2083 modo
1533 2045 1757 2082 conveniens
1785 2051 1840 2082 est
1865 2051 1900 2082 et
1927 2045 2076 2082 iustum.
2115 2045 2154 2082 Si
2181 2057 2277 2083 vero
2304 2045 2409 2094 prius
2437 2051 2456 2067 ⁷³

1393 2099 1643 2147 coniungatur
1671 2111 1760 2135 cum
1789 2099 1864 2135 hoc
1890 2098 2011 2135 verbo
2041 2104 2180 2146 potest,
2210 2098 2315 2147 quod
2343 2099 2458 2135 habet

1392 2152 1473 2190 vim
1502 2151 1730 2200 ampliandi,
1761 2159 1797 2187 et
1824 2151 2075 2200 postmodum
2105 2163 2193 2188 curn
2225 2152 2300 2188 hoc
2336 2151 2457 2188 verbo

1393 2211 1456 2252 est,
1478 2204 1747 2252 significabitur
1770 2210 1785 2234 Ρ
1803 2203 2002 2254 quoddam
2030 2216 2210 2253 praesens
2240 2204 2457 2241 confusum:

1395 2266 1430 2295 et
1468 2258 1536 2295 erit
1568 2257 1708 2294 locutio
1743 2269 1856 2305 vera,
1887 2257 1957 2294 sub
1985 2257 2060 2293 hoc
2089 2269 2223 2294 sensu:
2251 2258 2355 2294 Deus
2384 2269 2458 2294 non

1387 2317 1512 2359 potest
1529 2311 1671 2359 facere
1699 2310 1771 2347 nisi
1797 2311 1837 2347 id
1862 2310 1976 2359 quod,
2005 2310 2039 2346 si
2057 2311 2224 2358 faceret,
2255 2316 2348 2347 esset
2374 2322 2461 2346 con-

1393 2364 1546 2401 veniens
1574 2369 1610 2400 et
1637 2363 1785 2399 iustum.

1448 2419 1506 2453 AD
1526 2428 1686 2453 TERTiuM
1706 2427 1889 2453 D1CENDUM
1910 2415 2031 2464 quod,
2060 2415 2145 2452 licet
2164 2415 2232 2452 iste
2252 2428 2383 2452 cursus
2404 2428 2461 2451 re-

1394 2483 1480 2507 rum
1501 2469 1546 2506 sit
1574 2469 1846 2506 determinatus
1872 2468 1948 2505 istis
1976 2469 2091 2505 rebus
2117 2481 2214 2517 quae
2234 2481 2336 2505 nunc
2360 2475 2458 2515 sunt,

1394 2536 1474 2560 non
1502 2530 1631 2559 tamen
1661 2522 1710 2558 ad
1737 2522 1839 2558 hunc
1869 2533 2021 2558 cursum
2040 2521 2218 2558 limitatur
2245 2521 2373 2558 divina
2402 2533 2461 2557 sa-

1393 2575 1536 2625 pientia
1564 2582 1599 2611 et
1626 2582 1805 2623 potestas.
1836 2573 1963 2621 Unde,
1993 2573 2078 2610 lieet
2114 2573 2192 2610 istis
2220 2575 2332 2610 rebus
2361 2586 2459 2622 quae

1394 2641 1496 2666 nunc
1524 2635 1611 2664 sunt
1638 2634 1672 2674 ⁰,
1698 2628 1821 2664 nullus
1851 2627 1945 2664 alius
1978 2639 2108 2663 cursus
2144 2635 2242 2664 esset
2270 2628 2394 2663 bonus
2424 2634 2461 2663 et

1396 2681 1641 2727 conveniens,
1662 2688 1790 2717 tamen
1817 2681 1923 2716 Deus
1950 2687 2080 2728 posset
2108 2679 2198 2717 alias
2227 2693 2286 2716 res
2314 2680 2457 2727 facere,

1395 2743 1431 2772 et
1458 2735 1575 2771 alium
1605 2733 1657 2770 eis
1685 2733 1885 2782 imponere
1914 2733 2099 2770 ordinem.

326 2850 352 2885 β)
372 2850 457 2884 quasi.
476 2864 494 2868 -
512 2849 574 2874 Om.
593 2848 666 2873 FGa.

325 2887 353 2921 τ)
371 2886 453 2912 enim.
469 2899 488 2903 -
507 2887 597 2909 autem
616 2884 680 2909 Pab-

327 2922 353 2955 δ)
372 2924 474 2947 certum
489 2920 619 2945 ordinem.
637 2934 657 2939 -
675 2918 883 2945 determinatum
901 2920 1022 2946 ordinem
1041 2921 1070 2952 B,
1089 2921 1210 2946 ordinem
1230 2921 1292 2946 Pub.

327 2958 350 2990 ε)
369 2957 402 2982 ab
422 2957 489 2988 ipsa.
509 2969 523 2974 -
544 2955 605 2980 Om.
624 2955 687 2980 Pab.

326 2992 352 3026 ζ)
372 2992 457 3018 aliud.
474 3005 494 3010 —
509 2991 582 3032 alius
599 2990 726 3031 ACDFG.

327 3029 354 3096 3))
372 3031 400 3088 {et
417 3026 1057 3094 &feftss‘1333?Lcss‘igessagtiefn‘ikf'sapientiae
1074 3061 1128 3087 FG.

325 3099 347 3140 ἰ)
370 3098 479 3123 Tamen.
497 3111 517 3116 —
538 3096 612 3122 Tunc
630 3097 661 3122 P.
677 3110 696 3116 -
714 3097 765 3121 Pro
783 3096 821 3120 ad
845 3096 909 3122 haec
926 3098 968 3122 vel
993 3097 1046 3127 illa,
1065 3097 1099 3122 ab
1118 3098 1166 3123 hoc
1185 3097 1226 3122 vel
1243 3097 1276 3122 ab
1296 3097 1342 3122 illo

275 3135 436 3202 mdffsbef.
453 3181 473 3187 -
491 3166 583 3192 divina
602 3147 666 3192 rab.

328 3204 357 3237 λ)
376 3203 448 3237 quia.
466 3217 485 3223 -
502 3202 565 3228 Om.
583 3203 729 3228 BCDEFG.
746 3216 765 3221 -
782 3203 850 3227 Ante
867 3202 1028 3228 attribuitur
1045 3203 1090 3228 BD
1109 3204 1207 3228 addunt
1224 3206 1324 3228 autem.

1447 2849 1475 2883 μ)
1495 2849 1543 2874 hoc
1563 2849 1663 2874 dieitur
1682 2848 1756 2872 Deus
1770 2854 1850 2879 posse
1861 2848 1965 2880 facere.
1984 2860 2003 2865 -
2021 2847 2120 2872 dicitur
2134 2853 2214 2878 posse
2238 2846 2352 2876 codices;
2365 2847 2460 2880 facere

1394 2885 1564 2952 om.v)ag:go·
1582 2933 1598 2937 —
1613 2919 1674 2944 Om.
1688 2918 1799 2943 codices.
1817 2931 1836 2936 -
1854 2924 1923 2949 quae
1941 2923 1999 2942 ante
2013 2917 2161 2950 praescivit
2179 2925 2232 2941 om.
2245 2917 2320 2941 codd.
2335 2922 2360 2941 et
2378 2917 2418 2941 ed.
2432 2924 2458 2941 a.

1449 2953 1472 2987 ξ)
1492 2958 1526 2979 et.
1544 2968 1563 2973 -
1582 2954 1622 2979 vel
1641 2953 1742 2978 codices
1763 2958 1788 2978 et
1806 2953 1856 2978 ab.
1875 2966 1893 2970 —
1911 2953 1962 2977 Pro
1983 2953 2063 2985 prius
2082 2952 2262 2985 intelligatur,
2278 2952 2398 2984 primum
2418 2952 2461 2976 in-

1396 2990 1536 3023 telligatur
1554 2990 1583 3020 F,
1595 2988 1833 3021 praeintelligatur
1852 2988 1910 3012 edd.
1923 2995 1940 3012 a
1950 2988 1974 3012 b.

1449 3026 1474 3057 ο)
1495 3025 1533 3050 ita
1551 3025 1630 3057 quod.
1643 3038 1662 3044 -
1675 3031 1754 3056 quam
1767 3023 1899 3056 ACEGpF
1915 3028 1940 3048 et
1959 3024 2000 3048 ed.
2011 3030 2037 3052 a,
2051 3030 2102 3055 quo
2120 3023 2150 3053 B,
2165 3022 2236 3055 quod
2253 3022 2312 3046 DsF
2331 3027 2356 3046 et
2374 3022 2414 3046 ed.
2429 3021 2453 3046 b.

1449 3061 1479 3093 π)
1499 3060 1530 3084 Si
1549 3067 1611 3084 vero
1627 3060 1715 3092 prius.
1734 3073 1753 3078 -
1771 3059 1803 3083 Si
1821 3065 1884 3083 vero
1898 3058 2019 3090 primum
2039 3058 2093 3083 FG.
2106 3071 2126 3076 -
2139 3058 2189 3082 Pro
2207 3057 2279 3090 quod
2297 3057 2382 3087 habet,
2397 3064 2456 3082 cum

1397 3095 1698 3164 hoep?asbi}tni}·cabitur.
1715 3143 1735 3148 -
1751 3129 1920 3163 significatur
1939 3129 2049 3154 codices.
2061 3141 2080 3148 ·-
2098 3129 2149 3152 Pro
2163 3135 2292 3160 praesens
2310 3128 2457 3161 confusum,

1397 3167 1505 3192 verbum
1522 3172 1652 3197 praesens
1670 3166 1809 3198 confusum
1828 3165 1857 3194 B,
1868 3171 1997 3196 praesens
2016 3167 2042 3189 et
2059 3164 2197 3197 confusum
2216 3163 2244 3187 P.

1451 3202 1475 3234 σ)
1497 3205 1567 3226 sunt.
1585 3200 1690 3233 -fiunt
1708 3200 1763 3225 Pal>
1781 3204 1807 3224 et
1825 3200 1935 3230 codices,
1954 3204 2061 3232 excepto
2080 3200 2109 3223 B.

957 3299 1288 3332 Commentafia
1311 3298 1560 3331 Cardinalis
1582 3296 1781 3329 Caietam·

338 3398 447 3419 nunus
466 3387 567 3418 clarus
583 3394 637 3419 est.
654 3406 676 3411 -
689 3388 725 3418 In
749 3397 882 3429 corpore
905 3387 962 3418 tria
985 3387 1071 3418 facit:
1094 3387 1208 3427 primo,
1233 3393 1344 3418 tractat

280 3401 502 3473 Tquandam
524 3431 727 3472 opinionem;
751 3432 908 3469 secundo,
933 3438 1042 3463 tractat
1064 3431 1158 3462 aliam
1177 3431 1213 3467 *3
1238 3431 1342 3467 tertio,

277 3476 448 3517 respondet
470 3475 613 3517 quaesito
631 3475 658 3506 *.

330 3521 368 3551 11.
386 3520 503 3558 Quoad
521 3520 676 3559 primum,
697 3519 808 3560 opinio
831 3520 990 3560 quaedam
1012 3528 1142 3550 erronea
1165 3525 1250 3550 tenet
1273 3529 1344 3560 par-

279 3571 345 3596 tem
367 3564 561 3604 negativam:
582 3563 663 3604 quia⁴
680 3570 765 3594 tenet
782 3564 888 3595 Deum
911 3574 1001 3604 agere
1025 3574 1062 3594 ex
1084 3563 1266 3594 necessitate
1290 3574 1343 3594 na-

279 3615 378 3640 turae.
395 3609 436 3639 Et
455 3608 628 3639 declaratur
642 3617 679 3638 ex
694 3607 817 3638 actione
835 3609 1037 3644 naturalium,
1055 3607 1343 3648 proportionaliter.

423 3670 533 3695 Smnms
552 3669 654 3694 Timor..
674 3669 705 3694 D.
723 3668 838 3694 ”runnu
855 3670 888 3695 T.
907 3670 925 3694 1.

1398 3387 1440 3417 Et
1461 3386 1588 3417 tandem
1613 3384 1862 3425 reprehenditur:
1882 3384 1957 3425 quia
1976 3383 2054 3414 falso
2079 3382 2222 3413 innititur
2239 3382 2458 3419 fundamento,

1399 3438 1435 3461 ut
1457 3436 1542 3470 patet
1565 3439 1601 3460 ex
1625 3429 1714 3459 dictis
1728 3429 1761 3459 in
1780 3439 1834 3469 qu.
1849 3438 1913 3464 xrx,
1936 3427 1991 3458 ubi
2014 3434 2145 3467 uterque
2169 3427 2286 3457 modus
2310 3427 2460 3458 naturalis

1399 3473 1604 3509 necessitatis,
1629 3473 1746 3503 scilicet
1769 3478 1912 3512 spectans
1936 3472 1974 3502 ad
1998 3478 2159 3507 naturam,
2191 3478 2222 3501 et
2253 3478 2396 3511 spectans
2420 3471 2459 3501 ad

1399 3519 1605 3553 voluntatem,
1631 3527 1649 3547 a
1673 3517 1776 3547 divina
1800 3517 1922 3547 actione
1945 3522 2086 3546 remotus
2110 3522 2165 3546 est.

1453 3563 1505 3593 111.
1526 3562 1643 3599 Quoad
1665 3561 1838 3591 secundum
1853 3560 1879 3596 *‚
1897 3559 1954 3590 tria
1970 3559 2112 3590 ordinate
2132 3558 2215 3590 facit.
2234 3558 2353 3595 Primo,
2370 3558 2460 3599 ponit

1400 3608 1501 3647 ipsam
1518 3605 1714 3646 opinionem,
1734 3611 1893 3635 tenentem
1909 3614 2039 3644 quoque
2054 3610 2176 3644 partem
2195 3603 2384 3643 negativam:
2405 3602 2459 3633 sed

2285 3664 2315 3689 38

2479 361 2487 368 ¹
2502 359 2531 381 D.
2546 365 2593 387 5⁰¹·

2572 386 2590 412 λ

2485 3562 2495 3572 “
2512 3561 2548 3584 Cf.
2564 3567 2628 3582 num.
2642 3566 2659 3582 Ι.
