<?xml version="1.0" encoding="UTF-8"?>
<!DOCTYPE html PUBLIC "-//W3C//DTD XHTML 1.0 Transitional//EN"
    "http://www.w3.org/TR/xhtml1/DTD/xhtml1-transitional.dtd">
<html xmlns="http://www.w3.org/1999/xhtml" xml:lang="en" lang="en">
 <head>
  <title>
</title>
<meta http-equiv="Content-Type" content="text/html;charset=utf-8" />
  <meta name='ocr-system' content='tesseract 3.04.00' />
  <meta name='ocr-capabilities' content='ocr_page ocr_carea ocr_par ocr_line ocrx_word'/>
</head>
<body>
  <div class='ocr_page' id='page_1' title='image "./operaomniaiussui04thom/operaomniaiussui04thom_0031.png"; bbox 0 0 2768 4178; ppageno 0'>
   <div class='ocr_carea' id='block_1_1' title="bbox 0 0 106 1423">
    <p class='ocr_par' dir='ltr' id='par_1_1' title="bbox 0 0 106 1423">
     <span class='ocr_line' id='line_1_1' title="bbox 0 0 106 1273; baseline 0 -39"><span class='ocrx_word' id='word_1_1' title='bbox 0 0 106 1273; x_wconf 95' lang='lat' dir='ltr'>  </span> 
     </span>
     <span class='ocr_line' id='line_1_2' title="bbox 0 1273 102 1383; baseline 0 -18"><span class='ocrx_word' id='word_1_2' title='bbox 0 1273 102 1383; x_wconf 95' lang='lat' dir='ltr'>   </span> 
     </span>
     <span class='ocr_line' id='line_1_3' title="bbox 0 1383 105 1423; baseline 0 2755"><span class='ocrx_word' id='word_1_3' title='bbox 0 1383 105 1423; x_wconf 95' lang='lat' dir='ltr'> </span> 
     </span>
    </p>
   </div>
   <div class='ocr_carea' id='block_1_2' title="bbox 72 1393 213 1416">
    <p class='ocr_par' dir='ltr' id='par_1_2' title="bbox 72 1393 213 1420">
     <span class='ocr_line' id='line_1_4' title="bbox 72 1393 213 1416; baseline -0.014 -3"><span class='ocrx_word' id='word_1_4' title='bbox 72 1412 80 1416; x_wconf 68' lang='grc'>,,</span> <span class='ocrx_word' id='word_1_5' title='bbox 105 1393 175 1413; x_wconf 69' lang='lat' dir='ltr'>m·</span> <span class='ocrx_word' id='word_1_6' title='bbox 189 1394 213 1411; x_wconf 69' lang='grc' dir='ltr'>ΙΙ.</span> 
     </span>
    </p>
   </div>
   <div class='ocr_carea' id='block_1_3' title="bbox 58 1443 111 1456">
    <p class='ocr_par' dir='ltr' id='par_1_3' title="bbox 58 1443 111 1456">
     <span class='ocr_line' id='line_1_5' title="bbox 58 1443 111 1456; baseline 0.019 -1"><span class='ocrx_word' id='word_1_7' title='bbox 58 1445 69 1456; x_wconf 68' lang='grc' dir='ltr'>,ἰ</span> <span class='ocrx_word' id='word_1_8' title='bbox 77 1443 111 1456; x_wconf 51' lang='lat' dir='ltr'>&#39;‘u-</span> 
     </span>
    </p>
   </div>
   <div class='ocr_carea' id='block_1_4' title="bbox 0 1423 256 4178">
    <p class='ocr_par' dir='ltr' id='par_1_4' title="bbox 0 1423 256 4178">
     <span class='ocr_line' id='line_1_6' title="bbox 0 1423 256 4178; baseline 0 0"><span class='ocrx_word' id='word_1_9' title='bbox 0 1423 256 4178; x_wconf 95' lang='lat' dir='ltr'> </span> 
     </span>
    </p>
   </div>
   <div class='ocr_carea' id='block_1_5' title="bbox 1003 230 2475 285">
    <p class='ocr_par' dir='ltr' id='par_1_5' title="bbox 1003 230 2475 285">
     <span class='ocr_line' id='line_1_7' title="bbox 1003 230 2475 285; baseline -0.001 -9"><span class='ocrx_word' id='word_1_10' title='bbox 1003 238 1272 285; x_wconf 80' lang='lat' dir='ltr'>QUAEST10</span> <span class='ocrx_word' id='word_1_11' title='bbox 1304 238 1335 284; x_wconf 88' lang='grc' dir='ltr'>ι,</span> <span class='ocrx_word' id='word_1_12' title='bbox 1365 238 1663 275; x_wconf 84' lang='lat' dir='ltr'><strong>ARTICULUS</strong></span> <span class='ocrx_word' id='word_1_13' title='bbox 1694 240 1742 275; x_wconf 88' lang='lat'>111</span> <span class='ocrx_word' id='word_1_14' title='bbox 2229 230 2231 232; x_wconf 79' lang='grc'><strong>’</strong></span> <span class='ocrx_word' id='word_1_15' title='bbox 2433 239 2475 275; x_wconf 88' lang='lat'>13</span> 
     </span>
    </p>
   </div>
   <div class='ocr_carea' id='block_1_6' title="bbox 274 315 1349 444">
    <p class='ocr_par' dir='ltr' id='par_1_6' title="bbox 274 315 1349 444">
     <span class='ocr_line' id='line_1_8' title="bbox 275 315 1347 361; baseline -0.004 -11"><span class='ocrx_word' id='word_1_16' title='bbox 275 319 366 361; x_wconf 92' lang='lat' dir='ltr'>quod</span> <span class='ocrx_word' id='word_1_17' title='bbox 382 319 478 350; x_wconf 89' lang='lat' dir='ltr'>altera</span> <span class='ocrx_word' id='word_1_18' title='bbox 493 324 539 349; x_wconf 91' lang='lat' dir='ltr'>est</span> <span class='ocrx_word' id='word_1_19' title='bbox 555 317 670 349; x_wconf 90' lang='lat' dir='ltr'>obiecti</span> <span class='ocrx_word' id='word_1_20' title='bbox 686 324 722 349; x_wconf 89' lang='lat' dir='ltr'>ut</span> <span class='ocrx_word' id='word_1_21' title='bbox 737 315 900 348; x_wconf 85' lang='lat' dir='ltr'>obiectum</span> <span class='ocrx_word' id='word_1_22' title='bbox 916 322 971 347; x_wconf 91' lang='lat' dir='ltr'>est.</span> <span class='ocrx_word' id='word_1_23' title='bbox 996 317 1037 347; x_wconf 86' lang='lat' dir='ltr'>Et</span> <span class='ocrx_word' id='word_1_24' title='bbox 1051 316 1217 357; x_wconf 89' lang='lat' dir='ltr'>quoniam,</span> <span class='ocrx_word' id='word_1_25' title='bbox 1235 326 1347 358; x_wconf 89' lang='lat' dir='ltr'>quem-</span> 
     </span>
     <span class='ocr_line' id='line_1_9' title="bbox 274 361 1347 403; baseline -0.003 -9"><span class='ocrx_word' id='word_1_26' title='bbox 274 363 454 394; x_wconf 82' lang='lat' dir='ltr'>admodum</span> <span class='ocrx_word' id='word_1_27' title='bbox 470 373 581 394; x_wconf 91' lang='lat' dir='ltr'>sensus</span> <span class='ocrx_word' id='word_1_28' title='bbox 598 362 802 403; x_wconf 83' lang='lat' dir='ltr'>distinguitur</span> <span class='ocrx_word' id='word_1_29' title='bbox 825 361 1004 392; x_wconf 87' lang='lat' dir='ltr'>secundum</span> <span class='ocrx_word' id='word_1_30' title='bbox 1025 361 1259 392; x_wconf 87' lang='lat' dir='ltr'>distinctionem</span> <span class='ocrx_word' id='word_1_31' title='bbox 1278 371 1347 391; x_wconf 89' lang='lat' dir='ltr'>sen-</span> 
     </span>
     <span class='ocr_line' id='line_1_10' title="bbox 274 405 1349 444; baseline -0.003 -5"><span class='ocrx_word' id='word_1_32' title='bbox 274 408 374 439; x_wconf 89' lang='lat' dir='ltr'>sibilis</span> <span class='ocrx_word' id='word_1_33' title='bbox 398 414 434 439; x_wconf 91' lang='lat' dir='ltr'>ut</span> <span class='ocrx_word' id='word_1_34' title='bbox 458 408 521 444; x_wconf 91' lang='lat' dir='ltr'>sic,</span> <span class='ocrx_word' id='word_1_35' title='bbox 555 407 599 439; x_wconf 90' lang='lat' dir='ltr'>ita</span> <span class='ocrx_word' id='word_1_36' title='bbox 621 406 751 438; x_wconf 86' lang='lat' dir='ltr'>scientia</span> <span class='ocrx_word' id='word_1_37' title='bbox 774 405 924 436; x_wconf 88' lang='lat' dir='ltr'>dividitur</span> <span class='ocrx_word' id='word_1_38' title='bbox 957 406 1136 436; x_wconf 89' lang='lat' dir='ltr'>secundum</span> <span class='ocrx_word' id='word_1_39' title='bbox 1159 405 1349 436; x_wconf 91' lang='lat' dir='ltr'>divisionem</span> 
     </span>
    </p>
   </div>
   <div class='ocr_carea' id='block_1_7' title="bbox 166 449 1350 492">
    <p class='ocr_par' dir='ltr' id='par_1_7' title="bbox 166 449 1350 492">
     <span class='ocr_line' id='line_1_11' title="bbox 166 449 1350 492; baseline -0.005 -7"><span class='ocrx_word' id='word_1_40' title='bbox 166 474 174 487; x_wconf 38' lang='lat' dir='ltr'>t</span> <span class='ocrx_word' id='word_1_41' title='bbox 210 463 222 476; x_wconf 26' lang='grc' dir='ltr'>τ’</span> <span class='ocrx_word' id='word_1_42' title='bbox 275 452 392 484; x_wconf 88' lang='lat' dir='ltr'>scibilis</span> <span class='ocrx_word' id='word_1_43' title='bbox 415 459 452 483; x_wconf 90' lang='lat' dir='ltr'>ut</span> <span class='ocrx_word' id='word_1_44' title='bbox 474 452 532 489; x_wconf 88' lang='lat' dir='ltr'>sic;</span> <span class='ocrx_word' id='word_1_45' title='bbox 564 451 608 483; x_wconf 90' lang='lat' dir='ltr'>ita</span> <span class='ocrx_word' id='word_1_46' title='bbox 630 451 720 492; x_wconf 92' lang='lat' dir='ltr'>quod</span> <span class='ocrx_word' id='word_1_47' title='bbox 743 450 798 482; x_wconf 91' lang='lat' dir='ltr'>ubi</span> <span class='ocrx_word' id='word_1_48' title='bbox 822 457 869 481; x_wconf 91' lang='lat' dir='ltr'>est</span> <span class='ocrx_word' id='word_1_49' title='bbox 892 460 957 481; x_wconf 89' lang='lat' dir='ltr'>una</span> <span class='ocrx_word' id='word_1_50' title='bbox 980 449 1100 490; x_wconf 90' lang='lat' dir='ltr'>species</span> <span class='ocrx_word' id='word_1_51' title='bbox 1124 450 1350 490; x_wconf 89' lang='lat' dir='ltr'>specialissima</span> 
     </span>
    </p>
   </div>
   <div class='ocr_carea' id='block_1_8' title="bbox 272 494 1350 840">
    <p class='ocr_par' dir='ltr' id='par_1_8' title="bbox 272 494 1350 840">
     <span class='ocr_line' id='line_1_12' title="bbox 275 494 1347 537; baseline -0.003 -9"><span class='ocrx_word' id='word_1_52' title='bbox 275 497 410 533; x_wconf 87' lang='lat' dir='ltr'>scibilis,</span> <span class='ocrx_word' id='word_1_53' title='bbox 435 496 479 527; x_wconf 94' lang='lat' dir='ltr'>ibi</span> <span class='ocrx_word' id='word_1_54' title='bbox 503 502 631 537; x_wconf 88' lang='lat' dir='ltr'>oportet</span> <span class='ocrx_word' id='word_1_55' title='bbox 653 505 721 526; x_wconf 89' lang='lat' dir='ltr'>esse</span> <span class='ocrx_word' id='word_1_56' title='bbox 744 505 844 526; x_wconf 90' lang='lat' dir='ltr'>unam</span> <span class='ocrx_word' id='word_1_57' title='bbox 866 501 993 526; x_wconf 89' lang='lat' dir='ltr'>tantum</span> <span class='ocrx_word' id='word_1_58' title='bbox 1016 494 1155 535; x_wconf 90' lang='lat' dir='ltr'>speciem</span> <span class='ocrx_word' id='word_1_59' title='bbox 1179 494 1347 531; x_wconf 88' lang='lat' dir='ltr'>scientiae,</span> 
     </span>
     <span class='ocr_line' id='line_1_13' title="bbox 275 539 1349 583; baseline -0.003 -11"><span class='ocrx_word' id='word_1_60' title='bbox 275 541 556 583; x_wconf 82' lang='lat' dir='ltr'>quemadmodum</span> <span class='ocrx_word' id='word_1_61' title='bbox 578 540 674 572; x_wconf 88' lang='lat' dir='ltr'>etiam</span> <span class='ocrx_word' id='word_1_62' title='bbox 696 539 731 570; x_wconf 90' lang='lat' dir='ltr'>in</span> <span class='ocrx_word' id='word_1_63' title='bbox 754 549 849 570; x_wconf 90' lang='lat' dir='ltr'>sensu</span> <span class='ocrx_word' id='word_1_64' title='bbox 873 546 904 570; x_wconf 92' lang='lat' dir='ltr'>et</span> <span class='ocrx_word' id='word_1_65' title='bbox 927 539 1066 570; x_wconf 86' lang='lat' dir='ltr'>sensibili</span> <span class='ocrx_word' id='word_1_66' title='bbox 1090 539 1218 575; x_wconf 85' lang='lat' dir='ltr'>accidit;</span> <span class='ocrx_word' id='word_1_67' title='bbox 1245 546 1275 570; x_wconf 89' lang='lat' dir='ltr'>et</span> <span class='ocrx_word' id='word_1_68' title='bbox 1294 540 1349 570; x_wconf 88' lang='lat' dir='ltr'>ubi</span> 
     </span>
     <span class='ocr_line' id='line_1_14' title="bbox 275 583 1350 627; baseline -0.003 -10"><span class='ocrx_word' id='word_1_69' title='bbox 275 586 383 627; x_wconf 92' lang='lat' dir='ltr'>plures</span> <span class='ocrx_word' id='word_1_70' title='bbox 407 585 598 616; x_wconf 82' lang='lat' dir='ltr'>differentiae</span> <span class='ocrx_word' id='word_1_71' title='bbox 621 583 737 616; x_wconf 83' lang='lat' dir='ltr'>scibilis</span> <span class='ocrx_word' id='word_1_72' title='bbox 753 591 790 615; x_wconf 91' lang='lat' dir='ltr'>ut</span> <span class='ocrx_word' id='word_1_73' title='bbox 805 584 850 615; x_wconf 90' lang='lat' dir='ltr'>sic</span> <span class='ocrx_word' id='word_1_74' title='bbox 873 584 1083 625; x_wconf 89' lang='lat' dir='ltr'>reperiuntur,</span> <span class='ocrx_word' id='word_1_75' title='bbox 1102 584 1239 614; x_wconf 88' lang='lat' dir='ltr'>diversas</span> <span class='ocrx_word' id='word_1_76' title='bbox 1257 594 1350 625; x_wconf 90' lang='lat' dir='ltr'>opor-</span> 
     </span>
     <span class='ocr_line' id='line_1_15' title="bbox 274 628 1350 670; baseline -0.003 -8"><span class='ocrx_word' id='word_1_77' title='bbox 274 638 320 662; x_wconf 88' lang='lat' dir='ltr'>tet</span> <span class='ocrx_word' id='word_1_78' title='bbox 343 630 491 662; x_wconf 80' lang='lat' dir='ltr'>scientiae</span> <span class='ocrx_word' id='word_1_79' title='bbox 514 629 635 670; x_wconf 85' lang='lat' dir='ltr'>species</span> <span class='ocrx_word' id='word_1_80' title='bbox 658 638 798 670; x_wconf 86' lang='lat' dir='ltr'>ponere:</span> <span class='ocrx_word' id='word_1_81' title='bbox 823 636 855 660; x_wconf 89' lang='lat' dir='ltr'>et</span> <span class='ocrx_word' id='word_1_82' title='bbox 878 629 904 659; x_wconf 91' lang='lat' dir='ltr'>si</span> <span class='ocrx_word' id='word_1_83' title='bbox 928 629 977 659; x_wconf 90' lang='lat' dir='ltr'>his</span> <span class='ocrx_word' id='word_1_84' title='bbox 993 629 1172 659; x_wconf 87' lang='lat' dir='ltr'>adiunxeris</span> <span class='ocrx_word' id='word_1_85' title='bbox 1188 629 1279 669; x_wconf 90' lang='lat' dir='ltr'>quod</span> <span class='ocrx_word' id='word_1_86' title='bbox 1294 628 1350 659; x_wconf 91' lang='lat' dir='ltr'>dif—</span> 
     </span>
     <span class='ocr_line' id='line_1_16' title="bbox 275 671 1349 718; baseline -0.002 -12"><span class='ocrx_word' id='word_1_87' title='bbox 275 675 425 718; x_wconf 81' lang='lat' dir='ltr'>ferentiae</span> <span class='ocrx_word' id='word_1_88' title='bbox 441 674 558 718; x_wconf 84' lang='lat' dir='ltr'>scibilis</span> <span class='ocrx_word' id='word_1_89' title='bbox 568 671 610 705; x_wconf 39' lang='lat' dir='ltr'>*ut</span> <span class='ocrx_word' id='word_1_90' title='bbox 623 674 678 710; x_wconf 89' lang='lat' dir='ltr'>sic,</span> <span class='ocrx_word' id='word_1_91' title='bbox 703 681 779 705; x_wconf 87' lang='lat' dir='ltr'>sunt</span> <span class='ocrx_word' id='word_1_92' title='bbox 800 673 889 714; x_wconf 80' lang='lat' dir='ltr'>ipsae</span> <span class='ocrx_word' id='word_1_93' title='bbox 910 673 1050 704; x_wconf 90' lang='lat' dir='ltr'>rationes</span> <span class='ocrx_word' id='word_1_94' title='bbox 1067 673 1218 704; x_wconf 85' lang='lat' dir='ltr'>formales</span> <span class='ocrx_word' id='word_1_95' title='bbox 1234 673 1349 704; x_wconf 86' lang='lat' dir='ltr'>obiecti</span> 
     </span>
     <span class='ocr_line' id='line_1_17' title="bbox 274 718 1349 759; baseline -0.002 -9"><span class='ocrx_word' id='word_1_96' title='bbox 274 719 392 751; x_wconf 86' lang='lat' dir='ltr'>scibilis</span> <span class='ocrx_word' id='word_1_97' title='bbox 415 725 451 750; x_wconf 89' lang='lat' dir='ltr'>ut</span> <span class='ocrx_word' id='word_1_98' title='bbox 466 719 628 750; x_wconf 88' lang='lat' dir='ltr'>obiectum</span> <span class='ocrx_word' id='word_1_99' title='bbox 645 725 706 750; x_wconf 86' lang='lat' dir='ltr'>est:</span> <span class='ocrx_word' id='word_1_100' title='bbox 725 719 765 749; x_wconf 91' lang='lat' dir='ltr'>de</span> <span class='ocrx_word' id='word_1_101' title='bbox 781 718 964 749; x_wconf 84' lang='lat' dir='ltr'>necessitate</span> <span class='ocrx_word' id='word_1_102' title='bbox 981 718 1124 759; x_wconf 86' lang='lat' dir='ltr'>sequitur</span> <span class='ocrx_word' id='word_1_103' title='bbox 1140 718 1230 759; x_wconf 93' lang='lat' dir='ltr'>quod</span> <span class='ocrx_word' id='word_1_104' title='bbox 1246 718 1349 749; x_wconf 88' lang='lat' dir='ltr'>unitas</span> 
     </span>
     <span class='ocr_line' id='line_1_18' title="bbox 274 762 1348 806; baseline -0.002 -11"><span class='ocrx_word' id='word_1_105' title='bbox 274 771 308 795; x_wconf 89' lang='lat' dir='ltr'>et</span> <span class='ocrx_word' id='word_1_106' title='bbox 336 762 498 795; x_wconf 88' lang='lat' dir='ltr'>diversitas</span> <span class='ocrx_word' id='word_1_107' title='bbox 529 762 674 806; x_wconf 88' lang='lat' dir='ltr'>specifica</span> <span class='ocrx_word' id='word_1_108' title='bbox 698 763 900 794; x_wconf 86' lang='lat' dir='ltr'>scientiarum</span> <span class='ocrx_word' id='word_1_109' title='bbox 924 763 1126 794; x_wconf 84' lang='lat' dir='ltr'>attendantur</span> <span class='ocrx_word' id='word_1_110' title='bbox 1153 773 1250 804; x_wconf 90' lang='lat' dir='ltr'>penes</span> <span class='ocrx_word' id='word_1_111' title='bbox 1279 763 1348 794; x_wconf 93' lang='lat' dir='ltr'>uni-</span> 
     </span>
     <span class='ocr_line' id='line_1_19' title="bbox 272 807 1350 840; baseline -0.001 -1"><span class='ocrx_word' id='word_1_112' title='bbox 272 814 372 840; x_wconf 88' lang='lat' dir='ltr'>tatem</span> <span class='ocrx_word' id='word_1_113' title='bbox 395 814 428 839; x_wconf 92' lang='lat' dir='ltr'>et</span> <span class='ocrx_word' id='word_1_114' title='bbox 452 808 666 839; x_wconf 81' lang='lat' dir='ltr'>diversitatem</span> <span class='ocrx_word' id='word_1_115' title='bbox 690 808 854 839; x_wconf 87' lang='lat' dir='ltr'>rationum</span> <span class='ocrx_word' id='word_1_116' title='bbox 877 807 1064 839; x_wconf 85' lang='lat' dir='ltr'>formalium</span> <span class='ocrx_word' id='word_1_117' title='bbox 1088 808 1289 839; x_wconf 89' lang='lat' dir='ltr'>obiectorum</span> <span class='ocrx_word' id='word_1_118' title='bbox 1314 815 1350 838; x_wconf 92' lang='lat' dir='ltr'>ut</span> 
     </span>
    </p>
   </div>
   <div class='ocr_carea' id='block_1_9' title="bbox 259 848 1349 894">
    <p class='ocr_par' dir='ltr' id='par_1_9' title="bbox 259 848 1349 894">
     <span class='ocr_line' id='line_1_20' title="bbox 259 848 1349 894; baseline -0.001 -10"><span class='ocrx_word' id='word_1_119' title='bbox 259 852 399 884; x_wconf 74' lang='lat' dir='ltr'>obiecta</span> <span class='ocrx_word' id='word_1_120' title='bbox 419 859 510 889; x_wconf 85' lang='lat' dir='ltr'>sunt;</span> <span class='ocrx_word' id='word_1_121' title='bbox 534 848 598 890; x_wconf 70' lang='lat' dir='ltr'>vel,</span> <span class='ocrx_word' id='word_1_122' title='bbox 611 853 702 894; x_wconf 91' lang='lat' dir='ltr'>quod</span> <span class='ocrx_word' id='word_1_123' title='bbox 725 853 812 884; x_wconf 90' lang='lat' dir='ltr'>idem</span> <span class='ocrx_word' id='word_1_124' title='bbox 835 859 891 889; x_wconf 87' lang='lat' dir='ltr'>est,</span> <span class='ocrx_word' id='word_1_125' title='bbox 912 853 1074 884; x_wconf 88' lang='lat' dir='ltr'>rationum</span> <span class='ocrx_word' id='word_1_126' title='bbox 1089 852 1274 884; x_wconf 89' lang='lat' dir='ltr'>formalium</span> <span class='ocrx_word' id='word_1_127' title='bbox 1290 853 1349 884; x_wconf 84' lang='lat' dir='ltr'>sub</span> 
     </span>
    </p>
   </div>
   <div class='ocr_carea' id='block_1_10' title="bbox 272 897 1350 1253">
    <p class='ocr_par' dir='ltr' id='par_1_10' title="bbox 272 897 1350 1162">
     <span class='ocr_line' id='line_1_21' title="bbox 272 897 1347 939; baseline -0.001 -11"><span class='ocrx_word' id='word_1_128' title='bbox 272 898 389 939; x_wconf 83' lang='lat' dir='ltr'>quibus</span> <span class='ocrx_word' id='word_1_129' title='bbox 411 906 460 928; x_wconf 85' lang='lat' dir='ltr'>res</span> <span class='ocrx_word' id='word_1_130' title='bbox 484 897 636 929; x_wconf 88' lang='lat' dir='ltr'>sciuntur.</span> <span class='ocrx_word' id='word_1_131' title='bbox 657 915 678 920; x_wconf 97' lang='lat'>—</span> <span class='ocrx_word' id='word_1_132' title='bbox 699 898 743 929; x_wconf 91' lang='lat' dir='ltr'>Et</span> <span class='ocrx_word' id='word_1_133' title='bbox 765 898 828 929; x_wconf 91' lang='lat' dir='ltr'>hoc</span> <span class='ocrx_word' id='word_1_134' title='bbox 852 904 899 928; x_wconf 89' lang='lat' dir='ltr'>est</span> <span class='ocrx_word' id='word_1_135' title='bbox 921 898 1011 939; x_wconf 91' lang='lat' dir='ltr'>quod</span> <span class='ocrx_word' id='word_1_136' title='bbox 1035 898 1067 928; x_wconf 88' lang='lat' dir='ltr'>in</span> <span class='ocrx_word' id='word_1_137' title='bbox 1091 898 1193 928; x_wconf 90' lang='lat' dir='ltr'>littera</span> <span class='ocrx_word' id='word_1_138' title='bbox 1217 898 1347 934; x_wconf 84' lang='lat' dir='ltr'>dicitur,</span> 
     </span>
     <span class='ocr_line' id='line_1_22' title="bbox 273 941 1348 984; baseline 0 -11"><span class='ocrx_word' id='word_1_139' title='bbox 273 942 355 974; x_wconf 88' lang='lat' dir='ltr'>dum</span> <span class='ocrx_word' id='word_1_140' title='bbox 377 942 457 974; x_wconf 82' lang='lat' dir='ltr'>ratio</span> <span class='ocrx_word' id='word_1_141' title='bbox 481 952 579 984; x_wconf 86' lang='lat' dir='ltr'>quare</span> <span class='ocrx_word' id='word_1_142' title='bbox 602 941 765 983; x_wconf 81' lang='lat' dir='ltr'>theologia</span> <span class='ocrx_word' id='word_1_143' title='bbox 788 943 828 974; x_wconf 86' lang='lat' dir='ltr'>sit</span> <span class='ocrx_word' id='word_1_144' title='bbox 851 952 916 973; x_wconf 89' lang='lat' dir='ltr'>una</span> <span class='ocrx_word' id='word_1_145' title='bbox 939 942 1086 979; x_wconf 85' lang='lat' dir='ltr'>scientia,</span> <span class='ocrx_word' id='word_1_146' title='bbox 1112 942 1289 983; x_wconf 86' lang='lat' dir='ltr'>assignatur</span> <span class='ocrx_word' id='word_1_147' title='bbox 1312 953 1348 973; x_wconf 88' lang='lat' dir='ltr'>ex</span> 
     </span>
     <span class='ocr_line' id='line_1_23' title="bbox 273 986 1347 1028; baseline 0 -10"><span class='ocrx_word' id='word_1_148' title='bbox 273 987 395 1019; x_wconf 85' lang='lat' dir='ltr'>unitate</span> <span class='ocrx_word' id='word_1_149' title='bbox 410 986 540 1018; x_wconf 75' lang='lat' dir='ltr'>rationis</span> <span class='ocrx_word' id='word_1_150' title='bbox 557 986 699 1018; x_wconf 88' lang='lat' dir='ltr'>formalis</span> <span class='ocrx_word' id='word_1_151' title='bbox 722 987 782 1018; x_wconf 86' lang='lat' dir='ltr'>sub</span> <span class='ocrx_word' id='word_1_152' title='bbox 804 997 879 1028; x_wconf 86' lang='lat' dir='ltr'>qua,</span> <span class='ocrx_word' id='word_1_153' title='bbox 905 997 961 1018; x_wconf 91' lang='lat' dir='ltr'>seu</span> <span class='ocrx_word' id='word_1_154' title='bbox 985 987 1099 1018; x_wconf 91' lang='lat' dir='ltr'>obiecti</span> <span class='ocrx_word' id='word_1_155' title='bbox 1123 994 1160 1018; x_wconf 93' lang='lat' dir='ltr'>ut</span> <span class='ocrx_word' id='word_1_156' title='bbox 1175 987 1347 1023; x_wconf 86' lang='lat' dir='ltr'>obiectum,</span> 
     </span>
     <span class='ocr_line' id='line_1_24' title="bbox 272 1031 1350 1063; baseline 0 -1"><span class='ocrx_word' id='word_1_157' title='bbox 272 1031 355 1063; x_wconf 84' lang='lat' dir='ltr'>idest</span> <span class='ocrx_word' id='word_1_158' title='bbox 376 1031 508 1062; x_wconf 87' lang='lat' dir='ltr'>luminis</span> <span class='ocrx_word' id='word_1_159' title='bbox 532 1031 656 1063; x_wconf 90' lang='lat' dir='ltr'>divinae</span> <span class='ocrx_word' id='word_1_160' title='bbox 684 1032 904 1063; x_wconf 89' lang='lat' dir='ltr'>revelationis:</span> <span class='ocrx_word' id='word_1_161' title='bbox 937 1031 1047 1062; x_wconf 90' lang='lat' dir='ltr'>omnia</span> <span class='ocrx_word' id='word_1_162' title='bbox 1079 1032 1166 1062; x_wconf 88' lang='lat' dir='ltr'>enim</span> <span class='ocrx_word' id='word_1_163' title='bbox 1200 1032 1350 1062; x_wconf 90' lang='lat' dir='ltr'>dicuntur</span> 
     </span>
     <span class='ocr_line' id='line_1_25' title="bbox 273 1076 1348 1118; baseline -0.002 -10"><span class='ocrx_word' id='word_1_164' title='bbox 273 1076 465 1108; x_wconf 89' lang='lat' dir='ltr'>considerari</span> <span class='ocrx_word' id='word_1_165' title='bbox 488 1076 520 1106; x_wconf 90' lang='lat' dir='ltr'>in</span> <span class='ocrx_word' id='word_1_166' title='bbox 545 1076 708 1117; x_wconf 85' lang='lat' dir='ltr'>theologia</span> <span class='ocrx_word' id='word_1_167' title='bbox 731 1077 924 1118; x_wconf 86' lang='lat' dir='ltr'>inquantum</span> <span class='ocrx_word' id='word_1_168' title='bbox 953 1083 1028 1108; x_wconf 91' lang='lat' dir='ltr'>sunt</span> <span class='ocrx_word' id='word_1_169' title='bbox 1058 1076 1208 1107; x_wconf 85' lang='lat' dir='ltr'>divinitus</span> <span class='ocrx_word' id='word_1_170' title='bbox 1233 1076 1348 1107; x_wconf 90' lang='lat' dir='ltr'>revela-</span> 
     </span>
     <span class='ocr_line' id='line_1_26' title="bbox 273 1120 1271 1162; baseline -0.001 -10"><span class='ocrx_word' id='word_1_171' title='bbox 273 1120 359 1152; x_wconf 79' lang='lat' dir='ltr'>bilia.</span> <span class='ocrx_word' id='word_1_172' title='bbox 375 1121 418 1152; x_wconf 86' lang='lat' dir='ltr'>Et</span> <span class='ocrx_word' id='word_1_173' title='bbox 433 1121 477 1152; x_wconf 91' lang='lat' dir='ltr'>sic</span> <span class='ocrx_word' id='word_1_174' title='bbox 493 1127 580 1162; x_wconf 88' lang='lat' dir='ltr'>patet</span> <span class='ocrx_word' id='word_1_175' title='bbox 595 1121 642 1152; x_wconf 92' lang='lat' dir='ltr'>vis</span> <span class='ocrx_word' id='word_1_176' title='bbox 659 1128 690 1152; x_wconf 92' lang='lat' dir='ltr'>et</span> <span class='ocrx_word' id='word_1_177' title='bbox 705 1131 816 1152; x_wconf 90' lang='lat' dir='ltr'>sensus</span> <span class='ocrx_word' id='word_1_178' title='bbox 832 1121 963 1152; x_wconf 86' lang='lat' dir='ltr'>rationis</span> <span class='ocrx_word' id='word_1_179' title='bbox 979 1121 1091 1152; x_wconf 87' lang='lat' dir='ltr'>allatae</span> <span class='ocrx_word' id='word_1_180' title='bbox 1107 1121 1140 1151; x_wconf 89' lang='lat' dir='ltr'>in</span> <span class='ocrx_word' id='word_1_181' title='bbox 1159 1121 1271 1151; x_wconf 88' lang='lat' dir='ltr'>littera.</span> 
     </span>
    </p>

    <p class='ocr_par' dir='ltr' id='par_1_11' title="bbox 273 1165 1349 1253">
     <span class='ocr_line' id='line_1_27' title="bbox 333 1165 1348 1206; baseline -0.001 -10"><span class='ocrx_word' id='word_1_182' title='bbox 333 1165 386 1197; x_wconf 88' lang='lat' dir='ltr'>vl.</span> <span class='ocrx_word' id='word_1_183' title='bbox 413 1165 506 1197; x_wconf 91' lang='lat' dir='ltr'>Circa</span> <span class='ocrx_word' id='word_1_184' title='bbox 529 1165 611 1196; x_wconf 89' lang='lat' dir='ltr'>hanc</span> <span class='ocrx_word' id='word_1_185' title='bbox 634 1166 791 1197; x_wconf 89' lang='lat' dir='ltr'>rationem</span> <span class='ocrx_word' id='word_1_186' title='bbox 810 1166 854 1197; x_wconf 92' lang='lat' dir='ltr'>sic</span> <span class='ocrx_word' id='word_1_187' title='bbox 871 1166 1058 1206; x_wconf 84' lang='lat' dir='ltr'>expositam,</span> <span class='ocrx_word' id='word_1_188' title='bbox 1083 1165 1221 1196; x_wconf 89' lang='lat' dir='ltr'>occurrit</span> <span class='ocrx_word' id='word_1_189' title='bbox 1236 1165 1348 1205; x_wconf 83' lang='lat' dir='ltr'>triplex</span> 
     </span>
     <span class='ocr_line' id='line_1_28' title="bbox 273 1209 1349 1253; baseline -0.001 -12"><span class='ocrx_word' id='word_1_190' title='bbox 273 1209 427 1242; x_wconf 90' lang='lat' dir='ltr'>dubium:</span> <span class='ocrx_word' id='word_1_191' title='bbox 455 1212 604 1253; x_wconf 71' lang='lat' dir='ltr'>primum</span> <span class='ocrx_word' id='word_1_192' title='bbox 627 1210 708 1242; x_wconf 89' lang='lat' dir='ltr'>circa</span> <span class='ocrx_word' id='word_1_193' title='bbox 730 1210 835 1251; x_wconf 86' lang='lat' dir='ltr'>ipsam</span> <span class='ocrx_word' id='word_1_194' title='bbox 858 1210 1034 1246; x_wconf 89' lang='lat' dir='ltr'>rationem;</span> <span class='ocrx_word' id='word_1_195' title='bbox 1066 1210 1242 1241; x_wconf 86' lang='lat' dir='ltr'>secundum</span> <span class='ocrx_word' id='word_1_196' title='bbox 1268 1209 1349 1240; x_wconf 90' lang='lat' dir='ltr'>circa</span> 
     </span>
    </p>
   </div>
   <div class='ocr_carea' id='block_1_11' title="bbox 69 1251 1348 1342">
    <p class='ocr_par' dir='ltr' id='par_1_12' title="bbox 69 1251 1348 1342">
     <span class='ocr_line' id='line_1_29' title="bbox 69 1251 1348 1297; baseline -0.002 -10"><span class='ocrx_word' id='word_1_197' title='bbox 69 1251 175 1297; x_wconf 45' lang='grc' dir='ltr'>[μω.</span> <span class='ocrx_word' id='word_1_198' title='bbox 189 1264 231 1282; x_wconf 76' lang='lat'><em>²¹¹-</em></span> <span class='ocrx_word' id='word_1_199' title='bbox 255 1255 461 1286; x_wconf 60' lang='lat' dir='ltr'>amaedeus</span> <span class='ocrx_word' id='word_1_200' title='bbox 484 1254 518 1291; x_wconf 87' lang='lat'>*;</span> <span class='ocrx_word' id='word_1_201' title='bbox 543 1256 672 1286; x_wconf 82' lang='lat' dir='ltr'>tertium</span> <span class='ocrx_word' id='word_1_202' title='bbox 698 1255 778 1286; x_wconf 87' lang='lat' dir='ltr'>circa</span> <span class='ocrx_word' id='word_1_203' title='bbox 805 1254 1063 1295; x_wconf 86' lang='lat' dir='ltr'>propositionem</span> <span class='ocrx_word' id='word_1_204' title='bbox 1093 1261 1292 1295; x_wconf 85' lang='lat' dir='ltr'>assumptam</span> <span class='ocrx_word' id='word_1_205' title='bbox 1315 1254 1348 1284; x_wconf 92' lang='lat' dir='ltr'>in</span> 
     </span>
     <span class='ocr_line' id='line_1_30' title="bbox 72 1297 1347 1342; baseline -0.002 -10"><span class='ocrx_word' id='word_1_206' title='bbox 72 1330 91 1335; x_wconf 78' lang='grc'>,</span> <span class='ocrx_word' id='word_1_207' title='bbox 108 1308 176 1328; x_wconf 71' lang='lat' dir='ltr'>n·-</span> <span class='ocrx_word' id='word_1_208' title='bbox 191 1309 244 1327; x_wconf 77' lang='lat'><strong>⁸¹¹¹-</strong></span> <span class='ocrx_word' id='word_1_209' title='bbox 273 1300 462 1342; x_wconf 84' lang='lat' dir='ltr'>probatione</span> <span class='ocrx_word' id='word_1_210' title='bbox 482 1299 728 1340; x_wconf 86' lang='lat' dir='ltr'>consequentiae</span> <span class='ocrx_word' id='word_1_211' title='bbox 740 1297 766 1330; x_wconf 77' lang='grc'>*.</span> <span class='ocrx_word' id='word_1_212' title='bbox 790 1299 832 1330; x_wconf 91' lang='lat' dir='ltr'>Et</span> <span class='ocrx_word' id='word_1_213' title='bbox 851 1306 926 1330; x_wconf 91' lang='lat' dir='ltr'>sunt</span> <span class='ocrx_word' id='word_1_214' title='bbox 941 1298 1125 1339; x_wconf 88' lang='lat' dir='ltr'>singillatim</span> <span class='ocrx_word' id='word_1_215' title='bbox 1145 1299 1347 1335; x_wconf 86' lang='lat' dir='ltr'>absolvenda,</span> 
     </span>
    </p>
   </div>
   <div class='ocr_carea' id='block_1_12' title="bbox 270 1344 1350 1652">
    <p class='ocr_par' dir='ltr' id='par_1_13' title="bbox 273 1344 587 1385">
     <span class='ocr_line' id='line_1_31' title="bbox 273 1344 587 1385; baseline -0.006 -9"><span class='ocrx_word' id='word_1_216' title='bbox 273 1344 385 1376; x_wconf 86' lang='lat' dir='ltr'>ordine</span> <span class='ocrx_word' id='word_1_217' title='bbox 408 1344 587 1385; x_wconf 90' lang='lat' dir='ltr'>proposito.</span> 
     </span>
    </p>

    <p class='ocr_par' dir='ltr' id='par_1_14' title="bbox 270 1387 1350 1652">
     <span class='ocr_line' id='line_1_32' title="bbox 331 1387 1350 1429; baseline -0.002 -9"><span class='ocrx_word' id='word_1_218' title='bbox 331 1387 424 1420; x_wconf 88' lang='lat' dir='ltr'>Circa</span> <span class='ocrx_word' id='word_1_219' title='bbox 446 1389 605 1419; x_wconf 86' lang='lat' dir='ltr'>rationem</span> <span class='ocrx_word' id='word_1_220' title='bbox 629 1387 726 1428; x_wconf 87' lang='lat' dir='ltr'>igitur</span> <span class='ocrx_word' id='word_1_221' title='bbox 749 1387 870 1419; x_wconf 87' lang='lat' dir='ltr'>litterae</span> <span class='ocrx_word' id='word_1_222' title='bbox 893 1387 911 1406; x_wconf 86' lang='grc'><em>*</em></span> <span class='ocrx_word' id='word_1_223' title='bbox 934 1387 1070 1418; x_wconf 88' lang='lat' dir='ltr'>dubium</span> <span class='ocrx_word' id='word_1_224' title='bbox 1094 1388 1248 1424; x_wconf 90' lang='lat' dir='ltr'>occurrit,</span> <span class='ocrx_word' id='word_1_225' title='bbox 1274 1388 1350 1429; x_wconf 89' lang='lat' dir='ltr'>quia</span> 
     </span>
     <span class='ocr_line' id='line_1_33' title="bbox 270 1431 1350 1474; baseline -0.002 -10"><span class='ocrx_word' id='word_1_226' title='bbox 270 1433 307 1464; x_wconf 86' lang='lat' dir='ltr'>in</span> <span class='ocrx_word' id='word_1_227' title='bbox 325 1432 624 1474; x_wconf 79' lang='lat' dir='ltr'>aequivocationem</span> <span class='ocrx_word' id='word_1_228' title='bbox 646 1432 767 1463; x_wconf 73' lang='lat' dir='ltr'>cecidit,</span> <span class='ocrx_word' id='word_1_229' title='bbox 793 1431 959 1470; x_wconf 88' lang='lat' dir='ltr'>Quoniam</span> <span class='ocrx_word' id='word_1_230' title='bbox 975 1431 1007 1462; x_wconf 89' lang='lat' dir='ltr'>in</span> <span class='ocrx_word' id='word_1_231' title='bbox 1025 1433 1228 1464; x_wconf 86' lang='lat' dir='ltr'>antecedente</span> <span class='ocrx_word' id='word_1_232' title='bbox 1245 1432 1350 1474; x_wconf 87' lang='lat' dir='ltr'>loqui-</span> 
     </span>
     <span class='ocr_line' id='line_1_34' title="bbox 271 1475 1349 1519; baseline -0.002 -10"><span class='ocrx_word' id='word_1_233' title='bbox 271 1484 324 1510; x_wconf 90' lang='lat' dir='ltr'>tur</span> <span class='ocrx_word' id='word_1_234' title='bbox 347 1477 387 1509; x_wconf 88' lang='lat' dir='ltr'>de</span> <span class='ocrx_word' id='word_1_235' title='bbox 410 1477 533 1509; x_wconf 88' lang='lat' dir='ltr'>ratione</span> <span class='ocrx_word' id='word_1_236' title='bbox 556 1476 684 1507; x_wconf 87' lang='lat' dir='ltr'>formali</span> <span class='ocrx_word' id='word_1_237' title='bbox 707 1476 823 1508; x_wconf 88' lang='lat' dir='ltr'>obiecti</span> <span class='ocrx_word' id='word_1_238' title='bbox 847 1483 883 1507; x_wconf 96' lang='lat' dir='ltr'>ut</span> <span class='ocrx_word' id='word_1_239' title='bbox 906 1486 954 1507; x_wconf 87' lang='lat' dir='ltr'>res</span> <span class='ocrx_word' id='word_1_240' title='bbox 979 1483 1026 1507; x_wconf 91' lang='lat' dir='ltr'>est</span> <span class='ocrx_word' id='word_1_241' title='bbox 1049 1475 1099 1519; x_wconf 90' lang='lat' dir='ltr'>(ut</span> <span class='ocrx_word' id='word_1_242' title='bbox 1123 1484 1209 1518; x_wconf 91' lang='lat' dir='ltr'>patet</span> <span class='ocrx_word' id='word_1_243' title='bbox 1225 1488 1261 1508; x_wconf 87' lang='lat' dir='ltr'>ex</span> <span class='ocrx_word' id='word_1_244' title='bbox 1281 1477 1349 1508; x_wconf 90' lang='lat' dir='ltr'>eius</span> 
     </span>
     <span class='ocr_line' id='line_1_35' title="bbox 271 1521 1349 1565; baseline -0.002 -11"><span class='ocrx_word' id='word_1_245' title='bbox 271 1521 462 1565; x_wconf 58' lang='lat' dir='ltr'>probatione</span> <span class='ocrx_word' id='word_1_246' title='bbox 477 1521 511 1553; x_wconf 90' lang='lat' dir='ltr'>in</span> <span class='ocrx_word' id='word_1_247' title='bbox 525 1521 612 1552; x_wconf 88' lang='lat' dir='ltr'>visu:</span> <span class='ocrx_word' id='word_1_248' title='bbox 637 1521 812 1552; x_wconf 84' lang='lat' dir='ltr'>assumitur</span> <span class='ocrx_word' id='word_1_249' title='bbox 833 1531 974 1562; x_wconf 88' lang='lat' dir='ltr'>namque</span> <span class='ocrx_word' id='word_1_250' title='bbox 994 1521 1110 1553; x_wconf 90' lang='lat' dir='ltr'>coloris</span> <span class='ocrx_word' id='word_1_251' title='bbox 1126 1521 1205 1554; x_wconf 88' lang='lat' dir='ltr'>ratio</span> <span class='ocrx_word' id='word_1_252' title='bbox 1226 1531 1285 1563; x_wconf 89' lang='lat' dir='ltr'>pro</span> <span class='ocrx_word' id='word_1_253' title='bbox 1302 1531 1349 1552; x_wconf 92' lang='lat' dir='ltr'>ra-</span> 
     </span>
     <span class='ocr_line' id='line_1_36' title="bbox 271 1563 1350 1602; baseline -0.002 -3"><span class='ocrx_word' id='word_1_254' title='bbox 271 1566 360 1601; x_wconf 85' lang='lat' dir='ltr'>tione</span> <span class='ocrx_word' id='word_1_255' title='bbox 377 1565 504 1598; x_wconf 88' lang='lat' dir='ltr'>formali</span> <span class='ocrx_word' id='word_1_256' title='bbox 519 1563 669 1602; x_wconf 83' lang='lat' dir='ltr'>visibilis;</span> <span class='ocrx_word' id='word_1_257' title='bbox 689 1566 808 1598; x_wconf 89' lang='lat' dir='ltr'>coloris</span> <span class='ocrx_word' id='word_1_258' title='bbox 823 1573 932 1597; x_wconf 89' lang='lat' dir='ltr'>autem</span> <span class='ocrx_word' id='word_1_259' title='bbox 948 1565 1029 1597; x_wconf 85' lang='lat' dir='ltr'>ratio</span> <span class='ocrx_word' id='word_1_260' title='bbox 1045 1572 1092 1597; x_wconf 90' lang='lat' dir='ltr'>est</span> <span class='ocrx_word' id='word_1_261' title='bbox 1108 1566 1189 1597; x_wconf 90' lang='lat' dir='ltr'>ratio</span> <span class='ocrx_word' id='word_1_262' title='bbox 1205 1566 1350 1598; x_wconf 89' lang='lat' dir='ltr'>formalis</span> 
     </span>
     <span class='ocr_line' id='line_1_37' title="bbox 271 1608 1349 1652; baseline -0.001 -9"><span class='ocrx_word' id='word_1_263' title='bbox 271 1611 404 1652; x_wconf 69' lang='lat' dir='ltr'>visibilis</span> <span class='ocrx_word' id='word_1_264' title='bbox 426 1610 622 1652; x_wconf 84' lang='lat' dir='ltr'>inquantum</span> <span class='ocrx_word' id='word_1_265' title='bbox 643 1620 692 1641; x_wconf 91' lang='lat' dir='ltr'>res</span> <span class='ocrx_word' id='word_1_266' title='bbox 706 1634 713 1645; x_wconf 87' lang='grc'>,</span> <span class='ocrx_word' id='word_1_267' title='bbox 749 1617 784 1641; x_wconf 92' lang='lat' dir='ltr'>ut</span> <span class='ocrx_word' id='word_1_268' title='bbox 805 1608 927 1652; x_wconf 90' lang='lat' dir='ltr'>patet):</span> <span class='ocrx_word' id='word_1_269' title='bbox 962 1610 1108 1651; x_wconf 90' lang='lat' dir='ltr'>probatio</span> <span class='ocrx_word' id='word_1_270' title='bbox 1139 1621 1215 1642; x_wconf 91' lang='lat' dir='ltr'>vero</span> <span class='ocrx_word' id='word_1_271' title='bbox 1240 1621 1349 1643; x_wconf 91' lang='lat' dir='ltr'>conse-</span> 
     </span>
    </p>
   </div>
   <div class='ocr_carea' id='block_1_13' title="bbox 169 1654 1350 1742">
    <p class='ocr_par' dir='ltr' id='par_1_15' title="bbox 169 1654 1350 1742">
     <span class='ocr_line' id='line_1_38' title="bbox 239 1654 1350 1699; baseline -0.001 -11"><span class='ocrx_word' id='word_1_272' title='bbox 239 1685 245 1692; x_wconf 87' lang='grc'><em>,</em></span> <span class='ocrx_word' id='word_1_273' title='bbox 271 1654 422 1699; x_wconf 61' lang='lat' dir='ltr'>quentiae</span> <span class='ocrx_word' id='word_1_274' title='bbox 445 1654 591 1697; x_wconf 90' lang='lat' dir='ltr'>loquitur</span> <span class='ocrx_word' id='word_1_275' title='bbox 614 1654 653 1686; x_wconf 90' lang='lat' dir='ltr'>de</span> <span class='ocrx_word' id='word_1_276' title='bbox 675 1655 798 1686; x_wconf 90' lang='lat' dir='ltr'>ratione</span> <span class='ocrx_word' id='word_1_277' title='bbox 823 1654 950 1686; x_wconf 86' lang='lat' dir='ltr'>formali</span> <span class='ocrx_word' id='word_1_278' title='bbox 975 1655 1091 1686; x_wconf 90' lang='lat' dir='ltr'>obiecti</span> <span class='ocrx_word' id='word_1_279' title='bbox 1122 1662 1158 1687; x_wconf 88' lang='lat' dir='ltr'>ut</span> <span class='ocrx_word' id='word_1_280' title='bbox 1186 1655 1350 1687; x_wconf 91' lang='lat' dir='ltr'>obiectum</span> 
     </span>
     <span class='ocr_line' id='line_1_39' title="bbox 169 1699 1350 1742; baseline 0.002 -13"><span class='ocrx_word' id='word_1_281' title='bbox 169 1699 183 1705; x_wconf 70' lang='grc'>”</span> <span class='ocrx_word' id='word_1_282' title='bbox 220 1715 240 1729; x_wconf 91' lang='grc'>.-</span> <span class='ocrx_word' id='word_1_283' title='bbox 270 1707 336 1738; x_wconf 61' lang='grc' dir='ltr'>επις</span> <span class='ocrx_word' id='word_1_284' title='bbox 364 1699 524 1742; x_wconf 84' lang='lat' dir='ltr'>quoniam</span> <span class='ocrx_word' id='word_1_285' title='bbox 545 1699 806 1731; x_wconf 86' lang='lat' dir='ltr'>revelabilitatem</span> <span class='ocrx_word' id='word_1_286' title='bbox 829 1699 990 1731; x_wconf 90' lang='lat' dir='ltr'>subsumit</span> <span class='ocrx_word' id='word_1_287' title='bbox 1013 1709 1080 1731; x_wconf 90' lang='lat' dir='ltr'>esse</span> <span class='ocrx_word' id='word_1_288' title='bbox 1103 1700 1261 1731; x_wconf 89' lang='lat' dir='ltr'>rationem</span> <span class='ocrx_word' id='word_1_289' title='bbox 1285 1700 1350 1731; x_wconf 89' lang='lat' dir='ltr'>for-</span> 
     </span>
    </p>
   </div>
   <div class='ocr_carea' id='block_1_14' title="bbox 270 1743 1352 1919">
    <p class='ocr_par' dir='ltr' id='par_1_16' title="bbox 270 1743 1352 1871">
     <span class='ocr_line' id='line_1_40' title="bbox 270 1743 1352 1785; baseline -0.003 -7"><span class='ocrx_word' id='word_1_290' title='bbox 270 1745 392 1779; x_wconf 66' lang='lat' dir='ltr'>malem</span> <span class='ocrx_word' id='word_1_291' title='bbox 415 1744 531 1776; x_wconf 76' lang='lat' dir='ltr'>obiecti</span> <span class='ocrx_word' id='word_1_292' title='bbox 553 1743 746 1785; x_wconf 84' lang='lat' dir='ltr'>theologiae.</span> <span class='ocrx_word' id='word_1_293' title='bbox 770 1744 857 1785; x_wconf 88' lang='lat' dir='ltr'>Ergo</span> <span class='ocrx_word' id='word_1_294' title='bbox 881 1744 1048 1775; x_wconf 84' lang='lat' dir='ltr'>manifeste</span> <span class='ocrx_word' id='word_1_295' title='bbox 1071 1745 1284 1776; x_wconf 88' lang='lat' dir='ltr'>committitur</span> <span class='ocrx_word' id='word_1_296' title='bbox 1303 1755 1352 1776; x_wconf 91' lang='lat' dir='ltr'>ae-</span> 
     </span>
     <span class='ocr_line' id='line_1_41' title="bbox 271 1788 1350 1832; baseline -0.003 -9"><span class='ocrx_word' id='word_1_297' title='bbox 271 1789 468 1832; x_wconf 69' lang='lat' dir='ltr'>quivocatio,</span> <span class='ocrx_word' id='word_1_298' title='bbox 484 1789 544 1821; x_wconf 90' lang='lat' dir='ltr'>sub</span> <span class='ocrx_word' id='word_1_299' title='bbox 560 1788 683 1820; x_wconf 86' lang='lat' dir='ltr'>ratione</span> <span class='ocrx_word' id='word_1_300' title='bbox 707 1789 835 1820; x_wconf 84' lang='lat' dir='ltr'>formali</span> <span class='ocrx_word' id='word_1_301' title='bbox 858 1789 974 1820; x_wconf 88' lang='lat' dir='ltr'>obiecti</span> <span class='ocrx_word' id='word_1_302' title='bbox 998 1795 1033 1820; x_wconf 92' lang='lat' dir='ltr'>ut</span> <span class='ocrx_word' id='word_1_303' title='bbox 1059 1799 1108 1820; x_wconf 88' lang='lat' dir='ltr'>res</span> <span class='ocrx_word' id='word_1_304' title='bbox 1129 1789 1350 1821; x_wconf 88' lang='lat' dir='ltr'>subsumendo</span> 
     </span>
     <span class='ocr_line' id='line_1_42' title="bbox 270 1833 1069 1871; baseline -0.003 -4"><span class='ocrx_word' id='word_1_305' title='bbox 270 1835 432 1871; x_wconf 75' lang='lat' dir='ltr'>rationem</span> <span class='ocrx_word' id='word_1_306' title='bbox 453 1833 624 1866; x_wconf 88' lang='lat' dir='ltr'>formalem</span> <span class='ocrx_word' id='word_1_307' title='bbox 649 1833 765 1865; x_wconf 87' lang='lat' dir='ltr'>obiecti</span> <span class='ocrx_word' id='word_1_308' title='bbox 789 1840 825 1864; x_wconf 93' lang='lat' dir='ltr'>ut</span> <span class='ocrx_word' id='word_1_309' title='bbox 849 1834 1022 1868; x_wconf 87' lang='lat' dir='ltr'>obiectum.</span> <span class='ocrx_word' id='word_1_310' title='bbox 1068 1846 1069 1849; x_wconf 48' lang='lat'>¹</span> 
     </span>
    </p>

    <p class='ocr_par' dir='ltr' id='par_1_17' title="bbox 296 1873 1350 1919">
     <span class='ocr_line' id='line_1_43' title="bbox 296 1873 1350 1919; baseline -0.003 -7"><span class='ocrx_word' id='word_1_311' title='bbox 296 1900 298 1902; x_wconf 60' lang='lat'>&gt;</span> <span class='ocrx_word' id='word_1_312' title='bbox 315 1873 395 1912; x_wconf 83' lang='lat' dir='ltr'>‘V11.</span> <span class='ocrx_word' id='word_1_313' title='bbox 412 1879 464 1910; x_wconf 85' lang='lat' dir='ltr'>Ad</span> <span class='ocrx_word' id='word_1_314' title='bbox 479 1879 541 1910; x_wconf 90' lang='lat' dir='ltr'>hoc</span> <span class='ocrx_word' id='word_1_315' title='bbox 558 1878 682 1915; x_wconf 80' lang='lat' dir='ltr'>dicitur,</span> <span class='ocrx_word' id='word_1_316' title='bbox 703 1878 851 1919; x_wconf 87' lang='lat' dir='ltr'>negando</span> <span class='ocrx_word' id='word_1_317' title='bbox 875 1885 1089 1919; x_wconf 88' lang='lat' dir='ltr'>assumptum.</span> <span class='ocrx_word' id='word_1_318' title='bbox 1108 1879 1272 1916; x_wconf 83' lang='lat' dir='ltr'>Quoniam</span> <span class='ocrx_word' id='word_1_319' title='bbox 1297 1889 1350 1909; x_wconf 89' lang='lat' dir='ltr'>an-</span> 
     </span>
    </p>
   </div>
   <div class='ocr_carea' id='block_1_15' title="bbox 233 1919 1351 1969">
    <p class='ocr_par' dir='ltr' id='par_1_18' title="bbox 233 1919 1351 1969">
     <span class='ocr_line' id='line_1_44' title="bbox 233 1919 1351 1969; baseline -0.004 -12"><span class='ocrx_word' id='word_1_320' title='bbox 233 1963 239 1967; x_wconf 43' lang='lat'>·</span> <span class='ocrx_word' id='word_1_321' title='bbox 270 1923 417 1969; x_wconf 80' lang='lat' dir='ltr'>tecedens</span> <span class='ocrx_word' id='word_1_322' title='bbox 433 1923 588 1965; x_wconf 88' lang='lat' dir='ltr'>supponit</span> <span class='ocrx_word' id='word_1_323' title='bbox 602 1922 782 1954; x_wconf 90' lang='lat' dir='ltr'>indistincte</span> <span class='ocrx_word' id='word_1_324' title='bbox 799 1932 858 1963; x_wconf 91' lang='lat' dir='ltr'>pro</span> <span class='ocrx_word' id='word_1_325' title='bbox 874 1923 998 1954; x_wconf 89' lang='lat' dir='ltr'>ratione</span> <span class='ocrx_word' id='word_1_326' title='bbox 1013 1922 1139 1953; x_wconf 88' lang='lat' dir='ltr'>formali</span> <span class='ocrx_word' id='word_1_327' title='bbox 1155 1922 1269 1954; x_wconf 90' lang='lat' dir='ltr'>obiecti</span> <span class='ocrx_word' id='word_1_328' title='bbox 1287 1919 1351 1954; x_wconf 85' lang='lat' dir='ltr'>sive</span> 
     </span>
    </p>
   </div>
   <div class='ocr_carea' id='block_1_16' title="bbox 269 1966 1352 2542">
    <p class='ocr_par' dir='ltr' id='par_1_19' title="bbox 269 1966 1351 2229">
     <span class='ocr_line' id='line_1_45' title="bbox 271 1966 1350 2009; baseline -0.003 -8"><span class='ocrx_word' id='word_1_329' title='bbox 271 1975 382 2005; x_wconf 80' lang='lat' dir='ltr'>utres,</span> <span class='ocrx_word' id='word_1_330' title='bbox 407 1968 472 1999; x_wconf 88' lang='lat' dir='ltr'>sive</span> <span class='ocrx_word' id='word_1_331' title='bbox 496 1973 532 1999; x_wconf 88' lang='lat' dir='ltr'>ut</span> <span class='ocrx_word' id='word_1_332' title='bbox 549 1967 727 1999; x_wconf 87' lang='lat' dir='ltr'>obiectum:</span> <span class='ocrx_word' id='word_1_333' title='bbox 753 1967 900 2009; x_wconf 86' lang='lat' dir='ltr'>quamvis</span> <span class='ocrx_word' id='word_1_334' title='bbox 924 1967 964 1998; x_wconf 90' lang='lat' dir='ltr'>sit</span> <span class='ocrx_word' id='word_1_335' title='bbox 988 1966 1225 1998; x_wconf 83' lang='lat' dir='ltr'>manifestatum</span> <span class='ocrx_word' id='word_1_336' title='bbox 1242 1968 1350 2008; x_wconf 89' lang='lat' dir='ltr'>quoad</span> 
     </span>
     <span class='ocr_line' id='line_1_46' title="bbox 269 2011 1351 2053; baseline -0.004 -7"><span class='ocrx_word' id='word_1_337' title='bbox 269 2013 429 2046; x_wconf 69' lang='lat' dir='ltr'>rationem</span> <span class='ocrx_word' id='word_1_338' title='bbox 448 2012 618 2043; x_wconf 88' lang='lat' dir='ltr'>formalem</span> <span class='ocrx_word' id='word_1_339' title='bbox 636 2011 752 2043; x_wconf 90' lang='lat' dir='ltr'>obiecti</span> <span class='ocrx_word' id='word_1_340' title='bbox 767 2019 803 2043; x_wconf 93' lang='lat' dir='ltr'>ut</span> <span class='ocrx_word' id='word_1_341' title='bbox 817 2021 884 2047; x_wconf 89' lang='lat' dir='ltr'>res;</span> <span class='ocrx_word' id='word_1_342' title='bbox 901 2018 971 2043; x_wconf 90' lang='lat' dir='ltr'>tum</span> <span class='ocrx_word' id='word_1_343' title='bbox 990 2012 1066 2053; x_wconf 88' lang='lat' dir='ltr'>quia</span> <span class='ocrx_word' id='word_1_344' title='bbox 1081 2011 1187 2043; x_wconf 88' lang='lat' dir='ltr'>notior</span> <span class='ocrx_word' id='word_1_345' title='bbox 1202 2019 1264 2048; x_wconf 88' lang='lat' dir='ltr'>est;</span> <span class='ocrx_word' id='word_1_346' title='bbox 1279 2019 1351 2043; x_wconf 89' lang='lat' dir='ltr'>tum</span> 
     </span>
     <span class='ocr_line' id='line_1_47' title="bbox 271 2056 1351 2101; baseline -0.003 -11"><span class='ocrx_word' id='word_1_347' title='bbox 271 2058 348 2101; x_wconf 84' lang='lat' dir='ltr'>quia</span> <span class='ocrx_word' id='word_1_348' title='bbox 363 2056 609 2089; x_wconf 84' lang='lat' dir='ltr'>convertibiliter</span> <span class='ocrx_word' id='word_1_349' title='bbox 623 2066 657 2087; x_wconf 88' lang='lat' dir='ltr'>se</span> <span class='ocrx_word' id='word_1_350' title='bbox 671 2063 914 2098; x_wconf 87' lang='lat' dir='ltr'>consequuntur</span> <span class='ocrx_word' id='word_1_351' title='bbox 936 2056 1009 2087; x_wconf 88' lang='lat' dir='ltr'>illae</span> <span class='ocrx_word' id='word_1_352' title='bbox 1033 2057 1115 2088; x_wconf 85' lang='lat' dir='ltr'>duae</span> <span class='ocrx_word' id='word_1_353' title='bbox 1134 2056 1271 2087; x_wconf 89' lang='lat' dir='ltr'>rationes</span> <span class='ocrx_word' id='word_1_354' title='bbox 1289 2057 1351 2087; x_wconf 91' lang='lat' dir='ltr'>for-</span> 
     </span>
     <span class='ocr_line' id='line_1_48' title="bbox 271 2100 1351 2142; baseline -0.003 -8"><span class='ocrx_word' id='word_1_355' title='bbox 271 2103 390 2140; x_wconf 82' lang='lat' dir='ltr'>males,</span> <span class='ocrx_word' id='word_1_356' title='bbox 420 2108 457 2133; x_wconf 88' lang='lat' dir='ltr'>ut</span> <span class='ocrx_word' id='word_1_357' title='bbox 480 2100 660 2133; x_wconf 87' lang='lat' dir='ltr'>subiectum</span> <span class='ocrx_word' id='word_1_358' title='bbox 684 2107 716 2132; x_wconf 91' lang='lat' dir='ltr'>et</span> <span class='ocrx_word' id='word_1_359' title='bbox 738 2100 863 2142; x_wconf 82' lang='lat' dir='ltr'>passio,</span> <span class='ocrx_word' id='word_1_360' title='bbox 894 2107 930 2131; x_wconf 89' lang='lat' dir='ltr'>ut</span> <span class='ocrx_word' id='word_1_361' title='bbox 952 2100 1075 2132; x_wconf 89' lang='lat' dir='ltr'>dictum</span> <span class='ocrx_word' id='word_1_362' title='bbox 1098 2107 1145 2132; x_wconf 90' lang='lat' dir='ltr'>est</span> <span class='ocrx_word' id='word_1_363' title='bbox 1160 2100 1187 2131; x_wconf 88' lang='lat'>*.</span> <span class='ocrx_word' id='word_1_364' title='bbox 1214 2101 1255 2132; x_wconf 90' lang='lat' dir='ltr'>Et</span> <span class='ocrx_word' id='word_1_365' title='bbox 1278 2111 1351 2141; x_wconf 93' lang='lat' dir='ltr'>pro-</span> 
     </span>
     <span class='ocr_line' id='line_1_49' title="bbox 269 2144 1351 2190; baseline -0.002 -12"><span class='ocrx_word' id='word_1_366' title='bbox 269 2154 379 2190; x_wconf 81' lang='lat' dir='ltr'>pterea</span> <span class='ocrx_word' id='word_1_367' title='bbox 407 2146 528 2187; x_wconf 88' lang='lat' dir='ltr'>absque</span> <span class='ocrx_word' id='word_1_368' title='bbox 561 2144 824 2187; x_wconf 82' lang='lat' dir='ltr'>aequivocatione</span> <span class='ocrx_word' id='word_1_369' title='bbox 855 2145 1002 2176; x_wconf 90' lang='lat' dir='ltr'>subsumi</span> <span class='ocrx_word' id='word_1_370' title='bbox 1025 2145 1132 2186; x_wconf 89' lang='lat' dir='ltr'>potuit</span> <span class='ocrx_word' id='word_1_371' title='bbox 1162 2145 1201 2176; x_wconf 91' lang='lat' dir='ltr'>de</span> <span class='ocrx_word' id='word_1_372' title='bbox 1230 2145 1351 2176; x_wconf 88' lang='lat' dir='ltr'>ratione</span> 
     </span>
     <span class='ocr_line' id='line_1_50' title="bbox 269 2189 1266 2229; baseline -0.003 -5"><span class='ocrx_word' id='word_1_373' title='bbox 269 2190 399 2229; x_wconf 62' lang='lat' dir='ltr'>formali</span> <span class='ocrx_word' id='word_1_374' title='bbox 422 2189 538 2222; x_wconf 86' lang='lat' dir='ltr'>obiecti</span> <span class='ocrx_word' id='word_1_375' title='bbox 562 2196 598 2221; x_wconf 93' lang='lat' dir='ltr'>ut</span> <span class='ocrx_word' id='word_1_376' title='bbox 621 2189 784 2221; x_wconf 90' lang='lat' dir='ltr'>obiectum</span> <span class='ocrx_word' id='word_1_377' title='bbox 808 2196 868 2226; x_wconf 86' lang='lat' dir='ltr'>est,</span> <span class='ocrx_word' id='word_1_378' title='bbox 894 2189 1011 2220; x_wconf 88' lang='lat' dir='ltr'>scilicet</span> <span class='ocrx_word' id='word_1_379' title='bbox 1033 2189 1266 2221; x_wconf 86' lang='lat' dir='ltr'>revelabilitate.</span> 
     </span>
    </p>

    <p class='ocr_par' dir='ltr' id='par_1_20' title="bbox 271 2234 1352 2542">
     <span class='ocr_line' id='line_1_51' title="bbox 324 2234 1351 2276; baseline -0.004 -8"><span class='ocrx_word' id='word_1_380' title='bbox 324 2236 368 2268; x_wconf 78' lang='lat' dir='ltr'>Et</span> <span class='ocrx_word' id='word_1_381' title='bbox 379 2235 495 2267; x_wconf 87' lang='lat' dir='ltr'>merito</span> <span class='ocrx_word' id='word_1_382' title='bbox 514 2234 615 2276; x_wconf 85' lang='lat' dir='ltr'>magis</span> <span class='ocrx_word' id='word_1_383' title='bbox 633 2234 714 2265; x_wconf 89' lang='lat' dir='ltr'>ratio</span> <span class='ocrx_word' id='word_1_384' title='bbox 731 2234 846 2266; x_wconf 88' lang='lat' dir='ltr'>obiecti</span> <span class='ocrx_word' id='word_1_385' title='bbox 861 2241 897 2265; x_wconf 88' lang='lat' dir='ltr'>ut</span> <span class='ocrx_word' id='word_1_386' title='bbox 912 2234 1075 2265; x_wconf 85' lang='lat' dir='ltr'>obiectum</span> <span class='ocrx_word' id='word_1_387' title='bbox 1091 2234 1280 2274; x_wconf 90' lang='lat' dir='ltr'>subsumpta</span> <span class='ocrx_word' id='word_1_388' title='bbox 1296 2241 1351 2270; x_wconf 90' lang='lat' dir='ltr'>est,</span> 
     </span>
     <span class='ocr_line' id='line_1_52' title="bbox 271 2278 1352 2324; baseline -0.004 -11"><span class='ocrx_word' id='word_1_389' title='bbox 271 2290 373 2324; x_wconf 77' lang='lat' dir='ltr'>quam</span> <span class='ocrx_word' id='word_1_390' title='bbox 386 2279 469 2312; x_wconf 87' lang='lat' dir='ltr'>ratio</span> <span class='ocrx_word' id='word_1_391' title='bbox 485 2278 601 2311; x_wconf 88' lang='lat' dir='ltr'>obiecti</span> <span class='ocrx_word' id='word_1_392' title='bbox 617 2285 654 2310; x_wconf 91' lang='lat' dir='ltr'>ut</span> <span class='ocrx_word' id='word_1_393' title='bbox 668 2288 728 2310; x_wconf 85' lang='lat' dir='ltr'>res.</span> <span class='ocrx_word' id='word_1_394' title='bbox 743 2278 835 2310; x_wconf 83' lang='lat' dir='ltr'>Tum</span> <span class='ocrx_word' id='word_1_395' title='bbox 857 2278 934 2320; x_wconf 83' lang='lat' dir='ltr'>quia</span> <span class='ocrx_word' id='word_1_396' title='bbox 953 2278 1033 2309; x_wconf 83' lang='lat' dir='ltr'>ratio</span> <span class='ocrx_word' id='word_1_397' title='bbox 1050 2278 1164 2310; x_wconf 89' lang='lat' dir='ltr'>obiecti</span> <span class='ocrx_word' id='word_1_398' title='bbox 1179 2278 1352 2319; x_wconf 84' lang='lat' dir='ltr'>theologici</span> 
     </span>
     <span class='ocr_line' id='line_1_53' title="bbox 271 2323 1352 2365; baseline -0.004 -7"><span class='ocrx_word' id='word_1_399' title='bbox 271 2333 308 2359; x_wconf 88' lang='lat' dir='ltr'>ut</span> <span class='ocrx_word' id='word_1_400' title='bbox 325 2335 385 2362; x_wconf 88' lang='lat' dir='ltr'>res,</span> <span class='ocrx_word' id='word_1_401' title='bbox 397 2324 504 2356; x_wconf 81' lang='lat' dir='ltr'>adhuc</span> <span class='ocrx_word' id='word_1_402' title='bbox 522 2334 589 2355; x_wconf 88' lang='lat' dir='ltr'>non</span> <span class='ocrx_word' id='word_1_403' title='bbox 605 2330 652 2355; x_wconf 90' lang='lat' dir='ltr'>est</span> <span class='ocrx_word' id='word_1_404' title='bbox 665 2323 832 2364; x_wconf 85' lang='lat' dir='ltr'>assignata,</span> <span class='ocrx_word' id='word_1_405' title='bbox 847 2323 903 2354; x_wconf 89' lang='lat' dir='ltr'>sed</span> <span class='ocrx_word' id='word_1_406' title='bbox 917 2323 951 2354; x_wconf 89' lang='lat' dir='ltr'>in</span> <span class='ocrx_word' id='word_1_407' title='bbox 965 2323 1098 2354; x_wconf 89' lang='lat' dir='ltr'>articulo</span> <span class='ocrx_word' id='word_1_408' title='bbox 1117 2334 1136 2365; x_wconf 92' lang='lat'><em>7</em></span> <span class='ocrx_word' id='word_1_409' title='bbox 1154 2323 1352 2355; x_wconf 87' lang='lat' dir='ltr'>discutienda</span> 
     </span>
     <span class='ocr_line' id='line_1_54' title="bbox 271 2367 1352 2409; baseline -0.004 -7"><span class='ocrx_word' id='word_1_410' title='bbox 271 2377 353 2403; x_wconf 83' lang='lat' dir='ltr'>erat:</span> <span class='ocrx_word' id='word_1_411' title='bbox 378 2369 439 2401; x_wconf 87' lang='lat' dir='ltr'>alia</span> <span class='ocrx_word' id='word_1_412' title='bbox 460 2379 536 2409; x_wconf 90' lang='lat' dir='ltr'>vero</span> <span class='ocrx_word' id='word_1_413' title='bbox 560 2375 607 2400; x_wconf 88' lang='lat' dir='ltr'>est</span> <span class='ocrx_word' id='word_1_414' title='bbox 629 2368 788 2409; x_wconf 87' lang='lat' dir='ltr'>assignata</span> <span class='ocrx_word' id='word_1_415' title='bbox 811 2374 842 2399; x_wconf 94' lang='lat' dir='ltr'>et</span> <span class='ocrx_word' id='word_1_416' title='bbox 860 2367 894 2398; x_wconf 90' lang='lat' dir='ltr'>in</span> <span class='ocrx_word' id='word_1_417' title='bbox 923 2378 933 2398; x_wconf 89' lang='grc' dir='ltr'>ι</span> <span class='ocrx_word' id='word_1_418' title='bbox 963 2374 994 2398; x_wconf 89' lang='lat' dir='ltr'>et</span> <span class='ocrx_word' id='word_1_419' title='bbox 1016 2367 1050 2398; x_wconf 89' lang='lat' dir='ltr'>in</span> <span class='ocrx_word' id='word_1_420' title='bbox 1067 2377 1084 2398; x_wconf 89' lang='lat'>2</span> <span class='ocrx_word' id='word_1_421' title='bbox 1101 2368 1246 2400; x_wconf 88' lang='lat' dir='ltr'>articulo.</span> <span class='ocrx_word' id='word_1_422' title='bbox 1263 2368 1352 2399; x_wconf 87' lang='lat' dir='ltr'>Tum</span> 
     </span>
     <span class='ocr_line' id='line_1_55' title="bbox 271 2411 1351 2458; baseline -0.003 -12"><span class='ocrx_word' id='word_1_423' title='bbox 271 2415 348 2458; x_wconf 86' lang='lat' dir='ltr'>quia</span> <span class='ocrx_word' id='word_1_424' title='bbox 370 2414 451 2446; x_wconf 87' lang='lat' dir='ltr'>ratio</span> <span class='ocrx_word' id='word_1_425' title='bbox 474 2413 560 2444; x_wconf 88' lang='lat' dir='ltr'>illius</span> <span class='ocrx_word' id='word_1_426' title='bbox 579 2419 616 2444; x_wconf 88' lang='lat' dir='ltr'>ut</span> <span class='ocrx_word' id='word_1_427' title='bbox 631 2423 690 2449; x_wconf 89' lang='lat' dir='ltr'>res,</span> <span class='ocrx_word' id='word_1_428' title='bbox 715 2423 782 2443; x_wconf 93' lang='lat' dir='ltr'>non</span> <span class='ocrx_word' id='word_1_429' title='bbox 805 2411 899 2443; x_wconf 90' lang='lat' dir='ltr'>infert</span> <span class='ocrx_word' id='word_1_430' title='bbox 922 2412 1061 2452; x_wconf 88' lang='lat' dir='ltr'>speciem</span> <span class='ocrx_word' id='word_1_431' title='bbox 1091 2412 1351 2453; x_wconf 89' lang='lat' dir='ltr'>specialissimam</span> 
     </span>
     <span class='ocr_line' id='line_1_56' title="bbox 271 2456 1352 2498; baseline -0.004 -7"><span class='ocrx_word' id='word_1_432' title='bbox 271 2459 388 2492; x_wconf 88' lang='lat' dir='ltr'>obiecti</span> <span class='ocrx_word' id='word_1_433' title='bbox 404 2466 440 2490; x_wconf 93' lang='lat' dir='ltr'>ut</span> <span class='ocrx_word' id='word_1_434' title='bbox 457 2458 511 2494; x_wconf 90' lang='lat' dir='ltr'>sic,</span> <span class='ocrx_word' id='word_1_435' title='bbox 537 2465 567 2489; x_wconf 90' lang='lat' dir='ltr'>et</span> <span class='ocrx_word' id='word_1_436' title='bbox 591 2464 823 2498; x_wconf 89' lang='lat' dir='ltr'>consequenter</span> <span class='ocrx_word' id='word_1_437' title='bbox 845 2467 903 2488; x_wconf 92' lang='lat' dir='ltr'>nec</span> <span class='ocrx_word' id='word_1_438' title='bbox 928 2456 1067 2497; x_wconf 87' lang='lat' dir='ltr'>speciem</span> <span class='ocrx_word' id='word_1_439' title='bbox 1091 2457 1352 2498; x_wconf 87' lang='lat' dir='ltr'>specialissimam</span> 
     </span>
     <span class='ocr_line' id='line_1_57' title="bbox 271 2501 1350 2542; baseline -0.004 -6"><span class='ocrx_word' id='word_1_440' title='bbox 271 2503 430 2540; x_wconf 77' lang='lat' dir='ltr'>scientiae,</span> <span class='ocrx_word' id='word_1_441' title='bbox 448 2510 484 2535; x_wconf 91' lang='lat' dir='ltr'>ut</span> <span class='ocrx_word' id='word_1_442' title='bbox 506 2512 593 2534; x_wconf 90' lang='lat' dir='ltr'>nunc</span> <span class='ocrx_word' id='word_1_443' title='bbox 617 2512 703 2533; x_wconf 90' lang='lat' dir='ltr'>nunc</span> <span class='ocrx_word' id='word_1_444' title='bbox 717 2501 734 2521; x_wconf 86' lang='grc'>*</span> <span class='ocrx_word' id='word_1_445' title='bbox 749 2501 886 2542; x_wconf 88' lang='lat' dir='ltr'>patebit:</span> <span class='ocrx_word' id='word_1_446' title='bbox 912 2508 943 2532; x_wconf 92' lang='lat' dir='ltr'>et</span> <span class='ocrx_word' id='word_1_447' title='bbox 966 2501 1010 2533; x_wconf 91' lang='lat' dir='ltr'>sic</span> <span class='ocrx_word' id='word_1_448' title='bbox 1034 2511 1101 2532; x_wconf 92' lang='lat' dir='ltr'>non</span> <span class='ocrx_word' id='word_1_449' title='bbox 1117 2501 1279 2533; x_wconf 88' lang='lat' dir='ltr'>habuisset</span> <span class='ocrx_word' id='word_1_450' title='bbox 1302 2502 1350 2532; x_wconf 92' lang='lat' dir='ltr'>in-</span> 
     </span>
    </p>
   </div>
   <div class='ocr_carea' id='block_1_17' title="bbox 272 2555 529 2581">
    <p class='ocr_par' dir='ltr' id='par_1_21' title="bbox 272 2555 529 2581">
     <span class='ocr_line' id='line_1_58' title="bbox 272 2555 529 2581; baseline -0.012 0"><span class='ocrx_word' id='word_1_451' title='bbox 272 2555 400 2581; x_wconf 70' lang='lat' dir='ltr'>tentum</span> <span class='ocrx_word' id='word_1_452' title='bbox 422 2557 529 2579; x_wconf 77' lang='lat' dir='ltr'>suum.</span> 
     </span>
    </p>
   </div>
   <div class='ocr_carea' id='block_1_18' title="bbox 272 2590 1354 3390">
    <p class='ocr_par' dir='ltr' id='par_1_22' title="bbox 272 2590 1354 3346">
     <span class='ocr_line' id='line_1_59' title="bbox 326 2590 1349 2631; baseline -0.003 -6"><span class='ocrx_word' id='word_1_453' title='bbox 326 2593 410 2625; x_wconf 90' lang='lat' dir='ltr'><strong>VIII.</strong></span> <span class='ocrx_word' id='word_1_454' title='bbox 431 2593 493 2624; x_wconf 91' lang='lat' dir='ltr'>Sed</span> <span class='ocrx_word' id='word_1_455' title='bbox 513 2597 622 2622; x_wconf 89' lang='lat' dir='ltr'>contra</span> <span class='ocrx_word' id='word_1_456' title='bbox 637 2590 881 2631; x_wconf 82' lang='lat' dir='ltr'>responsionem</span> <span class='ocrx_word' id='word_1_457' title='bbox 897 2590 1031 2631; x_wconf 85' lang='lat' dir='ltr'>insurgit</span> <span class='ocrx_word' id='word_1_458' title='bbox 1051 2590 1153 2621; x_wconf 90' lang='lat' dir='ltr'>maior</span> <span class='ocrx_word' id='word_1_459' title='bbox 1172 2590 1349 2622; x_wconf 68' lang='lat' dir='ltr'>difficultas</span> 
     </span>
     <span class='ocr_line' id='line_1_60' title="bbox 273 2634 1350 2676; baseline -0.003 -7"><span class='ocrx_word' id='word_1_460' title='bbox 273 2638 439 2676; x_wconf 88' lang='lat' dir='ltr'>Quoniam</span> <span class='ocrx_word' id='word_1_461' title='bbox 463 2636 488 2667; x_wconf 92' lang='lat' dir='ltr'>si</span> <span class='ocrx_word' id='word_1_462' title='bbox 511 2646 623 2666; x_wconf 90' lang='lat' dir='ltr'>verum</span> <span class='ocrx_word' id='word_1_463' title='bbox 648 2643 695 2666; x_wconf 90' lang='lat' dir='ltr'>est</span> <span class='ocrx_word' id='word_1_464' title='bbox 717 2635 808 2676; x_wconf 91' lang='lat' dir='ltr'>quod</span> <span class='ocrx_word' id='word_1_465' title='bbox 831 2634 910 2666; x_wconf 85' lang='lat' dir='ltr'>ratio</span> <span class='ocrx_word' id='word_1_466' title='bbox 935 2634 1077 2666; x_wconf 88' lang='lat' dir='ltr'>formalis</span> <span class='ocrx_word' id='word_1_467' title='bbox 1093 2635 1208 2666; x_wconf 82' lang='lat' dir='ltr'>obiecti</span> <span class='ocrx_word' id='word_1_468' title='bbox 1233 2643 1268 2666; x_wconf 92' lang='lat' dir='ltr'>ut</span> <span class='ocrx_word' id='word_1_469' title='bbox 1292 2646 1350 2672; x_wconf 88' lang='lat' dir='ltr'>res,</span> 
     </span>
     <span class='ocr_line' id='line_1_61' title="bbox 273 2679 1352 2720; baseline -0.004 -6"><span class='ocrx_word' id='word_1_470' title='bbox 273 2689 305 2715; x_wconf 90' lang='lat' dir='ltr'>et</span> <span class='ocrx_word' id='word_1_471' title='bbox 316 2682 408 2713; x_wconf 66' lang='lat' dir='ltr'>&#39;ratio</span> <span class='ocrx_word' id='word_1_472' title='bbox 426 2681 493 2712; x_wconf 90' lang='lat' dir='ltr'>eius</span> <span class='ocrx_word' id='word_1_473' title='bbox 509 2687 546 2711; x_wconf 92' lang='lat' dir='ltr'>ut</span> <span class='ocrx_word' id='word_1_474' title='bbox 567 2680 739 2715; x_wconf 89' lang='lat' dir='ltr'>obiectum,</span> <span class='ocrx_word' id='word_1_475' title='bbox 755 2689 788 2710; x_wconf 92' lang='lat' dir='ltr'>se</span> <span class='ocrx_word' id='word_1_476' title='bbox 807 2679 924 2711; x_wconf 88' lang='lat' dir='ltr'>habent</span> <span class='ocrx_word' id='word_1_477' title='bbox 940 2686 976 2710; x_wconf 89' lang='lat' dir='ltr'>ut</span> <span class='ocrx_word' id='word_1_478' title='bbox 994 2679 1175 2711; x_wconf 87' lang='lat' dir='ltr'>subiectum</span> <span class='ocrx_word' id='word_1_479' title='bbox 1199 2686 1230 2711; x_wconf 93' lang='lat' dir='ltr'>et</span> <span class='ocrx_word' id='word_1_480' title='bbox 1246 2680 1352 2720; x_wconf 87' lang='lat' dir='ltr'>passio</span> 
     </span>
     <span class='ocr_line' id='line_1_62' title="bbox 273 2723 1354 2765; baseline -0.003 -7"><span class='ocrx_word' id='word_1_481' title='bbox 273 2725 528 2761; x_wconf 83' lang='lat' dir='ltr'>convertibiliter,</span> <span class='ocrx_word' id='word_1_482' title='bbox 554 2731 590 2756; x_wconf 92' lang='lat' dir='ltr'>ut</span> <span class='ocrx_word' id='word_1_483' title='bbox 606 2723 746 2765; x_wconf 86' lang='lat' dir='ltr'>praefata</span> <span class='ocrx_word' id='word_1_484' title='bbox 767 2723 933 2764; x_wconf 85' lang='lat' dir='ltr'>responsio</span> <span class='ocrx_word' id='word_1_485' title='bbox 957 2724 1101 2761; x_wconf 87' lang='lat' dir='ltr'>sustinet,</span> <span class='ocrx_word' id='word_1_486' title='bbox 1123 2731 1153 2755; x_wconf 91' lang='lat' dir='ltr'>et</span> <span class='ocrx_word' id='word_1_487' title='bbox 1171 2724 1259 2765; x_wconf 90' lang='lat' dir='ltr'>prius</span> <span class='ocrx_word' id='word_1_488' title='bbox 1273 2724 1290 2743; x_wconf 90' lang='lat'><em>*</em></span> <span class='ocrx_word' id='word_1_489' title='bbox 1307 2731 1354 2755; x_wconf 91' lang='lat' dir='ltr'>est</span> 
     </span>
     <span class='ocr_line' id='line_1_63' title="bbox 273 2765 1353 2810; baseline -0.004 -7"><span class='ocrx_word' id='word_1_490' title='bbox 273 2770 410 2807; x_wconf 83' lang='lat' dir='ltr'>dictum;</span> <span class='ocrx_word' id='word_1_491' title='bbox 434 2770 578 2810; x_wconf 89' lang='lat' dir='ltr'>sequitur</span> <span class='ocrx_word' id='word_1_492' title='bbox 601 2769 691 2810; x_wconf 91' lang='lat' dir='ltr'>quod</span> <span class='ocrx_word' id='word_1_493' title='bbox 718 2768 881 2808; x_wconf 84' lang='lat' dir='ltr'>theologia</span> <span class='ocrx_word' id='word_1_494' title='bbox 900 2769 1067 2800; x_wconf 88' lang='lat' dir='ltr'>beatorum</span> <span class='ocrx_word' id='word_1_495' title='bbox 1091 2775 1122 2800; x_wconf 91' lang='lat' dir='ltr'>et</span> <span class='ocrx_word' id='word_1_496' title='bbox 1145 2765 1252 2800; x_wconf 88' lang='lat' dir='ltr'>nostra</span> <span class='ocrx_word' id='word_1_497' title='bbox 1276 2779 1353 2800; x_wconf 93' lang='lat' dir='ltr'>con-</span> 
     </span>
     <span class='ocr_line' id='line_1_64' title="bbox 272 2813 1353 2849; baseline -0.004 -1"><span class='ocrx_word' id='word_1_498' title='bbox 272 2818 402 2848; x_wconf 81' lang='lat' dir='ltr'>veniant</span> <span class='ocrx_word' id='word_1_499' title='bbox 424 2815 458 2845; x_wconf 90' lang='lat' dir='ltr'>in</span> <span class='ocrx_word' id='word_1_500' title='bbox 481 2824 546 2845; x_wconf 90' lang='lat' dir='ltr'>una</span> <span class='ocrx_word' id='word_1_501' title='bbox 568 2813 690 2845; x_wconf 87' lang='lat' dir='ltr'>ratione</span> <span class='ocrx_word' id='word_1_502' title='bbox 709 2813 836 2844; x_wconf 86' lang='lat' dir='ltr'>formali</span> <span class='ocrx_word' id='word_1_503' title='bbox 852 2813 967 2844; x_wconf 87' lang='lat' dir='ltr'>obiecti</span> <span class='ocrx_word' id='word_1_504' title='bbox 992 2820 1029 2844; x_wconf 92' lang='lat' dir='ltr'>ut</span> <span class='ocrx_word' id='word_1_505' title='bbox 1051 2813 1213 2844; x_wconf 90' lang='lat' dir='ltr'>obiectum</span> <span class='ocrx_word' id='word_1_506' title='bbox 1237 2820 1301 2849; x_wconf 90' lang='lat' dir='ltr'>est,</span> <span class='ocrx_word' id='word_1_507' title='bbox 1323 2820 1353 2844; x_wconf 92' lang='lat' dir='ltr'>et</span> 
     </span>
     <span class='ocr_line' id='line_1_65' title="bbox 274 2858 1354 2902; baseline -0.004 -10"><span class='ocrx_word' id='word_1_508' title='bbox 274 2866 506 2902; x_wconf 85' lang='lat' dir='ltr'>consequenter</span> <span class='ocrx_word' id='word_1_509' title='bbox 529 2858 592 2889; x_wconf 90' lang='lat' dir='ltr'>sint</span> <span class='ocrx_word' id='word_1_510' title='bbox 608 2867 673 2889; x_wconf 89' lang='lat' dir='ltr'>una</span> <span class='ocrx_word' id='word_1_511' title='bbox 695 2858 825 2889; x_wconf 88' lang='lat' dir='ltr'>scientia</span> <span class='ocrx_word' id='word_1_512' title='bbox 840 2858 1019 2889; x_wconf 91' lang='lat' dir='ltr'>secundum</span> <span class='ocrx_word' id='word_1_513' title='bbox 1035 2858 1174 2899; x_wconf 87' lang='lat' dir='ltr'>speciem</span> <span class='ocrx_word' id='word_1_514' title='bbox 1197 2858 1354 2898; x_wconf 86' lang='lat' dir='ltr'>specialis-</span> 
     </span>
     <span class='ocr_line' id='line_1_66' title="bbox 273 2902 1352 2944; baseline -0.005 -7"><span class='ocrx_word' id='word_1_515' title='bbox 273 2903 400 2937; x_wconf 78' lang='lat' dir='ltr'>simam.</span> <span class='ocrx_word' id='word_1_516' title='bbox 412 2904 455 2936; x_wconf 87' lang='lat' dir='ltr'>Et</span> <span class='ocrx_word' id='word_1_517' title='bbox 471 2909 703 2944; x_wconf 87' lang='lat' dir='ltr'>consequenter</span> <span class='ocrx_word' id='word_1_518' title='bbox 716 2902 780 2933; x_wconf 92' lang='lat' dir='ltr'>ruit</span> <span class='ocrx_word' id='word_1_519' title='bbox 794 2908 862 2933; x_wconf 87' lang='lat' dir='ltr'>tota</span> <span class='ocrx_word' id='word_1_520' title='bbox 878 2902 1103 2934; x_wconf 88' lang='lat' dir='ltr'>subaltematio</span> <span class='ocrx_word' id='word_1_521' title='bbox 1123 2902 1246 2933; x_wconf 88' lang='lat' dir='ltr'>articuli</span> <span class='ocrx_word' id='word_1_522' title='bbox 1262 2912 1352 2942; x_wconf 90' lang='lat' dir='ltr'>prae—</span> 
     </span>
     <span class='ocr_line' id='line_1_67' title="bbox 274 2947 1352 2988; baseline -0.005 -6"><span class='ocrx_word' id='word_1_523' title='bbox 274 2949 424 2986; x_wconf 81' lang='lat' dir='ltr'>cedentis,</span> <span class='ocrx_word' id='word_1_524' title='bbox 443 2955 480 2980; x_wconf 92' lang='lat' dir='ltr'>ut</span> <span class='ocrx_word' id='word_1_525' title='bbox 498 2947 542 2979; x_wconf 92' lang='lat' dir='ltr'>ibi</span> <span class='ocrx_word' id='word_1_526' title='bbox 557 2947 576 2967; x_wconf 89' lang='grc'>*</span> <span class='ocrx_word' id='word_1_527' title='bbox 589 2947 743 2988; x_wconf 79' lang='lat' dir='ltr'>arguebat</span> <span class='ocrx_word' id='word_1_528' title='bbox 756 2947 886 2978; x_wconf 86' lang='lat' dir='ltr'>Scotus:</span> <span class='ocrx_word' id='word_1_529' title='bbox 903 2947 979 2988; x_wconf 87' lang='lat' dir='ltr'>quia</span> <span class='ocrx_word' id='word_1_530' title='bbox 1001 2947 1088 2978; x_wconf 91' lang='lat' dir='ltr'>idem</span> <span class='ocrx_word' id='word_1_531' title='bbox 1111 2957 1178 2978; x_wconf 90' lang='lat' dir='ltr'>non</span> <span class='ocrx_word' id='word_1_532' title='bbox 1202 2947 1352 2978; x_wconf 91' lang='lat' dir='ltr'>subalter-</span> 
     </span>
     <span class='ocr_line' id='line_1_68' title="bbox 273 2991 1353 3032; baseline -0.005 -5"><span class='ocrx_word' id='word_1_533' title='bbox 273 2995 368 3027; x_wconf 81' lang='lat' dir='ltr'>natur</span> <span class='ocrx_word' id='word_1_534' title='bbox 377 2994 446 3025; x_wconf 87' lang='lat' dir='ltr'>sibi.</span> <span class='ocrx_word' id='word_1_535' title='bbox 458 3011 478 3016; x_wconf 98' lang='lat'><em>-</em></span> <span class='ocrx_word' id='word_1_536' title='bbox 489 2993 645 3024; x_wconf 88' lang='lat' dir='ltr'>Probatur</span> <span class='ocrx_word' id='word_1_537' title='bbox 657 2991 786 3032; x_wconf 85' lang='lat' dir='ltr'>sequela</span> <span class='ocrx_word' id='word_1_538' title='bbox 801 2991 854 3023; x_wconf 89' lang='lat' dir='ltr'>sic.</span> <span class='ocrx_word' id='word_1_539' title='bbox 868 2991 947 3023; x_wconf 87' lang='lat' dir='ltr'>Istae</span> <span class='ocrx_word' id='word_1_540' title='bbox 962 2991 1142 3032; x_wconf 88' lang='lat' dir='ltr'>theologiae</span> <span class='ocrx_word' id='word_1_541' title='bbox 1158 2991 1353 3023; x_wconf 89' lang='lat' dir='ltr'>conveniunt</span> 
     </span>
     <span class='ocr_line' id='line_1_69' title="bbox 274 3036 1352 3077; baseline -0.004 -7"><span class='ocrx_word' id='word_1_542' title='bbox 274 3040 309 3070; x_wconf 85' lang='lat' dir='ltr'>in</span> <span class='ocrx_word' id='word_1_543' title='bbox 330 3038 453 3070; x_wconf 72' lang='lat' dir='ltr'>natione</span> <span class='ocrx_word' id='word_1_544' title='bbox 476 3037 604 3068; x_wconf 87' lang='lat' dir='ltr'>formali</span> <span class='ocrx_word' id='word_1_545' title='bbox 627 3036 743 3067; x_wconf 88' lang='lat' dir='ltr'>obiecti</span> <span class='ocrx_word' id='word_1_546' title='bbox 766 3042 802 3067; x_wconf 91' lang='lat' dir='ltr'>ut</span> <span class='ocrx_word' id='word_1_547' title='bbox 824 3046 883 3072; x_wconf 89' lang='lat' dir='ltr'>res,</span> <span class='ocrx_word' id='word_1_548' title='bbox 900 3036 976 3077; x_wconf 89' lang='lat' dir='ltr'>quia</span> <span class='ocrx_word' id='word_1_549' title='bbox 992 3036 1090 3067; x_wconf 89' lang='lat' dir='ltr'>deitas</span> <span class='ocrx_word' id='word_1_550' title='bbox 1115 3042 1162 3067; x_wconf 89' lang='lat' dir='ltr'>est</span> <span class='ocrx_word' id='word_1_551' title='bbox 1184 3036 1265 3067; x_wconf 90' lang='lat' dir='ltr'>ratio</span> <span class='ocrx_word' id='word_1_552' title='bbox 1289 3036 1352 3067; x_wconf 91' lang='lat' dir='ltr'>for-</span> 
     </span>
     <span class='ocr_line' id='line_1_70' title="bbox 275 3080 1350 3123; baseline -0.004 -8"><span class='ocrx_word' id='word_1_553' title='bbox 275 3082 568 3123; x_wconf 62' lang='lat' dir='ltr'>malisntrobique:</span> <span class='ocrx_word' id='word_1_554' title='bbox 585 3091 661 3122; x_wconf 86' lang='lat' dir='ltr'>ergo</span> <span class='ocrx_word' id='word_1_555' title='bbox 673 3081 707 3111; x_wconf 94' lang='lat' dir='ltr'>in</span> <span class='ocrx_word' id='word_1_556' title='bbox 719 3080 841 3111; x_wconf 90' lang='lat' dir='ltr'>ratione</span> <span class='ocrx_word' id='word_1_557' title='bbox 857 3080 984 3111; x_wconf 84' lang='lat' dir='ltr'>formali</span> <span class='ocrx_word' id='word_1_558' title='bbox 999 3081 1114 3112; x_wconf 89' lang='lat' dir='ltr'>obiecti</span> <span class='ocrx_word' id='word_1_559' title='bbox 1127 3087 1163 3112; x_wconf 92' lang='lat' dir='ltr'>ut</span> <span class='ocrx_word' id='word_1_560' title='bbox 1178 3081 1350 3111; x_wconf 91' lang='lat' dir='ltr'>obiectum.</span> 
     </span>
     <span class='ocr_line' id='line_1_71' title="bbox 275 3125 1351 3168; baseline -0.004 -9"><span class='ocrx_word' id='word_1_561' title='bbox 275 3129 365 3160; x_wconf 88' lang='lat' dir='ltr'>Patet</span> <span class='ocrx_word' id='word_1_562' title='bbox 380 3126 616 3168; x_wconf 85' lang='lat' dir='ltr'>consequentia.</span> <span class='ocrx_word' id='word_1_563' title='bbox 638 3125 723 3163; x_wconf 87' lang='lat' dir='ltr'>Quia</span> <span class='ocrx_word' id='word_1_564' title='bbox 746 3125 817 3156; x_wconf 90' lang='lat' dir='ltr'>illae</span> <span class='ocrx_word' id='word_1_565' title='bbox 841 3125 923 3156; x_wconf 88' lang='lat' dir='ltr'>duae</span> <span class='ocrx_word' id='word_1_566' title='bbox 946 3126 1083 3157; x_wconf 87' lang='lat' dir='ltr'>rationes</span> <span class='ocrx_word' id='word_1_567' title='bbox 1106 3125 1256 3156; x_wconf 89' lang='lat' dir='ltr'>formales</span> <span class='ocrx_word' id='word_1_568' title='bbox 1276 3135 1351 3156; x_wconf 93' lang='lat' dir='ltr'>con-</span> 
     </span>
     <span class='ocr_line' id='line_1_72' title="bbox 275 3170 1351 3211; baseline -0.004 -7"><span class='ocrx_word' id='word_1_569' title='bbox 275 3171 459 3204; x_wconf 87' lang='lat' dir='ltr'>vertibiliter</span> <span class='ocrx_word' id='word_1_570' title='bbox 480 3181 514 3202; x_wconf 90' lang='lat' dir='ltr'>se</span> <span class='ocrx_word' id='word_1_571' title='bbox 535 3170 686 3206; x_wconf 88' lang='lat' dir='ltr'>inferunt,</span> <span class='ocrx_word' id='word_1_572' title='bbox 711 3177 748 3201; x_wconf 93' lang='lat' dir='ltr'>ut</span> <span class='ocrx_word' id='word_1_573' title='bbox 771 3170 951 3201; x_wconf 87' lang='lat' dir='ltr'>subiectum</span> <span class='ocrx_word' id='word_1_574' title='bbox 975 3177 1006 3201; x_wconf 89' lang='lat' dir='ltr'>et</span> <span class='ocrx_word' id='word_1_575' title='bbox 1027 3170 1148 3211; x_wconf 87' lang='lat' dir='ltr'>passio,</span> <span class='ocrx_word' id='word_1_576' title='bbox 1173 3170 1351 3200; x_wconf 90' lang='lat' dir='ltr'>secundum</span> 
     </span>
     <span class='ocr_line' id='line_1_73' title="bbox 277 3214 1351 3256; baseline -0.004 -8"><span class='ocrx_word' id='word_1_577' title='bbox 277 3218 375 3248; x_wconf 85' lang='lat' dir='ltr'>dicta:</span> <span class='ocrx_word' id='word_1_578' title='bbox 394 3215 622 3256; x_wconf 71' lang='lat' dir='ltr'>oportet‘enim</span> <span class='ocrx_word' id='word_1_579' title='bbox 646 3214 868 3245; x_wconf 90' lang='lat' dir='ltr'>convenientia</span> <span class='ocrx_word' id='word_1_580' title='bbox 890 3214 924 3244; x_wconf 88' lang='lat' dir='ltr'>in</span> <span class='ocrx_word' id='word_1_581' title='bbox 947 3215 1068 3246; x_wconf 88' lang='lat' dir='ltr'>unitate</span> <span class='ocrx_word' id='word_1_582' title='bbox 1092 3214 1238 3250; x_wconf 89' lang='lat' dir='ltr'>subiecti,</span> <span class='ocrx_word' id='word_1_583' title='bbox 1261 3215 1351 3255; x_wconf 92' lang='lat' dir='ltr'>quod</span> 
     </span>
     <span class='ocr_line' id='line_1_74' title="bbox 276 3259 1352 3300; baseline -0.003 -8"><span class='ocrx_word' id='word_1_584' title='bbox 276 3261 468 3293; x_wconf 83' lang='lat' dir='ltr'>conveniant</span> <span class='ocrx_word' id='word_1_585' title='bbox 489 3260 523 3290; x_wconf 88' lang='lat' dir='ltr'>in</span> <span class='ocrx_word' id='word_1_586' title='bbox 545 3260 666 3291; x_wconf 85' lang='lat' dir='ltr'>unitate</span> <span class='ocrx_word' id='word_1_587' title='bbox 689 3259 847 3300; x_wconf 89' lang='lat' dir='ltr'>passionis</span> <span class='ocrx_word' id='word_1_588' title='bbox 870 3259 966 3295; x_wconf 90' lang='lat' dir='ltr'>illius,</span> <span class='ocrx_word' id='word_1_589' title='bbox 988 3259 1144 3300; x_wconf 86' lang='lat' dir='ltr'>quoniam</span> <span class='ocrx_word' id='word_1_590' title='bbox 1161 3259 1352 3299; x_wconf 87' lang='lat' dir='ltr'>inseparabi-</span> 
     </span>
     <span class='ocr_line' id='line_1_75' title="bbox 277 3304 729 3346; baseline -0.004 -9"><span class='ocrx_word' id='word_1_591' title='bbox 277 3307 315 3337; x_wconf 90' lang='lat' dir='ltr'>lis</span> <span class='ocrx_word' id='word_1_592' title='bbox 335 3312 382 3337; x_wconf 91' lang='lat' dir='ltr'>est</span> <span class='ocrx_word' id='word_1_593' title='bbox 405 3304 512 3346; x_wconf 87' lang='lat' dir='ltr'>passio</span> <span class='ocrx_word' id='word_1_594' title='bbox 535 3314 554 3335; x_wconf 90' lang='lat' dir='ltr'>a</span> <span class='ocrx_word' id='word_1_595' title='bbox 577 3304 729 3335; x_wconf 84' lang='lat' dir='ltr'>subiecto.</span> 
     </span>
    </p>

    <p class='ocr_par' dir='ltr' id='par_1_23' title="bbox 333 3348 1352 3390">
     <span class='ocr_line' id='line_1_76' title="bbox 333 3348 1352 3390; baseline -0.003 -9"><span class='ocrx_word' id='word_1_596' title='bbox 333 3351 387 3381; x_wconf 90' lang='lat' dir='ltr'>IX.</span> <span class='ocrx_word' id='word_1_597' title='bbox 410 3349 463 3380; x_wconf 86' lang='lat' dir='ltr'>Ad</span> <span class='ocrx_word' id='word_1_598' title='bbox 485 3348 548 3379; x_wconf 87' lang='lat' dir='ltr'>hoc</span> <span class='ocrx_word' id='word_1_599' title='bbox 567 3348 690 3385; x_wconf 90' lang='lat' dir='ltr'>dicitur,</span> <span class='ocrx_word' id='word_1_600' title='bbox 714 3349 804 3390; x_wconf 93' lang='lat' dir='ltr'>quod</span> <span class='ocrx_word' id='word_1_601' title='bbox 827 3349 881 3379; x_wconf 92' lang='lat' dir='ltr'>illa</span> <span class='ocrx_word' id='word_1_602' title='bbox 897 3348 1086 3389; x_wconf 86' lang='lat' dir='ltr'>propositio,</span> <span class='ocrx_word' id='word_1_603' title='bbox 1107 3348 1242 3379; x_wconf 90' lang='lat' dir='ltr'>scilicet:</span> <span class='ocrx_word' id='word_1_604' title='bbox 1268 3349 1352 3378; x_wconf 89' lang='lat' dir='ltr'>ratio</span> 
     </span>
    </p>
   </div>
   <div class='ocr_carea' id='block_1_19' title="bbox 267 3393 1354 3437">
    <p class='ocr_par' dir='ltr' id='par_1_24' title="bbox 267 3393 1354 3437">
     <span class='ocr_line' id='line_1_77' title="bbox 267 3393 1354 3437; baseline -0.004 -11"><span class='ocrx_word' id='word_1_605' title='bbox 267 3395 429 3437; x_wconf 79' lang='lat' dir='ltr'>formalis</span> <span class='ocrx_word' id='word_1_606' title='bbox 452 3393 565 3424; x_wconf 75' lang='lat' dir='ltr'>obiecti</span> <span class='ocrx_word' id='word_1_607' title='bbox 592 3397 628 3424; x_wconf 80' lang='lat' dir='ltr'>ut</span> <span class='ocrx_word' id='word_1_608' title='bbox 650 3402 721 3430; x_wconf 88' lang='lat' dir='ltr'>res,</span> <span class='ocrx_word' id='word_1_609' title='bbox 751 3398 782 3424; x_wconf 87' lang='lat' dir='ltr'>et</span> <span class='ocrx_word' id='word_1_610' title='bbox 810 3395 894 3424; x_wconf 84' lang='lat' dir='ltr'>ratio</span> <span class='ocrx_word' id='word_1_611' title='bbox 918 3394 987 3424; x_wconf 84' lang='lat' dir='ltr'>eius</span> <span class='ocrx_word' id='word_1_612' title='bbox 1010 3398 1046 3423; x_wconf 89' lang='lat' dir='ltr'>ut</span> <span class='ocrx_word' id='word_1_613' title='bbox 1077 3393 1251 3431; x_wconf 87' lang='lat' dir='ltr'>obiectum,</span> <span class='ocrx_word' id='word_1_614' title='bbox 1277 3397 1354 3423; x_wconf 85' lang='lat' dir='ltr'>sunt</span> 
     </span>
    </p>
   </div>
   <div class='ocr_carea' id='block_1_20' title="bbox 279 3436 1355 3560">
    <p class='ocr_par' dir='ltr' id='par_1_25' title="bbox 279 3436 1355 3560">
     <span class='ocr_line' id='line_1_78' title="bbox 279 3436 1353 3474; baseline -0.004 -3"><span class='ocrx_word' id='word_1_615' title='bbox 279 3438 501 3471; x_wconf 78' lang='lat' dir='ltr'>convertibiles</span> <span class='ocrx_word' id='word_1_616' title='bbox 524 3443 594 3473; x_wconf 68' lang='lat' dir='ltr'>etc„</span> <span class='ocrx_word' id='word_1_617' title='bbox 610 3437 773 3468; x_wconf 81' lang='lat' dir='ltr'>verissima</span> <span class='ocrx_word' id='word_1_618' title='bbox 797 3444 852 3474; x_wconf 88' lang='lat' dir='ltr'>est,</span> <span class='ocrx_word' id='word_1_619' title='bbox 874 3448 948 3468; x_wconf 88' lang='lat' dir='ltr'>sane</span> <span class='ocrx_word' id='word_1_620' title='bbox 973 3437 1148 3472; x_wconf 90' lang='lat' dir='ltr'>intellecta,</span> <span class='ocrx_word' id='word_1_621' title='bbox 1173 3436 1292 3468; x_wconf 88' lang='lat' dir='ltr'>scilicet</span> <span class='ocrx_word' id='word_1_622' title='bbox 1314 3437 1353 3467; x_wconf 90' lang='lat' dir='ltr'>de</span> 
     </span>
     <span class='ocr_line' id='line_1_79' title="bbox 279 3481 1353 3523; baseline -0.003 -8"><span class='ocrx_word' id='word_1_623' title='bbox 279 3484 402 3515; x_wconf 78' lang='lat' dir='ltr'>ratIone</span> <span class='ocrx_word' id='word_1_624' title='bbox 419 3481 546 3513; x_wconf 89' lang='lat' dir='ltr'>formali</span> <span class='ocrx_word' id='word_1_625' title='bbox 565 3481 680 3512; x_wconf 82' lang='lat' dir='ltr'>obiecti</span> <span class='ocrx_word' id='word_1_626' title='bbox 703 3488 741 3513; x_wconf 86' lang='lat' dir='ltr'>ut</span> <span class='ocrx_word' id='word_1_627' title='bbox 755 3482 800 3513; x_wconf 88' lang='lat' dir='ltr'>sic</span> <span class='ocrx_word' id='word_1_628' title='bbox 815 3482 999 3523; x_wconf 85' lang='lat' dir='ltr'>adaequata</span> <span class='ocrx_word' id='word_1_629' title='bbox 1020 3482 1134 3513; x_wconf 91' lang='lat' dir='ltr'>rationi</span> <span class='ocrx_word' id='word_1_630' title='bbox 1157 3481 1283 3512; x_wconf 88' lang='lat' dir='ltr'>formali</span> <span class='ocrx_word' id='word_1_631' title='bbox 1300 3481 1353 3511; x_wconf 89' lang='lat' dir='ltr'>rei.</span> 
     </span>
     <span class='ocr_line' id='line_1_80' title="bbox 279 3525 1355 3560; baseline -0.005 0"><span class='ocrx_word' id='word_1_632' title='bbox 279 3529 379 3560; x_wconf 87' lang='lat' dir='ltr'>Secus</span> <span class='ocrx_word' id='word_1_633' title='bbox 403 3534 511 3558; x_wconf 89' lang='lat' dir='ltr'>autem</span> <span class='ocrx_word' id='word_1_634' title='bbox 535 3532 582 3556; x_wconf 91' lang='lat' dir='ltr'>est</span> <span class='ocrx_word' id='word_1_635' title='bbox 609 3526 649 3556; x_wconf 90' lang='lat' dir='ltr'>de</span> <span class='ocrx_word' id='word_1_636' title='bbox 676 3525 797 3558; x_wconf 87' lang='lat' dir='ltr'>ratione</span> <span class='ocrx_word' id='word_1_637' title='bbox 829 3526 956 3557; x_wconf 90' lang='lat' dir='ltr'>formali</span> <span class='ocrx_word' id='word_1_638' title='bbox 987 3526 1103 3558; x_wconf 91' lang='lat' dir='ltr'>obiecti</span> <span class='ocrx_word' id='word_1_639' title='bbox 1126 3534 1162 3557; x_wconf 91' lang='lat' dir='ltr'>ut</span> <span class='ocrx_word' id='word_1_640' title='bbox 1193 3526 1355 3557; x_wconf 89' lang='lat' dir='ltr'>obiectum</span> 
     </span>
    </p>
   </div>
   <div class='ocr_carea' id='block_1_21' title="bbox 227 3563 1355 3614">
    <p class='ocr_par' dir='ltr' id='par_1_26' title="bbox 227 3563 1355 3614">
     <span class='ocr_line' id='line_1_81' title="bbox 227 3563 1355 3614; baseline -0.004 -10"><span class='ocrx_word' id='word_1_641' title='bbox 227 3580 231 3585; x_wconf 89' lang='lat'><em>·</em></span> <span class='ocrx_word' id='word_1_642' title='bbox 279 3573 496 3613; x_wconf 82' lang='lat' dir='ltr'>inadaequata</span> <span class='ocrx_word' id='word_1_643' title='bbox 521 3570 635 3601; x_wconf 87' lang='lat' dir='ltr'>rationi</span> <span class='ocrx_word' id='word_1_644' title='bbox 658 3563 918 3602; x_wconf 69' lang='lat' dir='ltr'>formali‘obiecti</span> <span class='ocrx_word' id='word_1_645' title='bbox 942 3578 978 3602; x_wconf 93' lang='lat' dir='ltr'>ut</span> <span class='ocrx_word' id='word_1_646' title='bbox 993 3581 1041 3602; x_wconf 93' lang='lat' dir='ltr'>res</span> <span class='ocrx_word' id='word_1_647' title='bbox 1066 3569 1106 3614; x_wconf 92' lang='lat' dir='ltr'>(si</span> <span class='ocrx_word' id='word_1_648' title='bbox 1130 3570 1285 3611; x_wconf 87' lang='lat' dir='ltr'>contingit</span> <span class='ocrx_word' id='word_1_649' title='bbox 1300 3570 1355 3600; x_wconf 90' lang='lat' dir='ltr'>ali-</span> 
     </span>
    </p>
   </div>
   <div class='ocr_carea' id='block_1_22' title="bbox 278 3614 1354 3659">
    <p class='ocr_par' dir='ltr' id='par_1_27' title="bbox 278 3614 1354 3659">
     <span class='ocr_line' id='line_1_82' title="bbox 278 3614 1354 3659; baseline -0.003 -11"><span class='ocrx_word' id='word_1_650' title='bbox 278 3618 369 3659; x_wconf 92' lang='lat' dir='ltr'>quod</span> <span class='ocrx_word' id='word_1_651' title='bbox 394 3616 554 3648; x_wconf 90' lang='lat' dir='ltr'>obiectum</span> <span class='ocrx_word' id='word_1_652' title='bbox 578 3615 692 3645; x_wconf 88' lang='lat' dir='ltr'>habere</span> <span class='ocrx_word' id='word_1_653' title='bbox 716 3614 873 3645; x_wconf 85' lang='lat' dir='ltr'>rationem</span> <span class='ocrx_word' id='word_1_654' title='bbox 896 3614 1173 3657; x_wconf 88' lang='lat' dir='ltr'>inadaequatam):</span> <span class='ocrx_word' id='word_1_655' title='bbox 1199 3615 1354 3656; x_wconf 88' lang='lat' dir='ltr'>quoniam</span> 
     </span>
    </p>
   </div>
   <div class='ocr_carea' id='block_1_23' title="bbox 1400 313 2481 3032">
    <p class='ocr_par' dir='ltr' id='par_1_28' title="bbox 1401 313 2479 1200">
     <span class='ocr_line' id='line_1_83' title="bbox 1402 313 2477 357; baseline 0.001 -11"><span class='ocrx_word' id='word_1_656' title='bbox 1402 316 1645 357; x_wconf 88' lang='lat' dir='ltr'>inadaequatam</span> <span class='ocrx_word' id='word_1_657' title='bbox 1670 326 1735 347; x_wconf 92' lang='lat' dir='ltr'>non</span> <span class='ocrx_word' id='word_1_658' title='bbox 1769 324 1895 357; x_wconf 90' lang='lat' dir='ltr'>oportet</span> <span class='ocrx_word' id='word_1_659' title='bbox 1914 313 2059 348; x_wconf 58' lang='lat' dir='ltr'>‘converti</span> <span class='ocrx_word' id='word_1_660' title='bbox 2093 327 2167 348; x_wconf 90' lang='lat' dir='ltr'>cum</span> <span class='ocrx_word' id='word_1_661' title='bbox 2190 317 2311 347; x_wconf 89' lang='lat' dir='ltr'>ratione</span> <span class='ocrx_word' id='word_1_662' title='bbox 2335 317 2396 353; x_wconf 86' lang='lat' dir='ltr'>rei;</span> <span class='ocrx_word' id='word_1_663' title='bbox 2422 318 2477 348; x_wconf 90' lang='lat' dir='ltr'>sed</span> 
     </span>
     <span class='ocr_line' id='line_1_84' title="bbox 1403 360 2479 402; baseline 0.003 -12"><span class='ocrx_word' id='word_1_664' title='bbox 1403 360 1516 391; x_wconf 89' lang='lat' dir='ltr'>inferre</span> <span class='ocrx_word' id='word_1_665' title='bbox 1540 361 1671 402; x_wconf 91' lang='lat' dir='ltr'>quidem</span> <span class='ocrx_word' id='word_1_666' title='bbox 1695 361 1791 397; x_wconf 88' lang='lat' dir='ltr'>illam,</span> <span class='ocrx_word' id='word_1_667' title='bbox 1813 368 1843 392; x_wconf 91' lang='lat' dir='ltr'>et</span> <span class='ocrx_word' id='word_1_668' title='bbox 1866 372 1933 392; x_wconf 89' lang='lat' dir='ltr'>non</span> <span class='ocrx_word' id='word_1_669' title='bbox 1949 361 2124 392; x_wconf 89' lang='lat' dir='ltr'>necessario</span> <span class='ocrx_word' id='word_1_670' title='bbox 2149 361 2255 393; x_wconf 85' lang='lat' dir='ltr'>inferri</span> <span class='ocrx_word' id='word_1_671' title='bbox 2280 362 2318 392; x_wconf 91' lang='lat' dir='ltr'>ab</span> <span class='ocrx_word' id='word_1_672' title='bbox 2342 361 2405 392; x_wconf 88' lang='lat' dir='ltr'>illa.</span> <span class='ocrx_word' id='word_1_673' title='bbox 2426 362 2479 393; x_wconf 80' lang='lat' dir='ltr'>Sic·</span> 
     </span>
     <span class='ocr_line' id='line_1_85' title="bbox 1404 405 2476 446; baseline 0.001 -11"><span class='ocrx_word' id='word_1_674' title='bbox 1404 412 1511 435; x_wconf 89' lang='lat' dir='ltr'>autem</span> <span class='ocrx_word' id='word_1_675' title='bbox 1535 411 1582 436; x_wconf 92' lang='lat' dir='ltr'>est</span> <span class='ocrx_word' id='word_1_676' title='bbox 1604 405 1637 436; x_wconf 89' lang='lat' dir='ltr'>in</span> <span class='ocrx_word' id='word_1_677' title='bbox 1654 405 1831 446; x_wconf 90' lang='lat' dir='ltr'>proposito.</span> <span class='ocrx_word' id='word_1_678' title='bbox 1853 407 1937 444; x_wconf 88' lang='lat' dir='ltr'>Quia</span> <span class='ocrx_word' id='word_1_679' title='bbox 1953 406 2059 437; x_wconf 88' lang='lat' dir='ltr'>deitati</span> <span class='ocrx_word' id='word_1_680' title='bbox 2078 406 2249 446; x_wconf 90' lang='lat' dir='ltr'>respondet</span> <span class='ocrx_word' id='word_1_681' title='bbox 2264 415 2328 436; x_wconf 87' lang='lat' dir='ltr'>una</span> <span class='ocrx_word' id='word_1_682' title='bbox 2351 413 2476 437; x_wconf 91' lang='lat' dir='ltr'>tantum</span> 
     </span>
     <span class='ocr_line' id='line_1_86' title="bbox 1403 449 2477 491; baseline 0.002 -11"><span class='ocrx_word' id='word_1_683' title='bbox 1403 449 1483 480; x_wconf 89' lang='lat' dir='ltr'>ratio</span> <span class='ocrx_word' id='word_1_684' title='bbox 1508 449 1650 480; x_wconf 89' lang='lat' dir='ltr'>formalis</span> <span class='ocrx_word' id='word_1_685' title='bbox 1673 450 1847 491; x_wconf 87' lang='lat' dir='ltr'>adaequata</span> <span class='ocrx_word' id='word_1_686' title='bbox 1871 450 1985 481; x_wconf 91' lang='lat' dir='ltr'>obiecti</span> <span class='ocrx_word' id='word_1_687' title='bbox 2013 457 2049 481; x_wconf 93' lang='lat' dir='ltr'>ut</span> <span class='ocrx_word' id='word_1_688' title='bbox 2072 450 2234 482; x_wconf 87' lang='lat' dir='ltr'>obiectum</span> <span class='ocrx_word' id='word_1_689' title='bbox 2258 457 2321 486; x_wconf 90' lang='lat' dir='ltr'>est,</span> <span class='ocrx_word' id='word_1_690' title='bbox 2347 457 2377 481; x_wconf 93' lang='lat' dir='ltr'>et</span> <span class='ocrx_word' id='word_1_691' title='bbox 2399 450 2477 482; x_wconf 88' lang='lat' dir='ltr'>haec</span> 
     </span>
     <span class='ocr_line' id='line_1_87' title="bbox 1404 494 2476 526; baseline 0.001 -2"><span class='ocrx_word' id='word_1_692' title='bbox 1404 501 1451 524; x_wconf 91' lang='lat' dir='ltr'>est</span> <span class='ocrx_word' id='word_1_693' title='bbox 1473 494 1584 525; x_wconf 89' lang='lat' dir='ltr'>lumen</span> <span class='ocrx_word' id='word_1_694' title='bbox 1609 494 1767 525; x_wconf 88' lang='lat' dir='ltr'>divinum:</span> <span class='ocrx_word' id='word_1_695' title='bbox 1800 495 1855 525; x_wconf 93' lang='lat' dir='ltr'>sed</span> <span class='ocrx_word' id='word_1_696' title='bbox 1886 495 1939 525; x_wconf 89' lang='lat' dir='ltr'>illa</span> <span class='ocrx_word' id='word_1_697' title='bbox 1962 495 2040 525; x_wconf 91' lang='lat' dir='ltr'>ratio</span> <span class='ocrx_word' id='word_1_698' title='bbox 2072 494 2214 525; x_wconf 87' lang='lat' dir='ltr'>formalis</span> <span class='ocrx_word' id='word_1_699' title='bbox 2243 504 2309 525; x_wconf 89' lang='lat' dir='ltr'>non</span> <span class='ocrx_word' id='word_1_700' title='bbox 2333 501 2379 525; x_wconf 90' lang='lat' dir='ltr'>est</span> <span class='ocrx_word' id='word_1_701' title='bbox 2412 505 2476 526; x_wconf 90' lang='lat' dir='ltr'>una</span> 
     </span>
     <span class='ocr_line' id='line_1_88' title="bbox 1404 539 2475 579; baseline 0 -10"><span class='ocrx_word' id='word_1_702' title='bbox 1404 539 1524 579; x_wconf 90' lang='lat' dir='ltr'>specie,</span> <span class='ocrx_word' id='word_1_703' title='bbox 1555 539 1610 569; x_wconf 89' lang='lat' dir='ltr'>sed</span> <span class='ocrx_word' id='word_1_704' title='bbox 1640 547 1768 579; x_wconf 89' lang='lat' dir='ltr'>genere;</span> <span class='ocrx_word' id='word_1_705' title='bbox 1800 545 1831 569; x_wconf 88' lang='lat' dir='ltr'>et</span> <span class='ocrx_word' id='word_1_706' title='bbox 1860 539 2010 569; x_wconf 84' lang='lat' dir='ltr'>dividitur</span> <span class='ocrx_word' id='word_1_707' title='bbox 2039 539 2071 569; x_wconf 93' lang='lat' dir='ltr'>in</span> <span class='ocrx_word' id='word_1_708' title='bbox 2099 539 2208 569; x_wconf 88' lang='lat' dir='ltr'>lumen</span> <span class='ocrx_word' id='word_1_709' title='bbox 2240 539 2386 569; x_wconf 90' lang='lat' dir='ltr'>divinum</span> <span class='ocrx_word' id='word_1_710' title='bbox 2413 540 2475 570; x_wconf 82' lang='lat' dir='ltr'>evi-</span> 
     </span>
     <span class='ocr_line' id='line_1_89' title="bbox 1403 583 2475 626; baseline -0.001 -12"><span class='ocrx_word' id='word_1_711' title='bbox 1403 583 1493 621; x_wconf 82' lang='lat' dir='ltr'>dens,</span> <span class='ocrx_word' id='word_1_712' title='bbox 1519 590 1548 614; x_wconf 91' lang='lat' dir='ltr'>et</span> <span class='ocrx_word' id='word_1_713' title='bbox 1567 583 1677 614; x_wconf 86' lang='lat' dir='ltr'>lumen</span> <span class='ocrx_word' id='word_1_714' title='bbox 1702 583 1846 614; x_wconf 90' lang='lat' dir='ltr'>divinum</span> <span class='ocrx_word' id='word_1_715' title='bbox 1871 584 2019 614; x_wconf 79' lang='lat' dir='ltr'>revelans</span> <span class='ocrx_word' id='word_1_716' title='bbox 2040 583 2264 626; x_wconf 87' lang='lat' dir='ltr'>(abstrahendo</span> <span class='ocrx_word' id='word_1_717' title='bbox 2288 584 2326 614; x_wconf 89' lang='lat' dir='ltr'>ab</span> <span class='ocrx_word' id='word_1_718' title='bbox 2350 583 2475 614; x_wconf 91' lang='lat' dir='ltr'>eviden-</span> 
     </span>
     <span class='ocr_line' id='line_1_90' title="bbox 1402 626 2474 671; baseline 0 -13"><span class='ocrx_word' id='word_1_719' title='bbox 1402 627 1446 658; x_wconf 86' lang='lat' dir='ltr'>tia</span> <span class='ocrx_word' id='word_1_720' title='bbox 1470 635 1500 658; x_wconf 90' lang='lat' dir='ltr'>et</span> <span class='ocrx_word' id='word_1_721' title='bbox 1516 626 1731 671; x_wconf 85' lang='lat' dir='ltr'>inevidentia),</span> <span class='ocrx_word' id='word_1_722' title='bbox 1748 635 1778 659; x_wconf 90' lang='lat' dir='ltr'>et</span> <span class='ocrx_word' id='word_1_723' title='bbox 1793 627 1903 658; x_wconf 90' lang='lat' dir='ltr'>lumen</span> <span class='ocrx_word' id='word_1_724' title='bbox 1923 627 2067 658; x_wconf 89' lang='lat' dir='ltr'>divinum</span> <span class='ocrx_word' id='word_1_725' title='bbox 2087 629 2259 659; x_wconf 79' lang='lat' dir='ltr'>inevidens.</span> <span class='ocrx_word' id='word_1_726' title='bbox 2277 628 2318 659; x_wconf 88' lang='lat' dir='ltr'>Et</span> <span class='ocrx_word' id='word_1_727' title='bbox 2333 627 2474 668; x_wconf 90' lang='lat' dir='ltr'>primum</span> 
     </span>
     <span class='ocr_line' id='line_1_91' title="bbox 1404 672 2474 714; baseline -0.001 -11"><span class='ocrx_word' id='word_1_728' title='bbox 1404 679 1451 703; x_wconf 89' lang='lat' dir='ltr'>est</span> <span class='ocrx_word' id='word_1_729' title='bbox 1474 672 1553 703; x_wconf 85' lang='lat' dir='ltr'>ratio</span> <span class='ocrx_word' id='word_1_730' title='bbox 1577 673 1636 703; x_wconf 83' lang='lat' dir='ltr'>sub</span> <span class='ocrx_word' id='word_1_731' title='bbox 1658 682 1723 714; x_wconf 82' lang='lat' dir='ltr'>qua</span> <span class='ocrx_word' id='word_1_732' title='bbox 1741 672 1921 713; x_wconf 90' lang='lat' dir='ltr'>theologiae</span> <span class='ocrx_word' id='word_1_733' title='bbox 1945 673 2121 708; x_wconf 89' lang='lat' dir='ltr'>beatorum,</span> <span class='ocrx_word' id='word_1_734' title='bbox 2139 672 2316 703; x_wconf 91' lang='lat' dir='ltr'>secundum</span> <span class='ocrx_word' id='word_1_735' title='bbox 2339 678 2474 708; x_wconf 89' lang='lat' dir='ltr'>nostrae,</span> 
     </span>
     <span class='ocr_line' id='line_1_92' title="bbox 1403 716 2475 757; baseline -0.001 -9"><span class='ocrx_word' id='word_1_736' title='bbox 1403 717 1533 748; x_wconf 88' lang='lat' dir='ltr'>tertium</span> <span class='ocrx_word' id='word_1_737' title='bbox 1556 716 1640 747; x_wconf 88' lang='lat' dir='ltr'>fidei.</span> <span class='ocrx_word' id='word_1_738' title='bbox 1666 717 1707 748; x_wconf 92' lang='lat' dir='ltr'>Et</span> <span class='ocrx_word' id='word_1_739' title='bbox 1729 724 1914 757; x_wconf 79' lang='lat' dir='ltr'>propterea,</span> <span class='ocrx_word' id='word_1_740' title='bbox 1935 726 2010 747; x_wconf 89' lang='lat' dir='ltr'>cum</span> <span class='ocrx_word' id='word_1_741' title='bbox 2034 716 2153 747; x_wconf 88' lang='lat' dir='ltr'>unitate</span> <span class='ocrx_word' id='word_1_742' title='bbox 2181 716 2310 747; x_wconf 91' lang='lat' dir='ltr'>rationis</span> <span class='ocrx_word' id='word_1_743' title='bbox 2333 716 2475 747; x_wconf 87' lang='lat' dir='ltr'>formalis</span> 
     </span>
     <span class='ocr_line' id='line_1_93' title="bbox 1403 760 2475 801; baseline -0.001 -9"><span class='ocrx_word' id='word_1_744' title='bbox 1403 761 1518 792; x_wconf 91' lang='lat' dir='ltr'>obiecti</span> <span class='ocrx_word' id='word_1_745' title='bbox 1541 769 1577 792; x_wconf 91' lang='lat' dir='ltr'>ut</span> <span class='ocrx_word' id='word_1_746' title='bbox 1599 771 1658 797; x_wconf 86' lang='lat' dir='ltr'>res,</span> <span class='ocrx_word' id='word_1_747' title='bbox 1675 767 1736 793; x_wconf 90' lang='lat' dir='ltr'>stat</span> <span class='ocrx_word' id='word_1_748' title='bbox 1758 761 1919 792; x_wconf 86' lang='lat' dir='ltr'>diversitas</span> <span class='ocrx_word' id='word_1_749' title='bbox 1943 760 2088 801; x_wconf 89' lang='lat' dir='ltr'>specifica</span> <span class='ocrx_word' id='word_1_750' title='bbox 2106 760 2268 791; x_wconf 89' lang='lat' dir='ltr'>rationum</span> <span class='ocrx_word' id='word_1_751' title='bbox 2291 761 2475 792; x_wconf 85' lang='lat' dir='ltr'>formalium</span> 
     </span>
     <span class='ocr_line' id='line_1_94' title="bbox 1403 805 2475 845; baseline -0.001 -9"><span class='ocrx_word' id='word_1_752' title='bbox 1403 806 1518 837; x_wconf 90' lang='lat' dir='ltr'>obiecti</span> <span class='ocrx_word' id='word_1_753' title='bbox 1541 805 1627 836; x_wconf 90' lang='lat' dir='ltr'>illius</span> <span class='ocrx_word' id='word_1_754' title='bbox 1651 813 1687 837; x_wconf 94' lang='lat' dir='ltr'>ut</span> <span class='ocrx_word' id='word_1_755' title='bbox 1709 805 1887 841; x_wconf 86' lang='lat' dir='ltr'>obiectum;</span> <span class='ocrx_word' id='word_1_756' title='bbox 1913 812 1944 836; x_wconf 89' lang='lat' dir='ltr'>et</span> <span class='ocrx_word' id='word_1_757' title='bbox 1968 812 2199 845; x_wconf 87' lang='lat' dir='ltr'>consequenter</span> <span class='ocrx_word' id='word_1_758' title='bbox 2222 805 2382 836; x_wconf 88' lang='lat' dir='ltr'>diversitas</span> <span class='ocrx_word' id='word_1_759' title='bbox 2406 815 2475 845; x_wconf 92' lang='lat' dir='ltr'>spe-</span> 
     </span>
     <span class='ocr_line' id='line_1_95' title="bbox 1402 849 2476 890; baseline -0.002 -9"><span class='ocrx_word' id='word_1_760' title='bbox 1402 850 1490 881; x_wconf 83' lang='lat' dir='ltr'>cifica</span> <span class='ocrx_word' id='word_1_761' title='bbox 1514 850 1693 881; x_wconf 89' lang='lat' dir='ltr'>habituum.</span> <span class='ocrx_word' id='word_1_762' title='bbox 1710 850 1752 881; x_wconf 89' lang='lat' dir='ltr'>Et</span> <span class='ocrx_word' id='word_1_763' title='bbox 1773 850 1857 886; x_wconf 92' lang='lat' dir='ltr'>ideo,</span> <span class='ocrx_word' id='word_1_764' title='bbox 1878 849 2024 890; x_wconf 90' lang='lat' dir='ltr'>quamvis</span> <span class='ocrx_word' id='word_1_765' title='bbox 2048 849 2145 880; x_wconf 88' lang='lat' dir='ltr'>deitas</span> <span class='ocrx_word' id='word_1_766' title='bbox 2179 856 2379 880; x_wconf 90' lang='lat' dir='ltr'>convertatur</span> <span class='ocrx_word' id='word_1_767' title='bbox 2402 859 2476 880; x_wconf 93' lang='lat' dir='ltr'>cum</span> 
     </span>
     <span class='ocr_line' id='line_1_96' title="bbox 1401 893 2475 936; baseline -0.001 -11"><span class='ocrx_word' id='word_1_768' title='bbox 1401 895 1455 925; x_wconf 84' lang='lat' dir='ltr'>illa</span> <span class='ocrx_word' id='word_1_769' title='bbox 1478 895 1600 926; x_wconf 78' lang='lat' dir='ltr'>ratione</span> <span class='ocrx_word' id='word_1_770' title='bbox 1623 895 1816 936; x_wconf 87' lang='lat' dir='ltr'>adaequata,</span> <span class='ocrx_word' id='word_1_771' title='bbox 1845 901 1875 925; x_wconf 93' lang='lat' dir='ltr'>et</span> <span class='ocrx_word' id='word_1_772' title='bbox 1898 901 2014 925; x_wconf 89' lang='lat' dir='ltr'>mutuo</span> <span class='ocrx_word' id='word_1_773' title='bbox 2037 904 2070 924; x_wconf 92' lang='lat' dir='ltr'>se</span> <span class='ocrx_word' id='word_1_774' title='bbox 2093 893 2247 930; x_wconf 88' lang='lat' dir='ltr'>inferant,</span> <span class='ocrx_word' id='word_1_775' title='bbox 2274 903 2339 924; x_wconf 90' lang='lat' dir='ltr'>non</span> <span class='ocrx_word' id='word_1_776' title='bbox 2368 901 2475 924; x_wconf 89' lang='lat' dir='ltr'>tamen</span> 
     </span>
     <span class='ocr_line' id='line_1_97' title="bbox 1403 938 2476 980; baseline -0.002 -10"><span class='ocrx_word' id='word_1_777' title='bbox 1403 939 1597 970; x_wconf 87' lang='lat' dir='ltr'>convertitur</span> <span class='ocrx_word' id='word_1_778' title='bbox 1620 949 1695 970; x_wconf 90' lang='lat' dir='ltr'>cum</span> <span class='ocrx_word' id='word_1_779' title='bbox 1717 939 1824 980; x_wconf 87' lang='lat' dir='ltr'>aliqua</span> <span class='ocrx_word' id='word_1_780' title='bbox 1847 939 1950 979; x_wconf 91' lang='lat' dir='ltr'>specie</span> <span class='ocrx_word' id='word_1_781' title='bbox 1975 938 2070 969; x_wconf 90' lang='lat' dir='ltr'>illius.</span> <span class='ocrx_word' id='word_1_782' title='bbox 2088 938 2128 969; x_wconf 88' lang='lat' dir='ltr'>Et</span> <span class='ocrx_word' id='word_1_783' title='bbox 2152 945 2382 979; x_wconf 91' lang='lat' dir='ltr'>consequenter</span> <span class='ocrx_word' id='word_1_784' title='bbox 2406 939 2476 969; x_wconf 91' lang='lat' dir='ltr'>nul-</span> 
     </span>
     <span class='ocr_line' id='line_1_98' title="bbox 1402 982 2478 1023; baseline -0.001 -9"><span class='ocrx_word' id='word_1_785' title='bbox 1402 984 1467 1014; x_wconf 87' lang='lat' dir='ltr'>lam</span> <span class='ocrx_word' id='word_1_786' title='bbox 1491 994 1602 1014; x_wconf 90' lang='lat' dir='ltr'>earum</span> <span class='ocrx_word' id='word_1_787' title='bbox 1625 983 1831 1015; x_wconf 89' lang='lat' dir='ltr'>determinate</span> <span class='ocrx_word' id='word_1_788' title='bbox 1847 983 1949 1020; x_wconf 87' lang='lat' dir='ltr'>infert,</span> <span class='ocrx_word' id='word_1_789' title='bbox 1967 983 2022 1013; x_wconf 89' lang='lat' dir='ltr'>sed</span> <span class='ocrx_word' id='word_1_790' title='bbox 2043 982 2176 1013; x_wconf 89' lang='lat' dir='ltr'>infertur</span> <span class='ocrx_word' id='word_1_791' title='bbox 2190 993 2208 1013; x_wconf 91' lang='lat' dir='ltr'>a</span> <span class='ocrx_word' id='word_1_792' title='bbox 2223 982 2364 1023; x_wconf 87' lang='lat' dir='ltr'>singulis.</span> <span class='ocrx_word' id='word_1_793' title='bbox 2385 983 2478 1013; x_wconf 81' lang='lat' dir='ltr'>Valet</span> 
     </span>
     <span class='ocr_line' id='line_1_99' title="bbox 1403 1027 2476 1070; baseline -0.001 -11"><span class='ocrx_word' id='word_1_794' title='bbox 1403 1029 1506 1059; x_wconf 91' lang='lat' dir='ltr'>enim:</span> <span class='ocrx_word' id='word_1_795' title='bbox 1531 1029 1622 1059; x_wconf 89' lang='lat' dir='ltr'>Deus</span> <span class='ocrx_word' id='word_1_796' title='bbox 1643 1029 1702 1070; x_wconf 77' lang='lat' dir='ltr'>sub</span> <span class='ocrx_word' id='word_1_797' title='bbox 1726 1029 1852 1059; x_wconf 83' lang='lat' dir='ltr'>ratione</span> <span class='ocrx_word' id='word_1_798' title='bbox 1874 1029 2002 1059; x_wconf 83' lang='lat' dir='ltr'>deitatis</span> <span class='ocrx_word' id='word_1_799' title='bbox 2025 1033 2072 1058; x_wconf 89' lang='lat' dir='ltr'>est</span> <span class='ocrx_word' id='word_1_800' title='bbox 2094 1027 2248 1058; x_wconf 85' lang='lat' dir='ltr'>obiectum</span> <span class='ocrx_word' id='word_1_801' title='bbox 2277 1028 2352 1058; x_wconf 84' lang='lat' dir='ltr'>talis</span> <span class='ocrx_word' id='word_1_802' title='bbox 2374 1028 2476 1058; x_wconf 86' lang='lat' dir='ltr'>scien-</span> 
     </span>
     <span class='ocr_line' id='line_1_100' title="bbox 1403 1072 2474 1114; baseline -0.001 -11"><span class='ocrx_word' id='word_1_803' title='bbox 1403 1074 1483 1110; x_wconf 86' lang='lat' dir='ltr'>tiae,</span> <span class='ocrx_word' id='word_1_804' title='bbox 1504 1083 1584 1114; x_wconf 83' lang='lat' dir='ltr'>ergo</span> <span class='ocrx_word' id='word_1_805' title='bbox 1600 1073 1659 1104; x_wconf 85' lang='lat' dir='ltr'>sub</span> <span class='ocrx_word' id='word_1_806' title='bbox 1678 1074 1799 1104; x_wconf 85' lang='lat' dir='ltr'>lumine</span> <span class='ocrx_word' id='word_1_807' title='bbox 1817 1073 1935 1110; x_wconf 80' lang='lat' dir='ltr'>divino,</span> <span class='ocrx_word' id='word_1_808' title='bbox 1952 1079 1983 1103; x_wconf 84' lang='lat' dir='ltr'>et</span> <span class='ocrx_word' id='word_1_809' title='bbox 1999 1081 2015 1102; x_wconf 95' lang='lat' dir='ltr'>e</span> <span class='ocrx_word' id='word_1_810' title='bbox 2035 1081 2202 1102; x_wconf 91' lang='lat' dir='ltr'>converso:</span> <span class='ocrx_word' id='word_1_811' title='bbox 2221 1072 2276 1102; x_wconf 88' lang='lat' dir='ltr'>sed</span> <span class='ocrx_word' id='word_1_812' title='bbox 2299 1082 2366 1114; x_wconf 88' lang='lat' dir='ltr'>non</span> <span class='ocrx_word' id='word_1_813' title='bbox 2382 1072 2474 1107; x_wconf 88' lang='lat' dir='ltr'>valet,</span> 
     </span>
     <span class='ocr_line' id='line_1_101' title="bbox 1403 1116 2476 1158; baseline -0.001 -10"><span class='ocrx_word' id='word_1_814' title='bbox 1403 1127 1482 1158; x_wconf 83' lang='lat' dir='ltr'>ergo</span> <span class='ocrx_word' id='word_1_815' title='bbox 1505 1118 1563 1148; x_wconf 86' lang='lat' dir='ltr'>sub</span> <span class='ocrx_word' id='word_1_816' title='bbox 1580 1118 1701 1148; x_wconf 86' lang='lat' dir='ltr'>lumine</span> <span class='ocrx_word' id='word_1_817' title='bbox 1717 1118 1854 1148; x_wconf 84' lang='lat' dir='ltr'>evidenti</span> <span class='ocrx_word' id='word_1_818' title='bbox 1859 1127 1872 1155; x_wconf 91' lang='lat'><em>;</em></span> <span class='ocrx_word' id='word_1_819' title='bbox 1897 1124 1967 1153; x_wconf 89' lang='lat' dir='ltr'>aut,</span> <span class='ocrx_word' id='word_1_820' title='bbox 1985 1126 2064 1157; x_wconf 84' lang='lat' dir='ltr'>ergo</span> <span class='ocrx_word' id='word_1_821' title='bbox 2084 1116 2142 1147; x_wconf 88' lang='lat' dir='ltr'>sub</span> <span class='ocrx_word' id='word_1_822' title='bbox 2166 1117 2286 1147; x_wconf 85' lang='lat' dir='ltr'>lumine</span> <span class='ocrx_word' id='word_1_823' title='bbox 2308 1117 2476 1148; x_wconf 85' lang='lat' dir='ltr'>revelatio-</span> 
     </span>
     <span class='ocr_line' id='line_1_102' title="bbox 1403 1163 1540 1200; baseline 0 -8"><span class='ocrx_word' id='word_1_824' title='bbox 1403 1163 1464 1200; x_wconf 86' lang='lat' dir='ltr'>nis,</span> <span class='ocrx_word' id='word_1_825' title='bbox 1482 1169 1540 1192; x_wconf 92' lang='lat' dir='ltr'>etc.</span> 
     </span>
    </p>

    <p class='ocr_par' dir='ltr' id='par_1_29' title="bbox 1400 1205 2479 2093">
     <span class='ocr_line' id='line_1_103' title="bbox 1454 1205 2474 1246; baseline -0.002 -9"><span class='ocrx_word' id='word_1_826' title='bbox 1454 1207 1493 1237; x_wconf 88' lang='lat' dir='ltr'>X.</span> <span class='ocrx_word' id='word_1_827' title='bbox 1515 1206 1556 1236; x_wconf 92' lang='lat' dir='ltr'>Et</span> <span class='ocrx_word' id='word_1_828' title='bbox 1572 1213 1607 1237; x_wconf 93' lang='lat' dir='ltr'>ut</span> <span class='ocrx_word' id='word_1_829' title='bbox 1623 1206 1700 1237; x_wconf 90' lang='lat' dir='ltr'>scias</span> <span class='ocrx_word' id='word_1_830' title='bbox 1716 1206 1853 1236; x_wconf 89' lang='lat' dir='ltr'>radicem</span> <span class='ocrx_word' id='word_1_831' title='bbox 1870 1205 2086 1246; x_wconf 90' lang='lat' dir='ltr'>responsionis</span> <span class='ocrx_word' id='word_1_832' title='bbox 2103 1205 2208 1240; x_wconf 89' lang='lat' dir='ltr'>huius,</span> <span class='ocrx_word' id='word_1_833' title='bbox 2234 1205 2358 1242; x_wconf 84' lang='lat' dir='ltr'>adverte</span> <span class='ocrx_word' id='word_1_834' title='bbox 2376 1205 2474 1246; x_wconf 90' lang='lat' dir='ltr'>quod,</span> 
     </span>
     <span class='ocr_line' id='line_1_104' title="bbox 1400 1249 2478 1290; baseline -0.002 -9"><span class='ocrx_word' id='word_1_835' title='bbox 1400 1251 1473 1281; x_wconf 90' lang='lat' dir='ltr'>licet</span> <span class='ocrx_word' id='word_1_836' title='bbox 1497 1251 1578 1281; x_wconf 91' lang='lat' dir='ltr'>duae</span> <span class='ocrx_word' id='word_1_837' title='bbox 1600 1251 1738 1281; x_wconf 90' lang='lat' dir='ltr'>rationes</span> <span class='ocrx_word' id='word_1_838' title='bbox 1762 1250 1911 1280; x_wconf 85' lang='lat' dir='ltr'>formales</span> <span class='ocrx_word' id='word_1_839' title='bbox 1935 1249 2258 1290; x_wconf 61' lang='lat' dir='ltr'>saepius‘nominatae</span> <span class='ocrx_word' id='word_1_840' title='bbox 2287 1259 2319 1279; x_wconf 89' lang='lat' dir='ltr'>se</span> <span class='ocrx_word' id='word_1_841' title='bbox 2343 1249 2478 1280; x_wconf 90' lang='lat' dir='ltr'>habeant</span> 
     </span>
     <span class='ocr_line' id='line_1_105' title="bbox 1402 1293 2477 1334; baseline -0.002 -9"><span class='ocrx_word' id='word_1_842' title='bbox 1402 1295 1646 1326; x_wconf 88' lang='lat' dir='ltr'>convertibiliter</span> <span class='ocrx_word' id='word_1_843' title='bbox 1669 1302 1705 1326; x_wconf 93' lang='lat' dir='ltr'>ut</span> <span class='ocrx_word' id='word_1_844' title='bbox 1728 1295 1907 1325; x_wconf 90' lang='lat' dir='ltr'>subiectum</span> <span class='ocrx_word' id='word_1_845' title='bbox 1931 1301 1961 1324; x_wconf 91' lang='lat' dir='ltr'>et</span> <span class='ocrx_word' id='word_1_846' title='bbox 1984 1293 2103 1334; x_wconf 88' lang='lat' dir='ltr'>passio,</span> <span class='ocrx_word' id='word_1_847' title='bbox 2129 1304 2195 1324; x_wconf 92' lang='lat' dir='ltr'>non</span> <span class='ocrx_word' id='word_1_848' title='bbox 2218 1301 2325 1324; x_wconf 87' lang='lat' dir='ltr'>tamen</span> <span class='ocrx_word' id='word_1_849' title='bbox 2349 1303 2477 1324; x_wconf 93' lang='lat' dir='ltr'>conver-</span> 
     </span>
     <span class='ocr_line' id='line_1_106' title="bbox 1401 1338 2478 1379; baseline -0.002 -9"><span class='ocrx_word' id='word_1_850' title='bbox 1401 1338 1529 1370; x_wconf 90' lang='lat' dir='ltr'>tibiliter</span> <span class='ocrx_word' id='word_1_851' title='bbox 1543 1349 1576 1370; x_wconf 89' lang='lat' dir='ltr'>se</span> <span class='ocrx_word' id='word_1_852' title='bbox 1592 1339 1709 1370; x_wconf 88' lang='lat' dir='ltr'>habent</span> <span class='ocrx_word' id='word_1_853' title='bbox 1728 1339 1761 1369; x_wconf 90' lang='lat' dir='ltr'>in</span> <span class='ocrx_word' id='word_1_854' title='bbox 1781 1339 1880 1379; x_wconf 87' lang='lat' dir='ltr'>gradu</span> <span class='ocrx_word' id='word_1_855' title='bbox 1897 1338 2042 1374; x_wconf 88' lang='lat' dir='ltr'>unitatis;</span> <span class='ocrx_word' id='word_1_856' title='bbox 2059 1338 2102 1368; x_wconf 91' lang='lat' dir='ltr'>ita</span> <span class='ocrx_word' id='word_1_857' title='bbox 2119 1338 2224 1379; x_wconf 93' lang='lat' dir='ltr'>quod,</span> <span class='ocrx_word' id='word_1_858' title='bbox 2250 1338 2275 1368; x_wconf 89' lang='lat' dir='ltr'>si</span> <span class='ocrx_word' id='word_1_859' title='bbox 2295 1338 2391 1368; x_wconf 89' lang='lat' dir='ltr'>altera</span> <span class='ocrx_word' id='word_1_860' title='bbox 2414 1348 2478 1368; x_wconf 88' lang='lat' dir='ltr'>una</span> 
     </span>
     <span class='ocr_line' id='line_1_107' title="bbox 1403 1382 2478 1424; baseline -0.003 -9"><span class='ocrx_word' id='word_1_861' title='bbox 1403 1391 1449 1415; x_wconf 86' lang='lat' dir='ltr'>est</span> <span class='ocrx_word' id='word_1_862' title='bbox 1476 1384 1596 1415; x_wconf 90' lang='lat' dir='ltr'>unitate</span> <span class='ocrx_word' id='word_1_863' title='bbox 1627 1383 1773 1424; x_wconf 88' lang='lat' dir='ltr'>specifica</span> <span class='ocrx_word' id='word_1_864' title='bbox 1804 1382 2043 1423; x_wconf 89' lang='lat' dir='ltr'>specialissime,</span> <span class='ocrx_word' id='word_1_865' title='bbox 2073 1383 2168 1413; x_wconf 89' lang='lat' dir='ltr'>altera</span> <span class='ocrx_word' id='word_1_866' title='bbox 2202 1392 2333 1423; x_wconf 89' lang='lat' dir='ltr'>quoque</span> <span class='ocrx_word' id='word_1_867' title='bbox 2363 1382 2402 1413; x_wconf 90' lang='lat' dir='ltr'>sit</span> <span class='ocrx_word' id='word_1_868' title='bbox 2435 1382 2478 1413; x_wconf 91' lang='lat' dir='ltr'>sic</span> 
     </span>
     <span class='ocr_line' id='line_1_108' title="bbox 1402 1427 2478 1468; baseline -0.003 -8"><span class='ocrx_word' id='word_1_869' title='bbox 1402 1438 1482 1465; x_wconf 90' lang='lat' dir='ltr'>una;</span> <span class='ocrx_word' id='word_1_870' title='bbox 1503 1435 1534 1459; x_wconf 91' lang='lat' dir='ltr'>et</span> <span class='ocrx_word' id='word_1_871' title='bbox 1557 1429 1583 1459; x_wconf 91' lang='lat' dir='ltr'>si</span> <span class='ocrx_word' id='word_1_872' title='bbox 1607 1428 1703 1460; x_wconf 88' lang='lat' dir='ltr'>altera</span> <span class='ocrx_word' id='word_1_873' title='bbox 1727 1435 1773 1459; x_wconf 89' lang='lat' dir='ltr'>est</span> <span class='ocrx_word' id='word_1_874' title='bbox 1789 1438 1853 1458; x_wconf 91' lang='lat' dir='ltr'>una</span> <span class='ocrx_word' id='word_1_875' title='bbox 1876 1437 1999 1468; x_wconf 88' lang='lat' dir='ltr'>genere,</span> <span class='ocrx_word' id='word_1_876' title='bbox 2027 1427 2117 1468; x_wconf 91' lang='lat' dir='ltr'>quod</span> <span class='ocrx_word' id='word_1_877' title='bbox 2140 1427 2262 1468; x_wconf 92' lang='lat' dir='ltr'>reliqua</span> <span class='ocrx_word' id='word_1_878' title='bbox 2282 1437 2414 1468; x_wconf 92' lang='lat' dir='ltr'>quoque</span> <span class='ocrx_word' id='word_1_879' title='bbox 2438 1427 2478 1457; x_wconf 90' lang='lat' dir='ltr'>sit</span> 
     </span>
     <span class='ocr_line' id='line_1_109' title="bbox 1403 1471 2477 1514; baseline -0.002 -10"><span class='ocrx_word' id='word_1_880' title='bbox 1403 1484 1467 1504; x_wconf 91' lang='lat' dir='ltr'>una</span> <span class='ocrx_word' id='word_1_881' title='bbox 1490 1473 1643 1514; x_wconf 87' lang='lat' dir='ltr'>generice.</span> <span class='ocrx_word' id='word_1_882' title='bbox 1669 1473 1737 1503; x_wconf 89' lang='lat' dir='ltr'>Imo</span> <span class='ocrx_word' id='word_1_883' title='bbox 1762 1472 1868 1503; x_wconf 69' lang='lat' dir='ltr'>totum</span> <span class='ocrx_word' id='word_1_884' title='bbox 1893 1472 2081 1512; x_wconf 88' lang='lat' dir='ltr'>oppositum</span> <span class='ocrx_word' id='word_1_885' title='bbox 2104 1472 2137 1501; x_wconf 90' lang='lat' dir='ltr'>in</span> <span class='ocrx_word' id='word_1_886' title='bbox 2165 1471 2309 1512; x_wconf 90' lang='lat' dir='ltr'>pluribus</span> <span class='ocrx_word' id='word_1_887' title='bbox 2338 1478 2477 1512; x_wconf 85' lang='lat' dir='ltr'>apparet.</span> 
     </span>
     <span class='ocr_line' id='line_1_110' title="bbox 1403 1515 2478 1558; baseline -0.003 -9"><span class='ocrx_word' id='word_1_888' title='bbox 1403 1519 1487 1550; x_wconf 88' lang='lat' dir='ltr'>Nam</span> <span class='ocrx_word' id='word_1_889' title='bbox 1509 1519 1542 1549; x_wconf 91' lang='lat' dir='ltr'>in</span> <span class='ocrx_word' id='word_1_890' title='bbox 1566 1518 1692 1549; x_wconf 91' lang='lat' dir='ltr'>obiecto</span> <span class='ocrx_word' id='word_1_891' title='bbox 1724 1517 1972 1558; x_wconf 88' lang='lat' dir='ltr'>metaphysicae,</span> <span class='ocrx_word' id='word_1_892' title='bbox 1997 1516 2077 1547; x_wconf 89' lang='lat' dir='ltr'>ratio</span> <span class='ocrx_word' id='word_1_893' title='bbox 2101 1515 2182 1547; x_wconf 85' lang='lat' dir='ltr'>entis</span> <span class='ocrx_word' id='word_1_894' title='bbox 2207 1522 2255 1547; x_wconf 93' lang='lat' dir='ltr'>est</span> <span class='ocrx_word' id='word_1_895' title='bbox 2284 1526 2348 1547; x_wconf 91' lang='lat' dir='ltr'>una</span> <span class='ocrx_word' id='word_1_896' title='bbox 2371 1515 2478 1546; x_wconf 90' lang='lat' dir='ltr'>minus</span> 
     </span>
     <span class='ocr_line' id='line_1_111' title="bbox 1403 1559 2479 1605; baseline -0.003 -11"><span class='ocrx_word' id='word_1_897' title='bbox 1403 1573 1502 1605; x_wconf 88' lang='lat' dir='ltr'>quarn</span> <span class='ocrx_word' id='word_1_898' title='bbox 1525 1571 1657 1603; x_wconf 85' lang='lat' dir='ltr'>genere:</span> <span class='ocrx_word' id='word_1_899' title='bbox 1683 1569 1714 1593; x_wconf 89' lang='lat' dir='ltr'>et</span> <span class='ocrx_word' id='word_1_900' title='bbox 1738 1569 1844 1593; x_wconf 89' lang='lat' dir='ltr'>tamen</span> <span class='ocrx_word' id='word_1_901' title='bbox 1869 1561 1947 1592; x_wconf 89' lang='lat' dir='ltr'>ratio</span> <span class='ocrx_word' id='word_1_902' title='bbox 1972 1571 2047 1591; x_wconf 90' lang='lat' dir='ltr'>suae</span> <span class='ocrx_word' id='word_1_903' title='bbox 2071 1560 2339 1601; x_wconf 87' lang='lat' dir='ltr'>speculabilitatis,</span> <span class='ocrx_word' id='word_1_904' title='bbox 2361 1559 2479 1591; x_wconf 87' lang='lat' dir='ltr'>scilicet</span> 
     </span>
     <span class='ocr_line' id='line_1_112' title="bbox 1403 1605 2478 1646; baseline -0.004 -7"><span class='ocrx_word' id='word_1_905' title='bbox 1403 1607 1570 1640; x_wconf 88' lang='lat' dir='ltr'>abstractio</span> <span class='ocrx_word' id='word_1_906' title='bbox 1595 1618 1613 1638; x_wconf 86' lang='lat' dir='ltr'>a</span> <span class='ocrx_word' id='word_1_907' title='bbox 1637 1606 1767 1638; x_wconf 90' lang='lat' dir='ltr'>materia</span> <span class='ocrx_word' id='word_1_908' title='bbox 1787 1606 1926 1637; x_wconf 87' lang='lat' dir='ltr'>sensibili</span> <span class='ocrx_word' id='word_1_909' title='bbox 1951 1612 1981 1636; x_wconf 92' lang='lat' dir='ltr'>et</span> <span class='ocrx_word' id='word_1_910' title='bbox 2004 1605 2202 1646; x_wconf 88' lang='lat' dir='ltr'>intelligibili,</span> <span class='ocrx_word' id='word_1_911' title='bbox 2221 1612 2267 1637; x_wconf 90' lang='lat' dir='ltr'>est</span> <span class='ocrx_word' id='word_1_912' title='bbox 2286 1615 2351 1636; x_wconf 88' lang='lat' dir='ltr'>una</span> <span class='ocrx_word' id='word_1_913' title='bbox 2366 1615 2478 1636; x_wconf 89' lang='lat' dir='ltr'>secun-</span> 
     </span>
     <span class='ocr_line' id='line_1_113' title="bbox 1404 1649 2478 1693; baseline -0.004 -9"><span class='ocrx_word' id='word_1_914' title='bbox 1404 1654 1483 1684; x_wconf 89' lang='lat' dir='ltr'>dum</span> <span class='ocrx_word' id='word_1_915' title='bbox 1503 1652 1642 1693; x_wconf 82' lang='lat' dir='ltr'>speciem</span> <span class='ocrx_word' id='word_1_916' title='bbox 1659 1651 1928 1692; x_wconf 88' lang='lat' dir='ltr'>specialissimam.</span> <span class='ocrx_word' id='word_1_917' title='bbox 1945 1650 1986 1681; x_wconf 90' lang='lat' dir='ltr'>Et</span> <span class='ocrx_word' id='word_1_918' title='bbox 2009 1650 2095 1680; x_wconf 90' lang='lat' dir='ltr'>idem</span> <span class='ocrx_word' id='word_1_919' title='bbox 2111 1657 2240 1691; x_wconf 90' lang='lat' dir='ltr'>apparet</span> <span class='ocrx_word' id='word_1_920' title='bbox 2256 1650 2288 1680; x_wconf 89' lang='lat' dir='ltr'>in</span> <span class='ocrx_word' id='word_1_921' title='bbox 2304 1649 2478 1690; x_wconf 89' lang='lat' dir='ltr'>geometria</span> 
     </span>
     <span class='ocr_line' id='line_1_114' title="bbox 1404 1694 2478 1737; baseline -0.005 -8"><span class='ocrx_word' id='word_1_922' title='bbox 1404 1705 1435 1729; x_wconf 93' lang='lat' dir='ltr'>et</span> <span class='ocrx_word' id='word_1_923' title='bbox 1450 1697 1663 1732; x_wconf 87' lang='lat' dir='ltr'>arithmetica,</span> <span class='ocrx_word' id='word_1_924' title='bbox 1686 1705 1825 1737; x_wconf 89' lang='lat' dir='ltr'>quarum</span> <span class='ocrx_word' id='word_1_925' title='bbox 1839 1695 1979 1726; x_wconf 90' lang='lat' dir='ltr'>subiecta</span> <span class='ocrx_word' id='word_1_926' title='bbox 1994 1694 2111 1725; x_wconf 88' lang='lat' dir='ltr'>habent</span> <span class='ocrx_word' id='word_1_927' title='bbox 2127 1695 2282 1726; x_wconf 86' lang='lat' dir='ltr'>unitatem</span> <span class='ocrx_word' id='word_1_928' title='bbox 2298 1694 2478 1735; x_wconf 85' lang='lat' dir='ltr'>genericam</span> 
     </span>
     <span class='ocr_line' id='line_1_115' title="bbox 1404 1738 2476 1782; baseline -0.004 -9"><span class='ocrx_word' id='word_1_929' title='bbox 1404 1749 1440 1774; x_wconf 91' lang='lat' dir='ltr'>ut</span> <span class='ocrx_word' id='word_1_930' title='bbox 1463 1752 1532 1778; x_wconf 91' lang='lat' dir='ltr'>res,</span> <span class='ocrx_word' id='word_1_931' title='bbox 1563 1747 1594 1772; x_wconf 93' lang='lat' dir='ltr'>et</span> <span class='ocrx_word' id='word_1_932' title='bbox 1615 1740 1733 1782; x_wconf 88' lang='lat' dir='ltr'>speciei</span> <span class='ocrx_word' id='word_1_933' title='bbox 1753 1747 1879 1772; x_wconf 90' lang='lat' dir='ltr'>atomae</span> <span class='ocrx_word' id='word_1_934' title='bbox 1903 1746 1939 1770; x_wconf 91' lang='lat' dir='ltr'>ut</span> <span class='ocrx_word' id='word_1_935' title='bbox 1962 1738 2095 1770; x_wconf 89' lang='lat' dir='ltr'>obiecta.</span> <span class='ocrx_word' id='word_1_936' title='bbox 2124 1739 2165 1770; x_wconf 89' lang='lat' dir='ltr'>Et</span> <span class='ocrx_word' id='word_1_937' title='bbox 2188 1749 2244 1779; x_wconf 88' lang='lat' dir='ltr'>per</span> <span class='ocrx_word' id='word_1_938' title='bbox 2267 1739 2476 1780; x_wconf 91' lang='lat' dir='ltr'>oppositum,</span> 
     </span>
     <span class='ocr_line' id='line_1_116' title="bbox 1404 1783 2477 1829; baseline -0.004 -11"><span class='ocrx_word' id='word_1_939' title='bbox 1404 1787 1601 1829; x_wconf 89' lang='lat' dir='ltr'>quandoque</span> <span class='ocrx_word' id='word_1_940' title='bbox 1620 1785 1700 1817; x_wconf 87' lang='lat' dir='ltr'>ratio</span> <span class='ocrx_word' id='word_1_941' title='bbox 1724 1785 1768 1816; x_wconf 90' lang='lat' dir='ltr'>rei</span> <span class='ocrx_word' id='word_1_942' title='bbox 1793 1791 1842 1816; x_wconf 90' lang='lat' dir='ltr'>est</span> <span class='ocrx_word' id='word_1_943' title='bbox 1866 1795 1930 1815; x_wconf 91' lang='lat' dir='ltr'>una</span> <span class='ocrx_word' id='word_1_944' title='bbox 1953 1784 2131 1815; x_wconf 85' lang='lat' dir='ltr'>secundum</span> <span class='ocrx_word' id='word_1_945' title='bbox 2154 1783 2292 1824; x_wconf 89' lang='lat' dir='ltr'>speciem</span> <span class='ocrx_word' id='word_1_946' title='bbox 2315 1790 2477 1819; x_wconf 89' lang='lat' dir='ltr'>atomam,</span> 
     </span>
     <span class='ocr_line' id='line_1_117' title="bbox 1405 1828 2478 1869; baseline -0.004 -6"><span class='ocrx_word' id='word_1_947' title='bbox 1405 1839 1436 1863; x_wconf 90' lang='lat' dir='ltr'>et</span> <span class='ocrx_word' id='word_1_948' title='bbox 1459 1831 1538 1863; x_wconf 91' lang='lat' dir='ltr'>ratio</span> <span class='ocrx_word' id='word_1_949' title='bbox 1563 1830 1678 1862; x_wconf 88' lang='lat' dir='ltr'>obiecti</span> <span class='ocrx_word' id='word_1_950' title='bbox 1698 1837 1733 1861; x_wconf 93' lang='lat' dir='ltr'>ut</span> <span class='ocrx_word' id='word_1_951' title='bbox 1752 1830 1795 1861; x_wconf 90' lang='lat' dir='ltr'>sic</span> <span class='ocrx_word' id='word_1_952' title='bbox 1811 1836 1857 1860; x_wconf 91' lang='lat' dir='ltr'>est</span> <span class='ocrx_word' id='word_1_953' title='bbox 1877 1839 1940 1860; x_wconf 92' lang='lat' dir='ltr'>una</span> <span class='ocrx_word' id='word_1_954' title='bbox 1963 1829 2142 1859; x_wconf 88' lang='lat' dir='ltr'>secundum</span> <span class='ocrx_word' id='word_1_955' title='bbox 2160 1838 2275 1869; x_wconf 87' lang='lat' dir='ltr'>genus;</span> <span class='ocrx_word' id='word_1_956' title='bbox 2298 1836 2333 1859; x_wconf 91' lang='lat' dir='ltr'>ut</span> <span class='ocrx_word' id='word_1_957' title='bbox 2355 1828 2388 1859; x_wconf 92' lang='lat' dir='ltr'>in</span> <span class='ocrx_word' id='word_1_958' title='bbox 2404 1838 2478 1868; x_wconf 89' lang='lat' dir='ltr'>pro-</span> 
     </span>
     <span class='ocr_line' id='line_1_118' title="bbox 1405 1872 2478 1917; baseline -0.004 -10"><span class='ocrx_word' id='word_1_959' title='bbox 1405 1876 1512 1917; x_wconf 91' lang='lat' dir='ltr'>posito</span> <span class='ocrx_word' id='word_1_960' title='bbox 1546 1875 1702 1915; x_wconf 88' lang='lat' dir='ltr'>contingit</span> <span class='ocrx_word' id='word_1_961' title='bbox 1734 1875 1773 1905; x_wconf 91' lang='lat' dir='ltr'>de</span> <span class='ocrx_word' id='word_1_962' title='bbox 1807 1873 1919 1905; x_wconf 90' lang='lat' dir='ltr'>deitate</span> <span class='ocrx_word' id='word_1_963' title='bbox 1944 1880 1974 1904; x_wconf 88' lang='lat' dir='ltr'>et</span> <span class='ocrx_word' id='word_1_964' title='bbox 1996 1873 2118 1904; x_wconf 89' lang='lat' dir='ltr'>lumine</span> <span class='ocrx_word' id='word_1_965' title='bbox 2147 1873 2266 1904; x_wconf 89' lang='lat' dir='ltr'>divino.</span> <span class='ocrx_word' id='word_1_966' title='bbox 2292 1873 2332 1904; x_wconf 88' lang='lat' dir='ltr'>Et</span> <span class='ocrx_word' id='word_1_967' title='bbox 2365 1872 2478 1903; x_wconf 90' lang='lat' dir='ltr'>merito</span> 
     </span>
     <span class='ocr_line' id='line_1_119' title="bbox 1405 1917 2479 1962; baseline -0.005 -10"><span class='ocrx_word' id='word_1_968' title='bbox 1405 1920 1557 1962; x_wconf 90' lang='lat' dir='ltr'>opposito</span> <span class='ocrx_word' id='word_1_969' title='bbox 1591 1920 1691 1950; x_wconf 92' lang='lat' dir='ltr'>modo</span> <span class='ocrx_word' id='word_1_970' title='bbox 1724 1919 1887 1950; x_wconf 89' lang='lat' dir='ltr'>obiectum</span> <span class='ocrx_word' id='word_1_971' title='bbox 1910 1917 2088 1958; x_wconf 89' lang='lat' dir='ltr'>theologiae</span> <span class='ocrx_word' id='word_1_972' title='bbox 2112 1927 2144 1947; x_wconf 90' lang='lat' dir='ltr'>se</span> <span class='ocrx_word' id='word_1_973' title='bbox 2168 1917 2262 1948; x_wconf 90' lang='lat' dir='ltr'>habet</span> <span class='ocrx_word' id='word_1_974' title='bbox 2290 1918 2328 1948; x_wconf 90' lang='lat' dir='ltr'>ad</span> <span class='ocrx_word' id='word_1_975' title='bbox 2357 1917 2479 1948; x_wconf 91' lang='lat' dir='ltr'>obiecta</span> 
     </span>
     <span class='ocr_line' id='line_1_120' title="bbox 1405 1961 2478 2007; baseline -0.005 -10"><span class='ocrx_word' id='word_1_976' title='bbox 1405 1965 1638 2007; x_wconf 88' lang='lat' dir='ltr'>praedictarum</span> <span class='ocrx_word' id='word_1_977' title='bbox 1671 1963 1889 1994; x_wconf 86' lang='lat' dir='ltr'>scientiarum:</span> <span class='ocrx_word' id='word_1_978' title='bbox 1914 1963 1989 2004; x_wconf 89' lang='lat' dir='ltr'>quia</span> <span class='ocrx_word' id='word_1_979' title='bbox 2022 1962 2184 1993; x_wconf 90' lang='lat' dir='ltr'>obiectum</span> <span class='ocrx_word' id='word_1_980' title='bbox 2209 1961 2341 1992; x_wconf 90' lang='lat' dir='ltr'>formale</span> <span class='ocrx_word' id='word_1_981' title='bbox 2373 1968 2408 1992; x_wconf 94' lang='lat' dir='ltr'>ut</span> <span class='ocrx_word' id='word_1_982' title='bbox 2431 1972 2478 1992; x_wconf 93' lang='lat' dir='ltr'>res</span> 
     </span>
     <span class='ocr_line' id='line_1_121' title="bbox 1406 2006 2479 2048; baseline -0.005 -7"><span class='ocrx_word' id='word_1_983' title='bbox 1406 2017 1461 2046; x_wconf 85' lang='lat' dir='ltr'>est,</span> <span class='ocrx_word' id='word_1_984' title='bbox 1488 2008 1651 2040; x_wconf 80' lang='lat' dir='ltr'>infinitum</span> <span class='ocrx_word' id='word_1_985' title='bbox 1675 2015 1730 2039; x_wconf 87' lang='lat' dir='ltr'>est.</span> <span class='ocrx_word' id='word_1_986' title='bbox 1759 2007 1927 2039; x_wconf 88' lang='lat' dir='ltr'>Consonat</span> <span class='ocrx_word' id='word_1_987' title='bbox 1949 2007 2070 2048; x_wconf 89' lang='lat' dir='ltr'>quippe</span> <span class='ocrx_word' id='word_1_988' title='bbox 2094 2006 2207 2037; x_wconf 85' lang='lat' dir='ltr'>rationi</span> <span class='ocrx_word' id='word_1_989' title='bbox 2233 2013 2269 2037; x_wconf 92' lang='lat' dir='ltr'>ut</span> <span class='ocrx_word' id='word_1_990' title='bbox 2292 2006 2335 2037; x_wconf 91' lang='lat' dir='ltr'>rei</span> <span class='ocrx_word' id='word_1_991' title='bbox 2359 2006 2479 2047; x_wconf 88' lang='lat' dir='ltr'>species</span> 
     </span>
     <span class='ocr_line' id='line_1_122' title="bbox 1405 2051 2479 2093; baseline -0.004 -7"><span class='ocrx_word' id='word_1_992' title='bbox 1405 2054 1527 2086; x_wconf 84' lang='lat' dir='ltr'>infinita</span> <span class='ocrx_word' id='word_1_993' title='bbox 1551 2053 1678 2084; x_wconf 84' lang='lat' dir='ltr'>excedat</span> <span class='ocrx_word' id='word_1_994' title='bbox 1701 2052 1820 2093; x_wconf 89' lang='lat' dir='ltr'>species</span> <span class='ocrx_word' id='word_1_995' title='bbox 1845 2052 1959 2083; x_wconf 91' lang='lat' dir='ltr'>obiecti</span> <span class='ocrx_word' id='word_1_996' title='bbox 1982 2051 2095 2088; x_wconf 80' lang='lat' dir='ltr'>finitas,</span> <span class='ocrx_word' id='word_1_997' title='bbox 2115 2051 2261 2092; x_wconf 83' lang='lat' dir='ltr'>quamvis</span> <span class='ocrx_word' id='word_1_998' title='bbox 2285 2051 2479 2092; x_wconf 89' lang='lat' dir='ltr'>adaequetur</span> 
     </span>
    </p>

    <p class='ocr_par' dir='ltr' id='par_1_30' title="bbox 1427 2109 1982 2131">
     <span class='ocr_line' id='line_1_123' title="bbox 1427 2109 1982 2131; baseline -0.005 0"><span class='ocrx_word' id='word_1_999' title='bbox 1427 2110 1522 2131; x_wconf 84' lang='lat' dir='ltr'>enen.</span> <span class='ocrx_word' id='word_1_1000' title='bbox 1979 2109 1982 2112; x_wconf 58' lang='lat'><strong>⁴</strong></span> 
     </span>
    </p>

    <p class='ocr_par' dir='ltr' id='par_1_31' title="bbox 1405 2110 2481 2621">
     <span class='ocr_line' id='line_1_124' title="bbox 1405 2110 2479 2183; baseline -0.005 -9"><span class='ocrx_word' id='word_1_1001' title='bbox 1405 2110 1425 2140; x_wconf 78' lang='lat' dir='ltr'><strong>g</strong></span> <span class='ocrx_word' id='word_1_1002' title='bbox 1459 2143 1512 2174; x_wconf 87' lang='lat' dir='ltr'>XI.</span> <span class='ocrx_word' id='word_1_1003' title='bbox 1536 2143 1646 2174; x_wconf 88' lang='lat' dir='ltr'>Posset</span> <span class='ocrx_word' id='word_1_1004' title='bbox 1662 2151 1794 2183; x_wconf 92' lang='lat' dir='ltr'>quoque</span> <span class='ocrx_word' id='word_1_1005' title='bbox 1818 2141 1878 2172; x_wconf 91' lang='lat' dir='ltr'>dici</span> <span class='ocrx_word' id='word_1_1006' title='bbox 1900 2141 1989 2181; x_wconf 92' lang='lat' dir='ltr'>quod</span> <span class='ocrx_word' id='word_1_1007' title='bbox 2014 2139 2092 2170; x_wconf 91' lang='lat' dir='ltr'>ratio</span> <span class='ocrx_word' id='word_1_1008' title='bbox 2118 2139 2259 2170; x_wconf 89' lang='lat' dir='ltr'>formalis</span> <span class='ocrx_word' id='word_1_1009' title='bbox 2283 2139 2398 2170; x_wconf 92' lang='lat' dir='ltr'>obiecti</span> <span class='ocrx_word' id='word_1_1010' title='bbox 2421 2139 2479 2170; x_wconf 93' lang='lat' dir='ltr'>du-</span> 
     </span>
     <span class='ocr_line' id='line_1_125' title="bbox 1406 2184 2480 2229; baseline -0.005 -10"><span class='ocrx_word' id='word_1_1011' title='bbox 1406 2188 1527 2229; x_wconf 85' lang='lat' dir='ltr'>pliciter</span> <span class='ocrx_word' id='word_1_1012' title='bbox 1542 2187 1734 2227; x_wconf 81' lang='lat' dir='ltr'>assignatur:</span> <span class='ocrx_word' id='word_1_1013' title='bbox 1753 2185 1870 2216; x_wconf 90' lang='lat' dir='ltr'>scilicet</span> <span class='ocrx_word' id='word_1_1014' title='bbox 1887 2195 1923 2216; x_wconf 82' lang='lat' dir='ltr'>ex</span> <span class='ocrx_word' id='word_1_1015' title='bbox 1946 2191 2032 2226; x_wconf 90' lang='lat' dir='ltr'>parte</span> <span class='ocrx_word' id='word_1_1016' title='bbox 2049 2184 2173 2220; x_wconf 88' lang='lat' dir='ltr'>obiecti,</span> <span class='ocrx_word' id='word_1_1017' title='bbox 2191 2191 2222 2214; x_wconf 89' lang='lat' dir='ltr'>et</span> <span class='ocrx_word' id='word_1_1018' title='bbox 2236 2184 2313 2214; x_wconf 88' lang='lat' dir='ltr'>haec</span> <span class='ocrx_word' id='word_1_1019' title='bbox 2328 2184 2480 2215; x_wconf 89' lang='lat' dir='ltr'>converti—</span> 
     </span>
     <span class='ocr_line' id='line_1_126' title="bbox 1405 2228 2480 2269; baseline -0.006 -5"><span class='ocrx_word' id='word_1_1020' title='bbox 1405 2233 1509 2264; x_wconf 87' lang='lat' dir='ltr'>biliter</span> <span class='ocrx_word' id='word_1_1021' title='bbox 1532 2242 1564 2263; x_wconf 90' lang='lat' dir='ltr'>se</span> <span class='ocrx_word' id='word_1_1022' title='bbox 1593 2231 1688 2262; x_wconf 84' lang='lat' dir='ltr'>habet</span> <span class='ocrx_word' id='word_1_1023' title='bbox 1721 2231 1759 2260; x_wconf 88' lang='lat' dir='ltr'>ad</span> <span class='ocrx_word' id='word_1_1024' title='bbox 1783 2229 1940 2261; x_wconf 88' lang='lat' dir='ltr'>rationem</span> <span class='ocrx_word' id='word_1_1025' title='bbox 1963 2229 2025 2265; x_wconf 90' lang='lat' dir='ltr'>rei;</span> <span class='ocrx_word' id='word_1_1026' title='bbox 2047 2228 2100 2259; x_wconf 87' lang='lat' dir='ltr'>&#39;vel</span> <span class='ocrx_word' id='word_1_1027' title='bbox 2125 2238 2161 2259; x_wconf 84' lang='lat' dir='ltr'>ex</span> <span class='ocrx_word' id='word_1_1028' title='bbox 2194 2234 2281 2269; x_wconf 89' lang='lat' dir='ltr'>parte</span> <span class='ocrx_word' id='word_1_1029' title='bbox 2309 2228 2480 2259; x_wconf 87' lang='lat' dir='ltr'>defectivae</span> 
     </span>
     <span class='ocr_line' id='line_1_127' title="bbox 1406 2272 2480 2319; baseline -0.005 -11"><span class='ocrx_word' id='word_1_1030' title='bbox 1406 2277 1583 2319; x_wconf 88' lang='lat' dir='ltr'>potentiae,</span> <span class='ocrx_word' id='word_1_1031' title='bbox 1609 2283 1640 2307; x_wconf 90' lang='lat' dir='ltr'>et</span> <span class='ocrx_word' id='word_1_1032' title='bbox 1655 2276 1732 2306; x_wconf 87' lang='lat' dir='ltr'>haec</span> <span class='ocrx_word' id='word_1_1033' title='bbox 1748 2284 1814 2305; x_wconf 91' lang='lat' dir='ltr'>non</span> <span class='ocrx_word' id='word_1_1034' title='bbox 1839 2274 2040 2309; x_wconf 88' lang='lat' dir='ltr'>convertitur,</span> <span class='ocrx_word' id='word_1_1035' title='bbox 2062 2273 2117 2304; x_wconf 93' lang='lat' dir='ltr'>sed</span> <span class='ocrx_word' id='word_1_1036' title='bbox 2133 2272 2227 2304; x_wconf 90' lang='lat' dir='ltr'>infert</span> <span class='ocrx_word' id='word_1_1037' title='bbox 2243 2273 2400 2304; x_wconf 89' lang='lat' dir='ltr'>rationem</span> <span class='ocrx_word' id='word_1_1038' title='bbox 2417 2273 2480 2303; x_wconf 61' lang='lat' dir='ltr'>for-&gt;</span> 
     </span>
     <span class='ocr_line' id='line_1_128' title="bbox 1406 2317 2480 2358; baseline -0.005 -5"><span class='ocrx_word' id='word_1_1039' title='bbox 1406 2322 1524 2353; x_wconf 86' lang='lat' dir='ltr'>malem</span> <span class='ocrx_word' id='word_1_1040' title='bbox 1548 2321 1602 2357; x_wconf 88' lang='lat' dir='ltr'>rei,</span> <span class='ocrx_word' id='word_1_1041' title='bbox 1626 2327 1657 2351; x_wconf 91' lang='lat' dir='ltr'>et</span> <span class='ocrx_word' id='word_1_1042' title='bbox 1680 2330 1746 2350; x_wconf 92' lang='lat' dir='ltr'>non</span> <span class='ocrx_word' id='word_1_1043' title='bbox 1771 2318 1903 2350; x_wconf 87' lang='lat' dir='ltr'>infertur</span> <span class='ocrx_word' id='word_1_1044' title='bbox 1926 2319 1964 2349; x_wconf 89' lang='lat' dir='ltr'>ab</span> <span class='ocrx_word' id='word_1_1045' title='bbox 1988 2318 2050 2349; x_wconf 88' lang='lat' dir='ltr'>illa.</span> <span class='ocrx_word' id='word_1_1046' title='bbox 2077 2317 2128 2349; x_wconf 92' lang='lat' dir='ltr'>Sic</span> <span class='ocrx_word' id='word_1_1047' title='bbox 2151 2324 2259 2348; x_wconf 89' lang='lat' dir='ltr'>autem</span> <span class='ocrx_word' id='word_1_1048' title='bbox 2282 2324 2328 2348; x_wconf 85' lang='lat' dir='ltr'>est</span> <span class='ocrx_word' id='word_1_1049' title='bbox 2351 2317 2384 2348; x_wconf 92' lang='lat' dir='ltr'>in</span> <span class='ocrx_word' id='word_1_1050' title='bbox 2409 2328 2480 2358; x_wconf 93' lang='lat' dir='ltr'>pro—</span> 
     </span>
     <span class='ocr_line' id='line_1_129' title="bbox 1405 2362 2481 2408; baseline -0.006 -10"><span class='ocrx_word' id='word_1_1051' title='bbox 1405 2367 1522 2408; x_wconf 89' lang='lat' dir='ltr'>posito.</span> <span class='ocrx_word' id='word_1_1052' title='bbox 1553 2365 1638 2406; x_wconf 87' lang='lat' dir='ltr'>Quia</span> <span class='ocrx_word' id='word_1_1053' title='bbox 1671 2364 1772 2405; x_wconf 65' lang='lat' dir='ltr'>deitas¹</span> <span class='ocrx_word' id='word_1_1054' title='bbox 1793 2371 1823 2395; x_wconf 91' lang='lat' dir='ltr'>et</span> <span class='ocrx_word' id='word_1_1055' title='bbox 1845 2364 1956 2395; x_wconf 89' lang='lat' dir='ltr'>lumen</span> <span class='ocrx_word' id='word_1_1056' title='bbox 1990 2362 2134 2393; x_wconf 89' lang='lat' dir='ltr'>divinum</span> <span class='ocrx_word' id='word_1_1057' title='bbox 2158 2369 2400 2394; x_wconf 91' lang='lat' dir='ltr'>convertuntur:</span> <span class='ocrx_word' id='word_1_1058' title='bbox 2427 2363 2481 2392; x_wconf 90' lang='lat' dir='ltr'>sed</span> 
     </span>
     <span class='ocr_line' id='line_1_130' title="bbox 1406 2406 2480 2446; baseline -0.007 -3"><span class='ocrx_word' id='word_1_1059' title='bbox 1406 2412 1504 2443; x_wconf 89' lang='lat' dir='ltr'>deitas</span> <span class='ocrx_word' id='word_1_1060' title='bbox 1529 2418 1559 2442; x_wconf 92' lang='lat' dir='ltr'>et</span> <span class='ocrx_word' id='word_1_1061' title='bbox 1586 2410 1697 2441; x_wconf 89' lang='lat' dir='ltr'>lumen</span> <span class='ocrx_word' id='word_1_1062' title='bbox 1722 2408 1867 2439; x_wconf 90' lang='lat' dir='ltr'>divinum</span> <span class='ocrx_word' id='word_1_1063' title='bbox 1890 2409 1953 2446; x_wconf 85' lang='lat' dir='ltr'>sic,</span> <span class='ocrx_word' id='word_1_1064' title='bbox 1979 2417 2046 2438; x_wconf 92' lang='lat' dir='ltr'>non</span> <span class='ocrx_word' id='word_1_1065' title='bbox 2071 2413 2316 2443; x_wconf 87' lang='lat' dir='ltr'>convertuntur;</span> <span class='ocrx_word' id='word_1_1066' title='bbox 2342 2406 2395 2437; x_wconf 91' lang='lat' dir='ltr'>sed</span> <span class='ocrx_word' id='word_1_1067' title='bbox 2420 2406 2480 2437; x_wconf 87' lang='lat' dir='ltr'>tale</span> 
     </span>
     <span class='ocr_line' id='line_1_131' title="bbox 1405 2452 2479 2488; baseline -0.006 -1"><span class='ocrx_word' id='word_1_1068' title='bbox 1405 2457 1516 2487; x_wconf 89' lang='lat' dir='ltr'>lumen</span> <span class='ocrx_word' id='word_1_1069' title='bbox 1539 2454 1633 2485; x_wconf 88' lang='lat' dir='ltr'>infert</span> <span class='ocrx_word' id='word_1_1070' title='bbox 1657 2461 1687 2485; x_wconf 92' lang='lat' dir='ltr'>et</span> <span class='ocrx_word' id='word_1_1071' title='bbox 1711 2453 1829 2484; x_wconf 90' lang='lat' dir='ltr'>claudit</span> <span class='ocrx_word' id='word_1_1072' title='bbox 1852 2453 1884 2483; x_wconf 91' lang='lat' dir='ltr'>in</span> <span class='ocrx_word' id='word_1_1073' title='bbox 1909 2463 1941 2483; x_wconf 90' lang='lat' dir='ltr'>se</span> <span class='ocrx_word' id='word_1_1074' title='bbox 1965 2452 2128 2488; x_wconf 84' lang='lat' dir='ltr'>deitatem,</span> <span class='ocrx_word' id='word_1_1075' title='bbox 2149 2461 2215 2482; x_wconf 91' lang='lat' dir='ltr'>non</span> <span class='ocrx_word' id='word_1_1076' title='bbox 2232 2458 2339 2482; x_wconf 86' lang='lat' dir='ltr'>autern</span> <span class='ocrx_word' id='word_1_1077' title='bbox 2364 2461 2380 2481; x_wconf 90' lang='lat' dir='ltr'>e</span> <span class='ocrx_word' id='word_1_1078' title='bbox 2405 2461 2479 2482; x_wconf 91' lang='lat' dir='ltr'>con-</span> 
     </span>
     <span class='ocr_line' id='line_1_132' title="bbox 1405 2495 2480 2532; baseline -0.007 0"><span class='ocrx_word' id='word_1_1079' title='bbox 1405 2511 1508 2532; x_wconf 89' lang='lat' dir='ltr'>verso.</span> <span class='ocrx_word' id='word_1_1080' title='bbox 1523 2500 1576 2530; x_wconf 79' lang='lat' dir='ltr'>&#39;Et</span> <span class='ocrx_word' id='word_1_1081' title='bbox 1599 2499 1671 2529; x_wconf 90' lang='lat' dir='ltr'>ideo</span> <span class='ocrx_word' id='word_1_1082' title='bbox 1704 2497 1969 2529; x_wconf 76' lang='lat' dir='ltr'>licitum-fuisset</span> <span class='ocrx_word' id='word_1_1083' title='bbox 1992 2496 2087 2527; x_wconf 87' lang='lat' dir='ltr'>etiam</span> <span class='ocrx_word' id='word_1_1084' title='bbox 2118 2497 2176 2526; x_wconf 91' lang='lat' dir='ltr'>sub</span> <span class='ocrx_word' id='word_1_1085' title='bbox 2209 2495 2330 2526; x_wconf 88' lang='lat' dir='ltr'>ratione</span> <span class='ocrx_word' id='word_1_1086' title='bbox 2354 2495 2480 2526; x_wconf 90' lang='lat' dir='ltr'>formali</span> 
     </span>
     <span class='ocr_line' id='line_1_133' title="bbox 1405 2539 2480 2582; baseline -0.007 -5"><span class='ocrx_word' id='word_1_1087' title='bbox 1405 2546 1449 2577; x_wconf 90' lang='lat' dir='ltr'>rei</span> <span class='ocrx_word' id='word_1_1088' title='bbox 1473 2545 1660 2576; x_wconf 89' lang='lat' dir='ltr'>subsumere</span> <span class='ocrx_word' id='word_1_1089' title='bbox 1684 2543 1794 2573; x_wconf 88' lang='lat' dir='ltr'>lumen</span> <span class='ocrx_word' id='word_1_1090' title='bbox 1827 2541 2043 2572; x_wconf 86' lang='lat' dir='ltr'>revelationis:</span> <span class='ocrx_word' id='word_1_1091' title='bbox 2069 2540 2224 2582; x_wconf 90' lang='lat' dir='ltr'>quoniam</span> <span class='ocrx_word' id='word_1_1092' title='bbox 2248 2539 2280 2570; x_wconf 90' lang='lat' dir='ltr'>in</span> <span class='ocrx_word' id='word_1_1093' title='bbox 2305 2539 2367 2571; x_wconf 92' lang='lat' dir='ltr'>hoc</span> <span class='ocrx_word' id='word_1_1094' title='bbox 2398 2540 2480 2571; x_wconf 89' lang='lat' dir='ltr'>clau-</span> 
     </span>
     <span class='ocr_line' id='line_1_134' title="bbox 1407 2589 1579 2621; baseline -0.017 1"><span class='ocrx_word' id='word_1_1095' title='bbox 1407 2590 1491 2621; x_wconf 90' lang='lat' dir='ltr'>ditur</span> <span class='ocrx_word' id='word_1_1096' title='bbox 1514 2589 1579 2620; x_wconf 90' lang='lat' dir='ltr'>illa.</span> 
     </span>
    </p>

    <p class='ocr_par' dir='ltr' id='par_1_32' title="bbox 1405 2629 2481 2938">
     <span class='ocr_line' id='line_1_135' title="bbox 1460 2629 2480 2669; baseline -0.007 -4"><span class='ocrx_word' id='word_1_1097' title='bbox 1460 2634 1529 2665; x_wconf 90' lang='lat' dir='ltr'>XII.</span> <span class='ocrx_word' id='word_1_1098' title='bbox 1556 2633 1647 2664; x_wconf 88' lang='lat' dir='ltr'>Circa</span> <span class='ocrx_word' id='word_1_1099' title='bbox 1671 2630 1860 2662; x_wconf 84' lang='lat' dir='ltr'>antecedens</span> <span class='ocrx_word' id='word_1_1100' title='bbox 1882 2630 1899 2648; x_wconf 91' lang='lat'><em>*</em></span> <span class='ocrx_word' id='word_1_1101' title='bbox 1929 2631 1975 2660; x_wconf 86' lang='lat' dir='ltr'>est</span> <span class='ocrx_word' id='word_1_1102' title='bbox 1999 2630 2152 2666; x_wconf 87' lang='lat' dir='ltr'>dubium,</span> <span class='ocrx_word' id='word_1_1103' title='bbox 2180 2629 2298 2659; x_wconf 87' lang='lat' dir='ltr'>habens</span> <span class='ocrx_word' id='word_1_1104' title='bbox 2330 2639 2480 2669; x_wconf 88' lang='lat' dir='ltr'>campum</span> 
     </span>
     <span class='ocr_line' id='line_1_136' title="bbox 1405 2673 2479 2718; baseline -0.007 -8"><span class='ocrx_word' id='word_1_1105' title='bbox 1405 2679 1498 2710; x_wconf 85' lang='lat' dir='ltr'>valde</span> <span class='ocrx_word' id='word_1_1106' title='bbox 1521 2686 1686 2718; x_wconf 77' lang='lat' dir='ltr'>magnum,</span> <span class='ocrx_word' id='word_1_1107' title='bbox 1701 2676 1740 2706; x_wconf 88' lang='lat' dir='ltr'>de</span> <span class='ocrx_word' id='word_1_1108' title='bbox 1764 2674 1884 2706; x_wconf 87' lang='lat' dir='ltr'>unitate</span> <span class='ocrx_word' id='word_1_1109' title='bbox 1909 2681 1939 2705; x_wconf 89' lang='lat' dir='ltr'>et</span> <span class='ocrx_word' id='word_1_1110' title='bbox 1963 2673 2140 2705; x_wconf 88' lang='lat' dir='ltr'>diversitate</span> <span class='ocrx_word' id='word_1_1111' title='bbox 2163 2673 2289 2704; x_wconf 89' lang='lat' dir='ltr'>habitus</span> <span class='ocrx_word' id='word_1_1112' title='bbox 2314 2680 2344 2704; x_wconf 89' lang='lat' dir='ltr'>et</span> <span class='ocrx_word' id='word_1_1113' title='bbox 2368 2680 2479 2714; x_wconf 86' lang='lat' dir='ltr'>poten-</span> 
     </span>
     <span class='ocr_line' id='line_1_137' title="bbox 1406 2718 2480 2760; baseline -0.007 -5"><span class='ocrx_word' id='word_1_1114' title='bbox 1406 2724 1466 2756; x_wconf 91' lang='lat' dir='ltr'>tiae</span> <span class='ocrx_word' id='word_1_1115' title='bbox 1491 2734 1527 2754; x_wconf 84' lang='lat' dir='ltr'>ex</span> <span class='ocrx_word' id='word_1_1116' title='bbox 1551 2722 1690 2752; x_wconf 88' lang='lat' dir='ltr'>obiecto:</span> <span class='ocrx_word' id='word_1_1117' title='bbox 1717 2726 1747 2750; x_wconf 92' lang='lat' dir='ltr'>et</span> <span class='ocrx_word' id='word_1_1118' title='bbox 1771 2726 1938 2760; x_wconf 89' lang='lat' dir='ltr'>propterea</span> <span class='ocrx_word' id='word_1_1119' title='bbox 1962 2719 2184 2759; x_wconf 54' lang='lat' dir='ltr'>oporteretne</span> <span class='ocrx_word' id='word_1_1120' title='bbox 2209 2718 2270 2748; x_wconf 92' lang='lat' dir='ltr'>hoc</span> <span class='ocrx_word' id='word_1_1121' title='bbox 2299 2718 2398 2749; x_wconf 91' lang='lat' dir='ltr'>facere</span> <span class='ocrx_word' id='word_1_1122' title='bbox 2423 2728 2480 2758; x_wconf 92' lang='lat' dir='ltr'>po-</span> 
     </span>
     <span class='ocr_line' id='line_1_138' title="bbox 1407 2763 2480 2808; baseline -0.007 -9"><span class='ocrx_word' id='word_1_1123' title='bbox 1407 2769 1469 2799; x_wconf 88' lang='lat' dir='ltr'>tius</span> <span class='ocrx_word' id='word_1_1124' title='bbox 1487 2766 1715 2808; x_wconf 73' lang='lat' dir='ltr'>‘quaestionem</span> <span class='ocrx_word' id='word_1_1125' title='bbox 1739 2763 1918 2804; x_wconf 88' lang='lat' dir='ltr'>specialem.</span> <span class='ocrx_word' id='word_1_1126' title='bbox 1943 2763 1997 2794; x_wconf 91' lang='lat' dir='ltr'>Sat</span> <span class='ocrx_word' id='word_1_1127' title='bbox 2021 2763 2060 2794; x_wconf 92' lang='lat' dir='ltr'>sit</span> <span class='ocrx_word' id='word_1_1128' title='bbox 2083 2763 2152 2798; x_wconf 92' lang='lat' dir='ltr'>hic,</span> <span class='ocrx_word' id='word_1_1129' title='bbox 2180 2763 2269 2803; x_wconf 93' lang='lat' dir='ltr'>quod</span> <span class='ocrx_word' id='word_1_1130' title='bbox 2293 2763 2480 2793; x_wconf 88' lang='lat' dir='ltr'>antecedens</span> 
     </span>
     <span class='ocr_line' id='line_1_139' title="bbox 1406 2806 2481 2848; baseline -0.006 -5"><span class='ocrx_word' id='word_1_1131' title='bbox 1406 2813 1486 2843; x_wconf 89' lang='lat' dir='ltr'>illud</span> <span class='ocrx_word' id='word_1_1132' title='bbox 1505 2822 1541 2842; x_wconf 84' lang='lat' dir='ltr'>ex</span> <span class='ocrx_word' id='word_1_1133' title='bbox 1559 2811 1584 2841; x_wconf 92' lang='lat'>11</span> <span class='ocrx_word' id='word_1_1134' title='bbox 1604 2810 1644 2841; x_wconf 86' lang='lat' dir='ltr'>de</span> <span class='ocrx_word' id='word_1_1135' title='bbox 1666 2810 1784 2840; x_wconf 83' lang='lat' dir='ltr'>Anima</span> <span class='ocrx_word' id='word_1_1136' title='bbox 1799 2807 1816 2827; x_wconf 91' lang='grc'>*</span> <span class='ocrx_word' id='word_1_1137' title='bbox 1832 2807 1974 2844; x_wconf 88' lang='lat' dir='ltr'>habetur,</span> <span class='ocrx_word' id='word_1_1138' title='bbox 2000 2808 2054 2838; x_wconf 90' lang='lat' dir='ltr'>ubi</span> <span class='ocrx_word' id='word_1_1139' title='bbox 2077 2806 2237 2848; x_wconf 81' lang='lat' dir='ltr'>potentiae</span> <span class='ocrx_word' id='word_1_1140' title='bbox 2258 2816 2313 2847; x_wconf 88' lang='lat' dir='ltr'>per</span> <span class='ocrx_word' id='word_1_1141' title='bbox 2329 2814 2426 2843; x_wconf 89' lang='lat' dir='ltr'>actus,</span> <span class='ocrx_word' id='word_1_1142' title='bbox 2451 2813 2481 2837; x_wconf 90' lang='lat' dir='ltr'>et</span> 
     </span>
     <span class='ocr_line' id='line_1_140' title="bbox 1406 2851 2480 2896; baseline -0.007 -8"><span class='ocrx_word' id='word_1_1143' title='bbox 1406 2864 1495 2888; x_wconf 88' lang='lat' dir='ltr'>actus</span> <span class='ocrx_word' id='word_1_1144' title='bbox 1511 2865 1567 2896; x_wconf 89' lang='lat' dir='ltr'>per</span> <span class='ocrx_word' id='word_1_1145' title='bbox 1581 2855 1704 2886; x_wconf 81' lang='lat' dir='ltr'>obiecta</span> <span class='ocrx_word' id='word_1_1146' title='bbox 1728 2853 1878 2893; x_wconf 89' lang='lat' dir='ltr'>distingui</span> <span class='ocrx_word' id='word_1_1147' title='bbox 1901 2852 2063 2883; x_wconf 89' lang='lat' dir='ltr'>dicuntur:</span> <span class='ocrx_word' id='word_1_1148' title='bbox 2082 2852 2167 2882; x_wconf 88' lang='lat' dir='ltr'>idem</span> <span class='ocrx_word' id='word_1_1149' title='bbox 2184 2858 2230 2882; x_wconf 88' lang='lat' dir='ltr'>est</span> <span class='ocrx_word' id='word_1_1150' title='bbox 2245 2851 2331 2881; x_wconf 87' lang='lat' dir='ltr'>enim</span> <span class='ocrx_word' id='word_1_1151' title='bbox 2355 2852 2393 2882; x_wconf 93' lang='lat' dir='ltr'>de</span> <span class='ocrx_word' id='word_1_1152' title='bbox 2409 2858 2480 2882; x_wconf 91' lang='lat' dir='ltr'>actu</span> 
     </span>
     <span class='ocr_line' id='line_1_141' title="bbox 1407 2897 1977 2938; baseline -0.009 -6"><span class='ocrx_word' id='word_1_1153' title='bbox 1407 2909 1440 2932; x_wconf 89' lang='lat' dir='ltr'>et</span> <span class='ocrx_word' id='word_1_1154' title='bbox 1460 2901 1569 2931; x_wconf 90' lang='lat' dir='ltr'>habitu</span> <span class='ocrx_word' id='word_1_1155' title='bbox 1594 2898 1750 2930; x_wconf 87' lang='lat' dir='ltr'>iudicium</span> <span class='ocrx_word' id='word_1_1156' title='bbox 1772 2897 1882 2938; x_wconf 89' lang='lat' dir='ltr'>quoad</span> <span class='ocrx_word' id='word_1_1157' title='bbox 1905 2897 1977 2928; x_wconf 90' lang='lat' dir='ltr'>hoc.</span> 
     </span>
    </p>

    <p class='ocr_par' dir='ltr' id='par_1_33' title="bbox 1408 2940 2479 3032">
     <span class='ocr_line' id='line_1_142' title="bbox 1460 2940 2479 2984; baseline -0.006 -8"><span class='ocrx_word' id='word_1_1158' title='bbox 1460 2945 1543 2976; x_wconf 87' lang='lat' dir='ltr'><strong>XIII.</strong></span> <span class='ocrx_word' id='word_1_1159' title='bbox 1566 2943 1658 2975; x_wconf 89' lang='lat' dir='ltr'>Circa</span> <span class='ocrx_word' id='word_1_1160' title='bbox 1668 2943 1920 2984; x_wconf 82' lang='lat' dir='ltr'>propositionem</span> <span class='ocrx_word' id='word_1_1161' title='bbox 1940 2946 2136 2981; x_wconf 83' lang='lat' dir='ltr'>assumptam</span> <span class='ocrx_word' id='word_1_1162' title='bbox 2153 2941 2185 2971; x_wconf 89' lang='lat' dir='ltr'>in</span> <span class='ocrx_word' id='word_1_1163' title='bbox 2202 2940 2390 2980; x_wconf 87' lang='lat' dir='ltr'>probatione</span> <span class='ocrx_word' id='word_1_1164' title='bbox 2405 2950 2479 2971; x_wconf 91' lang='lat' dir='ltr'>con-</span> 
     </span>
     <span class='ocr_line' id='line_1_143' title="bbox 1408 2985 2479 3032; baseline -0.007 -11"><span class='ocrx_word' id='word_1_1165' title='bbox 1408 2989 1591 3032; x_wconf 85' lang='lat' dir='ltr'>sequentiae</span> <span class='ocrx_word' id='word_1_1166' title='bbox 1610 2987 1636 3024; x_wconf 82' lang='grc'>*,</span> <span class='ocrx_word' id='word_1_1167' title='bbox 1662 2987 1795 3018; x_wconf 83' lang='lat' dir='ltr'>scilicet:</span> <span class='ocrx_word' id='word_1_1168' title='bbox 1821 2987 1929 3017; x_wconf 83' lang='lat' dir='ltr'>omnia</span> <span class='ocrx_word' id='word_1_1169' title='bbox 1948 2985 2152 3017; x_wconf 87' lang='lat' dir='ltr'>considerata</span> <span class='ocrx_word' id='word_1_1170' title='bbox 2170 2987 2202 3015; x_wconf 87' lang='lat' dir='ltr'>in</span> <span class='ocrx_word' id='word_1_1171' title='bbox 2219 2994 2315 3015; x_wconf 84' lang='lat' dir='ltr'>sacra</span> <span class='ocrx_word' id='word_1_1172' title='bbox 2331 2985 2479 3015; x_wconf 88' lang='lat' dir='ltr'>doctrina</span> 
     </span>
    </p>
   </div>
   <div class='ocr_carea' id='block_1_24' title="bbox 1407 3029 2490 3071">
    <p class='ocr_par' dir='ltr' id='par_1_34' title="bbox 1407 3029 2490 3071">
     <span class='ocr_line' id='line_1_144' title="bbox 1407 3029 2490 3071; baseline -0.007 -5"><span class='ocrx_word' id='word_1_1173' title='bbox 1407 3035 1602 3066; x_wconf 83' lang='lat' dir='ltr'>conveniunt</span> <span class='ocrx_word' id='word_1_1174' title='bbox 1618 3034 1650 3062; x_wconf 89' lang='lat' dir='ltr'>in</span> <span class='ocrx_word' id='word_1_1175' title='bbox 1669 3042 1734 3062; x_wconf 91' lang='lat' dir='ltr'>una</span> <span class='ocrx_word' id='word_1_1176' title='bbox 1759 3032 1885 3062; x_wconf 81' lang='lat' dir='ltr'>ratione</span> <span class='ocrx_word' id='word_1_1177' title='bbox 1899 3030 2052 3071; x_wconf 88' lang='lat' dir='ltr'>formali,</span> <span class='ocrx_word' id='word_1_1178' title='bbox 2078 3030 2159 3060; x_wconf 83' lang='lat' dir='ltr'>idest</span> <span class='ocrx_word' id='word_1_1179' title='bbox 2182 3029 2413 3059; x_wconf 81' lang='lat' dir='ltr'>reuelabilitate</span> <span class='ocrx_word' id='word_1_1180' title='bbox 2431 3029 2490 3059; x_wconf 73' lang='lat' dir='ltr'>di·-</span> 
     </span>
    </p>
   </div>
   <div class='ocr_carea' id='block_1_25' title="bbox 1406 3073 2481 3647">
    <p class='ocr_par' dir='ltr' id='par_1_35' title="bbox 1406 3073 2479 3209">
     <span class='ocr_line' id='line_1_145' title="bbox 1407 3073 2479 3118; baseline -0.007 -8"><span class='ocrx_word' id='word_1_1181' title='bbox 1407 3082 1498 3117; x_wconf 84' lang='lat' dir='ltr'>vina‚</span> <span class='ocrx_word' id='word_1_1182' title='bbox 1525 3076 1692 3118; x_wconf 86' lang='lat' dir='ltr'>dupliciter</span> <span class='ocrx_word' id='word_1_1183' title='bbox 1715 3075 1891 3106; x_wconf 86' lang='lat' dir='ltr'>dubitatur:</span> <span class='ocrx_word' id='word_1_1184' title='bbox 1918 3074 2022 3115; x_wconf 79' lang='lat' dir='ltr'>primo</span> <span class='ocrx_word' id='word_1_1185' title='bbox 2047 3081 2156 3104; x_wconf 89' lang='lat' dir='ltr'>contra</span> <span class='ocrx_word' id='word_1_1186' title='bbox 2179 3073 2281 3113; x_wconf 89' lang='lat' dir='ltr'>ipsam</span> <span class='ocrx_word' id='word_1_1187' title='bbox 2304 3073 2336 3103; x_wconf 90' lang='lat' dir='ltr'>in</span> <span class='ocrx_word' id='word_1_1188' title='bbox 2361 3082 2407 3109; x_wconf 87' lang='lat' dir='ltr'>se;</span> <span class='ocrx_word' id='word_1_1189' title='bbox 2433 3083 2479 3103; x_wconf 89' lang='lat' dir='ltr'>se-</span> 
     </span>
     <span class='ocr_line' id='line_1_146' title="bbox 1407 3117 2479 3161; baseline -0.007 -7"><span class='ocrx_word' id='word_1_1190' title='bbox 1407 3124 1516 3155; x_wconf 92' lang='lat' dir='ltr'>dundo</span> <span class='ocrx_word' id='word_1_1191' title='bbox 1542 3128 1651 3153; x_wconf 90' lang='lat' dir='ltr'>contra</span> <span class='ocrx_word' id='word_1_1192' title='bbox 1674 3120 1777 3161; x_wconf 90' lang='lat' dir='ltr'>ipsam</span> <span class='ocrx_word' id='word_1_1193' title='bbox 1793 3127 1828 3150; x_wconf 88' lang='lat' dir='ltr'>ut</span> <span class='ocrx_word' id='word_1_1194' title='bbox 1852 3119 2027 3160; x_wconf 86' lang='lat' dir='ltr'>applicatur</span> <span class='ocrx_word' id='word_1_1195' title='bbox 2042 3119 2082 3148; x_wconf 90' lang='lat' dir='ltr'>ad</span> <span class='ocrx_word' id='word_1_1196' title='bbox 2106 3118 2306 3149; x_wconf 88' lang='lat' dir='ltr'>inferendum</span> <span class='ocrx_word' id='word_1_1197' title='bbox 2325 3117 2479 3148; x_wconf 91' lang='lat' dir='ltr'>unitatem</span> 
     </span>
     <span class='ocr_line' id='line_1_147' title="bbox 1406 3165 1800 3209; baseline -0.01 -10"><span class='ocrx_word' id='word_1_1198' title='bbox 1406 3167 1585 3209; x_wconf 88' lang='lat' dir='ltr'>specificam</span> <span class='ocrx_word' id='word_1_1199' title='bbox 1609 3165 1800 3205; x_wconf 88' lang='lat' dir='ltr'>theologiae.</span> 
     </span>
    </p>

    <p class='ocr_par' dir='ltr' id='par_1_36' title="bbox 1406 3206 2481 3565">
     <span class='ocr_line' id='line_1_148' title="bbox 1461 3206 2479 3250; baseline -0.006 -8"><span class='ocrx_word' id='word_1_1200' title='bbox 1461 3213 1581 3244; x_wconf 85' lang='lat' dir='ltr'>Contra</span> <span class='ocrx_word' id='word_1_1201' title='bbox 1605 3211 1708 3250; x_wconf 89' lang='lat' dir='ltr'>ipsam</span> <span class='ocrx_word' id='word_1_1202' title='bbox 1731 3209 1862 3250; x_wconf 84' lang='lat' dir='ltr'>quidem</span> <span class='ocrx_word' id='word_1_1203' title='bbox 1889 3208 1922 3238; x_wconf 92' lang='lat' dir='ltr'>in</span> <span class='ocrx_word' id='word_1_1204' title='bbox 1948 3218 1999 3244; x_wconf 89' lang='lat' dir='ltr'>se,</span> <span class='ocrx_word' id='word_1_1205' title='bbox 2033 3207 2135 3247; x_wconf 89' lang='lat' dir='ltr'>arguit</span> <span class='ocrx_word' id='word_1_1206' title='bbox 2165 3207 2312 3237; x_wconf 88' lang='lat' dir='ltr'>Albertus</span> <span class='ocrx_word' id='word_1_1207' title='bbox 2343 3206 2479 3246; x_wconf 90' lang='lat' dir='ltr'>Magnus</span> 
     </span>
     <span class='ocr_line' id='line_1_149' title="bbox 1406 3250 2479 3293; baseline -0.007 -6"><span class='ocrx_word' id='word_1_1208' title='bbox 1406 3258 1439 3288; x_wconf 92' lang='lat' dir='ltr'>in</span> <span class='ocrx_word' id='word_1_1209' title='bbox 1464 3257 1475 3287; x_wconf 88' lang='grc' dir='ltr'>Ι</span> <span class='ocrx_word' id='word_1_1210' title='bbox 1500 3257 1581 3286; x_wconf 92' lang='lat' dir='ltr'>libro</span> <span class='ocrx_word' id='word_1_1211' title='bbox 1606 3255 1758 3285; x_wconf 87' lang='lat' dir='ltr'>Summae</span> <span class='ocrx_word' id='word_1_1212' title='bbox 1791 3263 1866 3284; x_wconf 87' lang='lat' dir='ltr'>suae</span> <span class='ocrx_word' id='word_1_1213' title='bbox 1895 3253 2087 3293; x_wconf 82' lang='lat' dir='ltr'>Theologiae</span> <span class='ocrx_word' id='word_1_1214' title='bbox 2102 3251 2128 3281; x_wconf 87' lang='lat'>*.</span> <span class='ocrx_word' id='word_1_1215' title='bbox 2157 3250 2376 3281; x_wconf 86' lang='lat' dir='ltr'>Revelabilitas</span> <span class='ocrx_word' id='word_1_1216' title='bbox 2401 3251 2479 3281; x_wconf 91' lang='lat' dir='ltr'>nihil</span> 
     </span>
     <span class='ocr_line' id='line_1_150' title="bbox 1407 3295 2481 3343; baseline -0.007 -11"><span class='ocrx_word' id='word_1_1217' title='bbox 1407 3301 1498 3343; x_wconf 92' lang='lat' dir='ltr'>ponit</span> <span class='ocrx_word' id='word_1_1218' title='bbox 1520 3301 1553 3330; x_wconf 90' lang='lat' dir='ltr'>in</span> <span class='ocrx_word' id='word_1_1219' title='bbox 1582 3309 1614 3330; x_wconf 89' lang='lat' dir='ltr'>re</span> <span class='ocrx_word' id='word_1_1220' title='bbox 1651 3298 1802 3329; x_wconf 91' lang='lat' dir='ltr'>revelata:</span> <span class='ocrx_word' id='word_1_1221' title='bbox 1827 3307 1901 3338; x_wconf 90' lang='lat' dir='ltr'>ergo</span> <span class='ocrx_word' id='word_1_1222' title='bbox 1926 3307 1991 3327; x_wconf 90' lang='lat' dir='ltr'>non</span> <span class='ocrx_word' id='word_1_1223' title='bbox 2025 3303 2071 3326; x_wconf 87' lang='lat' dir='ltr'>est</span> <span class='ocrx_word' id='word_1_1224' title='bbox 2093 3295 2173 3326; x_wconf 85' lang='lat' dir='ltr'>ratio</span> <span class='ocrx_word' id='word_1_1225' title='bbox 2202 3295 2354 3326; x_wconf 88' lang='lat' dir='ltr'>formalis.</span> <span class='ocrx_word' id='word_1_1226' title='bbox 2377 3295 2481 3326; x_wconf 90' lang='lat' dir='ltr'>Tenet</span> 
     </span>
     <span class='ocr_line' id='line_1_151' title="bbox 1408 3339 2480 3387; baseline -0.007 -10"><span class='ocrx_word' id='word_1_1227' title='bbox 1408 3345 1546 3387; x_wconf 82' lang='lat' dir='ltr'>sequela,</span> <span class='ocrx_word' id='word_1_1228' title='bbox 1568 3343 1644 3384; x_wconf 88' lang='lat' dir='ltr'>quia</span> <span class='ocrx_word' id='word_1_1229' title='bbox 1667 3343 1747 3374; x_wconf 87' lang='lat' dir='ltr'>ratio</span> <span class='ocrx_word' id='word_1_1230' title='bbox 1772 3342 1913 3373; x_wconf 88' lang='lat' dir='ltr'>formalis</span> <span class='ocrx_word' id='word_1_1231' title='bbox 1935 3341 2026 3381; x_wconf 91' lang='lat' dir='ltr'>ponit</span> <span class='ocrx_word' id='word_1_1232' title='bbox 2049 3340 2168 3381; x_wconf 90' lang='lat' dir='ltr'>aliquid</span> <span class='ocrx_word' id='word_1_1233' title='bbox 2184 3339 2216 3369; x_wconf 91' lang='lat' dir='ltr'>in</span> <span class='ocrx_word' id='word_1_1234' title='bbox 2241 3339 2365 3370; x_wconf 91' lang='lat' dir='ltr'>obiecto</span> <span class='ocrx_word' id='word_1_1235' title='bbox 2390 3339 2480 3370; x_wconf 90' lang='lat' dir='ltr'>cuius</span> 
     </span>
     <span class='ocr_line' id='line_1_152' title="bbox 1409 3383 2481 3427; baseline -0.007 -6"><span class='ocrx_word' id='word_1_1236' title='bbox 1409 3398 1455 3422; x_wconf 91' lang='lat' dir='ltr'>est</span> <span class='ocrx_word' id='word_1_1237' title='bbox 1465 3389 1554 3420; x_wconf 87' lang='lat' dir='ltr'>ratio.</span> <span class='ocrx_word' id='word_1_1238' title='bbox 1563 3406 1580 3412; x_wconf 84' lang='lat'><em>-</em></span> <span class='ocrx_word' id='word_1_1239' title='bbox 1591 3388 1714 3418; x_wconf 88' lang='lat' dir='ltr'>Deinde</span> <span class='ocrx_word' id='word_1_1240' title='bbox 1727 3387 1828 3427; x_wconf 87' lang='lat' dir='ltr'>arguit</span> <span class='ocrx_word' id='word_1_1241' title='bbox 1840 3386 1999 3417; x_wconf 83' lang='lat' dir='ltr'>Aureolus</span> <span class='ocrx_word' id='word_1_1242' title='bbox 2007 3383 2032 3416; x_wconf 79' lang='grc'>*.</span> <span class='ocrx_word' id='word_1_1243' title='bbox 2047 3386 2172 3415; x_wconf 91' lang='lat' dir='ltr'>Lumen</span> <span class='ocrx_word' id='word_1_1244' title='bbox 2185 3383 2329 3415; x_wconf 87' lang='lat' dir='ltr'>divinum</span> <span class='ocrx_word' id='word_1_1245' title='bbox 2342 3394 2375 3414; x_wconf 91' lang='lat' dir='ltr'>se</span> <span class='ocrx_word' id='word_1_1246' title='bbox 2387 3383 2481 3415; x_wconf 89' lang='lat' dir='ltr'>habet</span> 
     </span>
     <span class='ocr_line' id='line_1_153' title="bbox 1409 3428 2478 3473; baseline -0.007 -8"><span class='ocrx_word' id='word_1_1247' title='bbox 1409 3436 1447 3465; x_wconf 88' lang='lat' dir='ltr'>ad</span> <span class='ocrx_word' id='word_1_1248' title='bbox 1471 3432 1668 3473; x_wconf 88' lang='lat' dir='ltr'>theologiam</span> <span class='ocrx_word' id='word_1_1249' title='bbox 1690 3438 1726 3462; x_wconf 93' lang='lat' dir='ltr'>ut</span> <span class='ocrx_word' id='word_1_1250' title='bbox 1749 3431 1926 3462; x_wconf 85' lang='lat' dir='ltr'>intellectus</span> <span class='ocrx_word' id='word_1_1251' title='bbox 1950 3439 2046 3469; x_wconf 89' lang='lat' dir='ltr'>agens</span> <span class='ocrx_word' id='word_1_1252' title='bbox 2069 3429 2109 3459; x_wconf 90' lang='lat' dir='ltr'>ad</span> <span class='ocrx_word' id='word_1_1253' title='bbox 2133 3428 2278 3459; x_wconf 88' lang='lat' dir='ltr'>scientias</span> <span class='ocrx_word' id='word_1_1254' title='bbox 2295 3428 2478 3469; x_wconf 87' lang='lat' dir='ltr'>acquisitas:</span> 
     </span>
     <span class='ocr_line' id='line_1_154' title="bbox 1410 3473 2481 3520; baseline -0.007 -10"><span class='ocrx_word' id='word_1_1255' title='bbox 1410 3489 1484 3520; x_wconf 90' lang='lat' dir='ltr'>ergo</span> <span class='ocrx_word' id='word_1_1256' title='bbox 1509 3488 1574 3508; x_wconf 91' lang='lat' dir='ltr'>non</span> <span class='ocrx_word' id='word_1_1257' title='bbox 1600 3483 1646 3508; x_wconf 86' lang='lat' dir='ltr'>est</span> <span class='ocrx_word' id='word_1_1258' title='bbox 1667 3476 1747 3507; x_wconf 91' lang='lat' dir='ltr'>ratio</span> <span class='ocrx_word' id='word_1_1259' title='bbox 1772 3475 1925 3506; x_wconf 87' lang='lat' dir='ltr'>formalis.</span> <span class='ocrx_word' id='word_1_1260' title='bbox 1939 3475 2145 3509; x_wconf 89' lang='lat' dir='ltr'>-Praeterea‚</span> <span class='ocrx_word' id='word_1_1261' title='bbox 2169 3473 2257 3503; x_wconf 90' lang='lat' dir='ltr'>Deus</span> <span class='ocrx_word' id='word_1_1262' title='bbox 2280 3483 2312 3503; x_wconf 90' lang='lat' dir='ltr'>se</span> <span class='ocrx_word' id='word_1_1263' title='bbox 2336 3473 2430 3504; x_wconf 89' lang='lat' dir='ltr'>habet</span> <span class='ocrx_word' id='word_1_1264' title='bbox 2445 3480 2481 3503; x_wconf 89' lang='lat' dir='ltr'>ut</span> 
     </span>
     <span class='ocr_line' id='line_1_155' title="bbox 1411 3517 2403 3565; baseline -0.007 -11"><span class='ocrx_word' id='word_1_1265' title='bbox 1411 3529 1608 3565; x_wconf 90' lang='lat' dir='ltr'>praeceptor:</span> <span class='ocrx_word' id='word_1_1266' title='bbox 1635 3530 1710 3561; x_wconf 89' lang='lat' dir='ltr'>ergo</span> <span class='ocrx_word' id='word_1_1267' title='bbox 1734 3530 1791 3551; x_wconf 91' lang='lat' dir='ltr'>sua</span> <span class='ocrx_word' id='word_1_1268' title='bbox 1815 3519 1962 3550; x_wconf 88' lang='lat' dir='ltr'>revelatio</span> <span class='ocrx_word' id='word_1_1269' title='bbox 1987 3527 2053 3548; x_wconf 91' lang='lat' dir='ltr'>non</span> <span class='ocrx_word' id='word_1_1270' title='bbox 2078 3524 2125 3548; x_wconf 92' lang='lat' dir='ltr'>est</span> <span class='ocrx_word' id='word_1_1271' title='bbox 2148 3517 2227 3548; x_wconf 88' lang='lat' dir='ltr'>ratio</span> <span class='ocrx_word' id='word_1_1272' title='bbox 2252 3517 2403 3548; x_wconf 87' lang='lat' dir='ltr'>formalis.</span> 
     </span>
    </p>

    <p class='ocr_par' dir='ltr' id='par_1_37' title="bbox 1411 3561 2481 3647">
     <span class='ocr_line' id='line_1_156' title="bbox 1465 3561 2481 3606; baseline -0.007 -8"><span class='ocrx_word' id='word_1_1273' title='bbox 1465 3568 1584 3599; x_wconf 86' lang='lat' dir='ltr'>Contra</span> <span class='ocrx_word' id='word_1_1274' title='bbox 1608 3566 1711 3606; x_wconf 90' lang='lat' dir='ltr'>ipsam</span> <span class='ocrx_word' id='word_1_1275' title='bbox 1734 3571 1841 3596; x_wconf 88' lang='lat' dir='ltr'>autem</span> <span class='ocrx_word' id='word_1_1276' title='bbox 1861 3570 1897 3594; x_wconf 92' lang='lat' dir='ltr'>ut</span> <span class='ocrx_word' id='word_1_1277' title='bbox 1911 3562 2004 3593; x_wconf 89' lang='lat' dir='ltr'>infert</span> <span class='ocrx_word' id='word_1_1278' title='bbox 2019 3562 2175 3593; x_wconf 88' lang='lat' dir='ltr'>unitatem</span> <span class='ocrx_word' id='word_1_1279' title='bbox 2198 3561 2354 3598; x_wconf 88' lang='lat' dir='ltr'>scientiae,</span> <span class='ocrx_word' id='word_1_1280' title='bbox 2380 3562 2481 3601; x_wconf 89' lang='lat' dir='ltr'>arguit</span> 
     </span>
     <span class='ocr_line' id='line_1_157' title="bbox 1411 3606 2479 3647; baseline -0.007 -4"><span class='ocrx_word' id='word_1_1281' title='bbox 1411 3612 1571 3643; x_wconf 86' lang='lat' dir='ltr'>Aureolus</span> <span class='ocrx_word' id='word_1_1282' title='bbox 1581 3610 1607 3641; x_wconf 87' lang='lat'>*.</span> <span class='ocrx_word' id='word_1_1283' title='bbox 1634 3610 1666 3641; x_wconf 90' lang='lat' dir='ltr'>Si</span> <span class='ocrx_word' id='word_1_1284' title='bbox 1689 3610 1776 3640; x_wconf 91' lang='lat' dir='ltr'>Deus</span> <span class='ocrx_word' id='word_1_1285' title='bbox 1800 3608 1949 3639; x_wconf 88' lang='lat' dir='ltr'>revelaret</span> <span class='ocrx_word' id='word_1_1286' title='bbox 1972 3606 2068 3637; x_wconf 87' lang='lat' dir='ltr'>simul</span> <span class='ocrx_word' id='word_1_1287' title='bbox 2091 3606 2330 3647; x_wconf 90' lang='lat' dir='ltr'>philosophiam</span> <span class='ocrx_word' id='word_1_1288' title='bbox 2353 3613 2383 3637; x_wconf 92' lang='lat' dir='ltr'>et</span> <span class='ocrx_word' id='word_1_1289' title='bbox 2405 3616 2479 3646; x_wconf 90' lang='lat' dir='ltr'>geo-</span> 
     </span>
    </p>
   </div>
   <div class='ocr_carea' id='block_1_26' title="bbox 2507 2637 2719 2665">
    <p class='ocr_par' dir='ltr' id='par_1_38' title="bbox 2507 2637 2719 2665">
     <span class='ocr_line' id='line_1_158' title="bbox 2507 2637 2719 2665; baseline 0 -6"><span class='ocrx_word' id='word_1_1290' title='bbox 2507 2638 2517 2647; x_wconf 79' lang='lat'>⁸</span> <span class='ocrx_word' id='word_1_1291' title='bbox 2529 2637 2564 2659; x_wconf 78' lang='lat' dir='ltr'>cf.</span> <span class='ocrx_word' id='word_1_1292' title='bbox 2577 2643 2641 2659; x_wconf 86' lang='lat' dir='ltr'>num.</span> <span class='ocrx_word' id='word_1_1293' title='bbox 2651 2644 2676 2665; x_wconf 85' lang='lat' dir='ltr'>n,</span> <span class='ocrx_word' id='word_1_1294' title='bbox 2687 2644 2719 2659; x_wconf 82' lang='lat' dir='ltr'>vx.</span> 
     </span>
    </p>
   </div>
   <div class='ocr_carea' id='block_1_27' title="bbox 2509 2812 2704 2839">
    <p class='ocr_par' dir='ltr' id='par_1_39' title="bbox 2509 2812 2704 2839">
     <span class='ocr_line' id='line_1_159' title="bbox 2509 2812 2704 2839; baseline -0.005 -5"><span class='ocrx_word' id='word_1_1295' title='bbox 2509 2814 2516 2821; x_wconf 86' lang='lat'><em>&#39;</em></span> <span class='ocrx_word' id='word_1_1296' title='bbox 2533 2812 2590 2839; x_wconf 80' lang='lat' dir='ltr'>Cap.</span> <span class='ocrx_word' id='word_1_1297' title='bbox 2602 2818 2632 2837; x_wconf 82' lang='grc' dir='ltr'>ιν,</span> <span class='ocrx_word' id='word_1_1298' title='bbox 2649 2818 2671 2833; x_wconf 88' lang='grc' dir='ltr'>ιι.</span> <span class='ocrx_word' id='word_1_1299' title='bbox 2689 2818 2704 2833; x_wconf 91' lang='grc' dir='ltr'>ι.</span> 
     </span>
    </p>
   </div>
   <div class='ocr_carea' id='block_1_28' title="bbox 2506 2990 2717 3018">
    <p class='ocr_par' dir='ltr' id='par_1_40' title="bbox 2506 2990 2717 3018">
     <span class='ocr_line' id='line_1_160' title="bbox 2506 2990 2717 3018; baseline 0 -6"><span class='ocrx_word' id='word_1_1300' title='bbox 2506 2991 2516 3001; x_wconf 76' lang='lat'>&#39;⁴</span> <span class='ocrx_word' id='word_1_1301' title='bbox 2533 2991 2568 3012; x_wconf 88' lang='lat' dir='ltr'>Cf.</span> <span class='ocrx_word' id='word_1_1302' title='bbox 2578 2990 2640 3013; x_wconf 76' lang='lat' dir='ltr'>nuin.</span> <span class='ocrx_word' id='word_1_1303' title='bbox 2652 2997 2676 3018; x_wconf 92' lang='grc' dir='ltr'>ιι,</span> <span class='ocrx_word' id='word_1_1304' title='bbox 2688 2998 2717 3012; x_wconf 87' lang='grc' dir='ltr'>ιν.</span> 
     </span>
    </p>
   </div>
   <div class='ocr_carea' id='block_1_29' title="bbox 2507 3249 2717 3296">
    <p class='ocr_par' dir='ltr' id='par_1_41' title="bbox 2507 3249 2717 3296">
     <span class='ocr_line' id='line_1_161' title="bbox 2508 3249 2717 3276; baseline 0 -5"><span class='ocrx_word' id='word_1_1305' title='bbox 2508 3251 2515 3257; x_wconf 90' lang='grc'><em>·</em></span> <span class='ocrx_word' id='word_1_1306' title='bbox 2523 3249 2570 3276; x_wconf 89' lang='lat' dir='ltr'>Qu.</span> <span class='ocrx_word' id='word_1_1307' title='bbox 2578 3255 2609 3275; x_wconf 78' lang='lat' dir='ltr'>ni,</span> <span class='ocrx_word' id='word_1_1308' title='bbox 2619 3250 2717 3271; x_wconf 84' lang='lat' dir='ltr'>membr.</span> 
     </span>
     <span class='ocr_line' id='line_1_162' title="bbox 2507 3282 2526 3296; baseline 0 0"><span class='ocrx_word' id='word_1_1309' title='bbox 2507 3282 2526 3296; x_wconf 82' lang='lat'>2.</span> 
     </span>
    </p>
   </div>
   <div class='ocr_carea' id='block_1_30' title="bbox 2508 3382 2716 3437">
    <p class='ocr_par' dir='ltr' id='par_1_42' title="bbox 2508 3382 2716 3437">
     <span class='ocr_line' id='line_1_163' title="bbox 2508 3382 2716 3410; baseline 0.005 -7"><span class='ocrx_word' id='word_1_1310' title='bbox 2508 3384 2515 3391; x_wconf 84' lang='lat'><strong>·</strong></span> <span class='ocrx_word' id='word_1_1311' title='bbox 2528 3382 2587 3403; x_wconf 77' lang='lat' dir='ltr'>Ptol.</span> <span class='ocrx_word' id='word_1_1312' title='bbox 2595 3382 2667 3409; x_wconf 67' lang='lat' dir='ltr'>Sene„</span> <span class='ocrx_word' id='word_1_1313' title='bbox 2677 3389 2716 3410; x_wconf 87' lang='lat' dir='ltr'>qu.</span> 
     </span>
     <span class='ocr_line' id='line_1_164' title="bbox 2508 3413 2632 3437; baseline 0.008 -8"><span class='ocrx_word' id='word_1_1314' title='bbox 2508 3414 2540 3435; x_wconf 67' lang='grc' dir='ltr'>ιιι,</span> <span class='ocrx_word' id='word_1_1315' title='bbox 2556 3413 2597 3430; x_wconf 81' lang='lat' dir='ltr'>art.</span> <span class='ocrx_word' id='word_1_1316' title='bbox 2612 3416 2632 3437; x_wconf 85' lang='lat'>3.</span> 
     </span>
    </p>
   </div>
   <div class='ocr_carea' id='block_1_31' title="bbox 2509 3608 2591 3630">
    <p class='ocr_par' dir='ltr' id='par_1_43' title="bbox 2509 3608 2591 3630">
     <span class='ocr_line' id='line_1_165' title="bbox 2509 3608 2591 3630; baseline 0.012 -1"><span class='ocrx_word' id='word_1_1317' title='bbox 2509 3610 2515 3616; x_wconf 90' lang='grc'><strong>”</strong></span> <span class='ocrx_word' id='word_1_1318' title='bbox 2532 3608 2591 3630; x_wconf 86' lang='lat' dir='ltr'>Ibid.</span> 
     </span>
    </p>
   </div>
  </div>
 </body>
</html>
