2768 4178
27 2069 99 2098 *Qm
105 2073 156 2098 m,
166 2073 210 2093 nrt.
218 2076 241 2098 7.

25 2247 38 2260 ⁸
51 2247 224 2277 canum-neq,

0 2292 3 2294 ’
23 2296 37 2309 ¹*
51 2296 88 2319 Cf.
102 2303 167 2320 num.
177 2303 224 2320 xxv.

0 2511 203 2536 l‘OEnum.x.

0 4055 24 4178 ⁷1>‘⁴*'“'¹³¹2‘“
0 4023 29 4046 '¹32
0 3987 11 4006 ,ς
16 3963 18 3967 ⁴
0 3932 10 3947 κ

957 267 1224 313 QUAESTio
1253 269 1432 316 XXVIII,
1461 270 1760 309 ARTICULUS
1790 273 1803 307 1

286 342 377 379 illud
394 343 465 389 ,cui
493 343 590 380 inest
618 344 758 391 relatio,
789 344 856 381 sed
884 357 953 392 per
977 354 1192 394 respectum
1227 347 1274 384 ad
1305 348 1355 383 al-

287 403 423 432 terurn.
450 396 542 433 Non
562 409 652 445 ergo
671 404 690 424 Ι*
707 409 777 446 per
795 398 870 433 hoc
891 399 1089 435 excludere
1109 400 1230 436 voluit
1248 401 1354 449 quod

287 449 418 485 relatio
447 462 526 486 non
556 458 654 486 esset
681 450 720 487 in
749 451 856 487 Deo:
887 451 955 487 sed
979 452 1088 500 'quod
1109 465 1187 489 non
1206 453 1354 501 praedi-

287 510 435 538 caretur
468 515 537 551 per
570 503 731 540 modum
765 503 993 540 inhaerentis
1026 507 1237 542 secundum
1264 519 1352 554 pro-

284 555 408 603 priam
429 556 618 592 relationis
637 555 836 603 rationem,
867 557 935 593 sed
964 557 1083 604 magis
1103 571 1171 606 per
1190 559 1351 596 modum

286 608 333 645 ad
362 608 463 645 aliud
492 621 532 645 se
560 609 746 645 habentis.

338 663 397 697 AD
426 674 617 699 SECUNDUM
646 661 851 698 dicendum
877 663 981 711 quod
1011 663 1141 699 relatio
1162 676 1261 712 quae
1281 665 1352 702 im-

282 721 455 762 portatur
481 727 551 763 per
578 715 654 751 hoc
681 726 826 751 nomen
854 715 968 761 idem,
999 723 1055 752 est
1083 717 1211 754 relatio
1241 718 1351 754 ratio-

283 766 340 804 nis
369 774 542 814 tantum,
565 767 596 804 si
624 767 829 816 accipiatur
857 767 1078 817 simpliciter
1104 769 1228 807 idem:
1262 772 1351 819 quia

281 819 503 856 huiusmodi
532 820 663 857 relatio
697 833 776 857 non
812 829 937 870 potest
975 823 1179 860 consistere
1214 824 1284 861 nisi
1312 825 1349 862 in

282 873 452 922 quodam
483 873 617 910 ordine
645 886 762 923 quern
783 876 876 911 ratio
904 875 1099 913 adinvenit
1124 877 1281 914 alicuius
1301 880 1349 915 ad

281 921 462 974 seipsum,
493 927 706 964 secundum
735 928 881 977 aliquas
912 928 990 965 eius
1020 930 1113 966 duas
1134 930 1348 968 considera-

281 977 416 1016 tiones.
448 980 566 1017 Secus
595 989 724 1018 autem
745 989 810 1028 est,
834 993 920 1018 curn
942 982 1117 1020 dicuntur
1137 984 1262 1032 aliqua
1287 997 1347 1021 ea-

282 1031 371 1068 dem
401 1045 496 1079 esse,
518 1046 596 1070 non
617 1034 655 1070 in
674 1047 836 1071 numero
857 1041 878 1081 ⁹,
905 1036 972 1072 sed
993 1036 1030 1073 in
1051 1044 1184 1073 natura
1203 1038 1348 1084 generis

280 1085 362 1122 sive
391 1087 542 1134 speciei.
573 1088 728 1124 Boetius
761 1088 871 1136 igitur
899 1089 1098 1126 relationes
1132 1102 1229 1138 quae
1263 1099 1348 1127 sunt

279 1137 318 1175 in
339 1139 488 1187 divinis,
510 1140 691 1178 assimilat
711 1141 882 1178 relationi
898 1141 1107 1189 identitatis,
1135 1155 1212 1179 non
1228 1156 1348 1191 quan·

279 1198 362 1229 turn
391 1194 439 1230 ad
459 1193 600 1240 omnia,
623 1194 690 1231 sed
710 1202 895 1243 quantum
917 1195 964 1232 ad
985 1196 1059 1232 hoc
1079 1196 1216 1242 solum,
1243 1197 1347 1244 quod

277 1257 346 1294 per
372 1246 595 1285 huiusmodi
623 1248 824 1284 relationes
853 1260 930 1284 non
961 1248 1236 1285 diversificatur
1259 1251 1346 1286 sub—

273 1299 424 1346 stantia,
454 1296 550 1337 sicut
577 1313 648 1337 nec
676 1313 744 1350 per
773 1301 997 1338 relationem
1026 1301 1238 1338 identitatis.

329 1354 390 1388 AD
417 1364 577 1390 TERTmM
606 1365 790 1390 mcENDUM
809 1354 927 1402 quod,
949 1366 1038 1390 cum
1059 1362 1229 1391 creatura
1258 1367 1345 1403 pro-

277 1405 387 1442 cedat
406 1418 428 1442 a
447 1407 532 1443 Deo
553 1406 591 1443 in
612 1406 828 1443 diversitate
852 1414 1020 1453 naturae,
1042 1408 1148 1444 Deus
1168 1415 1223 1444 est
1242 1416 1344 1444 extra

277 1457 453 1499 ordinem
483 1459 597 1496 totius
626 1467 839 1496 creaturae:
871 1472 942 1496 nec
971 1472 1015 1496 ex
1036 1460 1116 1497 eius
1137 1468 1269 1498 natura
1290 1469 1345 1498 est

1411 348 1489 385 eius
1510 346 1523 372 ξ
1542 350 1724 387 habitudo
1745 351 1793 387 ad
1814 360 2015 398 creaturas:
2047 355 2137 390 Non
2168 355 2268 392 enim
2298 355 2473 404 producit

1409 410 1598 439 creaturas
1619 415 1664 439 ex
1684 406 1906 441 necessitate
1935 418 2026 443 suae
2055 415 2222 454 naturae,
2245 409 2311 446 sed
2330 422 2399 458 per
2416 411 2470 447 in-

1407 456 1597 492 tellectum
1628 464 1663 492 et
1688 463 1782 505 per⁰
1802 459 2049 505 voluntatem,
2079 468 2120 496 ut
2148 474 2262 510 supra
2281 462 2301 484 ’¹‘
2330 463 2471 500 dictum

1407 515 1472 544 est.
1503 509 1552 545 Et
1573 509 1658 546 ideo
1679 509 1718 546 in
1736 511 1821 546 Deo
1843 523 1922 548 non
1942 520 1996 548 est
2016 514 2125 550 realis
2150 515 2277 551 relatio
2299 515 2347 552 ad
2368 528 2469 552 crea-

1406 568 1508 597 turas
1540 561 1571 598 ²¹⁶.
1612 563 1688 599 Sed
1726 563 1763 600 in
1798 565 1975 601 creaturis
2014 574 2068 602 est
2105 567 2213 604 realis
2251 569 2380 605 relatio
2419 570 2469 606 ad

1406 614 1554 651 Deum:
1585 615 1673 664 quia
1702 625 1893 653 creaturae
1915 619 2152 656 continentur
2171 621 2241 656 sub
2262 621 2394 658 ordine
2416 622 2468 659 di-

1405 666 1509 712 vino,
1541 675 1576 704 et
1604 668 1641 704 in
1671 681 1802 706 earum
1823 678 1955 707 natura
1975 676 1992 692 ⁷⁷
2022 679 2076 708 est
2104 674 2207 721 quod
2228 674 2469 722 dependeant

1406 731 1427 755 a
1456 720 1552 757 Deo.
1584 722 1660 758 Sed
1689 723 1953 771 processiones
1982 724 2133 770 divinae
2163 734 2249 763 sunt
2272 727 2309 763 in
2330 728 2466 765 eadem

1405 781 1547 810 natura.
1578 774 1690 811 Unde
1718 788 1797 812 non
1825 784 1881 812 est
1908 776 2038 814 similis
2068 778 2173 815 ratio.

1457 828 1516 862 AD
1537 838 1710 868 QUARTUM
1724 841 1908 866 DiCENDuM
1924 830 2029 878 quod
2044 831 2243 868 relationes
2263 845 2360 880 quae
2376 846 2465 870 con-

1404 888 1615 927 sequuntur
1643 882 1764 917 solam
1795 883 2057 930 operationem
2078 884 2286 921 intellectus
2312 885 2350 922 in
2376 886 2465 934 ipsis

1404 933 1517 968 rebus
1546 933 1752 980 intellectis,
1774 943 1861 971 sunt
1890 936 2087 973 relationes
2117 938 2270 974 rationis
2298 945 2462 976 tanturn:

1403 986 1492 1033 quia
1522 986 1661 1023 scilicet
1694 1000 1757 1024 eas
1793 988 1885 1025 ratio
1921 989 2116 1026 adinvenit
2149 990 2244 1027 inter
2279 991 2372 1028 duas
2406 1004 2464 1029 res

1402 1038 1617 1076 intellectas.
1641 1040 1716 1077 Sed
1734 1041 1933 1078 relationes
1953 1055 2050 1090 quae
2071 1052 2354 1092 consequuntur
2374 1057 2464 1094 ope-

1402 1092 1588 1128 rationem
1613 1099 1628 1123 Ρ
1657 1093 1880 1140 intellectus,
1916 1108 2015 1143 quae
2050 1105 2137 1133 sunt
2169 1097 2266 1134 inter
2300 1099 2463 1135 verbum

1401 1144 1696 1182 intellectualiter
1723 1148 1935 1195 procedens
1961 1157 1996 1185 et
2028 1149 2118 1186 illud
2138 1162 2159 1186 a
2180 1162 2257 1197 quo
2278 1151 2461 1199 procedit,

1401 1210 1479 1233 non
1508 1207 1594 1235 sunt
1614 1200 1811 1237 relationes
1832 1201 1987 1238 rationis
2007 1210 2165 1249 tantum,
2195 1205 2262 1240 sed
2282 1204 2352 1240 rei:
2374 1205 2463 1251 quia

1401 1258 1437 1286 et
1464 1250 1544 1298 ipse
1573 1251 1780 1289 intellectus
1815 1262 1861 1297 et,
1879 1254 1972 1291 ratio
2009 1263 2063 1291 est
2097 1257 2287 1304 quaedam
2317 1269 2391 1303 res,
2426 1265 2463 1294 et

1401 1312 1644 1351 comparatur
1674 1306 1820 1342 realiter
1847 1307 1895 1343 ad
1923 1307 1962 1343 id
1991 1308 2096 1356 quod
2129 1309 2298 1356 procedit
2330 1309 2461 1346 intelli-

1399 1356 1569 1403 gibiliter,
1601 1357 1695 1394 sicut
1723 1371 1782 1394 res
1812 1361 2016 1408 corporalis
2036 1361 2084 1397 ad
2104 1361 2142 1398 id
2162 1362 2267 1409 quod
2292 1363 2463 1410 procedit

1400 1409 1655 1457 corporaliter.
1686 1412 1734 1447 Et
1762 1411 1814 1448 sic
1842 1413 2044 1460 paternitas
2073 1422 2109 1450 et
2136 1414 2264 1451 filiatio
2291 1422 2377 1452 sunt
2404 1428 2460 1452 re—

1397 1462 1556 1499 lationes
1585 1464 1704 1500 reales
1732 1464 1770 1500 in
1800 1465 1946 1502 divinis.

328 1564 357 1599 μ)
377 1572 450 1598 ergo.
468 1578 488 1584 ·-
504 1567 593 1590 autem
613 1565 677 1589 Pab.

326 1600 350 1633 ν)
371 1600 397 1624 in
417 1607 536 1625 numero.
554 1614 573 1619 ·-
591 1607 703 1625 numero
722 1600 833 1626 codices.

326 1633 350 1668 ξ)
369 1635 433 1660 eius.
451 1649 471 1654 -
490 1635 551 1660 Om.
571 1636 682 1661 codices.

326 1671 352 1703 ο)
367 1678 428 1703 per.
445 1684 465 1691 —
483 1671 546 1696 Om.
565 1671 676 1696 codices.

1452 1568 1480 1599 π)
1500 1571 1526 1592 et
1545 1569 1570 1592 in
1591 1576 1683 1593 earum
1702 1573 1809 1594 natura.
1823 1583 1843 1588 -—
1856 1573 1882 1594 et
1901 1570 1939 1594 ita
1958 1577 2050 1595 earum
2070 1574 2169 1595 natura
2188 1572 2216 1596 B.
2228 1585 2248 1591 —
2261 1572 2311 1596 Pro
2330 1573 2402 1605 quod
2414 1573 2459 1598 de-

1392 1603 1542 1634 pendeant,
1563 1607 1592 1628 ut
1611 1604 1777 1635 dependeant
1796 1604 1906 1630 codices.

1451 1639 1475 1671 p)
1495 1639 1684 1670 operationem.
1703 1654 1721 1658 -
1739 1640 1908 1671 operationes
1927 1641 2038 1666 codices.
2055 1655 2073 1660 -
2091 1641 2142 1666 Pro
2164 1649 2232 1674 quae
2249 1645 2324 1672 sunt,
2348 1647 2375 1668 et
2392 1651 2460 1676 quae

1397 1677 1460 1698 sunt
1479 1674 1537 1704 FG,
1557 1683 1611 1700 om.
1621 1675 1661 1699 ed.
1676 1682 1701 1699 a.

948 1734 1282 1767 Commentaria
1304 1734 1556 1767 Cardinalis
1578 1735 1779 1769 Caietani

301 1811 325 1835 N
347 1803 458 1839 titulo,
482 1803 516 1844 ly
539 1804 644 1834 reales
666 1804 745 1844 quid
768 1804 936 1843 significet,
962 1811 1056 1845 patet.
1089 1806 1195 1842 Quare
1232 1812 1338 1836 autem

274 1815 445 1884 Iaddatur,
462 1847 496 1877 in
511 1857 643 1887 corpore
666 1847 767 1878 littera
792 1848 889 1879 dicet:
914 1849 989 1889 quia
1008 1849 1124 1880 scilicet
1141 1859 1206 1879 non
1224 1859 1336 1879 omnes

268 1892 437 1922 relationes
461 1899 535 1922 sunt
561 1892 669 1922 reales.
702 1893 750 1933 Ly
772 1893 837 1923 sint
866 1894 898 1923 in
923 1894 992 1923 Deo
1023 1893 1175 1933 significat
1201 1894 1338 1924 modum

270 1936 393 1967 essendi
411 1936 444 1966 in
468 1936 538 1966 Deo
562 1935 746 1967 formaliter.
771 1937 812 1967 Et
835 1937 989 1977 quoniam
1012 1938 1045 1967 in
1069 1947 1204 1968 nurnero
1220 1938 1334 1978 plurali

269 1980 439 2021 quaeritur,
463 1980 641 2011 insinuatur
657 1987 687 2011 et
702 1981 791 2021 quod
813 1981 947 2011 intendit
962 1992 1002 2011 an
1018 1982 1050 2012 in
1066 1982 1136 2012 Deo
1153 1982 1215 2012 sint
1230 1983 1336 2022 plures

268 2025 438 2056 relationes
461 2025 567 2060 reales,
583 2032 613 2056 et
629 2025 718 2065 quod
742 2026 780 2055 de
804 2025 1007 2056 relationibus
1027 2027 1065 2056 ad
1081 2026 1162 2057 intra
1179 2033 1225 2056 est
1240 2036 1336 2066 quae-

269 2069 348 2100 stio:
373 2069 541 2100 relationes
565 2069 651 2099 enim
673 2069 714 2099 ad
737 2077 821 2100 extra
838 2077 869 2100 et
884 2070 1029 2110 superius
1044 2070 1063 2088 '³‘
1085 2077 1234 2101 tractatae
1251 2078 1334 2107 sunt,

269 2119 300 2144 et
315 2113 416 2153 magis
432 2120 535 2144 essent
558 2113 617 2144 Dei
641 2114 681 2143 ad
704 2113 775 2149 alia,
800 2124 899 2154 quarn
922 2114 955 2144 in
978 2115 1049 2155 ipso
1069 2114 1139 2144 Deo
1159 2115 1335 2145 secundum

268 2157 420 2198 seipsum,
441 2167 507 2199 quo
527 2158 627 2188 modo
648 2158 686 2188 de
706 2167 744 2188 eo
764 2158 937 2198 loquimur.

325 2202 363 2232 11.
382 2202 417 2232 In
437 2212 570 2242 corpore
593 2201 650 2232 tria
673 2202 764 2232 facit:
789 2202 904 2242 primo,
925 2203 1077 2243 proponit
1096 2203 1334 2233 conclusionem

266 2246 500 2286 responsivam;
534 2246 691 2282 secundo,
719 2253 830 2277 tractat
858 2246 950 2276 illum
983 2247 1157 2277 terminum
1181 2247 1285 2277 reales
1300 2247 1333 2284 *3

265 2290 367 2327 tertio,
392 2291 506 2331 probat
529 2289 768 2321 conclusionem
783 2290 809 2320 *.

294 2372 297 2375 .
324 2335 442 2372 Quoad
458 2336 614 2375 primum,
639 2335 802 2365 conclusio
827 2334 1010 2374 responsiva
1033 2335 1176 2375 quaesito
1200 2334 1334 2365 affirma-

265 2378 327 2410 five
343 2385 407 2410 est:
432 2378 612 2409 Relationes
636 2379 794 2419 quaedam
810 2386 884 2409 sunt
900 2378 932 2408 in
950 2379 1062 2408 divinis
1079 2379 1209 2409 realiter.

272 2430 276 2440 ¹
323 2423 375 2454 111.
397 2423 515 2461 Quoad
535 2423 722 2460 secundum,
741 2430 771 2454 et
786 2423 927 2454 redditur
942 2423 1022 2453 ratio
1039 2433 1137 2463 quare
1154 2431 1335 2463 apponatur

265 2477 360 2508 supra
376 2467 562 2498 relationem
574 2467 712 2503 realitas;
733 2474 765 2497 et
780 2467 851 2507 quis
868 2467 907 2498 sit
922 2474 1081 2507 respectus
1098 2467 1198 2503 realis,
1216 2475 1246 2498 et
1262 2468 1333 2508 quis

264 2511 395 2542 rationis
407 2512 434 2542 *.
460 2511 554 2542 Ratio
571 2511 666 2552 primi
685 2518 731 2542 est
747 2511 918 2541 differentia
936 2511 1017 2542 inter
1031 2512 1075 2542 ad
1089 2512 1212 2552 aliquid
1228 2519 1258 2542 et
1273 2512 1333 2542 alia

265 2565 398 2597 genera:
427 2556 583 2596 quoniam
606 2562 782 2586 ceterorum
806 2565 960 2595 generum
988 2556 1097 2586 omnia
1126 2563 1200 2586 sunt
1223 2566 1333 2586 secun-

266 2600 345 2630 dum
368 2609 451 2636 rem;
471 2600 526 2630 >ad
548 2600 671 2639 aliquid
693 2609 769 2629 vero
800 2599 906 2640 aliqua
937 2606 1011 2630 sunt
1039 2601 1215 2630 secundum
1238 2601 1332 2630 ratio-

266 2653 340 2674 nem
363 2650 498 2680 tantum,
524 2650 554 2674 et
577 2643 682 2683 aliqua
707 2643 884 2673 secundum
907 2653 984 2674 rem.
1002 2661 1022 2666 -
1038 2644 1078 2675 Et
1101 2644 1238 2674 nascitur
1256 2645 1333 2674 haec

266 2682 438 2728 differentia
458 2697 495 2717 ex
514 2697 578 2718 una
600 2687 668 2723 alia,
694 2687 811 2718 scilicet
833 2688 922 2728 quod
945 2694 1045 2718 cetera
1063 2689 1240 2718 secundum
1260 2699 1332 2729 pro-

265 2732 367 2772 priam
386 2731 542 2762 rationem
565 2731 741 2771 significant
764 2731 883 2771 aliquid
907 2731 1000 2762 alicui
1019 2732 1194 2768 inhaerere;
1219 2733 1259 2762 ad
1278 2733 1332 2762 ali-

265 2775 343 2817 quid
365 2786 441 2806 vero
466 2776 642 2806 secundum
665 2776 828 2816 propriam
851 2775 1007 2806 rationem
1033 2776 1185 2816 significat
1208 2783 1332 2807 tanturn

265 2827 446 2861 respectum
469 2821 508 2850 ad
532 2820 628 2850 aliud.

325 2865 380 2895 IV.v
395 2864 487 2895 Circa
509 2864 586 2894 haec
602 2864 692 2899 dicta,
713 2863 815 2894 multa
831 2870 905 2894 sunt
921 2864 1026 2894 dubia.
1050 2864 1158 2895 Primo
1176 2864 1255 2894 circa
1271 2864 1332 2904 pri-

266 2919 354 2940 mam
378 2908 600 2944 differentiam,
633 2918 670 2938 ex
697 2914 784 2948 parte
813 2908 978 2949 utriusque
1006 2909 1144 2939 extremi.
1176 2908 1223 2938 Ex
1246 2915 1332 2948 parte

267 2947 398 2994 quidem
421 2953 465 2983 ad
487 2953 628 2993 aliquid,
654 2952 706 2982 sic.
735 2952 788 2982 Ad
809 2953 948 2993 aliquid,
978 2960 1014 2983 ut
1037 2960 1083 2983 est
1106 2962 1208 2982 unum
1231 2962 1331 2992 genus

267 2997 451 3028 distinctum
467 3003 577 3027 contra
593 2996 653 3026 alia
669 3006 790 3035 genera,
807 2997 984 3027 secundum
999 2997 1160 3036 propriam
1176 2996 1331 3026 rationem

267 3051 358 3071 suam
381 3041 565 3077 formalem,
591 3047 637 3071 est
660 3050 714 3070 ens
737 3040 835 3070 reale:
864 3041 1019 3081 quoniam
1043 3047 1089 3071 est
1111 3051 1202 3081 pars,
1231 3051 1331 3070 mem-

267 3086 371 3121 brum,
389 3095 444 3115 seu
462 3085 579 3115 modus
602 3084 681 3115 entis
701 3084 790 3114 realis
810 3084 899 3115 divisi
922 3085 955 3115 in
971 3086 1081 3115 decem
1103 3094 1226 3124 genera.
1247 3085 1331 3124 Ergo

267 3129 384 3160 falsum
408 3137 454 3160 est
485 3129 573 3170 quod
601 3129 663 3159 hoc
687 3129 726 3159 sit
755 3128 913 3168 singulare
935 3129 968 3159 in
991 3139 1104 3169 genere
1127 3129 1171 3159 ad
1192 3129 1331 3169 aliquid,

268 3173 357 3215 quod
381 3173 487 3214 aliqua
510 3173 710 3203 inveniantur
728 3173 904 3203 secundum
918 3173 1084 3203 rationem.
1103 3190 1122 3196 -
1137 3173 1178 3203 Et
1201 3173 1226 3203 si
1250 3173 1331 3203 dice-

267 3224 353 3248 retur
375 3217 465 3257 quod
488 3216 538 3247 hic
562 3227 627 3247 non
651 3225 698 3247 est
721 3227 826 3247 sermo
846 3217 884 3247 de
899 3217 942 3247 ad
956 3217 1080 3257 aliquid
1102 3224 1138 3247 ut
1161 3223 1207 3247 est
1229 3227 1332 3247 unum

267 3271 377 3301 genus,
402 3261 457 3291 sed
480 3268 516 3291 ut
539 3268 585 3292 est
608 3262 781 3301 analogum
804 3261 967 3301 quoddam
991 3262 1030 3291 ad
1054 3261 1163 3291 omnia
1186 3261 1330 3291 relativa:

267 3305 429 3345 repellitur
444 3305 520 3335 haec
536 3305 700 3345 responsio
725 3315 762 3335 ex
784 3305 901 3341 littera,
925 3305 1137 3344 distinguente
1152 3305 1195 3335 ad
1210 3305 1333 3345 aliquid

267 3356 378 3380 contra
397 3349 456 3379 alia
471 3358 594 3388 genera.
620 3349 754 3380 Constat
777 3349 863 3379 enim
882 3349 1065 3380 distinctum
1085 3356 1194 3379 contra
1209 3359 1331 3389 genera,

269 3404 371 3424 unum
396 3403 432 3423 ex
455 3393 621 3432 generibus
645 3403 722 3424 esse.

327 3438 374 3468 Ex
397 3444 484 3478 parte
507 3444 614 3467 autem
638 3437 834 3478 reliquorum
857 3447 1019 3477 generum,
1045 3436 1222 3467 dubitatur:
1253 3447 1332 3477 quo-

267 3482 355 3512 niam
379 3481 411 3511 in
436 3480 586 3511 omnibus
608 3481 733 3511 videtur
755 3481 888 3512 inveniri
912 3481 1033 3521 aliquid
1056 3481 1232 3511 secundum
1255 3491 1332 3517 rem,

270 3533 301 3557 et
324 3525 443 3566 aliquid
467 3525 644 3555 secundum
667 3525 832 3556 rationem.
858 3526 943 3556 Rosa
962 3525 1047 3555 enim
1070 3525 1235 3561 intellecta,
1260 3526 1333 3555 sub-

269 3570 383 3601 stantia
400 3576 446 3600 est
462 3569 638 3600 secundum
661 3569 834 3606 rationem;
859 3576 890 3600 et
913 3570 1054 3600 similiter
1073 3569 1247 3608 triangulus
1264 3570 1332 3599 abs-

264 3621 400 3650 tractus;
431 3621 460 3645 et
484 3613 527 3644 sic
551 3613 589 3643 de
613 3613 690 3643 aliis.
723 3613 808 3652 Ergo
839 3623 905 3643 non
929 3621 974 3644 est
997 3613 1163 3654 proprium
1190 3613 1333 3643 relationi

1393 1805 1506 1836 habere
1531 1806 1651 1847 aliquid
1670 1808 1846 1837 secundum
1870 1818 1946 1844 rem,
1972 1816 2002 1839 et
2025 1809 2145 1849 aliquid
2168 1810 2343 1840 secundum
2362 1811 2456 1842 ratio-

1393 1859 1477 1880 nem.
1494 1850 1565 1880 —In
1590 1860 1702 1890 genere
1730 1861 1861 1892 quoque
1888 1852 2070 1893 quantitatis
2093 1853 2297 1884 inveniuntur
2320 1861 2456 1896 utroque

1393 1894 1492 1923 modo
1517 1890 1653 1934 species:
1678 1895 1776 1925 reales
1799 1896 1946 1936 quidem,
1972 1904 2007 1927 ut
2030 1906 2163 1937 corpus;
2195 1898 2325 1928 rationis
2349 1906 2454 1930 autem

1392 1937 1572 1974 formaliter,
1593 1945 1630 1969 ut
1647 1946 1783 1979 tempus,
1803 1940 1913 1970 saltem
1934 1941 2020 1981 apud
2039 1952 2062 1971 s.
2078 1941 2239 1971 Thomam
2254 1942 2281 1973 *.
2305 1943 2401 1982 Ergo.

1449 1982 1486 2012 V.
1513 1982 1604 2012 Circa
1627 1984 1798 2013 secundam
1822 1984 2028 2015 differentiam
2052 1986 2186 2015 dubium
2210 1996 2340 2026 quoque
2357 1988 2454 2018 utrin-

1391 2035 1454 2065 que
1478 2026 1623 2057 occurrit.
1654 2027 1701 2057 Ex
1729 2035 1816 2067 parte
1840 2028 1970 2068 quidem
1997 2029 2040 2060 ad
2067 2030 2208 2069 aliquid,
2241 2030 2342 2061 simile
2365 2042 2453 2071 prae-

1391 2070 1489 2100 misso
1505 2070 1538 2100 *ζ
1564 2071 1719 2111 quoniam
1734 2082 1834 2111 genus
1853 2073 1896 2103 ad
1920 2074 2042 2113 aliquid
2064 2084 2130 2104 non
2151 2073 2303 2113 significat
2328 2085 2364 2105 ex
2380 2086 2452 2115 pro—

1390 2114 1458 2153 pria
1482 2115 1603 2145 ratione
1623 2116 1730 2145 solum
1754 2116 1812 2153 ad,
1838 2117 1893 2146 sed
1915 2117 1958 2147 ad
1981 2118 2069 2148 reale
2075 2126 2088 2155 ;
2112 2117 2254 2158 alioquin
2277 2129 2349 2158 pars
2373 2120 2452 2150 entis

1390 2158 1479 2188 realis
1502 2169 1568 2189 non
1593 2166 1672 2190 esset
1695 2159 1877 2191 formaliter.

1445 2203 1492 2232 Ex
1511 2211 1598 2242 parte
1620 2213 1695 2233 vero
1716 2204 1851 2234 aliorum
1867 2214 2032 2244 generum:
2057 2206 2212 2245 quoniam
2235 2207 2317 2236 actio
2341 2217 2453 2238 secun-

1390 2246 1469 2276 dum
1501 2247 1665 2287 propriam
1688 2248 1842 2278 rationem
1872 2259 1938 2279 non
1970 2249 2122 2289 significat
2147 2250 2266 2290 aliquid
2289 2251 2382 2281 alicui
2404 2252 2452 2282 in-

1389 2291 1531 2326 haerens
1549 2299 1584 2322 ut
1602 2291 1697 2322 etiam
1720 2302 1744 2322 s.
1761 2292 1905 2322 Thomas
1928 2299 2058 2324 testatur
2076 2294 2159 2330 alibi,
2176 2294 2256 2324 idest
2278 2294 2311 2324 in
2335 2295 2396 2335 Qq.
2413 2296 2453 2326 de

1388 2335 1545 2372 Potentia,
1571 2345 1624 2375 qu.
1641 2346 1705 2371 vm,
1726 2342 1780 2367 art.
1803 2346 1831 2366 2.
1855 2337 1930 2367 Non
1954 2347 2028 2376 ergo
2053 2347 2148 2368 omne
2173 2338 2258 2368 aliud
2280 2348 2379 2378 genus
2403 2349 2452 2370 ac-

1390 2379 1519 2409 cidentis
1544 2380 1720 2410 secundum
1743 2381 1906 2421 propriam
1928 2381 2082 2411 rationem
2102 2381 2254 2422 significat
2272 2382 2391 2423 aliquid
2404 2383 2451 2413 in-

1389 2423 1519 2453 haerens
1543 2423 1646 2454 alicui.

1447 2468 1499 2498 VI.
1517 2468 1567 2497 Ad
1584 2468 1640 2498 has
1658 2468 1878 2504 dubitationes,
1896 2469 2004 2499 ordine
2020 2470 2201 2509 retrogrado
2216 2471 2448 2509 respondendo,

1388 2518 1424 2541 ut
1447 2521 1464 2541 a
1488 2512 1590 2542 radice
1616 2512 1821 2548 inchoemus,
1855 2512 2024 2542 dicendum
2057 2520 2103 2543 est
2130 2514 2219 2552 quod
2241 2514 2284 2544 ad
2306 2515 2447 2554 aliquid,

1388 2565 1443 2585 seu
1468 2556 1595 2591 relatio,
1620 2556 1796 2586 secundum
1824 2556 1985 2595 propriam
2008 2557 2164 2587 rationem
2192 2557 2270 2587 nihil
2293 2558 2379 2587 aliud
2403 2565 2450 2589 est

1388 2609 1486 2639 quam
1509 2599 1541 2629 id
1569 2610 1635 2639 quo
1669 2600 1771 2639 primo
1796 2610 1814 2629 a
1837 2600 1944 2630 ceteris
1975 2600 2134 2630 diversum
2157 2607 2212 2631 est.
2245 2601 2317 2631 Hoc
2341 2609 2449 2632 autem

1387 2653 1491 2683 neque
1515 2650 1560 2674 est
1584 2653 1650 2673 esse
1674 2653 1746 2679 ens,
1776 2654 1879 2684 neque
1910 2654 1976 2674 esse
2004 2645 2146 2675 accidens
2176 2655 2231 2675 seu
2263 2645 2447 2682 inhaerens,

1388 2697 1491 2727 neque
1515 2697 1581 2717 esse
1605 2687 1683 2727 quid
1706 2687 1803 2723 reale,
1835 2687 1988 2728 quoniam
2019 2689 2095 2718 haec
2125 2689 2233 2719 omnia
2263 2690 2448 2720 communia

1388 2738 1476 2762 sunt:
1507 2732 1561 2761 sed
1585 2738 1631 2762 est
1653 2731 1696 2761 ad
1718 2732 1809 2762 aliud
1831 2741 1865 2762 se
1886 2732 2017 2770 habere,
2042 2733 2130 2772 quod
2154 2733 2290 2763 dictione
2314 2733 2448 2773 simplici

1388 2775 1508 2815 optime
1525 2775 1716 2814 significatur
1730 2786 1785 2815 per
1807 2776 1840 2816 ly
1859 2776 1910 2806 ad.
1929 2776 1970 2806 Et
1985 2783 2161 2816 propterea,
2178 2777 2448 2818 quandocumque

1388 2820 1426 2849 de
1442 2820 1485 2850 ad
1500 2820 1632 2860 aliquid,
1658 2829 1713 2849 seu
1737 2819 1897 2856 relatione,
1922 2821 2097 2851 secundum
2116 2821 2278 2860 propriam
2293 2821 2448 2852 rationem

1387 2864 1560 2904 loquimur,
1586 2864 1624 2894 de
1639 2863 1683 2893 ad
1703 2870 1748 2893 est
1767 2874 1881 2894 sermo.
1906 2864 1948 2894 Et
1962 2864 2116 2904 quoniam
2139 2865 2257 2895 multae
2282 2865 2448 2896 relationes

1387 2915 1462 2938 sunt
1484 2908 1601 2943 reales,
1634 2907 1762 2938 multaev
1783 2907 1912 2938 rationis
1939 2915 2079 2945 tantum,
2111 2915 2141 2939 et
2171 2909 2328 2948 quaelibet
2354 2909 2448 2940 habet

1387 2962 1481 2982 suurn
1498 2952 1541 2982 ad
1547 2961 1561 2989 ;
1585 2961 1781 2991 consequens
1801 2959 1847 2983 est
1869 2953 1957 2992 quod
1973 2953 2030 2990 ad,
2054 2953 2245 2993 inquantum
2261 2953 2318 2990 ad,
2344 2963 2447 2993 neque

1387 2997 1468 3026 reale
1491 3006 1594 3036 neque
1618 2995 1744 3025 rationis
1764 3005 1819 3026 ens
1841 2996 2016 3027 necessario
2039 2996 2087 3032 sit,
2112 2997 2166 3026 sed
2190 3003 2361 3037 utrumque
2376 3007 2447 3036 per-

1387 3039 1521 3070 missive.
1547 3040 1611 3070 Nec
1627 3039 1808 3070 inconvenit
1831 3039 1962 3080 aliquod
1985 3041 2027 3071 sic
2051 3040 2231 3071 abstrahens
2247 3051 2265 3070 a
2279 3040 2363 3077 reali,
2380 3051 2446 3071 esse

1387 3084 1562 3114 secundum
1577 3084 1738 3124 quandam
1755 3084 1803 3114 sui
1818 3091 1939 3124 partem
1954 3084 2171 3115 modificatum
2187 3085 2226 3114 ad
2242 3084 2447 3115 differentiam

1387 3128 1466 3158 entis
1482 3128 1580 3158 realis.
1605 3128 1646 3158 Et
1669 3128 1822 3168 quoniam
1845 3128 1877 3158 in
1901 3128 1953 3158 illa
1977 3136 2064 3168 parte
2087 3128 2258 3158 includitur
2273 3128 2448 3159 formaliter

1387 3173 1419 3213 ly
1442 3173 1485 3202 ad
1507 3179 1660 3212 tanquam
1683 3172 1848 3211 proprium
1872 3172 2103 3208 distinctivum,
2126 3172 2198 3202 licet
2217 3172 2444 3210 modificatum,

1387 3217 1502 3246 idcirco
1525 3216 1621 3246 etiam
1640 3215 1678 3245 de
1698 3216 1901 3246 relationibus
1925 3216 2058 3246 realibus
2081 3216 2243 3256 loquendo
2274 3215 2447 3247 formaliter

1387 3260 1562 3290 secundum
1585 3259 1617 3289 id
1636 3260 1724 3300 quod
1748 3267 1794 3290 est
1817 3260 1860 3290 eis
1884 3261 2057 3300 proprium,
2083 3270 2148 3300 quo
2173 3259 2409 3299 distinguuntur
2427 3271 2446 3291 a

1387 3305 1509 3344 reliquo
1533 3313 1638 3333 rerum
1657 3313 1778 3343 genere,
1795 3304 1926 3344 intelligi
1949 3311 2053 3344 potest
2076 3304 2114 3333 de
2130 3303 2172 3334 ad
2187 3303 2378 3344 inquantum
2392 3305 2444 3335 ad.

1386 3349 1426 3379 Et
1449 3348 1491 3378 sic
1515 3354 1599 3387 patet
1622 3348 1710 3388 quod
1733 3357 1799 3378 non
1822 3348 1915 3378 refert
1938 3348 2130 3388 quandoque
2154 3347 2243 3387 loqui
2261 3348 2298 3378 de
2321 3349 2365 3379 ad
2387 3349 2445 3379 ali-

1386 3392 1472 3433 quid,
1498 3399 1527 3422 et
1551 3392 1588 3421 de
1612 3391 1655 3422 ad
1676 3392 1800 3432 aliquid
1823 3393 1914 3429 reali,
1941 3402 2014 3422 cum
2037 3391 2153 3422 scilicet
2168 3391 2331 3431 loquimur
2346 3393 2385 3422 de
2401 3393 2445 3423 eis

1387 3436 1562 3466 secundum
1590 3445 1660 3465 eam
1689 3436 1904 3466 conditionem
1928 3435 2102 3475 simplicem
2126 3445 2207 3475 quae
2235 3442 2282 3466 est
2305 3436 2349 3466 eis
2372 3446 2445 3476 pro-

1387 3481 1470 3520 pria:
1497 3479 1571 3520 quia
1594 3479 1864 3519 interpretandum
1880 3486 1926 3510 est
1940 3479 2107 3520 utrobique
2130 3479 2169 3509 de
2193 3479 2236 3509 ad
2244 3487 2257 3517 ;
2279 3479 2340 3510 hoc
2360 3480 2445 3510 enirn

1387 3525 1493 3554 solum
1510 3531 1555 3554 est
1571 3523 1651 3554 inter
1667 3523 1821 3564 simplicia
1837 3523 2011 3563 proprium,
2029 3530 2064 3554 ut
2079 3523 2117 3553 de
2133 3533 2165 3553 se
2181 3530 2275 3562 patet.

1444 3568 1510 3599 VII.
1530 3567 1577 3606 Et,
1585 3577 1641 3607 per
1658 3567 1735 3597 haec
1758 3574 1843 3607 patet
1866 3567 2029 3608 responsio
2048 3574 2114 3598 tam
2131 3568 2171 3598 ad
2188 3567 2328 3607 primum
2346 3578 2444 3609 quam

1387 3613 1426 3642 ad
1450 3611 1625 3642 secundum
1648 3611 1781 3641 dubium
1805 3621 1841 3641 ex
1860 3618 1946 3651 parte
1960 3612 2003 3642 ad
2016 3611 2138 3652 aliquid
2151 3611 2176 3644 *.
2201 3612 2242 3642 Et
2265 3618 2349 3652 patet
2363 3612 2444 3642 ratio

2402 277 2476 325 319

2600 366 2613 396 ξ

2596 472 2610 488 0

2498 498 2506 506 ”
2520 496 2566 523 Qu.
2575 503 2620 522 xiv,
2629 500 2671 518 art.
2682 497 2709 524 85

2497 529 2535 550 qu.
2550 529 2598 550 xix,
2612 527 2655 545 art.
2665 531 2689 550 4.

2495 576 2506 586 ⁸
2521 575 2549 597 D.
2564 576 2628 604 1089.

2590 683 2608 699 π

2590 1160 2604 1185 Ρ

2483 1947 2490 1955 ·
2507 1946 2516 1967 1
2534 1947 2614 1971 Sem„
2637 1948 2690 1969 dist.

2480 1979 2527 1999 xix,
2538 1979 2577 2001 qu.
2585 1980 2610 2001 11,
2619 1978 2661 1995 art.
2669 1981 2676 1996 ι
2685 1982 2690 1987 ·

2478 2005 2551 2046 ἓῖΛι,
2566 2004 2608 2047 im·
2624 2007 2643 2026 ις
2658 1991 2692 2022 N

2509 2032 2557 2053 ys„
2575 2031 2687 2055 ect.xx111,

2480 2058 2574 2101 P'riiim.
2587 2086 2661 2107 praec.

2471 3615 2480 3624 “
2495 3613 2530 3636 Cf.
2541 3619 2603 3635 num.
2615 3619 2646 3640 iv,
2658 3620 2680 3635 v.
