2768 4178
67 596 79 607 ⁸
93 596 160 618 Vers.
173 601 208 623 27.

65 1450 74 1459 ‘
91 1449 191 1471 Actione
206 1455 227 1471 v.

62 3203 73 3213 ⁸
83 3202 210 3250 Ikaeter„
223 3207 273 3228 cap.

63 3235 79 3255 ι,
112 3244 117 3250 .
144 3244 149 3250 .

65 3427 73 3436 ·
89 3425 146 3454 Cap.
157 3431 207 3453 viu,
219 3431 242 3447 n.
253 3425 275 3447 8.

316 249 390 295 378

311 327 484 374 gulariter
513 326 626 363 etiarn
654 326 691 362 in
721 338 828 362 sacra
857 326 1052 374 Scriptura
1080 326 1290 362 tenendum
1312 334 1377 373 est,

311 379 414 428 quod
443 379 479 416 id
510 381 612 427 quod
641 380 688 415 de
718 380 828 415 Patre
859 378 1004 424 dicitur,
1036 386 1186 426 oportet
1215 378 1262 415 de
1283 379 1377 416 Filio

310 433 479 480 intelligi,
519 432 633 468 etiam
663 431 692 468 si
726 432 839 468 dictio
875 431 1065 468 exclusiva
1094 431 1277 478 addatur,
1307 432 1377 469 nisi

310 486 434 522 solum
463 486 501 522 in
529 485 598 521 illis
618 485 656 522 in
676 485 814 533 quibus
838 486 951 521 Pater
971 492 1007 520 et
1027 484 1142 520 Filius
1163 485 1376 522 secundum

310 538 503 587 oppositas
525 538 724 574 relationes
745 537 1035 585 distinguuntur.
1058 537 1158 573 Cum
1181 537 1376 575 enimDo-

309 592 446 638 minus,
477 592 610 628 Matth.
631 603 665 627 XI
685 590 716 638 ²³⁸,
748 591 847 637 dicit⁷
878 591 1004 627 Nemo
1025 590 1129 626 novit
1145 591 1285 628 Filium
1307 592 1379 628 nisi

306 646 439 690 Pater,
479 657 557 680 non
591 644 801 680 excluditur
838 644 929 692 quin
960 643 1074 679 Filius
1104 643 1273 692 seipsum
1312 657 1375 681 co-

307 705 473 745 gnoscat.
501 697 563 733 Sic
583 697 692 745 igitur
711 709 798 733 cum
819 696 954 733 dicitur
973 695 1078 744 quod
1099 696 1260 745 Spiritus
1281 698 1375 734 San-

307 758 387 787 ctus
416 763 438 787 a
466 751 576 787 Patre
611 750 804 799 procedit,
836 749 949 786 etiam
978 749 1009 785 si
1039 749 1241 786 adderetur
1269 751 1374 799 quod

308 816 330 839 a
358 804 439 840 solo
473 804 583 840 Patre
612 803 784 852 procedit
810 808 841 847 ⁵,
873 815 950 839 non
989 802 1252 839 excluderetur
1285 803 1373 840 inde

307 856 442 893 Filius:
473 857 560 905 quia
580 864 766 904 quantum
786 856 834 892 ad
853 856 928 892 hoc
957 855 1063 904 quod
1084 863 1138 892 est
1159 867 1241 892 esse
1270 857 1375 905 prin-

307 909 447 958 cipium
469 909 628 958 Spiritus
649 909 798 954 Sancti,
829 921 907 945 non
941 916 1188 957 opponuntur
1206 909 1319 946 Pater
1338 917 1374 946 et

307 963 441 1008 Filius;
473 964 538 1000 sed
568 963 694 998 solum
724 970 908 1009 quantum
936 962 985 998 ad
1005 962 1090 1008 hoc,
1113 962 1218 1010 quod
1236 962 1298 999 hic
1319 970 1374 999 est

306 1017 418 1052 Pater
446 1023 483 1052 et
510 1016 569 1052 ille
599 1015 725 1052 Filius.

358 1071 416 1105 AD
445 1080 634 1105 SECUNDUM
662 1079 845 1104 D1CENDUM
879 1067 984 1116 quod
1017 1067 1055 1104 in
1084 1067 1254 1115 quolibet
1283 1081 1372 1105 con-

306 1121 388 1158 cilio
418 1122 624 1158 institutum
654 1121 721 1157 fuit
762 1121 983 1168 symbolum
1011 1120 1186 1169 aliquod,
1217 1129 1373 1170 propter

306 1187 473 1211 errorem
515 1174 680 1222 aliquem
722 1174 787 1222 qui
826 1173 864 1210 in
902 1173 1061 1210 concilio
1105 1174 1369 1212 damnabatur.

304 1228 415 1264 Unde
444 1240 608 1276 sequens
638 1227 840 1263 concilium
861 1239 939 1263 non
968 1226 1129 1263 faciebat
1147 1227 1250 1264 aliud
1270 1241 1371 1276 sym-

305 1281 437 1318 bolum
458 1293 574 1329 quam
595 1280 780 1329 primum:
811 1280 878 1317 sed
898 1280 937 1316 id
957 1280 1063 1328 quod
1083 1280 1261 1328 implicite
1282 1293 1372 1318 con-

303 1333 492 1371 tinebatur
528 1334 566 1371 in
594 1333 720 1382 primo
758 1333 959 1381 symbolo,
988 1345 1058 1382 per
1090 1333 1215 1381 aliqua
1244 1334 1372 1371 addita

304 1388 576 1436 explanabatur
605 1394 735 1423 contra
768 1387 946 1423 haereses
973 1386 1219 1434 insurgentes.
1259 1387 1371 1424 Unde

303 1440 341 1477 in
371 1440 684 1477 determinatione
714 1439 1038 1476 Chalcedonensis
1067 1440 1214 1487 Synodi
1233 1439 1253 1461 ’¹‘
1281 1440 1370 1477 dici-

302 1501 378 1540 tur,
409 1493 514 1542 quod
542 1493 592 1530 illi
621 1493 685 1542 qui
714 1493 865 1529 fuerunt
894 1493 1108 1540 congregati
1137 1493 1174 1529 in
1196 1493 1369 1530 Concilio

303 1546 735 1603 Constantinopolitano,
758 1545 970 1582 doctrinam
991 1546 1038 1582 de
1059 1545 1199 1594 Spiritu
1229 1547 1369 1583 Sancto

302 1599 546 1647 tradiderunt,
569 1611 643 1636 non
673 1599 774 1647 quod
794 1604 808 1619 ²
836 1599 960 1635 minus
979 1604 1072 1635 esset
1089 1599 1125 1635 in
1141 1599 1369 1647 praeceden-

302 1653 397 1689 tibus
425 1653 505 1701 (qui
533 1652 637 1702 apud
667 1652 851 1688 Nicaeam
881 1651 1097 1699 congregati
1125 1654 1246 1698 sunt),
1277 1653 1370 1702 infe-

302 1712 444 1750 rentes‚·
471 1707 538 1743 sed
564 1705 786 1742 intellectum
814 1717 945 1741 eorum
965 1705 1146 1742 adversus
1163 1706 1369 1743 haereticos

301 1760 542 1796 declarantes.
583 1755 683 1806 Quia
717 1758 827 1806 igitur
854 1757 892 1794 in
921 1765 1094 1806 ternpore
1124 1758 1368 1807 antiquorum

302 1812 550 1849 conciliorum
579 1811 753 1848 nondum
784 1818 935 1847 exortus
964 1811 1084 1847 fuerat
1114 1823 1219 1847 error
1244 1811 1369 1848 dicen-

301 1865 395 1902 tium
426 1865 607 1914 Spiritum
636 1866 818 1901 Sanctum
847 1876 924 1900 non
959 1863 1169 1912 procedere
1198 1876 1220 1900 a
1250 1865 1365 1910 Filio;

301 1931 380 1955 non
409 1918 476 1954 fuit
503 1917 758 1955 necessarium
779 1917 884 1965 quod
903 1917 978 1953 hoc
1008 1917 1178 1965 explicite
1206 1929 1368 1966 ponere—

301 1979 370 2007 tur.
403 1972 479 2008 Sed
498 1979 643 2020 postea,
666 1970 879 2018 insurgente
901 1982 1029 2006 errore
1050 1970 1307 2019 quorundam,
1329 1970 1367 2008 in

301 2024 471 2073 quodam
501 2024 660 2061 concilio
690 2023 728 2060 in
757 2023 1067 2060 Occidentalibus
1086 2023 1256 2071 partibus
1277 2036 1367 2060 con-

300 2086 465 2125 gregato,
494 2089 715 2126 expressum
744 2076 812 2113 fuit
839 2076 1059 2112 auctoritate
1081 2076 1246 2113 Romani
1266 2078 1366 2113 Pon-

300 2131 429 2177 tificis;
469 2131 574 2167 cuius
608 2129 828 2167 auctoritate
864 2129 977 2166 etiam
1016 2129 1169 2177 antiqua
1208 2130 1367 2167 concilia

302 2185 627 2231 congregabantur
647 2191 683 2220 et
703 2183 1029 2219 confirmabantur
1044 2188 1067 2219 ⁰.
1089 2203 1113 2210 -
1135 2183 1365 2220 Contineba-

300 2245 360 2273 tur
387 2245 515 2273 tamen
544 2236 721 2285 implicite
750 2236 788 2272 in
818 2236 893 2272 hoc
920 2235 1003 2284 ipso
1032 2235 1138 2283 quod
1168 2235 1365 2273 dicebatur

302 2290 459 2338 Spiritus
489 2291 648 2326 Sanctus
678 2302 700 2326 a
727 2290 836 2325 Patre
866 2288 1088 2337 procedere.

354 2345 412 2380 At>
438 2355 598 2380 TER-rium
627 2353 810 2379 morannum
839 2342 944 2389 quod
973 2341 1155 2389 Spiritum
1182 2342 1365 2378 Sanctum

300 2409 379 2433 non
406 2396 613 2445 procedere
643 2408 665 2432 a
694 2394 801 2442 Filio,
827 2394 954 2443 primo
983 2394 1051 2431 fuit
1078 2407 1100 2431 a
1129 2394 1365 2431 Nestorianis

352 2530 378 2562 σ)
398 2529 478 2554 etiam
498 2527 703 2559 si...pr0cedit.
719 2540 738 2545 -
757 2526 818 2551 Om.
838 2526 871 2551 G.

352 2565 377 2596 τ)
398 2572 449 2590 non
471 2564 549 2596 quoa.
568 2577 586 2582 -
605 2570 655 2588 non
676 2562 753 2595 quasi
771 2562 873 2587 codices
893 2567 918 2586 et
937 2561 1014 2587 editio
1032 2569 1059 2586 a.
1077 2576 1094 2580 —
1115 2562 1166 2586 Pro
1185 2562 1280 2592 minus,
1296 2568 1364 2586 unus

299 2602 377 2668 editss
395 2609 632 2668 ‘donfirmabantum
650 2647 668 2652 -
679 2633 864 2666 firmabantur
883 2632 1028 2657 ACDEFG.

353 2672 380 2705 φ)
401 2673 490 2704 negat.
507 2684 526 2690 -
544 2670 658 2703 denegat
677 2669 748 2694 FGa.

977 246 1243 293 QUAESTIO
1274 247 1453 294 XXXVI,
1483 247 1779 284 ARTICULUS
1810 248 1840 284 II

1434 326 1716 372 introductum;
1745 334 1787 362 ut
1813 334 1917 375 patet
1945 326 1983 363 in
2013 327 2184 376 quodam
2218 329 2396 376 symbolo
2427 329 2505 366 Ne-

1435 379 1691 415 storianorum
1721 379 1903 416 damnato
1932 379 1969 416 in
1995 380 2190 428 Ephesina
2215 382 2374 429 Synodo
2394 382 2425 419 *.
2456 383 2505 419 Εῖ

1433 432 1535 468 hunc
1564 444 1731 468 errorem
1761 440 1911 469 secutus
1932 433 1999 469 fuit
2019 433 2289 470 Theodoretus
2309 435 2503 472 Nestoria-

1433 497 1505 521 nus
1524 485 1555 532 ²⁸,
1583 493 1618 521 et
1636 486 1763 533 plures
1781 493 1870 534 post
1889 485 2036 534 ipsum;
2067 486 2163 523 inter
2182 499 2280 535 quos
2301 487 2368 524 fuit
2388 487 2502 524 etiam

1432 539 1708 575 Damascenus.
1734 539 1845 575 Unde
1865 538 1904 575 in
1922 540 1997 576 hoc
2019 539 2099 575 eius
2119 539 2327 577 sententiae
2347 552 2426 577 non
2448 548 2503 578 est

1432 591 1624 628 standum.
1645 613 1669 618 -
1692 592 1878 638 Quamvis
1907 605 1928 628 a
1958 592 2189 641 quibusdam
2219 593 2362 630 di'catur
2395 593 2502 642 quod

1430 645 1707 691 Damascenus,
1738 644 1833 681 sicut
1865 657 1944 682 non
1973 646 2175 682 confitetur
2204 646 2385 694 Spiritum
2407 647 2500 683 San-

1431 704 1533 733 ctum
1564 709 1646 734 esse
1675 710 1697 734 a
1727 697 1835 744 Filio,
1865 698 1915 734 ita
1944 698 2058 735 etiam
2088 711 2167 735 non
2195 707 2307 746 negat
2329 704 2356 746 P,
2387 711 2433 735 ex
2460 699 2499 736 vi

1429 749 1581 786 illorum
1610 751 1832 787 verborum.

1482 804 1541 838 AD
1571 814 1744 844 QUARTUM
1770 815 1954 840 DICENDUM
1983 804 2089 852 quod
2107 817 2176 853 per
2194 805 2269 841 hoc
2290 804 2395 853 quod
2416 805 2500 854 Spi-

1430 854 1520 891 ritus
1537 856 1697 892 Sanctus
1718 855 1852 892 dicitur
1870 857 2066 905 quiescere
2082 858 2143 894 vel
2159 869 2315 894 manere
2335 857 2374 894 in
2390 858 2497 905 Filio,

1428 920 1507 944 non
1537 908 1747 945 excluditur
1776 909 1867 957 quin
1895 910 1943 945 ab
1965 921 2010 945 eo
2030 911 2233 958 procedat:
2263 910 2353 960 quia
2373 919 2408 947 et
2438 911 2498 947 Fi-

1427 960 1498 997 lius
1518 960 1556 997 in
1576 962 1688 997 Patre
1709 973 1866 997 manere
1888 961 2032 1008 dicitur,
2055 974 2143 999 cum
2163 971 2292 1000 tamen
2312 976 2334 1000 a
2354 965 2465 1000 Patre
2479 969 2498 991 χ

1426 1015 1620 1062 procedat.
1636 1035 1661 1041 -
1681 1013 1828 1050 Dicitur
1847 1014 1960 1051 etiam
1982 1014 2142 1063 Spiritus
2162 1016 2323 1053 Sanctus
2341 1016 2380 1053 in
2400 1016 2496 1053 Filio

1428 1066 1649 1115 quiescere,
1687 1067 1750 1103 vel
1787 1066 1883 1103 sicut
1919 1079 2030 1103 amor
2066 1068 2227 1105 amantis
2264 1069 2423 1116 quiescit
2458 1069 2497 1106 in

1427 1127 1574 1165 amat03
1603 1121 1666 1157 vel
1686 1127 1872 1169 quantum
1893 1120 1942 1157 ad
1960 1121 2172 1157 humanam
2193 1129 2368 1158 naturam
2389 1122 2496 1158 Chri-

1427 1173 1482 1219 sti,
1504 1181 1661 1222 propter
1679 1173 1718 1210 id
1738 1173 1843 1222 quod
1867 1173 2048 1222 scriptum
2069 1181 2135 1220 est,
2157 1175 2261 1211 Ioan.
2279 1186 2288 1211 1
2303 1174 2344 1211 *ε
2374 1175 2497 1222 Super

1426 1238 1536 1274 quem
1555 1226 1692 1263 videris
1712 1226 1891 1274 Spiritum
1916 1226 2207 1273 descendentem,
2228 1233 2265 1264 et
2281 1233 2495 1264 manentem

1425 1291 1538 1327 super
1565 1291 1652 1316 eum
1671 1279 1698 1325 Ψ,
1727 1279 1789 1316 hic
1816 1285 1871 1316 est
1896 1280 1963 1328 qui
1988 1280 2159 1328 baptizat.

1478 1334 1537 1369 AD
1567 1344 1729 1375 QUINTUM
1757 1344 1941 1370 DlCENDUM
1970 1332 2076 1380 quod
2103 1333 2276 1369 Verbum
2296 1338 2315 1354 ‘¹
2340 1332 2378 1369 in
2400 1332 2495 1370 divi-

1426 1385 1483 1422 nis
1512 1398 1591 1422 non
1619 1385 1801 1434 accipitur
1833 1385 2047 1422 secundum
2076 1385 2361 1423 similitudinem
2385 1386 2495 1423 verbi

1423 1438 1589 1486 vocalis,
1620 1451 1642 1475 a
1670 1451 1748 1487 quo
1783 1451 1862 1475 non
1900 1438 2073 1487 procedit
2109 1438 2281 1487 spiritus,
2319 1438 2408 1488 quia
2441 1439 2494 1476 sic

1423 1499 1571 1528 tanturn
1601 1492 1858 1540 metaphorice
1889 1492 2076 1529 diceretur
2102 1491 2252 1528 “⁰‘:·sed
2281 1491 2494 1529 secundum

1425 1544 1710 1582 similitudinem
1737 1545 1846 1582 verbi
1880 1545 2075 1592 mentalis,
2105 1557 2127 1581 a
2155 1557 2232 1593 quo
2262 1557 2374 1582 amor
2405 1557 2494 1594 pro-

1425 1598 1534 1635 cedit.

1477 1653 1535 1687 Ao
1564 1662 1706 1688 SEXTUM
1739 1662 1923 1687 D1CENDUM
1956 1651 2063 1698 quod
2086 1662 2155 1699 per
2174 1651 2249 1687 hoc
2277 1650 2383 1700 quod
2409 1651 2493 1700 Spi-

1424 1704 1515 1740 ritus
1554 1705 1716 1741 Sanctus
1747 1704 1914 1752 perfecte
1938 1702 1973 1732 '³ss
2000 1703 2173 1752 procedit
2201 1716 2223 1740 a
2251 1704 2383 1751 Patre,
2414 1717 2493 1742 non

1423 1758 1549 1794 solum
1577 1769 1656 1794 non
1685 1757 1926 1805 superfluum
1955 1765 2011 1793 est
2039 1757 2163 1793 dicere
2192 1757 2299 1804 quod
2332 1757 2493 1806 Spiritus

1424 1811 1585 1847 Sanctus
1614 1810 1799 1858 procedat
1826 1821 1850 1845 a
1877 1809 1991 1855 Filio3
2021 1809 2089 1846 sed
2123 1810 2283 1846 omnino
2319 1822 2493 1847 necessa-

1423 1863 1532 1900 rium.
1563 1863 1665 1910 Quia
1684 1875 1762 1899 una
1779 1861 1900 1899 virtus
1921 1870 1977 1899 est
2001 1862 2121 1899 Patris
2142 1869 2179 1898 et
2197 1863 2227 1899 F
2229 1862 2299 1908 ilii;
2330 1870 2366 1900 et
2384 1863 2494 1911 quid-

1422 1916 1514 1963 quid
1543 1923 1598 1952 est
1627 1928 1648 1952 a
1677 1916 1810 1962 Patre,
1840 1927 1996 1952 necesse
2026 1923 2082 1952 est
2111 1927 2194 1952 esse
2222 1927 2245 1952 a
2274 1915 2390 1961 Filio,
2421 1916 2493 1954 nisi

1421 1968 1643 2018 proprietati
1670 1967 1862 2005 filiationis
1891 1976 2087 2017 repugnet.
2123 1969 2215 2005 Non
2244 1968 2346 2006 enirn
2375 1969 2492 2006 Filius

1421 2030 1478 2059 est
1505 2034 1527 2059 a
1556 2021 1694 2070 seipso,
1724 2021 1809 2058 licet
1837 2021 1884 2058 sit
1911 2033 1933 2058 a
1961 2022 2096 2068 Patre„

1474 2077 1532 2112 Ar)
1562 2087 1742 2112 εΕΡτιΜυΜ
1779 2086 1964 2112 mcENDUM
2002 2075 2108 2123 quod
2137 2074 2298 2123 Spiritus
2327 2075 2489 2112 Sanctus

1421 2128 1660 2176 distinguitur
1678 2127 1929 2176 personaliter
1943 2140 1966 2164 a
1982 2127 2076 2164 Filio
2096 2127 2135 2164 in
2153 2128 2240 2175 hoc,
2258 2128 2364 2177 quod
2383 2128 2490 2176 origo

1420 2181 1531 2218 unius
1571 2181 1808 2229 distinguitur
1844 2181 1892 2217 ab
1927 2180 2071 2229 origine
2099 2181 2262 2218 alterius.
2302 2181 2380 2218 Sed
2407 2181 2492 2230 ipsa

1422 2234 1633 2272 differentia
1667 2234 1820 2281 originis
1850 2241 1905 2270 est
1931 2246 2002 2282 per
2027 2234 2123 2281 hoc,
2154 2234 2260 2283 quod
2289 2234 2406 2271 Filius
2435 2241 2492 2272 est

1422 2288 1548 2324 solum
1577 2299 1600 2323 a
1627 2288 1751 2333 Patre,
1783 2286 1943 2335 Spiritus
1970 2287 2131 2324 Sanctus
2150 2299 2244 2324 vero
2273 2299 2294 2323 a
2323 2288 2434 2324 Patre
2454 2294 2491 2325 et

1423 2340 1529 2377 Filio.
1561 2340 1652 2376 Non
1683 2339 1783 2376 enim
1806 2339 1913 2376 aliter
1931 2339 2196 2388 processiones
2218 2340 2490 2388 distingueren—

1420 2401 1492 2440 tur,
1522 2393 1617 2429 sicut
1645 2405 1759 2441 supra
1777 2392 1798 2414 ’¹‘
1826 2400 2023 2429 ostensum
2053 2399 2118 2429 est.

1470 2526 1499 2560 χ)
1519 2532 1536 2550 a
1556 2526 1645 2550 Patre.
1663 2539 1682 2544 —
1700 2525 1733 2550 ab
1752 2532 1782 2549 eo
1802 2525 1912 2549 codices.

1471 2560 1500 2595 ψ)
1519 2568 1600 2593 super
1618 2568 1686 2585 eum.
1703 2574 1723 2579 -
1741 2561 1804 2585 Om.
1823 2560 1925 2584 codices
1944 2564 1970 2584 et
1986 2567 2004 2584 a
2015 2560 2038 2585 b.

1471 2597 1503 2629 ω)
1528 2596 1648 2621 Verbum.
1667 2610 1685 2615 —
1703 2596 1752 2621 hoc
1771 2596 1877 2620 verbum
1897 2595 2014 2628 ABCpD,
2034 2595 2083 2620 hoc
2101 2602 2195 2620 nomen
2216 2595 2247 2620 E.

1473 2632 1519 2664 αα)
1539 2631 1681 2656 diceretur.
1699 2645 1718 2649 —
1737 2631 1837 2656 dicitur
1856 2630 1967 2655 codices,

1473 2666 1514 2700 ββ)
1531 2667 1658 2701 perfecte.
1677 2681 1695 2685 -
1714 2667 1775 2691 Om.
1795 2666 1869 2691 BCE.

982 2756 1313 2790 Commentaria
1336 2756 1586 2790 Garamans
1608 2755 1808 2789 Caietam

331 2860 349 2880 N
374 2849 477 2885 titulo,
502 2848 625 2878 adverte
645 2846 733 2887 quod
757 2845 906 2876 articulus
930 2845 987 2876 iste
1011 2845 1151 2876 continet
1176 2845 1208 2875 in
1232 2854 1265 2875 se
1289 2844 1367 2875 duas

303 2862 540 2935 Iquaesfiones,
557 2891 682 2927 scilicet,
694 2891 745 2920 An
758 2890 896 2930 Spiritus
908 2890 1046 2920 Sanctus
1056 2889 1212 2929 procedat
1227 2899 1247 2919 a
1263 2889 1346 2919 Filio
1355 2896 1368 2926 ‚·

300 2945 339 2974 et,
363 2939 413 2968 An
438 2937 577 2977 Spiritus
597 2935 735 2966 Sanctus
758 2936 804 2965 sic
821 2934 978 2974 procedat
996 2944 1017 2964 a
1036 2934 1120 2964 Filio
1143 2933 1239 2974 quod,
1255 2934 1284 2964 si
1301 2942 1363 2963 non

294 2982 484 3022 procederet
499 2981 538 3011 ab
559 2990 606 3017 eo,
624 2989 686 3010 non
710 2979 965 3019 distingueretur
982 2978 1201 3018 personaliter
1223 2978 1263 3008 ab
1287 2978 1364 3017 ipso.

300 3027 341 3057 Et
363 3026 465 3066 prima
493 3025 624 3065 quidem
648 3023 791 3064 quaestio
815 3022 895 3053 inter
919 3022 1055 3053 Graecos
1087 3029 1117 3053 et
1140 3021 1271 3052 Latinos
1298 3031 1365 3052 ver-

301 3077 399 3101 satur:
425 3069 562 3100 secunda
586 3074 692 3099 autem
716 3067 795 3098 inter
820 3066 949 3097 Latinos
973 3066 1053 3097 inter
1077 3076 1119 3097 se.

354 3114 487 3154 Propter
509 3113 616 3154 quod,
645 3111 778 3142 dubium
810 3111 915 3141 statim
946 3110 1081 3141 occurrit
1113 3110 1193 3141 circa
1223 3109 1363 3140 titulum.

301 3158 463 3196 Quoniam
486 3158 686 3198 quaestiones
709 3161 784 3186 sunt
806 3155 957 3196 aequales
974 3164 1108 3185 numero
1123 3155 1173 3185 his
1188 3163 1271 3195 quae
1290 3163 1365 3185 vere

300 3203 416 3233 scimus
430 3202 460 3232 *z
486 3202 561 3232 haec
585 3207 692 3231 autem
715 3199 858 3240 quaestio
883 3206 930 3230 est
953 3209 1025 3235 una,
1044 3205 1074 3229 et
1089 3199 1165 3230 scita
1188 3205 1263 3229 sunt
1286 3198 1362 3234 duo,

302 3254 336 3277 ut
359 3253 443 3286 patet
466 3246 498 3276 in
523 3255 664 3285 corpore.
684 3262 704 3266 —
723 3244 764 3274 Et
782 3243 964 3274 inconvenit
988 3243 1050 3274 hoc
1066 3243 1234 3283 praecipue
1251 3242 1363 3273 articu-

301 3291 388 3321 latim
413 3289 575 3320 scribenti:
601 3289 668 3319 eius
692 3296 738 3319 est
766 3287 852 3318 enim
885 3287 1068 3327 singillatim
1098 3287 1237 3327 singulas
1267 3296 1363 3327 quae-

302 3335 419 3365 stiones
443 3334 606 3364 discutere.

357 3379 394 3409 ΙΙ.
415 3379 465 3409 Ad
496 3378 557 3408 hoc
586 3376 751 3417 dupliciter
781 3375 964 3415 responderi
988 3382 1103 3416 potest.
1127 3375 1252 3413 Primo,
1274 3374 1364 3416 quod

303 3422 386 3463 quia,
411 3429 446 3452 ut
469 3422 581 3452 dicitur
600 3421 631 3451 in
653 3421 678 3450 ΙΙ
698 3421 818 3451 Poster.
835 3419 861 3455 *‚
882 3419 967 3450 idem
991 3426 1037 3450 est
1060 3429 1208 3460 quaerere
1228 3428 1268 3449 an
1287 3418 1364 3449 luna

303 3466 477 3506 eclipsetur‚
503 3473 532 3496 et
555 3476 594 3495 an
619 3465 658 3495 sit
681 3465 786 3505 aliqua
809 3464 889 3495 ratio
921 3463 1045 3504 eclipsis
1069 3465 1179 3499 lunae;
1209 3463 1294 3493 idem
1318 3468 1364 3493 est

303 3520 450 3551 quaerere
476 3520 514 3539 an
544 3509 678 3549 Spiritus
709 3509 841 3539 Sanctus
872 3508 1021 3548 procedat
1045 3518 1062 3538 a
1085 3507 1181 3543 Filio,
1207 3514 1238 3538 et
1261 3516 1301 3537 an
1325 3506 1365 3537 sit

303 3554 407 3594 aliqua
430 3554 508 3584 ratio
533 3553 741 3593 processionis
765 3553 831 3583 eius
849 3563 866 3582 a
881 3552 972 3583 Filio.
998 3552 1068 3582 Pari
1087 3558 1195 3582 autern
1218 3550 1362 3592 quaesito

303 3604 424 3629 constat
441 3597 560 3638 optime
580 3596 760 3637 responderi
783 3603 813 3627 et
829 3596 917 3637 quod
939 3596 981 3627 ita
1005 3603 1060 3632 est,
1076 3603 1107 3626 et
1130 3595 1219 3636 quod
1235 3602 1364 3636 propter

1422 2843 1518 2875 talem
1541 2843 1697 2875 rationem
1711 2843 1755 2874 ita
1778 2850 1832 2874 est.
1851 2843 1943 2874 Unde
1962 2843 1993 2873 in
2017 2843 2078 2873 hoc
2094 2843 2226 2874 articulo
2244 2843 2322 2874 nihil
2342 2850 2388 2874 est
2405 2842 2487 2880 vitii;

1422 2888 1475 2918 sed
1500 2888 1722 2928 respondendo
1752 2887 1943 2927 explicatum
1974 2894 2021 2918 est
2045 2887 2135 2928 quod
2158 2887 2310 2927 implicite
2338 2887 2371 2918 in
2395 2887 2488 2918 titulo

1421 2932 1649 2963 continebatur.
1660 2950 1680 2955 —
1690 2933 1755 2962 Nec
1770 2932 1914 2971 oportuit
1925 2932 1958 2962 in
1975 2932 2057 2963 duos
2073 2931 2222 2962 articulos
2235 2931 2372 2962 dividere
2388 2941 2488 2972 quae-

1420 2976 1518 3007 situm
1541 2983 1572 3007 et
1594 2976 1727 3017 quaesiti
1751 2976 1920 3007 rationem:
1941 2975 2086 3017 alioquin
2105 2982 2265 3016 oporteret
2288 2985 2420 3007 omnem
2438 2985 2486 3006 ar-

1420 3021 1554 3052 ticulum
1578 3020 1716 3051 dividere
1739 3020 1771 3050 in
1796 3020 1887 3051 duos.

1475 3065 1622 3096 Secundo
1650 3064 1764 3095 dicitur
1791 3064 1898 3105 quod,
1931 3063 2006 3105 quia
2034 3063 2066 3094 in
2095 3063 2184 3094 omni
2213 3063 2356 3104 quaesito
2387 3062 2486 3095 scibili

1419 3108 1663 3149 subintelligitur
1675 3118 1739 3150 per
1753 3118 1788 3139 se
1804 3113 1834 3139 et
1855 3110 2044 3149 inquantum
2062 3108 2136 3145 tale,
2159 3117 2225 3138 non
2250 3114 2296 3139 est
2315 3107 2486 3148 praesentis

1418 3152 1601 3183 intentionis
1625 3153 1778 3183 discutere
1796 3152 2032 3193 processionem
2055 3151 2190 3193 Spiritus
2210 3151 2315 3183 Sancti
2336 3151 2485 3193 qualiter-

1419 3206 1566 3238 cumque,
1583 3197 1638 3228 sed
1655 3206 1719 3237 per
1735 3206 1779 3228 se.
1806 3197 1850 3228 lta
1874 3197 1964 3237 quod
1986 3196 2145 3227 intentum
2163 3202 2225 3227 est:
2250 3196 2367 3227 Utrum
2390 3195 2486 3237 Spiri—

1418 3248 1469 3272 tus
1486 3241 1618 3272 Sanctus
1635 3242 1786 3281 procedat
1802 3251 1819 3271 a
1838 3241 1930 3278 Filio,
1946 3240 2042 3272 idest:
2070 3240 2184 3270 Utrum
2208 3240 2248 3271 de
2270 3241 2397 3271 ratione
2405 3249 2485 3281 pro·

1411 3286 1489 3326 pria
1508 3295 1670 3326 personae
1692 3285 1832 3326 Spiritus
1851 3285 1962 3316 Sancti
1984 3285 2026 3315 sit
2041 3284 2219 3324 procedere
2233 3295 2254 3315 a
2268 3284 2362 3316 Filio.
2387 3283 2486 3322 Quod

1419 3329 1504 3359 enim
1522 3329 1670 3360 convenit
1685 3329 1779 3360 alicui
1795 3339 1851 3370 per
1866 3339 1909 3366 se,
1930 3328 2078 3360 convenit
2102 3328 2129 3359 ei
2149 3338 2185 3359 ex
2201 3328 2330 3369 propria
2352 3328 2483 3359 ratione.

1417 3374 1468 3404 Ad
1492 3373 1554 3404 hoc
1570 3380 1677 3404 autem
1700 3373 1881 3414 quaesitum
1897 3371 2080 3403 affirmative
2104 3372 2337 3413 respondendo,
2358 3378 2484 3414 oportet

1418 3427 1484 3447 non
1508 3418 1615 3448 solum
1638 3418 1803 3448 ostendere
1827 3416 1981 3457 Spiritum
1996 3416 2149 3447 Sanctum
2166 3417 2335 3457 procedere
2354 3427 2372 3447 a
2390 3415 2483 3451 Filio,

1419 3461 1473 3492 sed
1496 3462 1604 3501 ipsum
1627 3461 1792 3492 vendicare
1810 3461 1872 3492 hoc
1896 3461 1953 3491 sibi
1978 3470 2014 3491 ex
2038 3470 2095 3491 sua
2114 3460 2273 3502 personali
2293 3460 2483 3501 proprietate

1418 3505 1482 3536 sive
1506 3505 1626 3536 forma:
1654 3505 1742 3535 aliter
1765 3515 1831 3535 non
1855 3505 2072 3535 ostenderetur
2103 3505 2165 3536 hoc
2194 3504 2362 3536 convenire
2386 3504 2414 3534 ei
2437 3503 2483 3534 in-

1418 3556 1574 3590 quantum
1594 3549 1789 3580 huiusmodi.
2242 3567 2247 3569 -

1473 3593 1523 3624 Ad
1548 3593 1637 3624 cuius
1654 3593 1844 3623 evidentiam
1867 3592 2054 3633 pleniorem,
2080 3592 2158 3624 scito
2180 3593 2269 3633 quod
2292 3590 2386 3623 alicui
2409 3601 2483 3632 pro-

2531 388 2541 399 *
2555 386 2656 409 Actione
2671 394 2703 410 vr.

2531 493 2540 502 '
2559 491 2579 513 E
2598 492 2637 514 ist.
2658 498 2744 520 mxxi,

2530 517 2564 539 ad
2585 524 2685 540 oannem
2694 519 2744 541 An-

2530 545 2636 567 tiochiae
2645 545 2726 574 Episc.

2523 1185 2533 1192 '
2547 1182 2615 1206 Vers.
2629 1189 2664 1213 33.

2620 1279 2639 1315 ἢ·

2605 1706 2638 1741 ββ

2517 2389 2527 2399 ’
2541 2388 2567 2410 ln
2582 2393 2689 2416 corpore.
