2768 4178
58 807 71 818 ⁸
86 807 134 855 (ἔα.
149 813 217 834 xxiii,
233 807 272 828 In-

56 837 93 856 tro
112 850 118 856 .

65 2210 73 2219 '
95 2208 197 2230 Nomine
218 2208 275 2230 Cas-

65 2235 161 2256 siodori.
186 2246 197 2251 -
216 2235 276 2256 Vide

66 2262 135 2283 etiam
158 2262 195 2283 Au
214 2277 220 2282 .
238 2268 277 2283 su·

66 2294 106 2316 per
122 2288 183 2324 hung
197 2268 242 2309 foc.

67 2352 76 2360 ·
91 2323 209 2378 Vers.⁰29.

165 2695 175 2711 Ε

69 2742 129 2770 ‘Qu.
137 2748 201 2769 xxm,
209 2745 249 2764 art.
255 2749 278 2769 4.

65 3058 73 3067 ⁶
91 3057 158 3079 Vers.
175 3063 191 3079 ι.

291 279 367 316 286

982 281 1249 329 QUAESTIO
1278 281 1416 328 XXIV,
1445 279 1743 317 ARTICULUS
1773 280 1787 316 l

800 479 1210 557 QUAESTIO
1248 477 1990 554 VIGESIMAQUARTA

1130 598 1215 638 DE
1246 597 1428 638 LIBRO
1462 597 1651 637 VITAE

1039 705 1083 731 IN
1121 705 1239 730 TRES
1275 704 1551 730 ARTICULOS
1587 705 1750 730 DIVISA

301 809 490 892 DEJNDE
521 797 840 835 considerandum
871 804 926 833 est
955 796 1001 833 de
1030 795 1127 832 libro
1154 795 1255 832 vitae
1283 794 1314 831 *.

384 853 432 890 Et
461 851 560 889 circa
587 852 663 888 hoc
692 856 925 900 quaeruntur
952 849 1033 886 tria.

353 906 501 943 Primo:
531 904 625 953 quid
641 904 697 949 ,sit
724 903 819 941 liber
845 903 958 940 vitae.

1476 795 1679 832 Secundo:
1710 795 1816 833 cuius
1843 795 1944 832 vitae
1974 796 2020 833 sit
2047 796 2151 833 liber.

1477 847 1630 907 Tertio:
1668 855 1796 886 utrum
1830 849 1965 897 aliquis
2001 849 2120 899 possit
2157 849 2273 886 deleri
2311 849 2359 886 de
2397 846 2493 886 libro

1529 908 1643 937 vitae.

1118 1009 1438 1052 ARTICULUS
1468 1009 1675 1051 PRIMUS

778 1096 935 1127 UTRUM
959 1095 1086 1126 LIBER
1109 1094 1242 1126 VITAE
1266 1094 1333 1125 SIT
1358 1093 1465 1124 IDEM
1489 1093 1613 1131 QUOD
1637 1093 2017 1126 PRAEDESTINATIO

617 1176 626 1200 Ι
647 1175 730 1204 Sent„
750 1174 810 1200 dist.
827 1182 868 1205 xi„
887 1182 932 1207 qu.
946 1181 964 1203 1,
984 1178 1030 1198 art.
1045 1179 1069 1204 2,
1088 1173 1121 1197 ad
1141 1172 1170 1204 55
1191 1172 1231 1202 ΙΙΙ,
1250 1172 1309 1197 dist.
1328 1179 1394 1202 xxxi,
1414 1179 1459 1204 qu.
1478 1180 1496 1202 1,
1515 1177 1564 1198 art.
1584 1179 1608 1203 2,
1628 1173 1676 1205 qu·
1692 1179 1720 1204 23
1741 1172 1783 1197 De
1805 1172 1896 1202 Verit„
1916 1180 1962 1206 qu.
1974 1180 2024 1203 vn.
2044 1178 2090 1198 art.
2110 1181 2131 1204 1,
2145 1181 2176 1205 43

971 1209 1008 1233 ad
1027 1208 1153 1241 Philipp„
1173 1216 1231 1241 cap.
1243 1215 1277 1241 ns,
1296 1208 1394 1238 lect.1;
1413 1207 1451 1233 ad
1469 1208 1562 1237 Helm,
1581 1215 1637 1240 cap.
1649 1215 1693 1238 xn,
1713 1208 1771 1233 lect.
1786 1216 1822 1234 iv.

388 1307 397 1321 ἲ

329 1304 389 1349 2525.
422 1305 534 1340 131)
564 1303 701 1329 PR1MUM
729 1303 782 1328 Sic
811 1302 1051 1328 Pnocnnrrun.
1080 1288 1239 1326 Videtur
1263 1287 1370 1338 quod

326 1332 606 1409 'kjrssffi
623 1345 724 1382 vitae
743 1357 823 1401 non
842 1343 888 1381 sit
912 1343 1016 1381 idem
1041 1343 1147 1403 quod
1165 1341 1370 1418 pssaedesti-

321 1400 643 1489 ‘'v‘ssffiz
659 1396 1082 1494 {32221352-..523‘132122'552'2
1089 1408 1213 1486 niv...
1220 1396 1372 1486 Ῑῖηῖ

302 1511 339 1543 et
363 1511 468 1543 vetus
491 1506 780 1542 Testamentum.
811 1505 898 1541 Hoc
922 1510 1050 1540 autem
1079 1514 1158 1539 non
1187 1509 1243 1539 est
1261 1514 1370 1551 prae-

304 1558 515 1597 destinatio.
545 1559 648 1606 Ergo
677 1557 773 1595 liber
799 1557 900 1594 vitae
930 1569 1009 1594 non
1029 1563 1085 1593 est
1108 1555 1210 1593 idern
1230 1556 1333 1604 quod
1354 1561 1371 1576 '²‘

303 1611 611 1662 praedestinatio.
837 1645 841 1648 .

358 1678 393 1703 2.
423 1666 662 1712 PRAETEREA,
683 1663 930 1712 Augustinus,
955 1662 993 1700 in
1013 1663 1108 1699 libro
1129 1663 1201 1699 XX
1220 1662 1266 1698 de
1290 1661 1370 1698 Ciu.

304 1719 380 1756 Dei
395 1718 427 1767 *,
457 1718 506 1755 ait
524 1716 542 1747 β
571 1717 676 1767 quod
703 1717 798 1754 liber
824 1716 925 1754 vitae
955 1724 1010 1753 est
1037 1716 1224 1765 quaedam
1242 1715 1299 1752 vis
1318 1715 1371 1751 di-

303 1772 404 1818 vina,
425 1783 500 1820 qua
517 1773 592 1819 fiet
615 1776 656 1807 ut
674 1771 808 1819 cuique
835 1781 951 1818 opera
978 1781 1048 1807 sua
1068 1770 1167 1806 bona
1191 1768 1251 1806 vel
1268 1767 1372 1805 mala

304 1826 340 1862 in
371 1825 594 1862 memoriam
623 1824 863 1860 reducantur.
894 1823 972 1860 Sed
990 1822 1049 1860 vis
1070 1822 1199 1859 divina
1219 1834 1298 1859 non
1316 1821 1373 1858 vi-

304 1878 413 1916 detur
438 1877 626 1927 pertinere
655 1877 704 1914 ad
731 1876 1131 1926 praedestinationem,
1156 1875 1223 1912 sed
1251 1875 1373 1923 magis

303 1931 352 1968 ad
381 1931 601 1968 attributum
626 1935 641 1957 ⁷
669 1930 873 1979 potentiae.
913 1930 1014 1978 Ergo
1044 1929 1138 1966 liber
1163 1928 1263 1966 vitae
1293 1940 1371 1965 non

303 1992 359 2022 est
386 1985 489 2022 idem
517 1984 622 2032 quod
650 1982 956 2032 praedestinatio.

358 2038 392 2075 3.
414 2039 647 2082 PRAETEREA,
664 2035 997 2086 praedestinationi
1017 2034 1224 2084 opponitur
1243 2047 1371 2084 repro-

303 2091 417 2128 batio.
458 2091 498 2128 Si
527 2091 636 2139 igitur
667 2087 762 2127 liber'
788 2089 888 2127 vitae
924 2096 1022 2127 esset
1053 2088 1370 2138 praedestinatiO,

303 2144 536 2182 inveniretur
563 2144 656 2180 liber
684 2143 830 2190 mortis,
860 2142 955 2179 sicut
983 2142 1078 2179 liber
1104 2141 1217 2179 vitae.

359 2199 433 2235 SED
454 2209 599 2235 CONTRA
614 2209 679 2234 EST
699 2196 805 2244 quod
821 2195 955 2233 dicitur
969 2195 1007 2232 in
1024 2195 1161 2232 Glossa
1175 2195 1195 2217 ²³
1211 2192 1235 2241 ὃ,
1257 2207 1372 2243 super

304 2251 395 2288 illud
417 2250 559 2288 Psalmi
583 2249 736 2296 val11*,
757 2250 952 2286 deleantur
970 2249 1015 2285 de
1035 2248 1129 2285 libro
1148 2248 1372 2285 viventium.-

304 2305 420 2342 Liber
446 2305 512 2341 iste
539 2309 592 2340 est
619 2303 748 2340 notitia
780 2303 872 2348 Dei,
903 2313 978 2350 qua
1001 2301 1297 2350 praedestinavit
1322 2301 1374 2337 ad

303 2358 432 2404 vitam,
461 2369 553 2406 quos
574 2356 789 2404 praescivit.

359 2412 583 2448 REsPONDEo
621 2421 804 2446 mei-:NDUM
838 2407 944 2456 quod
972 2407 1065 2445 liber
1091 2407 1190 2445 vitae
1217 2407 1255 2444 in
1284 2408 1370 2444 Deo

305 2464 439 2502 dicitur
466 2462 747 2512 metaphorice,
784 2462 996 2499 secundum
1029 2460 1310 2498 similitudinem
1350 2473 1372 2497 a

305 2519 419 2555 rebus
452 2516 629 2554 humanis
667 2522 875 2564 acceptam.
915 2515 983 2551 Est
1012 2514 1114 2551 enim
1144 2521 1371 2551 consuetum

305 2571 407 2620 apud
436 2570 624 2617 homines,
655 2570 759 2618 quod
779 2568 826 2605 illi
847 2567 911 2616 qui
931 2567 979 2604 ad
999 2567 1141 2616 aliquid
1170 2567 1368 2615 eliguntur,

306 2624 595 2662 conscribuntur
623 2623 661 2660 in
689 2622 802 2667 libro;
830 2629 963 2670 utpote
992 2620 1129 2658 milites
1156 2621 1219 2658 vel
1248 2621 1371 2658 consi—

306 2678 398 2715 liarii
413 2683 435 2725 ”,
457 2677 521 2726 qui
541 2676 632 2713 olim
652 2676 872 2714 dicebantur
885 2676 1016 2712 Patres
1034 2674 1243 2722 conscripti.
1264 2675 1373 2711 Patet

306 2739 434 2768 autern
464 2743 508 2767 ex
536 2729 754 2779 praemissis
772 2728 792 2750 '¹‘
821 2728 926 2777 quod
950 2740 1087 2764 omnes
1105 2727 1372 2776 praedestinati

308 2784 492 2832 eliguntur
519 2796 541 2820 a
569 2785 653 2820 Deo
684 2782 731 2819 ad
759 2781 981 2819 habendum
1009 2780 1128 2818 vitam
1163 2788 1370 2818 aeternam.

307 2839 393 2887 Ipsa
430 2849 519 2885 ergo
556 2835 924 2885 praedestinatorum
968 2834 1196 2883 conscriptio
1239 2834 1374 2872 dicitur

306 2891 400 2928 liber
426 2890 537 2927 vitae.

359 2944 506 2981 Dicitur
524 2950 652 2979 autem
672 2941 932 2990 metaphorice
953 2940 1095 2988 aliquid
1115 2940 1372 2989 conscriptum

306 2997 344 3034 in
376 2997 564 3034 intellectu
597 2995 770 3042 alicuius,
801 2994 906 3043 quod
934 2993 1091 3031 firmiter
1117 2994 1154 3030 in
1183 2993 1372 3030 memoria

305 3057 418 3098 tenet,
447 3048 659 3087 secundum
689 3047 778 3085 illud
802 3046 1020 3084 Prov.111*:
1049 3047 1113 3084 Ne
1141 3047 1372 3084 obliviscaris

1425 1287 1519 1339 Iegis
1538 1301 1657 1336 meae,
1678 1295 1715 1326 et
1725 1295 1930 1338 praecepta
1959 1301 2044 1327 mea
2072 1302 2140 1326 cor
2159 1295 2264 1326 tuum
2293 1289 2497 1334 custodian

1427 1349 1463 1379 et
1489 1349 1577 1391 post
1605 1355 1728 1391 pauca
1756 1343 1926 1392 sequitur
1943 1342 1983 1379 *ε
2013 1343 2180 1380 describe
2203 1342 2267 1380 illa
2295 1343 2333 1380 in
2362 1343 2498 1382 tabulis

1426 1395 1549 1432 cordis
1577 1396 1641 1432 tui.
1674 1396 1779 1435 Nam
1809 1403 1845 1433 et
1872 1396 1910 1441 in
1938 1396 2040 1433 libris
2069 1396 2327 1434 materialibus
2355 1396 2497 1446 aliquid

1427 1448 1673 1486 conscribitur
1709 1449 1757 1487 ad
1787 1449 2088 1487 succurrendum
2122 1449 2346 1488 memoriae.
2384 1449 2497 1488 Unde

1425 1501 1507 1551 ipsa
1535 1502 1607 1539 Dei
1637 1502 1777 1550 notitia,
1799 1515 1876 1551 qua
1903 1502 2063 1540 firmiter
2092 1503 2226 1540 retinet
2245 1502 2259 1529 ἔ
2287 1515 2327 1541 se
2348 1502 2496 1553 aliquos

1426 1555 1728 1604 praedestinasse
1766 1557 1814 1594 ad
1846 1556 1966 1593 vitam
1999 1563 2206 1604 aeternam,
2242 1556 2376 1594 dicitur
2402 1556 2499 1594 liber

1425 1608 1536 1646 vitae.
1567 1609 1671 1646 Nam
1692 1608 1787 1646 sicut
1806 1609 1990 1658 scriptura
2009 1609 2093 1646 libri
2114 1617 2169 1647 est
2187 1609 2338 1658 signum
2359 1621 2496 1647 eorum

1427 1673 1526 1710 quae
1545 1662 1675 1699 fienda
1699 1670 1798 1710 sunt,
1819 1662 1869 1699 ita
1893 1662 1965 1700 Dei
1994 1662 2125 1700 notitia
2146 1670 2201 1700 est
2220 1662 2419 1712 quoddam
2448 1662 2498 1700 si-

1426 1726 1544 1763 gnum
1573 1715 1675 1764 apud
1705 1715 1842 1764 ipsum,
1877 1728 2014 1753 eorum
2048 1716 2111 1765 qui
2145 1723 2231 1754 sunt
2262 1715 2498 1766 perducendi

1427 1769 1475 1805 ad
1503 1768 1623 1806 vitam
1648 1776 1858 1815 aeternam;
1888 1769 2101 1806 secundum
2130 1769 2221 1807 illud
2245 1770 2276 1807 II
2302 1769 2398 1807 Tim.
2419 1769 2495 1808 11*:

1416 1823 1581 1870 firmum
1589 1822 1888 1870 fundamentum
1908 1822 1984 1859 Dei
1998 1828 2081 1868 stat,
2101 1823 2242 1859 habens
2254 1822 2496 1872 signaculum

1427 1876 1515 1912 hoc:
1543 1875 1647 1912 novit
1672 1875 1861 1912 Dominus
1888 1875 1955 1923 qui
1979 1881 2067 1912 sunt
2093 1875 2182 1912 eius.

1480 1930 1540 1965 An
1555 1940 1693 1965 PRIMUM
1708 1939 1806 1965 ERGO
1822 1940 2006 1966 mannUM
2021 1927 2126 1977 quod
2147 1928 2241 1965 liber
2253 1927 2353 1966 vitae
2370 1934 2499 1978 potest

1428 1981 1501 2019 dici
1521 1981 1727 2030 dupliciter.
1757 1981 1845 2019 Uno
1866 1981 1998 2029 modo,
2020 1981 2249 2031 conscriptio
2276 1994 2411 2019 eorum
2431 1981 2498 2032 qui

1428 2042 1515 2071 sunt
1549 2034 1657 2071 electi
1691 2034 1740 2072 ad
1768 2034 1907 2072 vitam:
1938 2042 1975 2072 et
2003 2034 2056 2071 sic
2088 2034 2283 2083 loquimur
2316 2047 2419 2072 nunc
2448 2034 2497 2074 de

1427 2087 1523 2124 libro
1542 2088 1656 2125 vitae.
1677 2087 1763 2125 Alio
1782 2088 1902 2125 modo
1921 2095 2048 2137 potest
2067 2087 2141 2126 dici
2158 2088 2254 2125 liber
2270 2088 2384 2135 vitae,
2406 2100 2496 2127 con-

1427 2141 1578 2190 scriptio
1599 2147 1612 2165 η
1641 2153 1776 2178 eorum
1805 2153 1905 2190 quae
1935 2141 2078 2179 ducunt
2111 2141 2149 2179 in
2175 2141 2306 2179 vitam.
2345 2142 2395 2179 Et
2420 2142 2497 2180 hoc

1428 2194 1634 2243 dupliciter.
1664 2195 1735 2231 Vel
1763 2194 1857 2231 sicut
1875 2192 1889 2215 ⁰
1916 2195 2176 2242 agendorum:
2207 2202 2243 2232 et
2270 2194 2324 2232 sic
2347 2207 2496 2233 novum

1428 2256 1464 2284 et
1482 2255 1592 2284 vetus
1612 2248 1906 2284 Testamentum
1928 2247 2060 2284 dicitur
2078 2248 2172 2285 liber
2185 2248 2296 2285 vitae.
2316 2248 2387 2285 Vel
2402 2247 2498 2286 sicut

1426 2300 1503 2337 iam
1533 2301 1741 2337 factorum:
1773 2307 1808 2336 et
1836 2299 1889 2337 sic
1916 2300 1977 2337 illa
2004 2300 2063 2338 vis
2092 2301 2231 2347 divina,
2256 2313 2334 2350 qua
2361 2302 2428 2339 fiet
2453 2309 2497 2339 ut

1428 2353 1579 2390 cuilibet
1607 2353 1646 2390 in
1674 2353 1903 2390 memoriam
1939 2354 2168 2391 reducantur
2201 2354 2299 2391 facta
2327 2366 2413 2402 sua,
2442 2354 2496 2392 di-

1427 2407 1522 2444 citur
1549 2406 1644 2443 liber
1671 2406 1783 2443 vitae.
1814 2406 1920 2443 Sicut
1947 2406 2061 2443 etiam
2086 2407 2181 2444 liber
2199 2407 2353 2444 militiae
2369 2414 2497 2456 potest

1427 2460 1508 2508 dici,
1537 2461 1600 2497 vel
1627 2459 1666 2496 in
1695 2471 1773 2508 quo
1794 2460 2008 2498 scribuntur
2033 2460 2140 2497 electi
2159 2459 2209 2497 ad
2229 2459 2412 2508 militiam,
2432 2460 2496 2499 vel

1425 2513 1464 2551 in
1493 2525 1571 2562 quo
1595 2512 1754 2550 traditur
1772 2525 1832 2550 ars
1855 2513 2033 2561 militaris,
2053 2514 2116 2551 vel
2135 2514 2173 2550 in
2193 2525 2272 2562 quo
2293 2513 2496 2552 recitantur

1426 2567 1523 2604 facta
1550 2566 1724 2603 militum.

1480 2620 1591 2658 Unde
1619 2627 1723 2668 patet
1750 2619 1886 2656 solutio
1916 2619 1964 2656 ad
1994 2619 2220 2657 secundum.

1480 2675 1538 2710 AD
1566 2685 1725 2710 TEanJM
1754 2684 1938 2709 memnon
1966 2673 2071 2722 quod
2096 2685 2174 2710 non
2194 2680 2249 2710 est
2269 2681 2494 2711 consuetum

1427 2726 1640 2764 conscribi·
1669 2738 1736 2762 eos
1765 2725 1829 2775 qui
1854 2726 2113 2774 repudiantur,
2148 2726 2215 2763 sed
2250 2738 2316 2763 eos
2336 2726 2400 2776 qui
2433 2726 2496 2764 eli-

1427 2787 1575 2828 guntur.
1611 2779 1722 2816 Unde
1761 2779 2018 2828 reprobationi
2055 2792 2134 2816 non
2168 2779 2375 2828 respondet
2402 2779 2496 2818 liber

1427 2833 1571 2881 mortis,
1600 2833 1695 2870 sicut
1721 2832 2054 2882 praedestinationi
2082 2833 2177 2870 liber
2202 2832 2315 2870 vitae.

1479 2888 1538 2923 An
1554 2898 1727 2929 QUARTUM
1747 2897 1931 2923 mci-:unum
1950 2886 2057 2935 quod
2075 2886 2288 2923 secundum
2309 2885 2495 2923 rationem

1427 2939 1552 2977 differt
1587 2939 1682 2976 liber
1717 2938 1818 2976 vitae
1856 2952 1878 2975 a
1915 2938 2271 2988 praedestinatione.
2311 2940 2496 2988 Importat

1427 2993 1529 3030 enim
1568 2992 1739 3030 notitiam
1774 2992 2149 3041 praedestinationis,
2178 2991 2275 3029 sicut
2304 2991 2419 3029 etiarn
2440 2989 2494 3030 'ex

1426 3046 1563 3083 Glossa
1590 3045 1743 3083 inducta
1773 3053 1940 3094 apparet.
2418 3065 2423 3067 -

359 3173 386 3205 α)
406 3173 474 3198 idem
494 3172 573 3205 quod.
591 3185 610 3190 -
628 3171 690 3196 Om.
703 3170 854 3201 ABCEFG;
875 3170 950 3202 Ergo
996 3170 1212 3202 praedestinatio
1231 3177 1284 3195 om.
1299 3170 1331 3195 1).

359 3207 383 3241 β)
403 3209 450 3234 ait.
468 3222 487 3227 -
506 3207 571 3233 dicit
585 3206 697 3232 codices.
710 3221 728 3225 -
745 3206 773 3231 ln
792 3211 861 3230 textu
880 3205 921 3230 cit.
941 3213 988 3238 pro
1001 3206 1102 3238 cuique,
1119 3205 1259 3238 unicuique
1273 3205 1304 3234 D,
1318 3204 1374 3230 cui-

304 3251 414 3277 cumque
433 3244 503 3274 Pab;
522 3248 580 3267 ante
600 3243 669 3268 bona
688 3242 790 3267 codices
804 3241 901 3266 addunt
919 3242 975 3271 veI;
994 3249 1041 3274 pro
1060 3241 1233 3271 reducantur,
1247 3241 1373 3266 reducen-

305 3282 351 3304 tur
369 3279 470 3304 codices
490 3284 515 3303 et
532 3286 549 3303 a
560 3279 584 3303 b.

358 3315 384 3348 γ)
403 3315 440 3339 ad
458 3314 626 3339 attributum.
644 3326 663 3332 -
680 3312 840 3338 attribuitur
858 3312 887 3336 B.

358 3349 383 3382 δ)
408 3350 434 3374 in
463 3350 568 3375 Glossa.
587 3363 606 3368 -
629 3349 690 3374 Om.
715 3349 835 3378 codices;
861 3352 921 3379 post
946 3347 1089 3372 viventium
1117 3348 1215 3372 addunt
1239 3347 1283 3372 ubi
1308 3346 1374 3372 dicit

309 3386 403 3410 Glossa
422 3386 451 3416 Β,
470 3385 535 3410 dicit
556 3385 652 3410 Glossa
671 3384 756 3409 ceteri.
774 3397 793 3402 —
811 3382 892 3408 Liber
910 3390 963 3407 om.
978 3382 1089 3408 codices.

1481 3169 1503 3201 ε)
1523 3168 1620 3194 milites
1633 3170 1673 3194 vel
1687 3168 1843 3194 consiliarii.
1855 3183 1875 3187 -
1887 3169 1983 3194 milites
1996 3169 2041 3202 qui
2054 3168 2092 3193 ad
2103 3168 2207 3200 aliquid
2218 3169 2364 3202 eliguntur,
2379 3166 2421 3195 ve'l
2433 3175 2496 3195 con-

1426 3204 1536 3233 siliarii,
1557 3207 1583 3229 et
1601 3204 1755 3229 scribuntur
1774 3204 1799 3229 in
1820 3204 1887 3229 libro
1906 3205 1936 3229 B.

1480 3239 1505 3272 ζ)
1526 3246 1578 3272 qua
1595 3239 1718 3272 firmiter
1742 3239 1847 3265 retinet.
1864 3254 1884 3259 —
1902 3247 1970 3272 quae
1986 3239 2105 3274 firmiter
2130 3239 2227 3264 retinet
2250 3240 2302 3265 FG.
2321 3253 2340 3259 -
2357 3243 2495 3266 aeternam

1427 3282 1480 3300 om.
1496 3275 1607 3299 codices.

1480 3309 1507 3342 η)
1525 3310 1696 3342 conscriptio.
1714 3325 1733 3329 -
1751 3310 1813 3335 Om.
1828 3310 1983 3336 BCEFGab.

1481 3343 1505 3380 θ)
1524 3345 1601 3371 sicut.
1619 3359 1638 3365 -
1655 3346 1724 3371 sicut
1742 3346 1849 3379 signum
1868 3347 1936 3376 BaA,
1956 3353 2009 3370 om.
2025 3345 2056 3370 G.

1482 3381 1500 3413 ι)
1520 3381 1658 3406 conscribi.
1676 3395 1695 3400 —
1713 3381 1812 3406 ascribi
1830 3381 1951 3406 ABCDE.

986 3471 1318 3504 Commentaria
1341 3469 1590 3503 Cardinalis
1613 3469 1812 3502 Caietam

338 3563 357 3582 N
381 3552 484 3588 titulo,
509 3553 634 3583 adverte
659 3552 747 3592 quod
771 3562 837 3582 non
861 3551 971 3592 incipit
994 3562 1012 3581 a
1036 3551 1220 3592 quaestione
1244 3561 1286 3581 an
1310 3555 1367 3587 est,

310 3564 392 3627 lsed
408 3607 426 3627 a
442 3596 626 3637 quaestione
642 3597 718 3636 quid
741 3602 797 3634 est,
823 3606 1009 3636 supponens
1030 3606 1066 3626 ex
1086 3595 1271 3626 auctoritate
1286 3593 1368 3625 Scri-

307 3648 427 3681 pturae,
446 3641 561 3671 librum
586 3641 665 3671 vitae
689 3651 765 3671 esse.
791 3641 831 3671 Et
848 3647 978 3681 propter
993 3639 1177 3671 affinitatem
1193 3649 1267 3670 cum
1281 3648 1368 3679 prae-

1424 3548 1641 3585 destinatione,
1660 3548 1781 3589 quaerit
1805 3548 1883 3590 quid
1903 3548 1950 3584 sit,
1972 3550 2154 3589 quaerendo
2179 3559 2217 3579 an
2243 3549 2282 3579 sit
2303 3548 2388 3579 idem
2405 3548 2495 3588 quod

1423 3592 1680 3634 praedestinatio;
1698 3598 1855 3633 quatenus
1869 3603 1905 3623 ex
1919 3592 2096 3624 diversitate
2113 3593 2164 3623 illa
2180 3593 2332 3624 habeatur
2347 3592 2424 3633 quid
2436 3597 2492 3623 est.

1484 3637 1520 3668 ΙΙ.
1542 3637 1577 3667 In
1597 3646 1729 3677 corpore
1754 3637 1819 3667 duo
1840 3636 1929 3667 facit:
1951 3637 2065 3677 primo,
2083 3637 2156 3668 dicit
2170 3637 2248 3678 quid
2266 3637 2422 3674 nominis;
2446 3646 2492 3666 se-

2524 1355 2534 1365 ⁸
2547 1353 2659 1389 *se-‚39

2622 1505 2640 1535 ζ

2523 1778 2534 1790 ⁸
2549 1777 2617 1800 Ven.
2632 1783 2669 1806 19—

2604 2155 2641 2266 ’φα
