2768 4178
37 818 46 826 '
63 815 99 838 cf.
111 820 176 838 num.
186 820 220 836 ιιι.

38 859 49 870 “
64 857 103 879 Cf.
117 863 181 879 num.
193 863 224 878 xx.

35 1602 47 1613 ¹·
63 1600 100 1623 Cf.
115 1606 180 1623 num.
194 1606 212 1623 1.

40 2979 48 2986 ·
65 2976 97 2999 Ca
118 2983 163 2999 .1v.
174 2988 184 2993 -
195 2977 248 2999 Did.

40 3003 80 3025 lib.
126 3020 132 3031 ,
148 3010 198 3032 cap.
213 3010 248 3031 iv,

39 3036 89 3052 n.1.

38 3469 47 3477 ·
66 3467 124 3495 Cap.
134 3474 167 3495 111,
182 3474 236 3491 n.2.

270 280 346 319 232

979 284 1247 331 QUAESTIO
1276 285 1383 332 XIX,
1413 284 1708 322 ARTICULUS
1740 285 1753 320 Ι

950 407 1283 440 Commentaria
1306 406 1557 439 Cardinalis
1580 406 1782 440 Caietam

308 510 327 530 N
347 498 451 534 titulo,
470 498 619 528 voluntas
634 497 770 528 sumitur
786 496 965 537 dupliciter:
990 496 1105 536 primo,
1122 505 1181 536 pro
1196 501 1268 526 actu
1283 504 1340 525 vo—

278 511 406 579 Ilendi;
431 542 581 577 secundo,
607 551 665 582 pro
689 541 855 592 principio,
877 551 932 571 seu
949 540 1090 581 potentia
1105 539 1238 570 elicitiva
1253 546 1340 570 actus

275 587 413 618 volendi.
430 587 496 617 Nec
519 585 621 622 refert,
645 585 678 615 in
702 585 878 626 proposito,
904 595 970 625 quo
990 584 1061 625 quis
1076 584 1176 616 modo
1192 583 1339 624 accipiat:

276 632 351 673 quia
374 631 429 661 ubi
452 640 565 666 unum,
585 629 628 660 ibi
652 629 820 670 reliquum,
839 636 869 660 et
892 639 908 659 e
933 638 1096 660 converso.

329 676 364 706 In
375 684 513 726 ‘corpore
529 674 600 705 tria:
625 674 740 714 primo,
758 673 948 714 proponitur
971 672 1134 703 conclusio
1158 671 1342 712 responsiva

276 719 429 761 quaesito,
448 729 521 750 cum
538 728 598 749 suo
619 718 744 754 medi0;
769 718 919 754 secundo,
936 717 1089 757 probatur
1104 716 1257 752 medium,
1275 726 1340 746 ma-

275 764 440 795 nifestatur
462 763 509 794 vis
533 763 609 799 eius,
633 741 862 803 deduciturque
886 761 1048 792 conclusio
1073 761 1182 801 quoad
1205 760 1340 801 primam

275 815 398 860 partem
413 807 445 827 *·
438 807 578 844 ,tertio,
602 806 687 838 idem
710 807 862 847 probatur
881 806 988 847 quoad
1012 805 1184 836 secundam
1207 811 1340 845 partem,

274 853 308 883 in
332 851 508 934 IcillcQuoad
525 896 680 936 primum,
702 894 863 926 conclusio
888 901 947 925 est:
973 894 1007 924 In
1024 894 1093 924 Deo
1118 899 1164 924 est
1182 892 1340 927 voluntas,

277 941 320 972 sic
339 941 429 982 quod
452 950 550 971 suum
572 939 652 970 velle
675 946 722 970 est
752 949 848 970 suum
864 949 941 970 esse.
956 956 976 961 —
991 938 1135 969 Medium
1150 943 1257 968 autem
1281 943 1340 967 est:

275 985 424 1016 voluntas
452 984 595 1026 sequitur
626 983 832 1014 intellectum.
863 983 898 1014 In
921 983 991 1014 Deo
1015 989 1123 1013 autem
1145 988 1192 1013 est
1222 981 1341 1012 intelle-

277 1037 361 1062 ctus:
387 1039 470 1069 ergo.

330 1074 466 1104 Adverte
489 1072 541 1103 hic
565 1072 641 1102 duo.
665 1073 774 1102 Primo
790 1071 888 1112 quod,
913 1071 986 1102 licet
1009 1070 1146 1101 secunda
1166 1069 1342 1101 conclusio-

277 1118 325 1149 nis
350 1128 420 1158 pars
444 1126 510 1147 non
535 1126 677 1156 expresse
701 1122 839 1155 ponatur
861 1115 894 1146 in
917 1115 1032 1149 littera,
1057 1115 1112 1145 sed
1135 1115 1343 1146 concludatur

276 1168 401 1194 tantum
424 1161 457 1191 in
480 1160 574 1197 calce,
597 1159 750 1201 implicite
773 1167 879 1191 tamen
908 1159 1071 1200 proposita
1103 1159 1287 1210 intelligitur
1310 1158 1342 1189 in

274 1207 308 1248 ly
330 1207 422 1244 sicut,
441 1215 516 1237 cum
539 1204 730 1245 proponitur
744 1205 944 1236 voluntatem
967 1213 1034 1234 esse
1057 1204 1090 1234 in
1113 1203 1184 1235 Deo
1201 1204 1282 1235 sicut
1295 1203 1343 1233 in-

275 1251 448 1283 tellectum.
471 1268 492 1273 —
515 1249 661 1280 Secundo
691 1249 797 1290 quod,
831 1248 907 1290 quia
929 1248 1074 1280 medium
1101 1255 1149 1279 est
1175 1247 1343 1289 proprium

276 1295 454 1326 subiectum
476 1293 649 1324 voluntatis
666 1291 908 1335 (intellectivum
931 1293 1016 1324 enim
1041 1299 1087 1323 est
1110 1302 1167 1334 per
1189 1302 1222 1324 se
1238 1292 1342 1333 primo

275 1337 480 1381 volitivum),
505 1338 591 1368 idem
615 1337 671 1368 erit
697 1338 831 1378 probare
864 1338 954 1379 quod
976 1337 1172 1368 intellectum
1202 1337 1344 1378 sequitur

274 1384 432 1420 voluntas,
454 1389 484 1414 et
506 1383 639 1423 probare
663 1392 681 1412 a
703 1382 802 1422 priori
825 1382 1025 1413 voluntatem
1048 1391 1124 1418 esse,
1150 1388 1180 1413 et
1203 1381 1282 1423 quid
1298 1389 1344 1413 est

275 1428 432 1464 voluntas,
459 1434 490 1458 et
512 1433 643 1468 propter
665 1426 742 1468 quid
767 1433 812 1457 est
835 1427 999 1463 voluntas;
1024 1426 1170 1467 quamvis
1197 1426 1343 1457 volunta-

276 1480 342 1504 tem
365 1482 432 1503 esse
454 1471 487 1502 in
511 1471 676 1502 communi
700 1471 886 1511 probatione
910 1481 977 1502 non
1001 1477 1107 1510 egeat,
1129 1470 1203 1512 quia
1227 1471 1344 1511 experi-

276 1527 349 1548 mur
372 1527 443 1547 eam
466 1525 533 1546 esse
551 1515 584 1546 in
607 1515 708 1546 nobis.
731 1515 772 1546 Et
794 1522 961 1556 propterea
983 1515 1073 1546 valde
1107 1515 1247 1546 notanda
1270 1523 1344 1547 sunt

277 1571 358 1603 quae
381 1567 567 1601 sequuntur,
585 1566 696 1600 utpote
719 1560 855 1590 arduum
880 1570 1029 1590 arcanum
1052 1559 1234 1590 indicatura.

333 1605 383 1637 III.
405 1605 523 1642 Quoad
544 1604 720 1640 secundum
736 1604 762 1640 *‚
783 1604 964 1644 proceditur
980 1604 1032 1635 sic.
1050 1604 1228 1635 Intellectus
1252 1604 1343 1635 intel-

276 1650 376 1690 ligens
400 1657 446 1680 est
469 1656 540 1680 actu
564 1659 619 1689 per
643 1658 734 1679 suam
757 1648 896 1679 formam
923 1648 1168 1689 intelligibilem,
1192 1649 1273 1680 sicut
1295 1659 1343 1679 res

277 1694 427 1725 naturalis
451 1701 497 1724 est
519 1703 575 1734 per
598 1703 689 1723 suam
713 1692 867 1723 formam:
892 1703 967 1733 ergo
990 1700 1102 1724 natura
1124 1693 1343 1724 intellectualis

277 1740 401 1770 bonum
425 1738 660 1778 apprehensum
683 1747 739 1777 per
762 1737 899 1768 formam
922 1737 1161 1778 intelligibilem,
1179 1748 1253 1768 cum
1277 1748 1343 1768 non

277 1783 380 1819 habet,
405 1782 543 1824 quaerit,
568 1792 643 1813 cum
666 1781 768 1818 habet,
794 1781 927 1823 quiescit
949 1782 982 1812 in
1006 1782 1080 1813 illo:
1106 1792 1180 1822 ergo
1204 1782 1237 1813 in
1261 1792 1343 1823 quo-

277 1828 352 1859 libet
375 1827 509 1858 habente
539 1826 734 1858 intellectum
765 1832 811 1857 est
833 1825 999 1857 voluntas:
1032 1836 1106 1867 ergo
1134 1827 1167 1858 in
1197 1827 1267 1858 Deo
1298 1833 1345 1858 est

276 1873 434 1903 voluntas.

335 1916 440 1947 Prima
464 1915 690 1956 consequentia
706 1915 859 1955 probatur
882 1925 918 1945 ex
940 1914 972 1945 vi
987 1914 1234 1955 proportionalis
1258 1915 1342 1946 simi-

275 1961 418 1992 litudinis
441 1960 521 1991 inter
543 1959 682 1990 formam
706 1959 881 1990 naturalem
897 1966 927 1990 et
945 1959 1184 2000 intelligibilem,
1201 1960 1233 1991 in
1257 1966 1344 1990 ante-

277 2006 406 2037 cedente
429 2011 619 2044 assumptae.
635 2002 728 2041 'Quia
750 2003 910 2044 quaelibet
927 2014 976 2035 res
992 2004 1142 2035 naturalis
1157 2004 1252 2035 habet
1266 2004 1344 2035 haec

277 2051 360 2081 duo:
385 2049 527 2089 primum
543 2055 589 2079 est
607 2047 760 2079 habitudo
784 2047 853 2078 talis
877 2048 917 2078 ad
936 2048 1074 2079 formam
1097 2058 1153 2079 seu
1177 2049 1343 2089 perfectio-

276 2104 351 2126 nem
374 2093 560 2129 naturalem,
577 2092 660 2123 utin
683 2091 789 2123 habita
807 2091 957 2133 quiescat,
974 2092 1007 2123 in
1031 2102 1097 2123 non
1114 2093 1253 2124 habitam
1267 2103 1343 2123 vero

276 2138 457 2174 inclinetur;
483 2137 659 2168 secundum
675 2143 730 2173 est,
747 2136 837 2178 quod
856 2137 925 2167 talis
942 2137 1095 2168 habitudo
1117 2137 1150 2168 in
1166 2138 1343 2169 carentibus

278 2182 468 2223 cognitione,
492 2188 624 2212 vocatur
646 2181 804 2221 appetitus
827 2181 987 2213 naturalis.

337 2227 481 2258 Secunda
494 2236 569 2256 vero
586 2226 739 2266 probatur
753 2235 789 2255 ex
809 2225 919 2255 eadem
943 2225 1055 2262 radice,
1081 2225 1264 2266 dupliciter:
1282 2226 1342 2266 pri·

278 2281 343 2307 mo,
359 2270 434 2312 quia
449 2277 622 2310 utrumque
634 2269 764 2300 illorum
777 2276 896 2309 spectat
907 2270 947 2300 ad
962 2270 1175 2306 voluntatem;
1190 2271 1340 2306 secund0,

278 2326 316 2347 ex
334 2314 575 2356 proportionali,
591 2314 667 2355 quia
690 2323 727 2344 ex
750 2314 862 2344 eadem
885 2323 979 2344 causa
994 2314 1027 2344 in
1043 2314 1188 2355 quolibet
1210 2315 1344 2346 habente

279 2369 418 2395 sensum,
447 2366 494 2390 est
513 2358 671 2399 appetitus
695 2357 849 2388 animalis.

333 2403 441 2434 Tertia
464 2410 572 2434 autem
595 2402 821 2443 consequentia
850 2402 1020 2442 probatur:
1049 2402 1125 2444 quia
1148 2402 1181 2433 in
1204 2402 1274 2434 Deo
1299 2409 1345 2433 est

276 2448 462 2479 intellectu&

334 2492 386 2523 IV.
403 2491 496 2523 Circa
518 2490 656 2531 primam
677 2491 938 2532 consequentiam
962 2491 1097 2522 dubium
1121 2498 1180 2522 est:
1204 2491 1279 2532 quia
1295 2501 1344 2522 ex-

277 2547 382 2577 presse
406 2536 541 2567 declinat
564 2535 811 2576 proportionalis
835 2535 1010 2567 similitudo
1035 2546 1052 2566 a
1071 2535 1175 2567 forma
1197 2535 1344 2576 intelligi-

277 2581 332 2612 bili
351 2581 390 2611 ad
410 2580 525 2612 bonum
543 2580 776 2620 apprehensum
786 2590 851 2621 per
866 2580 966 2611 illam.
992 2580 1144 2620 Exigebat
1163 2580 1249 2611 enim
1271 2590 1343 2620 pro—

277 2635 381 2657 cessus
404 2625 472 2661 iste,
490 2631 525 2655 ut
547 2624 671 2655 illatum
695 2631 792 2655 esset:
817 2625 903 2664 Ergo
927 2631 1039 2655 natura
1061 2624 1280 2656 intellectualis
1302 2624 1345 2655 ita

277 2680 310 2700 se
332 2670 426 2700 habet
449 2669 489 2699 ad
508 2668 646 2699 formam
664 2668 903 2709 intelligibilem,
920 2669 1009 2710 quod
1027 2668 1060 2699 in
1077 2669 1182 2700 habita
1201 2668 1343 2710 quiescit,

277 2720 308 2745 et
330 2713 362 2744 in
386 2723 452 2744 non
475 2713 615 2744 habitam
638 2713 821 2749 inclinatur;
847 2713 922 2754 quia
946 2713 1048 2744 forma
1071 2713 1274 2755 intelligibilis
1299 2719 1345 2744 est

277 2758 358 2789 sicut
382 2757 484 2788 forma
511 2757 671 2788 naturalis.
696 2757 736 2788 Et
760 2764 865 2788 tamen
890 2757 923 2788 in
946 2757 1047 2789 littera
1078 2758 1271 2789 declinatum
1299 2764 1345 2789 est

277 2803 317 2833 ad
339 2803 463 2833 bonum
486 2801 720 2842 apprehensum
743 2812 799 2842 per
822 2801 960 2834 formam
982 2802 1220 2843 intelligibilem.
1240 2802 1344 2834 Malus

278 2856 352 2887 ergo
376 2846 499 2876 videtur
523 2846 573 2876 hic
596 2855 779 2886 processus,
806 2853 918 2887 utpote
941 2846 1008 2878 sine
1032 2846 1253 2878 fundamento.
1269 2865 1290 2870 -
1304 2847 1345 2878 Et

277 2897 409 2931 augetur
425 2889 594 2921 dubitatio:
616 2890 691 2931 quia
708 2890 812 2921 forma
827 2891 1029 2932 intelligibilis
1046 2899 1092 2923 est
1106 2892 1202 2929 intus,
1220 2892 1344 2922 bonum

276 2945 351 2965 vero
376 2933 609 2976 apprehensum
634 2941 680 2966 est
703 2942 796 2972 extra,
819 2942 854 2966 ut
877 2942 962 2976 patet
984 2935 1018 2966 in
1041 2936 1083 2967 VI
1107 2937 1282 2977 Metaphys
1293 2935 1319 2967 *.

331 2978 423 3010 Circa
439 2978 611 3009 secundam
623 2989 754 3020 quoque
767 2980 1027 3020 consequentiam
1040 2980 1174 3012 dubium
1188 2987 1243 3012 est.
1259 2980 1343 3018 Quia

277 3033 314 3054 ex
336 3023 389 3054 tali
413 3033 563 3064 processu
587 3023 666 3054 nihil
684 3023 825 3060 habetur,
843 3024 902 3054 nisi
926 3025 1014 3065 quod
1038 3024 1070 3055 in
1090 3032 1202 3056 natura
1224 3024 1343 3056 intelle-

277 3068 372 3099 ctuali
397 3074 442 3099 est
466 3067 624 3108 appetitus
647 3067 768 3099 formae
791 3068 1004 3108 intelligibilis,
1030 3069 1079 3100 vel
1104 3070 1198 3101 etiam
1221 3069 1265 3100 rei
1289 3079 1342 3110 ap-

277 3112 463 3152 prehensae:
488 3112 543 3143 sed
560 3122 626 3143 non
649 3112 782 3143 habetur
805 3123 842 3143 ex
866 3113 936 3149 hoc,
953 3114 1042 3154 quod
1063 3113 1116 3144 ille
1130 3114 1288 3154 appetitus
1304 3113 1344 3145 sit

278 3163 364 3187 actus
381 3156 510 3187 elicitus.
529 3156 627 3194 Quod
643 3163 748 3188 tamen
765 3157 968 3197 probandum
980 3165 1060 3189 erat:
1084 3158 1230 3199 probatio
1247 3158 1343 3199 siqui-

279 3201 351 3231 dem
363 3200 447 3231 illius
461 3200 714 3243 consequentiae,
733 3201 848 3232 scilicet
869 3201 943 3243 quia
961 3202 1045 3233 istud
1062 3209 1208 3243 appetere
1225 3208 1343 3243 spectat

278 3245 317 3275 ad
329 3245 536 3282 voluntatem,
561 3245 791 3286 praesupponit
807 3245 1005 3277 voluntatem
1029 3257 1126 3287 quam
1150 3246 1341 3288 quaerimus.

333 3289 371 3320 V.
388 3289 438 3319 Ad
455 3289 645 3320 evidentiam
663 3289 790 3326 horum,
807 3291 1022 3330 praenotanda
1039 3297 1085 3322 est
1107 3290 1280 3322 differentia
1295 3290 1343 3321 in-

278 3340 324 3364 ter
347 3335 518 3373 appetitum
543 3334 726 3365 naturalem
751 3340 782 3365 et
805 3335 992 3372 animalem,
1018 3342 1114 3375 prout
1137 3335 1286 3373 diuiditur
1308 3334 1342 3366 in

278 3377 463 3407 rationalem
481 3385 510 3408 et
526 3378 721 3414 sensitivum‚
739 3385 796 3410 etc.
813 3378 968 3409 Differunt
982 3389 1121 3420 namque
1131 3380 1251 3420 primo,
1268 3379 1343 3420 quia

278 3421 420 3452 animalis
437 3429 483 3453 est
501 3422 634 3462 speciale
649 3432 749 3463 genus
773 3423 932 3463 potentiae
948 3423 1080 3459 animae,
1097 3431 1133 3455 ut
1151 3430 1237 3464 patet
1260 3423 1286 3454 11
1303 3423 1343 3454 de

277 3465 395 3496 Anima
410 3465 440 3495 *z
466 3466 614 3497 naturalis
629 3477 703 3497 vero
724 3467 905 3498 communis
929 3474 974 3498 est
998 3468 1158 3499 omnibus.
1183 3467 1340 3505 Secundo,

278 3509 353 3550 quia
375 3510 524 3540 naturalis
541 3511 745 3552 consequitur
760 3511 915 3542 rationem
932 3511 1098 3542 formalem
1118 3512 1161 3542 rei
1180 3511 1340 3542 absolute:

278 3553 421 3583 animalis
453 3563 527 3584 vero
558 3554 699 3595 sequitur
722 3562 867 3586 naturam
894 3555 1086 3596 inquantum
1115 3555 1342 3597 apprehensiva

278 3604 333 3628 est.
363 3598 480 3635 Tertio,
504 3599 579 3639 quia
602 3599 751 3630 naturalis
775 3607 821 3631 est
844 3606 914 3631 actu
938 3610 973 3630 ex
989 3600 1057 3630 sola
1074 3607 1201 3632 natura:
1226 3599 1343 3630 anima-

277 3640 315 3671 lis
338 3651 412 3672 vero
437 3652 502 3672 non
526 3649 630 3682 potest
651 3643 731 3674 exire
755 3643 788 3674 in
812 3651 918 3675 actum
942 3644 1001 3674 nisi
1022 3654 1058 3675 ex
1081 3643 1340 3685 apprehensione.

1399 494 1536 533 Quarto,
1553 495 1628 536 quia
1645 504 1791 536 appetere
1810 498 1992 529 naturaliter
2008 508 2074 528 non
2091 505 2136 529 est
2155 505 2242 529 actus
2263 498 2392 535 elicitus,
2410 499 2465 530 sed

1394 538 1462 579 ipsa
1485 539 1648 570 inclinatio
1672 540 1767 571 huius
1791 541 1830 572 ad
1854 542 1931 572 hoc:
1957 549 2103 583 appetere
2134 549 2242 573 autem
2270 542 2463 579 animaliter,

1395 590 1441 614 est
1465 584 1618 624 operatio,
1639 595 1721 626 quae
1745 593 1791 617 est
1814 593 1901 616 actus
1918 587 2086 618 secundus.
2114 587 2245 624 Quinto,
2271 587 2346 628 quia
2369 597 2464 628 appe-

1395 627 1470 658 titus
1487 629 1637 659 naturalis
1656 636 1703 660 est
1725 630 1765 660 ad
1790 639 1906 660 unum:
1927 631 2071 661 animalis
2094 641 2168 661 vero
2186 631 2226 661 ad
2249 631 2359 667 multa,
2379 631 2465 662 iuxta

1395 672 1634 703 multitudinem
1657 673 1929 725 apprehensorum
1953 676 2125 706 bonorum.
2149 675 2258 713 Sexto,
2280 675 2355 716 quia
2374 682 2465 706 natu—

1396 716 1467 746 ralis
1492 723 1538 747 est
1561 717 1614 754 rei,
1635 718 1711 759 quia
1741 719 1931 749 conveniens
1954 719 1999 749 illi
2023 719 2201 760 particulari
2225 719 2385 760 potentiae
2409 730 2465 760 ap-

1395 761 1533 800 petenti:
1559 761 1702 792 animalis
1726 772 1801 793 vero
1826 770 1872 793 est
1894 763 1957 800 rei,
1987 764 2062 805 quia
2086 764 2276 795 conveniens
2303 763 2381 800 toti,
2408 774 2464 794 seu

1396 805 1575 844 supposito.
1601 805 1752 846 Septimo,
1769 806 1845 847 quia
1861 808 2034 839 naturalis'
2026 819 2059 838 1n
2076 815 2147 839 actu
2163 808 2245 839 inest
2263 808 2307 839 rei
2326 809 2364 838 ab
2381 808 2463 838 alio:

1396 848 1540 879 animalis
1563 859 1638 879 vero
1654 859 1690 880 ex
1713 860 1755 886 se,
1773 851 1848 891 quia
1871 852 1996 882 bonum
2019 860 2127 883 movet
2145 852 2338 894 inquantum
2354 862 2464 893 appre-

1396 891 1533 922 hensum
1557 903 1575 922 a
1598 893 1703 934 seipso
1722 902 1899 935 appetente,
1919 903 1950 927 et
1973 906 2039 927 non
2063 897 2101 927 ab
2126 897 2198 928 alio.

1450 936 1503 967 VI.
1524 936 1571 967 Ex
1593 937 1642 967 his
1660 945 1769 968 autem
1785 946 1878 989 ‘patet
1893 940 1982 980 quod
1996 941 2097 971 modo
2115 940 2320 978 intendimus,
2337 941 2463 978 scilicet,

1397 980 1486 1021 quod
1509 980 1666 1022 quidquid
1689 982 1847 1022 appetitur
1870 993 1937 1014 non
1960 991 2116 1025 quatenus
2139 986 2384 1036 apprehensum,
2409 996 2465 1016 na-

1397 1024 1490 1055 turali
1514 1025 1656 1065 appetitu
1686 1027 1859 1066 appetitur:
1884 1027 2042 1068 quidquid
2072 1036 2180 1060 autem
2203 1030 2362 1070 appetitur
2389 1030 2465 1071 quia

1397 1068 1642 1109 apprehensum,
1660 1070 1765 1101 elicito
1781 1078 1853 1102 actu
1870 1072 2028 1112 appetitus
2051 1073 2190 1104 sensitivi
2208 1081 2266 1105 aut
2283 1074 2465 1105 intellectivi

1397 1113 1566 1154 appetitur.
1591 1114 1683 1145 Unde
1703 1115 1913 1155 apprehensio
1937 1116 2006 1166 ipsa
2032 1117 2198 1157 dupliciter
2220 1125 2326 1158 potest
2348 1118 2465 1159 appeti.

1397 1158 1515 1195 Primo,
1533 1158 1666 1189 naturali
1691 1159 1849 1200 appetitu:
1875 1167 1906 1191 et
1929 1159 1972 1191 sic
1995 1161 2034 1191 ab
2057 1161 2218 1192 intellectu
2233 1162 2400 1202 appetitur,
2416 1163 2464 1193 in-

1397 1209 1555 1243 quantum
1573 1202 1750 1234 intellectus
1766 1204 1949 1235 naturaliter
1963 1205 2154 1237 inclinatur
2146 1215 2179 1236 m
2199 1205 2282 1237 hanc
2300 1206 2466 1246 perfectio-

1397 1256 1471 1277 nem
1496 1257 1597 1283 suam,
1621 1258 1703 1298 quae
1727 1255 1774 1280 est
1796 1249 2031 1289 apprehendere
2054 1260 2114 1281 res.
2138 1250 2297 1286 Secundo,
2321 1250 2467 1282 rationali

1397 1291 1555 1332 appetitu:
1574 1299 1604 1323 et
1618 1292 1661 1323 sic
1674 1302 1691 1322 a
1703 1293 1867 1324 voluntate
1884 1293 2042 1334 appetitur
2057 1301 2093 1325 ut
2106 1294 2316 1335 apprehensa;
2334 1301 2370 1326 ut
2381 1301 2467 1335 patet

1398 1346 1482 1372 cum,
1500 1336 1729 1367 considerando
1751 1347 1849 1378 quam
1873 1338 2032 1369 excelsum
2055 1349 2090 1369 ac
2114 1338 2275 1381 optimum
2298 1338 2339 1370 sit
2360 1338 2466 1370 videre

1397 1380 1517 1417 Deum,
1542 1387 1597 1411 aut
1617 1381 1791 1421 intelligere
1815 1389 1942 1413 naturas
1967 1392 2139 1423 corporum
2164 1383 2361 1420 caelestium,
2386 1391 2464 1420 etc.‚

1398 1431 1547 1465 optamus
1570 1424 1658 1455 illam
1675 1425 1790 1456 habere
1814 1426 2039 1467 cognitionem,
2057 1434 2087 1458 et
2106 1428 2316 1467 gauderemus
2337 1427 2362 1458 si
2378 1427 2467 1458 illam

1398 1469 1599 1505 haberemus;
1625 1469 1684 1500 hos
1701 1470 1786 1501 enim
1810 1478 1897 1502 actus
1913 1472 2100 1507 voluntatis,
2126 1482 2191 1502 non
2216 1479 2345 1503 naturae
2369 1482 2467 1513 opera

1398 1523 1474 1550 esse,
1492 1513 1670 1554 experimur
1692 1514 1725 1545 in
1749 1515 1841 1546 nobis
1864 1515 1950 1556 ipsis.
1973 1516 2117 1548 Habetur
2140 1523 2247 1547 autem
2271 1527 2308 1547 ex
2331 1516 2390 1547 hac
2412 1526 2466 1547 ve—

1397 1558 1485 1589 ritate
1505 1558 1679 1595 manifeste,
1696 1560 1786 1599 quod
1802 1567 1948 1600 appetere
1968 1567 2039 1591 actu
2064 1560 2178 1597 elicito,
2196 1561 2339 1602 sequitur
2354 1571 2467 1601 appre-

1397 1603 1600 1639 hensionem;
1624 1603 1706 1634 sicut
1720 1610 1866 1644 appetere
1883 1605 2073 1640 naturaliter,
2091 1605 2234 1646 sequitur
2249 1612 2395 1636 naturam
2411 1605 2466 1635 ali-

1397 1657 1505 1688 quam,
1530 1648 1624 1678 etiam
1647 1647 1963 1688 imperfectissimam,
1988 1656 2064 1690 puta
2088 1649 2251 1680 materiam
2274 1649 2419 1690 primam.

1451 1692 1518 1723 VII.
1544 1692 1584 1723 Et
1603 1692 1628 1723 si
1644 1693 1877 1733 contemplatus
1901 1693 1997 1724 fueris
2021 1694 2110 1734 quod
2130 1703 2319 1734 cognoscere
2343 1700 2390 1724 est
2413 1704 2466 1724 co—

1397 1743 1604 1777 gnoscentem
1628 1747 1694 1768 esse
1719 1745 1790 1768 actu
1811 1737 1992 1776 cognitum,
2018 1745 2047 1768 et
2071 1738 2169 1778 quod,
2194 1738 2269 1779 quia
2285 1748 2382 1769 omne
2399 1748 2466 1769 esse

1398 1787 1445 1812 est
1468 1781 1646 1812 secundum
1661 1781 1802 1822 aliquam
1818 1781 1964 1818 formam,
1983 1783 2072 1823 quod
2092 1782 2154 1813 hoc
2170 1792 2236 1813 esse
2256 1783 2346 1823 quod
2370 1782 2466 1823 signi-

1397 1824 1470 1856 ficat
1489 1835 1688 1866 cognoscere,
1707 1833 1753 1856 est
1768 1826 1946 1857 secundum
1969 1825 2107 1856 formam
2131 1826 2379 1866 cognoscibilem
2394 1833 2467 1858 actu

1397 1869 1430 1900 in
1453 1879 1567 1910 genere
1591 1870 1795 1910 cognoscibili
1803 1879 1810 1907 ;
1835 1870 1955 1900 videbis
1971 1870 2049 1901 duo.
2071 1871 2192 1908 Primo,
2216 1870 2306 1912 quod
2328 1870 2467 1902 formam

1397 1913 1627 1954 intelligibilem
1643 1914 1833 1946 constituere
1849 1914 2045 1945 intellectum
2061 1914 2094 1944 in
2111 1921 2191 1950 actu,
2214 1921 2260 1946 est
2276 1915 2468 1946 constituere

1397 1957 1504 1998 ipsum
1520 1958 1552 1988 in
1569 1968 1635 1989 esse
1654 1968 1723 1989 rem
1742 1959 1972 1999 apprehensam
1995 1965 2031 1990 ut
2055 1959 2108 1990 sic.
2132 1959 2174 1990 Et
2189 1966 2419 2000 consequenter
2433 1959 2468 1990 in

1397 2012 1547 2043 processu
1563 2003 1682 2034 litterae
1699 2013 1717 2033 a
1733 2002 1837 2034 forma
1861 2003 2048 2043 intelligibili
2071 2004 2111 2034 ad
2134 2013 2203 2034 rem
2225 2004 2467 2044 apprehensam,

1396 2047 1430 2078 in
1446 2047 1549 2088 prima
1567 2047 1804 2088 consequentia,
1821 2048 1949 2079 nullum
1965 2047 2026 2079 fuit
2039 2047 2163 2084 vitium,
2179 2048 2268 2079 nulla
2285 2048 2467 2090 obliquitas,

1397 2092 1452 2122 sed
1471 2091 1643 2123 *artificiosa
1662 2092 1833 2132 expressim
1858 2093 1948 2133 quod
1962 2093 2000 2124 de
2017 2092 2121 2123 forma
2142 2092 2332 2133 intelligibili
2354 2093 2465 2134 loque-

1397 2137 1497 2173 batur,
1518 2146 1584 2167 non
1600 2132 1633 2166 in
1647 2146 1760 2177 genere
1785 2136 1917 2172 entium,
1935 2137 1989 2167 sed
2005 2136 2038 2167 in
2053 2147 2166 2177 genere
2186 2136 2383 2177 intelligibili,
2399 2147 2468 2168 non

1397 2180 1679 2222 qualitercumque,
1705 2181 1760 2211 sed
1783 2181 1975 2222 inquantum
1999 2181 2162 2212 constituit
2185 2181 2382 2213 intellectum
2400 2191 2470 2213 esse

1396 2225 1504 2265 ipsum
1529 2225 1694 2275 cognitum
1717 2225 2018 2265 apprehensibiliter.
2043 2242 2061 2248 -
2085 2226 2243 2263 Secundo,
2268 2226 2367 2267 quod,
2391 2225 2470 2268 quia

1398 2279 1495 2307 omne
1511 2279 1578 2300 esse
1593 2269 1736 2310 sequitur
1750 2269 1919 2319 appetitus,
1937 2276 1967 2300 et
1982 2269 2261 2310 proportionaliter
2282 2271 2376 2311 quale
2400 2280 2468 2302 esse

1397 2306 1467 2344 talis
1491 2313 1668 2354 appetituS,
1697 2313 1810 2344 merito
1834 2311 1923 2356 (quia
1947 2314 2012 2344 duo
2037 2320 2161 2344 tantum
2185 2321 2259 2345 sunt
2281 2324 2395 2355 genera
2419 2325 2468 2346 es-

1398 2357 1502 2388 sendi:
1527 2357 1678 2398 primum,
1704 2358 1881 2389 secundum
1905 2358 1994 2398 quod
2017 2367 2065 2388 res
2089 2366 2135 2391 est
2151 2358 2270 2399 aliquid
2289 2359 2468 2390 secundum

1398 2402 1539 2433 naturale
1563 2411 1644 2438 esse;
1669 2402 1847 2432 secundum
1865 2412 1950 2438 vero,
1968 2402 2144 2434 secundum
2160 2403 2250 2454 quod
2270 2413 2318 2433 res
2342 2411 2388 2435 est
2411 2402 2465 2434 ali-

1398 2446 1476 2488 quid
1495 2425 1798 2489 apprehehsibiliter)
1815 2453 1942 2487 oportet
1957 2446 2119 2487 duplicem
2138 2447 2316 2488 appetitum
2335 2457 2465 2488 ponere,

1398 2497 1429 2522 et
1451 2490 1744 2532 proportionaliter;
1770 2498 1806 2522 ut
1824 2490 1949 2527 scilicet,
1964 2491 2039 2532 quia
2062 2490 2204 2532 primum
2219 2501 2320 2532 genus
2343 2491 2466 2522 essendi

1398 2535 1541 2566 consistit
1556 2535 1589 2566 in
1613 2545 1679 2566 esse
1703 2545 1758 2575 per
1774 2535 1911 2566 modum
1934 2542 2022 2566 actus
2038 2535 2142 2576 primi,
2163 2536 2341 2567 secundum
2358 2543 2466 2567 autem

1399 2580 1542 2611 consistit
1564 2579 1597 2610 in
1621 2590 1688 2610 esse
1712 2590 1767 2620 per
1795 2587 1901 2611 actum
1925 2580 2117 2617 secundum,
2139 2580 2195 2621 qui
2223 2588 2269 2612 est
2292 2580 2466 2621 apprehen-

1398 2624 1482 2663 dere,
1501 2624 1573 2655 ideo
1597 2631 1744 2665 appetere
1768 2624 1909 2664 appetitu
1925 2632 2076 2665 sequente
2093 2634 2159 2655 esse
2174 2625 2315 2655 naturale
2339 2635 2405 2655 non
2420 2631 2468 2656 est

1398 2675 1486 2700 actus
1510 2669 1683 2705 secundus,
1709 2669 1763 2699 sed
1791 2668 1970 2705 inclinatio,
1996 2676 2031 2700 ut
2054 2669 2175 2700 dictum
2199 2676 2245 2700 est
2260 2666 2294 2706 ¹'‘;
2319 2675 2467 2711 appetere

1397 2723 1472 2744 vero
1497 2713 1639 2754 appetitu
1668 2720 1819 2754 sequente
1844 2723 1910 2744 esse
1934 2713 2023 2754 quod
2045 2713 2077 2744 in
2103 2713 2284 2753 cognitione
2308 2713 2465 2750 consistit,

1398 2765 1444 2789 est
1467 2764 1555 2789 actus
1579 2757 1736 2788 secundus
1752 2757 1872 2788 elicitus
1889 2767 1908 2788 a
1923 2757 2038 2788 virtute
2054 2757 2234 2798 appetitiva,
2252 2764 2467 2799 consequente

1398 2809 1543 2834 naturam
1566 2802 1758 2843 inquantum
1774 2802 2002 2842 apprehensiva
2025 2809 2082 2834 est.
2105 2802 2147 2833 Et
2162 2802 2223 2833 hoc
2240 2809 2286 2834 est
2304 2812 2376 2833 vere
2392 2802 2466 2833 fun-

1398 2847 1584 2878 damentum
1607 2846 1640 2877 in
1663 2846 1764 2877 littera
1799 2853 2015 2887 assumptum:
2036 2847 2114 2878 haec
2142 2853 2188 2878 est
2219 2846 2467 2887 proportionalis

1398 2891 1572 2923 similitudo
1590 2890 1711 2922 formae
1735 2890 1883 2922 naturalis
1908 2898 1938 2922 et
1956 2890 2168 2932 intelligibilis.
2190 2891 2282 2922 Unde
2301 2890 2466 2922 manifeste

1397 2935 1537 2976 incoepit
1560 2946 1597 2967 ex
1615 2935 1686 2972 hoc,
1707 2935 1796 2976 quod
1819 2935 1900 2966 sicut
1920 2934 2022 2966 forma
2038 2934 2188 2966 naturalis
2212 2934 2375 2966 constituit
2399 2944 2464 2971 ens,

1398 2980 1441 3011 ita
1464 2980 1567 3011 forma
1591 2979 1793 3020 intelligibilis
1818 2979 1980 3010 constituit
2004 2989 2208 3020 cognoscens,
2228 2979 2307 3010 idest
2331 2989 2386 3009 ens
2409 2978 2464 3010 tali

1398 3025 1508 3061 modo,
1529 3031 1564 3055 ut
1587 3024 1638 3055 hic
1662 3031 1692 3055 et
1716 3033 1752 3054 ex
1775 3024 2034 3064 praecedentibus
2050 3023 2068 3043 ¹⁸
2090 3030 2184 3064 patet.

1451 3069 1533 3100 VIII.
1553 3071 1600 3100 Ac
1616 3078 1672 3109 per
1694 3068 1756 3099 hoc
1780 3075 1864 3108 patet
1888 3068 2006 3100 solutio
2029 3068 2070 3099 ad
2085 3075 2257 3118 utrumque
2282 3067 2418 3098 dubium
2433 3066 2463 3098 ⁸.

1397 3114 1508 3154 Neque
1531 3113 1617 3144 enim
1633 3112 1778 3153 probatio
1798 3113 1954 3143 secundae
1977 3112 2221 3153 consequentiae
2236 3111 2466 3152 praesupponit

1397 3157 1609 3189 voluntatem:
1630 3157 1694 3193 sed,
1713 3157 1864 3188 concluso
1882 3167 1917 3187 ex
1934 3156 2036 3198 prima
2052 3157 2276 3206 consequentia
2292 3157 2382 3197 quod
2398 3162 2463 3188 ten-

1397 3202 1492 3232 dere'
1485 3212 1517 3232 in
1533 3201 1768 3242 apprehensum
1783 3211 1848 3231 non
1865 3201 2019 3237 habitum,
2035 3207 2065 3231 et
2079 3190 2238 3242 quiescere
2254 3201 2286 3231 in
2299 3200 2417 3237 habito,
2430 3200 2464 3231 in

1397 3253 1508 3277 natura
1526 3245 1728 3276 intellectuali
1752 3252 1787 3276 ut
1811 3245 1853 3276 sic
1870 3252 1953 3282 sunt,
1973 3245 2062 3286 quod
2078 3251 2125 3275 est
2139 3255 2205 3275 esse
2220 3252 2308 3276 actus
2332 3244 2462 3281 elicitos,

1397 3290 1517 3331 optime
1540 3290 1664 3321 illatum
1688 3297 1743 3326 est,
1769 3299 1848 3330 ergo
1870 3290 2019 3320 voluntas
2034 3289 2076 3319 ibi
2091 3294 2156 3326 est,·
2179 3289 2254 3330 quia
2270 3296 2358 3320 actus
2374 3289 2406 3320 hi
2423 3288 2463 3319 ad

1395 3334 1594 3366 voluntatem
1617 3341 1773 3375 spectant,
1795 3341 1830 3365 ut
1853 3333 2041 3374 experientia
2065 3340 2203 3370 testatur,
2230 3341 2260 3365 et
2283 3334 2361 3365 ratio
2387 3342 2463 3364 con-

1395 3386 1502 3409 vmc1t.

1451 3423 1502 3453 IX.
1525 3423 1641 3460 Quoad
1661 3423 1788 3453 tertium
1804 3422 1830 3459 *‚
1855 3422 2007 3462 probatur
2031 3422 2168 3452 secunda
2191 3432 2263 3463 pars
2283 3420 2462 3453 conclusio-

1396 3466 1454 3503 nis,
1480 3467 1533 3497 sic.
1559 3467 1733 3507 Intelligere
1756 3466 1816 3497 Dei
1837 3473 1884 3496 est
1907 3475 2003 3496 suum
2024 3475 2106 3496 esse:
2132 3476 2206 3506 ergo
2230 3466 2310 3497 velle
2334 3465 2392 3496 Dei
2416 3471 2463 3496 est

1396 3521 1491 3541 suum
1509 3521 1583 3542 esse.
1601 3528 1619 3535 -
1637 3509 1874 3552 Consequentia
1890 3510 2041 3550 probatur
2057 3519 2093 3541 ex
2108 3510 2312 3541 similitudine
2329 3519 2461 3550 propor-

1396 3554 1515 3590 tionali,
1541 3564 1596 3595 per
1619 3555 1651 3596 ly
1674 3555 1764 3585 sicut.
1791 3554 1876 3585 Cum
1893 3554 1978 3584 enim
1995 3561 2166 3596 utrumque
2183 3555 2223 3586 sit
2238 3561 2326 3585 actus
2349 3563 2461 3584 secun-

1397 3599 1465 3634 dus,
1484 3605 1514 3629 et
1530 3598 1716 3633 immanens,
1735 3605 1803 3634 etc.‚
1825 3605 1960 3638 oportet,
1978 3598 2003 3629 si
2022 3598 2156 3631 alterum
2172 3597 2380 3630 identificatur
2395 3606 2461 3628 esse

1396 3643 1514 3679 divino,
1538 3643 1628 3683 quod
1651 3642 1746 3673 etiam
1769 3642 1936 3683 reliquum.

2493 2670 2504 2681 ·
2518 2669 2589 2693 Nam.
2599 2676 2626 2693 v-

2491 3022 2626 3072 εὲἕὼξὲῗ.
2629 3026 2710 3077 :ft-:3

2492 3080 2646 3126 9ἙέἜηὶῗῖ
2645 3082 2677 3125 13:

2490 3423 2499 3433 ·
2515 3421 2551 3445 ef.
2566 3428 2631 3446 num.
2641 3428 2661 3445 1.
