2768 4178
61 3282 69 3290 '
85 3281 135 3302 Art.
151 3286 171 3308 3.

318 301 392 336 242

986 278 1262 347 *QUAES'TJO
1291 294 1399 339 xlx,
1429 293 1726 330 ARTICULUS
1755 293 1822 329 v11

998 415 1329 448 Commentaria
1353 414 1602 448 Cardinalis
1625 415 1824 449 Caietam

344 513 363 533 N
380 502 482 538 titulo,
500 509 575 533 nota
592 502 666 533 duo.
687 503 807 540 Primo,
825 504 912 544 quod
929 504 1076 534 voluntas
1092 503 1228 534 sumitur
1249 503 1300 534 hic
1316 514 1383 534 non

317 515 402 587 Ipro
426 546 589 582 venenate,
614 547 669 577 sed
684 557 743 587 pro
766 549 847 578 velle
863 548 1060 588 simpliciter.
1078 564 1097 570 -
1114 547 1272 585 Secundo,
1293 548 1382 588 quod

313 591 399 621 aliud
423 598 468 621 est
491 601 656 631 quaerere,
682 598 791 622 utrum
815 602 911 622 omne
935 592 1024 632 quod
1048 590 1100 627 fit,
1125 592 1212 622 Deus
1236 592 1325 622 velit:
1351 599 1381 623 et

312 635 413 671 aliud,
439 642 547 665 utrum
571 645 668 665 omne
693 636 781 676 quod
805 636 892 666 Deus
916 636 994 671 vult,
1019 635 1082 666 fiat.
1108 635 1169 666 Hic
1193 646 1259 667 non
1283 646 1380 677 quae-

312 679 390 710 ritur
412 679 572 719 primum,
605 680 659 710 sed
683 680 880 711 secundum:
916 680 1070 720 quoniam
1098 679 1160 710 hoc
1189 681 1297 710 solum
1319 680 1380 710 im-

312 730 416 764 portat
440 723 560 754 titulus.
591 724 638 754 De
663 724 768 764 primo
792 731 899 754 autem
923 724 955 754 in
980 723 1112 754 articulo
1138 734 1156 764 9
1182 724 1240 755 erit
1262 734 1377 755 sermo.

369 768 406 798 ΙΙ.
432 767 466 797 ln
491 777 623 808 corpore
647 778 711 798 una
736 768 908 804 conclusio,
930 767 1111 808 responsiva
1129 768 1273 808 quaesito
1298 767 1378 798 affir-

311 811 441 842 mative:
466 812 600 842 Necesse
616 819 662 842 est
677 812 874 843 voluntatem
891 812 949 843 Dei
973 822 1097 852 semper
1115 812 1248 852 impleri.
1267 829 1287 834 -·
1302 813 1378 843 Pro-

310 856 401 886 batur
424 855 478 887 sic.
496 856 531 886 In
552 855 662 887 formis
687 856 730 887 sic
753 863 808 892 est,
833 857 922 897 quod
945 866 963 886 a
987 856 1089 886 forma
1113 856 1280 886 universali
1300 856 1379 886 nihil

309 907 414 940 potest
438 899 584 937 deficere,
614 901 759 941 quamvis
784 901 903 941 aliquid
926 901 1027 940 possit
1049 899 1181 930 deficere
1209 901 1248 931 ab
1272 900 1378 941 aliqua

309 944 412 975 forma
435 944 631 984 particulari:
665 955 738 985 ergo
770 945 832 975 hoc
861 945 946 975 idern
974 951 1100 985 oportet
1123 954 1189 975 esse
1217 944 1250 974 in
1275 945 1376 975 causis

309 988 487 1029 agentibus,
512 989 601 1030 quod
626 996 709 1019 extra
733 989 878 1019 ordinem
902 989 1022 1029 agentis
1046 988 1229 1028 simpliciter
1253 989 1375 1019 univer-

309 1033 390 1069 salis,
417 1034 474 1063 sub
492 1042 557 1073 quo
576 1043 687 1063 omnes
705 1043 816 1063 causae
833 1033 1034 1073 particulares
1051 1033 1374 1072 comprehenduntur,

309 1077 386 1107 nihil
409 1076 475 1107 fieri
498 1084 618 1116 potest;
650 1077 795 1118 quamvis
819 1083 903 1107 extra
926 1076 1071 1107 ordinem
1099 1077 1231 1107 alicuius
1255 1077 1375 1117 agentis

308 1120 513 1161 particularis,
531 1121 651 1162 aliquid
674 1120 744 1152 fiat:
770 1131 845 1160 ergo
869 1121 1066 1161 impossibile
1091 1128 1138 1152 est
1161 1121 1249 1162 quod
1269 1122 1375 1152 divina

306 1165 453 1195 voluntas
483 1175 579 1196 suum
608 1164 754 1196 effectum
782 1175 848 1195 non
877 1172 1104 1206 consequatur:
1131 1172 1258 1206 oportet
1279 1165 1375 1206 igitur

305 1209 408 1249 ipsam
432 1219 557 1250 semper
579 1209 713 1250 impleri.
1061 1246 1067 1252 ,

361 1254 558 1284 Antecedens
591 1254 764 1284 declaratur
791 1253 824 1283 in
856 1253 1040 1293 praedicatis
1064 1253 1267 1284 essentialiter
1290 1254 1374 1285 ordi-

305 1297 400 1328 natis:
426 1297 580 1339 quoniam
602 1298 645 1328 ibi
669 1297 833 1328 manifesta
853 1305 899 1328 est
915 1297 1130 1329 universalitas
1155 1297 1339 1330 formarum.
1353 1317 1373 1322 —

305 1341 409 1372 Prima
432 1352 507 1372 vero
539 1342 763 1383 consequentia
796 1342 966 1382 probatur:
995 1342 1071 1383 quia
1095 1341 1222 1373 effectus
1245 1343 1373 1373 confor-

305 1392 410 1417 matur
429 1386 532 1426 agenti
548 1387 725 1417 secundum
744 1396 835 1416 suam
852 1385 990 1416 formam
998 1404 1027 1417 —.
1044 1386 1190 1417 Secunda
1204 1397 1279 1417 vero
1296 1397 1372 1418 con-

304 1430 468 1471 sequentia
490 1431 658 1471 probatur:
683 1430 759 1471 quia
774 1430 920 1461 voluntas
936 1430 995 1461 Dei
1012 1437 1058 1462 est
1073 1430 1255 1462 universalis
1280 1441 1381 1474 causa-

305 1474 453 1505 omnium
477 1485 592 1506 rerum.
1005 1507 1025 1512 ,

362 1519 486 1550 Praeter
515 1519 571 1550 has
602 1526 709 1549 autem
734 1518 957 1559 probationes,
982 1518 1123 1559 primum
1156 1529 1370 1560 consequens,

304 1563 392 1603 quod
416 1570 463 1594 est
477 1563 645 1604 proprium
669 1563 914 1594 fundamentum
936 1563 1031 1594 huius
1057 1563 1279 1600 conclusionis,
1298 1574 1372 1595 con-

302 1606 446 1638 firmatur
473 1614 503 1638 et
532 1607 760 1638 manifestatur.
789 1606 1006 1638 Confirmatur
1032 1608 1163 1648 quidem
1192 1618 1228 1638 ex
1251 1608 1372 1639 ratione

303 1651 468 1682 deficiendi
492 1652 531 1682 ab
554 1652 676 1682 intento
700 1651 824 1682 effectu:
849 1652 925 1692 quia
940 1651 1058 1683 scilicet
1075 1659 1121 1683 est
1138 1662 1310 1683 concursus
1327 1653 1371 1683 al-

303 1695 399 1726 terius
423 1706 544 1732 causae,
569 1706 635 1726 non
659 1703 833 1732 contentae,
851 1703 886 1726 ut
906 1695 959 1732 sic,
985 1697 1043 1726 sub
1066 1696 1128 1727 illa.
1154 1696 1372 1728 Manifestatur

303 1747 411 1770 autem
434 1740 466 1770 in
491 1740 650 1771 effectibus
674 1740 837 1771 stellarum
860 1747 891 1770 et
913 1740 1007 1780 primi
1032 1740 1118 1772 caeli.
1143 1758 1163 1763 —
1187 1740 1371 1772 Secundum

303 1794 434 1825 quoque
458 1794 665 1825 consequens,
691 1784 779 1825 quod
804 1791 850 1815 est
873 1784 940 1824 ipsa
962 1785 1135 1821 conclusio,
1153 1784 1371 1816 manifestatur

303 1838 340 1858 ex
363 1835 536 1868 peccatore,
561 1829 593 1859 in
618 1839 684 1869 quo
707 1828 832 1859 videtur
854 1838 920 1859 non
944 1829 1069 1869 impleri
1093 1829 1232 1859 divinam
1255 1829 1370 1860 volun-

301 1879 408 1903 tatem.
432 1873 473 1904 Et
495 1873 605 1903 omnia
629 1873 710 1903 clara
734 1879 809 1903 sunt
831 1872 864 1902 in
887 1873 997 1904 littera.

1496 504 1548 535 111.
1574 503 1665 535 Circa
1687 504 1773 535 hunc
1794 515 1978 545 processum
2002 512 2078 535 nota
2101 511 2249 545 quatuor.
2273 504 2393 542 Primo,
2418 505 2507 546 quod

1438 547 1577 579 defectus
1602 549 1640 578 de
1664 558 1730 589 quo
1755 555 1801 579 est
1824 558 1928 579 sermo
1952 549 1984 579 in
2009 549 2118 585 littera,
2144 557 2210 578 non
2230 547 2366 579 sumitur
2386 548 2437 579 hic
2453 558 2506 579 ne-

1436 592 1548 632 gative,
1571 593 1626 623 sed
1650 593 1817 623 contrarie:
1847 593 2002 633 quoniam
2025 593 2057 623 in
2082 600 2218 633 utroque
2243 601 2356 633 genere
2383 602 2504 628 causae,

1435 643 1541 675 potest
1565 637 1705 668 defectus
1729 637 1871 677 negative
1895 638 1934 668 ab
1958 637 2224 668 universalissima
2248 645 2342 667 causa
2360 636 2503 668 inveniri.

1436 679 1578 711 Caecitas
1602 681 1688 711 enim
1711 691 1778 712 non
1803 689 1849 712 est
1872 691 1944 712 ens:
1971 691 2027 712 nec
2051 689 2157 712 tamen
2181 688 2227 712 est
2251 680 2315 711 enti
2339 680 2503 716 contraria,

1435 725 1489 754 sed
1513 725 1567 755 tali
1591 725 1673 761 enti,
1702 732 1780 765 puta
1803 725 1894 756 visui.
1924 726 1964 757 Et
1992 733 2139 766 peccator
2166 725 2327 765 peccando
2359 723 2462 755 deficit
2485 735 2503 754 a

1433 768 1540 799 divina
1555 769 1718 800 voluntate
1742 769 1884 810 negative
1908 767 1988 812 (non
2005 769 2090 800 enim
2109 769 2174 810 agit
2191 769 2281 810 quod
2299 769 2386 799 Deus
2401 767 2500 811 vult):

1434 821 1500 842 non
1523 819 1629 843 tamen
1655 813 1818 849 contrarie,
1844 820 1880 844 ut
1902 814 2029 854 patebit.

1488 856 1646 894 Secundo,
1672 857 1761 898 quod
1780 858 1890 888 eadem
1913 858 1993 888 ratio
2017 865 2063 888 est
2078 858 2186 899 quoad
2203 867 2312 888 causas
2328 864 2454 897 agentes
2471 863 2502 888 et

1432 899 1597 936 formales,
1623 902 1730 941 quoad
1754 901 1816 931 hoc
1839 911 2031 941 expressum,
2048 902 2129 933 idest
2152 902 2366 933 universalem
2391 906 2500 932 exten-

1430 945 1573 975 sionem:
1597 951 1628 975 et
1650 954 1716 974 non
1741 952 1867 985 oportet
1889 946 1998 986 quoad
2021 946 2229 981 ceterasl-Ioc
2249 946 2335 977 enim
2358 945 2501 987 sequitur

1432 997 1468 1018 ex
1492 988 1544 1018 illa
1559 987 1706 1025 maxima,
1724 988 1856 1029 effectus
1875 989 2100 1030 conformatur
2112 991 2225 1032 agenti
2240 990 2414 1021 secundum
2423 989 2499 1031 for-

1431 1040 1536 1063 mam:
1559 1032 1724 1063 manifeste
1748 1043 1886 1073 namque
1910 1033 1983 1064 hinc
2008 1034 2158 1074 sequitur,
2174 1034 2263 1075 quod
2280 1034 2419 1065 extensio
2437 1033 2498 1064 for-

1431 1085 1501 1106 mae
1525 1083 1556 1107 et
1579 1077 1698 1116 agentis
1718 1077 1997 1117 proportionaliter
2019 1087 2052 1107 se
2075 1077 2177 1109 habet.

1490 1121 1609 1158 Tertio,
1633 1121 1723 1161 quod
1746 1127 1892 1152 notanter
1914 1121 1948 1151 in
1970 1121 2072 1152 littera
2095 1121 2218 1158 dicitur,
2236 1127 2390 1162 peccator
2412 1131 2498 1153 rece-

1429 1165 1506 1195 dere
1522 1165 1649 1195 videtur
1671 1175 1691 1195 a
1714 1165 1824 1196 divina
1849 1165 2022 1196 voluntate.
2047 1165 2211 1203 Quoniam
2227 1165 2409 1206 simpliciter
2432 1176 2498 1207 non

1429 1209 1492 1249 agit
1515 1219 1648 1249 peccans
1665 1216 1774 1240 contra
1789 1209 1988 1240 voluntatem
2006 1209 2065 1240 Dei
2085 1217 2347 1250 consequentem:
2362 1217 2399 1241 ut
2413 1217 2499 1250 patet

1429 1263 1466 1284 ex
1482 1263 1520 1283 eo
1545 1254 1634 1294 quod
1653 1254 1739 1284 Deus
1758 1253 1827 1284 vult
1843 1254 2021 1294 permittere
2037 1254 2123 1284 hunc
2147 1263 2242 1290 nunc,
2267 1253 2320 1291 sic,
2338 1260 2407 1291 etc„
2425 1263 2498 1294 pec·

1429 1307 1506 1328 care.
1533 1297 1594 1328 Sed
1618 1298 1681 1338 agit
1703 1308 1762 1338 pro
1786 1304 1875 1329 tanto
1900 1305 2008 1329 contra
2032 1297 2172 1328 divinam
2191 1297 2398 1334 voluntatem,
2422 1297 2498 1339 quia

1428 1349 1537 1373 contra
1553 1342 1789 1373 antecedentem
1808 1342 1876 1373 eius
1891 1343 2090 1373 voluntatem
2106 1342 2185 1382 agiu
2210 1349 2242 1373 et
2263 1342 2339 1383 quia
2359 1351 2426 1373 non
2440 1351 2498 1373 vo-

1427 1386 1521 1417 litum
1545 1396 1563 1416 a
1585 1386 1655 1417 Deo
1679 1386 1843 1417 voluntate
1874 1394 2103 1427 consequente,
2129 1386 2211 1427 agiu
2237 1393 2268 1418 et
2290 1386 2366 1427 quia
2388 1391 2498 1418 contra

1427 1437 1594 1471 praecepta
1609 1441 1644 1461 ac
1661 1431 1891 1471 prohibitiones
1908 1431 1975 1462 eius
1992 1429 2095 1474 (quod
2112 1430 2226 1462 dicitur
2240 1430 2272 1461 in
2289 1430 2391 1462 littera
2405 1439 2496 1470 agere

1427 1481 1537 1506 contra
1559 1485 1662 1505 unum
1682 1475 1828 1506 ordinem
1842 1475 2014 1506 voluntatis
2038 1474 2119 1517 eius)
2137 1475 2225 1511 facit;
2250 1481 2280 1506 et
2303 1474 2379 1516 quia
2401 1475 2496 1516 digna

1427 1518 1504 1549 odio
1527 1519 1700 1550 voluntatis
1724 1519 1849 1550 divinae
1872 1526 2039 1560 perpetrat.

1486 1563 1632 1601 Quarto,
1663 1563 1752 1604 quod
1777 1573 1813 1594 ea
1836 1574 1917 1604 quae
1940 1563 1991 1594 hic
2022 1563 2170 1594 dicuntur
2198 1563 2237 1594 de
2265 1562 2494 1604 impedimento

1427 1617 1594 1638 causarum
1617 1607 1788 1647 agentium,
1813 1608 2016 1648 intelligenda
2039 1615 2114 1639 sunt
2136 1607 2319 1644 formaliter,
2339 1607 2420 1638 infra
2443 1617 2494 1637 or-

1426 1651 1533 1682 dinem
1552 1661 1719 1683 causarum
1743 1651 1955 1683 effectivarum
1978 1659 2014 1683 ut
2037 1652 2097 1682 sic:
2123 1652 2278 1693 quoniam
2301 1652 2327 1682 si
2350 1651 2495 1682 conside-

1425 1703 1568 1727 rarentur
1590 1695 1818 1736 impedimenta
1841 1697 1988 1728 materiae
2008 1703 2044 1727 ut
2059 1696 2112 1733 sic,
2130 1696 2219 1727 aliter
2233 1695 2314 1727 forte
2329 1695 2492 1727 diceretur.

1425 1740 1487 1771 Sed
1511 1740 1549 1771 de
1573 1740 1621 1771 his
1644 1740 1774 1771 inferius
1796 1740 1813 1760 *
1836 1741 1894 1772 erit
1916 1750 2021 1771 sermo
2046 1740 2190 1776 diffusus,
2216 1749 2291 1772 cum
2321 1741 2359 1771 de
2382 1740 2494 1780 guber·

1426 1783 1554 1815 natione
1569 1794 1676 1815 rerum
1691 1785 1873 1825 loquemur.
1889 1785 1984 1815 Nunc
2000 1785 2077 1815 haec
2092 1791 2242 1815 sat-sunt:
2267 1783 2422 1826 quoniam
2437 1793 2494 1815 vo-

1424 1829 1530 1859 luntas
1554 1828 1659 1859 divina
1687 1828 1767 1859 adeo
1798 1828 1981 1859 universalis
2011 1835 2057 1859 est
2079 1838 2187 1864 causa,
2211 1835 2248 1859 ut
2271 1827 2495 1859 etiamvomnis

1426 1872 1574 1903 materiae
1598 1873 1797 1903 conditiones
1821 1873 1925 1903 eidem
1949 1872 2081 1903 subsint.

1086 2017 1405 2059 ARTICULUS
1436 2016 1705 2058 SEPTIMUS

966 2109 1122 2140 UTRUM
1146 2109 1381 2142 VOLUNTAS
1405 2110 1476 2141 DEI
1501 2109 1568 2141 sn-
1591 2109 1824 2141 MUTABILIS

479 2190 488 2214 1
509 2190 590 2219 sent„
611 2190 668 2214 dist.
687 2196 768 2219 xxxix,
789 2197 834 2222 qu.
853 2196 871 2219 ι,
891 2194 938 2214 art.
957 2196 982 2219 1;
1002 2189 1061 2214 dist.
1080 2196 1171 2220 xnvm,
1191 2197 1235 2222 qu.
1254 2197 1282 2219 11,
1302 2194 1349 2214 art.
1367 2197 1387 2220 1,
1407 2189 1439 2214 ad
1460 2195 1488 2219 ²3
1509 2189 1518 2213 1
1540 2189 1617 2214 Cant.
1639 2189 1725 2216 Gent..
1746 2196 1801 2221 cap.
1821 2196 1916 2218 Lxxxm
1937 2188 1976 2218 111.
1997 2196 2052 2222 cap.
2066 2196 2117 2219 xer,
2132 2196 2304 2221 xcvr.xcvm;

953 2224 994 2249 De
1012 2224 1100 2254 Ver-it„
1121 2232 1165 2257 qu.
1184 2232 1228 2254 x11,
1248 2230 1296 2250 art.
1315 2232 1353 2255 11,
1373 2225 1404 2249 ad
1427 2223 1440 2249 3
1447 2232 1454 2255 ;
1474 2224 1566 2253 Hebr„
1586 2232 1642 2257 cap.
1661 2232 1696 2253 Vl,
1717 2225 1776 2249 lect.
1795 2231 1829 2249 iv.

492 2417 713 2466 Dominus,
734 2419 910 2456 Genes.vx
925 2418 961 2455 ²¹⁶:
977 2419 1143 2466 poenitet
1155 2430 1216 2455 me
1223 2418 1365 2467 fecisse

353 2485 364 2501 ⁵
385 2464 442 2499 7³¹¹
466 2464 709 2509 Xhominem.
746 2472 823 2509 Sed
857 2483 1143 2520 quemcumque
1159 2477 1175 2492 ⁶‘
1196 2471 1365 2520 poenitet

298 2525 344 2562 de
374 2537 420 2561 eo
450 2525 555 2572 quod
584 2525 685 2571 fecit,
715 2525 830 2561 habet
858 2524 1082 2562 mutabilem
1111 2526 1362 2562 voluntatem.

297 2578 398 2626 Ergo
428 2578 533 2615 Deus
562 2578 676 2615 habet
705 2577 927 2615 mutabilem
955 2579 1206 2615 voluntatem.

353 2642 386 2668 2.
409 2631 641 2677 PRAETEREA,
665 2633 799 2668 lerem.
816 2630 943 2678 xvui*,
961 2643 1007 2668 ex
1026 2643 1191 2680 persona
1206 2630 1364 2668 Domini

298 2684 448 2721 dicitur:
474 2685 631 2733 Loquar
645 2683 661 2713 β
681 2685 861 2721 adversus
883 2690 1032 2735 gentem
1053 2690 1089 2721 et
1106 2685 1287 2722 adversus
1306 2696 1364 2721 re-

296 2749 429 2787 gnum,
451 2743 491 2774 ut
509 2738 695 2774 eradicem
711 2743 747 2774 et
759 2738 948 2774 destruam
969 2743 1005 2774 et
1022 2738 1235 2787 disperdam
1256 2737 1365 2783 illud,-

296 2791 362 2827 sed
387 2791 421 2827 si
440 2791 708 2838 poenitentiam
738 2792 860 2841 egerit
884 2803 979 2841 gens
1008 2791 1071 2828 illa
1100 2803 1123 2828 a
1152 2791 1254 2828 malo
1281 2803 1363 2836 su0,

297 2855 414 2894 agam
443 2849 479 2880 et
510 2855 580 2894 ego
604 2844 871 2892 poenitentiam
899 2856 1013 2892 super
1045 2845 1146 2881 malo
1175 2844 1278 2893 quod
1303 2856 1363 2881 co—

296 2897 418 2947 gitavi
444 2902 484 2933 ut
498 2897 675 2946 facerem
704 2897 748 2935 ei.
788 2898 889 2946 Ergo
919 2899 1025 2935 Deus
1058 2898 1174 2935 habet
1202 2897 1364 2934 mutabi-

297 2951 373 2987 lem
402 2950 650 2987 voluntatem.

353 3004 387 3040 3.
418 3004 650 3049 PRAETEREA,
681 3002 866 3052 quidquid
895 3004 1000 3040 Deus
1030 3003 1127 3051 facit,
1150 3003 1363 3041 voluntarie

298 3056 395 3093 facit.
436 3056 513 3093 Sed
542 3058 649 3093 Deus
677 3068 755 3093 non
789 3068 942 3105 semper
971 3057 1106 3093 eadem
1135 3057 1242 3094 facit:
1272 3069 1362 3094 nam

299 3109 529 3158 quandoque
545 3109 738 3158 praecepit
757 3109 889 3157 legalia
905 3110 1112 3157 observari,
1130 3109 1363 3160 quandoque

298 3162 503 3211 prohibuit.
534 3163 635 3212 Ergo
665 3163 780 3199 habet
808 3162 1030 3199 mutabilem
1059 3163 1308 3200 voluntatem.

351 3228 387 3262 4.
418 3217 660 3262 PRAETEREA,
692 3216 797 3252 Deus
831 3227 909 3252 non
948 3228 992 3252 ex
1031 3215 1253 3253 necessitate
1281 3215 1363 3252 vult

299 3268 404 3316 quod
431 3270 531 3315 vult,
561 3277 603 3306 ut
637 3281 750 3318 supra
775 3267 795 3290 '¹‘
822 3268 965 3305 dictum
999 3277 1065 3306 est.
1101 3269 1203 3318 Ergo
1237 3276 1363 3318 potest

297 3322 394 3358 velle
424 3330 460 3358 et
488 3334 566 3359 non
594 3323 691 3358 velle
720 3321 834 3359 idem.
867 3321 944 3358 Sed
969 3334 1085 3359 omne
1115 3322 1220 3370 quod
1248 3322 1363 3359 habet

298 3374 506 3423 potentiam
535 3375 584 3412 ad
613 3374 800 3424 opposita,
831 3382 886 3412 est
914 3375 1113 3412 mutabile:
1143 3374 1238 3412 sicut
1257 3375 1359 3424 quod

298 3435 421 3475 potest
450 3440 531 3464 esse
561 3436 597 3465 et
626 3440 704 3465 non
734 3440 827 3475 esse,
859 3435 913 3464 est
941 3427 1122 3465 mutabile
1147 3427 1358 3465 secundum

354 3540 379 3571 α)
400 3546 594 3573 quemcumque.
612 3555 630 3560 -
648 3542 804 3574 quicumque
824 3541 896 3566 BGa.

351 3573 375 3606 ss)
396 3575 511 3607 Loquar.
525 3589 544 3594 —
559 3576 676 3608 Repente
690 3577 784 3609 loquar
803 3577 913 3602 codices.
926 3590 944 3596 -
959 3576 1037 3602 iidem
1057 3584 1104 3609 pro
1122 3580 1237 3610 gentem,
1255 3580 1367 3610 gentes:

298 3615 322 3635 et
341 3610 482 3678 (ζῗιιῗῖά-
501 3646 561 3670 0m.
580 3646 742 3671 ACDEFGa.

1421 2311 1692 2358 substantiam;
1723 2320 1759 2349 et
1787 2313 1892 2361 quod
1911 2320 2038 2361 potest
2061 2325 2144 2349 esse
2164 2313 2225 2350 hic
2254 2321 2291 2351 et
2310 2325 2387 2351 non
2408 2325 2491 2352 esse

1420 2364 1480 2402 hic
1500 2369 1526 2411 ⁷,
1558 2372 1613 2402 est
1640 2364 1821 2402 mutabile
1851 2365 2063 2402 secundum
2088 2366 2229 2403 locum.
2261 2367 2364 2414 Ergo
2384 2367 2490 2406 Deus

1421 2425 1476 2455 est
1504 2417 1695 2455 mutabilis
1724 2418 1937 2455 secundum
1964 2419 2215 2456 voluntatem.

1474 2471 1548 2508 SED
1569 2482 1715 2508 CONTRA
1734 2483 1800 2508 Esr
1829 2471 1935 2520 quod
1959 2471 2094 2509 dicitur
2112 2472 2231 2509 Num.
2253 2472 2387 2510 xxm&
2413 2485 2488 2510 non

1419 2529 1474 2560 est
1486 2525 1603 2561 ‘Deus
1630 2525 1741 2573 quasi
1765 2525 1890 2571 homo,
1922 2530 1963 2561 ut
1988 2525 2211 2570 mentiatur,·
2239 2537 2358 2574 neque
2378 2532 2419 2563 ut
2432 2527 2489 2576 fi-

1419 2577 1491 2614 lius
1518 2577 1690 2624 hominis,
1722 2583 1762 2614 ut
1787 2583 1960 2615 mutetur.
2302 2586 2308 2589 ’

1473 2631 1699 2668 RESPONm-:o
1742 2643 1925 2668 mCENDUM
1967 2631 2072 2680 quod
2107 2632 2286 2668 voluntas
2323 2631 2396 2669 Dei
2435 2639 2489 2670 est

1419 2683 1579 2721 omnino
1614 2683 1869 2721 immutabilis.
1910 2684 1987 2721 Sed
2017 2684 2115 2722 circa
2142 2685 2217 2722 hoc
2246 2684 2490 2723 consideran-

1419 2737 1512 2774 dum
1543 2744 1609 2784 est,
1641 2737 1746 2786 quod
1773 2737 1876 2774 aliud
1905 2745 1961 2774 est
1989 2745 2137 2775 mutare
2165 2738 2422 2785 voluntatem;
2452 2745 2489 2776 et

1419 2784 1522 2827 aliud
1559 2798 1614 2827 est
1647 2791 1745 2827 velle
1783 2790 1996 2840 aliquarum
2018 2788 2032 2812 ὃ
2060 2802 2188 2828 rerum
2221 2790 2485 2829 mutationem.

1419 2844 1550 2880 Potest
1573 2843 1675 2880 enim
1696 2843 1841 2892 aliquis,
1863 2845 1999 2881 eadem
2018 2844 2214 2881 voluntate
2242 2843 2488 2883 immobiliter

1418 2904 1679 2945 permanente,
1708 2897 1807 2933 velle
1837 2897 1941 2946 quod
1970 2909 2071 2934 nunc
2098 2897 2165 2934 fiat
2189 2897 2275 2944 hoc,
2297 2904 2335 2934 et
2351 2904 2486 2946 postea

1418 2949 1485 2987 fiat
1514 2949 1758 2987 contrarium.
1790 2950 1867 2987 Sed
1895 2958 1985 2988 tunc
2008 2951 2185 2988 voluntas
2213 2957 2433 2998 mutaretur,
2454 2950 2485 2988 si

1418 3003 1551 3051 aliquis
1571 3011 1582 3027 Ξ
1606 3002 1789 3052 inciperet
1815 3004 1913 3040 velle
1951 3003 2058 3052 quod
2090 3002 2194 3052 prius
2229 3015 2308 3040 non
2341 3003 2482 3051 voluit,

1418 3057 1479 3093 vel
1500 3056 1688 3093 desineret
1705 3056 1803 3093 velle
1823 3057 1928 3104 quod
1946 3056 2079 3094 voluit.
2110 3055 2227 3103 Quod
2247 3055 2403 3105 quidem
2423 3069 2485 3094 ac-

1419 3108 1543 3146 cidere
1573 3121 1651 3146 non
1679 3116 1824 3158 potest,
1855 3110 1925 3146 nisi
1952 3108 2242 3159 praesupposita
2274 3108 2484 3147 mutatione

1417 3162 1478 3199 vel
1499 3161 1513 3188 ζ
1542 3174 1586 3198 ex
1605 3170 1711 3211 parte
1739 3162 1974 3211 cognitionis,
1994 3163 2056 3200 vel
2077 3162 2175 3199 circa
2195 3161 2483 3211 dispositionem

1417 3215 1647 3252 substantiae
1682 3214 1797 3264 ipsius
1830 3215 2005 3253 volentis.
2045 3215 2146 3253 Cum
2172 3215 2274 3252 enim
2306 3216 2483 3253 voluntas

1417 3267 1463 3305 sit
1491 3268 1604 3316 boni,
1634 3267 1769 3316 aliquis
1799 3268 1857 3306 de’
1875 3281 1979 3306 novo
2014 3268 2212 3317 dupliciter
2237 3276 2364 3318 potest
2391 3268 2483 3306 inci-

1415 3332 1505 3371 pere
1526 3321 1667 3371 aliquid
1685 3322 1795 3358 velle.
1817 3322 1903 3360 Uno
1924 3321 2044 3359 modo
2064 3321 2128 3370 sic,
2149 3321 2255 3370 quod
2270 3330 2285 3353 η
2310 3321 2357 3359 de
2377 3333 2482 3359 novo

1416 3374 1568 3423 incipiat
1604 3374 1674 3411 sibi
1712 3374 1803 3412 illud
1841 3386 1922 3412 esse
1959 3375 2117 3412 bonum.
2159 3374 2276 3422 Quod
2312 3387 2391 3412 non
2428 3382 2483 3412 est

1416 3428 1560 3475 absque
1590 3427 1799 3464 mutatione
1829 3427 1927 3465 eius:
1958 3427 2052 3464 sicut
2080 3427 2307 3466 adveniente
2331 3427 2479 3476 frigore,

1471 3540 1495 3573 ὃ)
1515 3542 1675 3573 aliquarum.
1693 3554 1711 3560 —
1729 3541 1845 3573 aliquam
1866 3541 1919 3569 ΑΕ,
1939 3541 2056 3572 ipsarum
2076 3542 2104 3572 B,
2124 3541 2240 3567 aliarum
2259 3541 2318 3566 edd.
2335 3540 2387 3566 ab.

1470 3577 1492 3605 ε)
1512 3576 1616 3608 aliquis.
1633 3590 1652 3595 -
1669 3576 1773 3608 aliquid
1790 3576 1969 3601 BCDEFGab.

1469 3611 1494 3642 ζ)
1514 3612 1561 3636 vel.
1581 3625 1598 3630 —-
1617 3611 1678 3636 Om.
1698 3611 1799 3636 codices
1814 3617 1839 3636 et
1853 3612 1893 3637 ed.
1906 3619 1932 3636 a.
1950 3625 1969 3631 -
1988 3612 2037 3636 Pro
2057 3612 2175 3641 voIentn's,
2195 3610 2340 3636 voluntatis
2357 3609 2468 3636 PFGab.

1469 3647 1495 3678 η)
1515 3646 1560 3676 sic,
1580 3647 1658 3679 quod.
1678 3661 1696 3665 —
1715 3646 1739 3671 si
1756 3646 1882 3676 ABCDE;
1902 3653 1926 3672 et
1946 3647 1979 3672 ita
1998 3653 2058 3680 post
2075 3647 2136 3672 ΑΙίο
2155 3646 2243 3672 modo.

2523 1743 2553 1790 vi
2565 1747 2588 1790 ἓ·
2598 1743 2734 1791 &sam

2518 2489 2527 2496 ¹
2543 2486 2610 2510 Vera.
2627 2493 2660 2516 ¹9.
