2768 4178
78 455 87 464 '
101 454 148 481 Qu.
159 460 209 481 xm,
221 457 262 475 art.
275 460 292 475 1.

319 269 396 315 314

372 349 430 384 AD
462 359 622 384 Tannum
659 359 842 385 monimum
878 347 983 396 quod
1021 349 1149 384 Deum
1185 346 1385 383 nominare

319 413 396 436 non
426 413 632 449 possumus
661 400 732 437 nisi
761 413 805 437 ex
835 401 1035 446 creaturis,
1074 407 1115 436 ut
1150 399 1291 436 dictum
1332 407 1387 436 est

319 466 433 502 supra
452 453 482 490 ²³².
514 454 562 490 Et
591 453 679 502 quia
707 454 745 490 in
775 450 982 491 creaturis*
1002 452 1301 490 communicatio
1322 465 1387 489 na-

986 267 1254 315 QUAEsTlo
1283 268 1438 314 XXVII,
1467 267 1764 304 ARTICULUS
1794 268 1846 306 iv

1444 346 1580 383 divinis
1610 358 1688 382 non
1716 347 1832 383 habet
1851 346 2051 395 proprium
2070 347 2132 383 vel
2147 351 2160 367 ⁰
2180 346 2343 395 speciale
2367 358 2512 383 nomen

1442 399 1513 436 nisi
1531 399 1797 449 generationis.
1819 400 1931 437 Unde
1950 399 2145 448 processio
2167 412 2265 448 quae
2281 412 2360 437 non
2381 408 2436 436 est
2449 411 2512 447 ge-

1442 452 1600 499 neratio,
1622 453 1804 494 remansit
1824 453 1903 490 sine
1925 452 2078 501 speciali
2098 452 2267 490 nomine.
2291 452 2368 490 Sed
2387 459 2513 502 potest

320 514 425 543 turae
453 519 532 543 non
561 514 617 543 est
636 507 706 544 nisi
725 520 794 556 per
813 507 1111 555 generationem,
1133 505 1328 554 processio
1349 505 1387 542 in
1443 505 1632 542 nominari
1658 506 1825 554 spiratio,
1856 506 1945 554 quia
1975 513 2029 543 est
2056 505 2251 554 processio
2281 505 2444 554 spiritus.

374 642 397 675 ξ)
417 644 555 668 creaturis.
574 657 594 662 -
611 646 737 668 creatura
756 643 880 667 ABCDE.

1498 640 1524 673 ο)
1539 641 1684 673 proprium
1705 643 1754 667 vel.
1771 656 1790 661 —
1809 643 1870 668 Om.
1890 643 2001 668 codices.

1000 729 1335 762 Commentario»
1357 728 1609 761 cardinalis
1630 730 1832 763 Caietam

350 832 369 852 N
394 821 504 857 titulo,
529 821 653 851 adverte
677 820 840 861 diligenter
869 820 902 860 ly
924 820 1103 860 generatio.
1130 818 1216 849 Cum
1246 817 1331 847 enim
1354 817 1387 847 in

324 834 547 906 Ipraecedenti
586 862 727 896 articulo
755 864 999 894 determinatum
1034 863 1072 893 sit
1106 862 1195 903 quod
1216 861 1386 902 »processio

319 910 436 940 amoris
461 920 526 940 non
550 917 596 940 est
619 909 779 949 processio
803 908 900 943 verbi,
926 915 956 938 et
978 907 1011 937 in
1027 907 1167 937 secundo
1184 906 1317 936 articulo
1335 906 1387 935 de-

319 954 524 985 terminatum
548 954 608 984 fuit
623 953 711 994 quod
727 953 887 993 processio
904 952 989 982 verbi
1011 960 1057 982 est
1073 950 1242 991 generatio,
1267 950 1386 990 absque

319 999 503 1039 quaestione
532 998 632 1039 liquet
656 998 743 1038 quod
767 1007 927 1036 processo
959 996 1076 1026 amoris
1100 1005 1165 1025 non
1190 1001 1236 1025 est
1258 994 1312 1024 illa
1334 1003 1386 1033 ge-

319 1043 438 1073 neratio
463 1052 544 1083 quae
568 1049 613 1072 est
637 1041 797 1082 processio
821 1040 925 1078 verbi:
958 1047 988 1071 et
1012 1046 1241 1080 consequenter
1265 1045 1387 1069 constat

319 1087 408 1127 quod
436 1086 596 1126 processio
625 1085 743 1115 amoris
774 1085 895 1116 realiter
918 1084 1121 1124 distinguitur
1144 1094 1162 1113 a
1184 1082 1386 1123 generatione

318 1132 371 1161 illa
394 1131 426 1160 in
451 1130 572 1160 divinis.
603 1130 644 1160 Et
669 1130 706 1159 de
730 1129 777 1159 his
802 1139 868 1159 non
892 1129 942 1159 hic
967 1136 1013 1159 est
1036 1128 1190 1169 quaestio.
1225 1127 1317 1158 Unde
1341 1126 1386 1157 nil

264 1185 267 1188 ’
318 1175 404 1206 aliud
428 1175 478 1205 hic
502 1174 662 1215 quaeritur
686 1173 759 1210 nisi,
792 1180 900 1204 utrum
924 1173 1041 1203 amoris
1065 1171 1260 1212 processioni
1283 1171 1316 1202 in
1340 1171 1386 1201 di-

83 3392 91 3399 ·
106 3390 138 3412 Cn
158 3405 163 3411 .
174 3395 206 3410 nr.
219 3399 228 3404 -
241 3388 293 3410 Did.

81 3416 122 3438 lib.
156 3415 183 3438 ΙΙ.
198 3421 293 3443 cap.1u,

82 3449 104 3464 n.
116 3443 130 3464 8
145 3448 196 3470 sqq.

80 3481 91 3491 ³
108 3481 178 3503 Num.
191 3487 267 3508 praec.

317 1219 396 1249 vinis
417 1219 583 1249 conveniat
601 1218 679 1248 ratio
704 1218 846 1248 formalis
862 1217 1082 1258 generationis.
1108 1217 1149 1247 Et
1163 1216 1206 1247 sic
1222 1216 1386 1256 diligenter

318 1263 524 1305 perscrutanti
541 1270 671 1303 apparet
689 1263 787 1303 quod,
804 1262 885 1293 sicut
900 1262 1090 1302 praecedens
1104 1261 1215 1292 titulus
1231 1260 1386 1301 quaesivit

317 1308 553 1339 distinctionem
583 1307 700 1338 realem
730 1306 941 1348 processionis
965 1317 982 1336 a
1006 1305 1229 1347 processione,
1264 1305 1307 1335 ita
1333 1304 1384 1335 hic

317 1353 438 1393 quaerit
462 1352 642 1388 formalem,
667 1361 733 1381 non
758 1351 934 1382 secundum
958 1359 1197 1391 quamcumque
1217 1349 1383 1385 rationem,

318 1398 372 1427 sed
392 1397 568 1427 secundum
587 1395 743 1426 rationem
767 1395 987 1435 generationis.
1012 1395 1053 1425 Et
1074 1404 1146 1425 vere
1165 1394 1299 1425 restabat
1322 1393 1384 1424 hoc

317 1441 552 1482 quaerendum:
581 1440 753 1481 quoniam,
783 1439 925 1470 stabilitis
955 1439 1211 1479 processionibus
1234 1437 1320 1468 verbi
1353 1445 1384 1468 et

317 1485 434 1516 amoris
452 1485 486 1515 in
509 1484 633 1521 divinis,
649 1491 679 1515 et
699 1484 788 1525 quod
811 1485 865 1514 illa
888 1491 934 1514 est
956 1483 1115 1524 generatio
1140 1490 1170 1514 et
1193 1483 1273 1513 illud
1289 1481 1382 1518 filius,

317 1530 484 1571 oportebat
506 1529 664 1570 inquirere
692 1539 728 1559 ac
752 1529 894 1559 decidere
923 1538 963 1558 an
986 1528 1046 1559 ista
1067 1537 1199 1569 quoque
1227 1527 1267 1558 sit
1289 1536 1383 1567 gene-

316 1574 412 1611 ratio,
437 1581 467 1604 et
491 1580 720 1614 consequenter
743 1573 800 1604 iste
824 1583 955 1614 quoque
978 1571 1072 1609 filius,
1097 1582 1137 1602 an
1161 1582 1237 1603 non.
1263 1572 1303 1602 Et
1322 1571 1383 1602 hoc

317 1626 363 1649 est
387 1618 475 1659 quod
500 1617 669 1658 quaeritur.

375 1663 410 1694 ΙΙ.
437 1663 471 1692 In
487 1671 620 1702 corpore
635 1662 716 1692 duae
737 1669 811 1693 sunt
830 1661 1061 1692 conclusiones.
1087 1660 1192 1692 Prima
1207 1668 1253 1692 est
1268 1660 1383 1690 directe

316 1707 499 1748 responsiva
522 1706 682 1747 quaesito:
713 1707 877 1737 Processio
907 1706 1024 1736 amoris
1047 1706 1079 1735 in
1104 1705 1217 1736 divinis
1247 1714 1314 1735 non
1337 1710 1383 1734 est

314 1751 485 1791 generatio.
502 1769 522 1773 —
538 1751 682 1781 Secunda
706 1758 752 1782 est
775 1750 958 1792 responsiva
980 1750 1120 1782 intento:
1149 1749 1327 1780 Procedens
1349 1748 1383 1779 in

315 1796 428 1826 divinis
453 1805 508 1836 per
530 1796 666 1825 modum
689 1795 816 1831 amoris,
842 1795 983 1835 procedit
1007 1802 1042 1825 ut
1065 1794 1202 1834 spiritus.

374 1843 556 1880 Antequam
579 1846 685 1870 tamen
701 1840 875 1879 probentur
892 1838 1121 1875 conclusiones,
1138 1839 1263 1868 adverte
1283 1837 1381 1878 quod,

315 1885 387 1916 licet
411 1884 590 1924 quaesitum
614 1893 716 1914 unum
740 1883 849 1920 fuerit,
879 1884 918 1913 ad
942 1883 1170 1924 perfectionem
1193 1890 1299 1913 tamen
1324 1882 1386 1912 do·-

315 1929 447 1964 minae,
472 1928 617 1968 probatio
643 1938 708 1958 non
732 1928 839 1958 solum
863 1928 1006 1968 quaesito
1030 1927 1183 1968 simplici,
1208 1927 1262 1957 sed
1287 1926 1381 1956 etiarn

313 1974 451 2004 intentae
476 1971 665 2002 differentiae
689 1972 779 2012 quasi
803 1972 1024 2003 constitutivae
1046 1971 1146 2012 ipsius
1170 1969 1381 2011 processionis

314 2017 471 2049 satisfacit.
503 2017 548 2047 Ita
571 2017 660 2057 quod
684 2016 780 2047 simul
810 2016 1029 2047 manifestatur
1052 2015 1084 2045 in
1107 2015 1210 2046 littera
1239 2022 1270 2046 et
1293 2015 1381 2056 quod

315 2069 344 2092 et
368 2071 464 2102 quare
487 2060 647 2102 processio
671 2060 789 2091 amoris
818 2071 883 2091 non
908 2068 955 2091 est
977 2060 1153 2100 generatio,
1184 2067 1214 2091 et
1237 2069 1320 2101 quae
1343 2059 1382 2091 sit

314 2105 486 2136 differentia
510 2106 576 2136 eius
610 2105 828 2142 constitutiva,
859 2115 924 2146 qua
953 2104 1055 2135 differt
1078 2115 1096 2135 a
1119 2104 1321 2145 generatione
1352 2111 1382 2134 et

315 2158 360 2181 est
383 2149 524 2190 spiratio.

372 2195 423 2225 111.
450 2195 605 2224 Probatur
632 2203 706 2233 ergo
730 2193 844 2224 directe
874 2193 979 2234 primo
1005 2193 1108 2233 prima
1133 2193 1314 2229 conclusio,
1346 2202 1383 2223 ex

315 2238 487 2269 differentia
514 2238 594 2268 inter
617 2238 811 2268 intellectum
835 2245 865 2269 et
888 2238 1096 2273 voluntatem,
1123 2237 1176 2268 sic.
1202 2237 1382 2268 Intellectus

315 2284 408 2314 habet
431 2282 508 2312 haec
531 2282 589 2313 tria
612 2282 768 2312 ordinate:
793 2282 908 2322 prim0,
925 2282 1015 2322 quod
1031 2281 1066 2312 fit
1081 2281 1114 2312 in
1131 2289 1202 2312 actu
1222 2291 1278 2321 per
1296 2281 1382 2311 simi·

314 2327 482 2359 litudinem
498 2326 542 2356 rei
556 2326 747 2362 intellectae;
769 2326 919 2362 secundo,
937 2326 1026 2367 quod
1043 2336 1079 2356 ex
1096 2325 1157 2356 hoc
1173 2325 1333 2366 processio
1348 2325 1381 2355 in

314 2372 474 2402 intellectu
491 2377 537 2401 est
553 2370 730 2400 secundum
749 2370 905 2400 rationem
920 2369 1150 2406 similitudinis;
1175 2369 1277 2406 tertio,
1293 2369 1382 2410 quod

315 2416 392 2446 haec
408 2425 445 2445 ex
463 2415 525 2445 hoc
549 2415 642 2445 habet
664 2414 821 2445 rationem
844 2414 1063 2454 generationis,
1081 2414 1156 2456 quia
1176 2424 1272 2444 omne
1288 2423 1381 2454 gene—

315 2470 387 2491 rans
409 2466 536 2499 generat
559 2459 616 2489 sibi
641 2458 751 2490 simile.
782 2459 939 2490 Voluntas
962 2466 1079 2495 autem,
1105 2458 1242 2490 totaliter
1264 2468 1301 2489 ex
1325 2468 1381 2499 op—

316 2505 432 2545 posito,
445 2503 559 2544 primo,
571 2502 606 2534 fit
620 2503 653 2533 in
668 2510 739 2534 actu
754 2513 820 2533 non
838 2503 1015 2534 secundum
1031 2503 1271 2534 similitudinem
1281 2503 1381 2539 voliti,

316 2549 371 2579 sed
387 2549 563 2579 secundum
579 2547 818 2579 inclinationem
841 2547 873 2578 in
888 2547 985 2578 illud:
1010 2548 1161 2583 secundo,
1179 2557 1215 2578 ex
1230 2547 1293 2578 hoc
1309 2557 1382 2587 pro·

316 2593 415 2624 cessio
440 2593 471 2623 in
495 2593 657 2623 voluntate
685 2602 751 2622 non
776 2598 822 2622 est
845 2592 1022 2622 secundum
1053 2591 1208 2628 rationem
1237 2591 1382 2623 similitu-

316 2637 407 2674 dinis,
426 2637 479 2668 sed
496 2636 700 2678 impellentis:
726 2636 829 2672 tertio,
854 2646 890 2666 ex
914 2635 975 2667 hoc
999 2636 1160 2677 processio
1179 2636 1237 2667 ista
1252 2646 1318 2666 non
1338 2643 1383 2667 est

316 2681 491 2722 generatiO,
516 2691 574 2711 nec
597 2681 772 2721 procedens
796 2687 842 2711 est
865 2681 989 2721 genitus
1013 2688 1068 2712 aut
1091 2679 1185 2712 filius.

373 2726 414 2756 Et
441 2733 517 2756 tunc
549 2724 752 2765 subiungitur
781 2725 927 2765 probatio
961 2725 1118 2756 secundae
1150 2723 1383 2761 conclusionis,

317 2771 405 2811 quod
429 2770 545 2800 scilicet
561 2770 710 2810 procedat
726 2776 761 2800 ut
776 2769 912 2809 spiritus,
930 2779 986 2809 per
1005 2770 1141 2800 modum
1163 2769 1384 2810 subsequentis

319 2814 571 2855 consequentiae,
596 2814 649 2844 sic.
670 2814 810 2854 Spiritus
827 2814 979 2854 importat
991 2814 1120 2845 vitalem
1136 2814 1298 2855 quandam
1315 2824 1383 2844 mo-

317 2858 438 2890 tionem
468 2868 542 2889 cum
565 2858 722 2898 impulsu,
748 2868 814 2888 non
837 2859 1123 2900 qualemcumque,
1147 2859 1203 2889 sed
1227 2868 1297 2889 eam
1321 2868 1384 2899 qua

318 2913 354 2933 ex
378 2913 485 2933 amore
510 2902 644 2933 dicimur
676 2902 797 2932 moveri
820 2902 870 2932 vel
893 2902 1030 2942 impelli:
1055 2912 1130 2943 ergo
1154 2903 1328 2944 procedens
1351 2902 1383 2933 in

317 2947 480 2978 voluntate
500 2957 555 2987 per
574 2946 708 2977 modum
726 2946 892 2986 impulsus,
910 2946 1053 2987 procedit
1073 2954 1108 2978 ut
1127 2947 1270 2987 spiritus:
1295 2947 1385 2988 quod

318 2998 383 3022 erat
398 2991 567 3022 intentum.
594 2991 634 3022 Et
657 2991 701 3021 sic
724 2998 856 3032 utraque
881 2991 1043 3022 conclusio
1068 2991 1163 3022 simul
1180 2998 1226 3022 est
1241 2991 1383 3032 probata.

377 3036 417 3066 Et
432 3035 583 3066 fundatur
605 3045 772 3075 processus
794 3035 841 3065 vis
865 3046 959 3076 super
982 3036 1036 3066 illa
1059 3035 1211 3076 particula
1229 3035 1333 3076 posita
1351 3035 1383 3066 in

319 3079 502 3110 definitione
530 3079 757 3120 generationiS‚
789 3079 906 3110 scilicet
928 3080 1102 3111 secundum
1126 3080 1384 3112 similitudinem:

319 3123 361 3155 ita
385 3125 483 3165 quod,
501 3124 576 3165 quia
599 3124 760 3164 processio
785 3124 890 3164 aliqua
914 3134 951 3154 ex
974 3124 1103 3165 propria
1122 3124 1242 3155 ratione
1258 3123 1384 3155 formali

320 3175 365 3199 est
387 3169 437 3198 vel
461 3179 526 3199 non
551 3175 597 3199 est
620 3167 797 3199 secundum
819 3168 1077 3205 similitudinem,
1103 3176 1149 3199 est
1171 3175 1227 3199 aut
1249 3178 1316 3199 non
1339 3175 1386 3200 est

319 3212 488 3252 generatio.
519 3213 600 3243 Sane
625 3219 730 3244 tamen
755 3211 958 3252 intelligendo
987 3213 1096 3254 quoad
1119 3212 1383 3245 constructivam:

320 3256 395 3297 quia
411 3257 602 3297 intelligitur,
627 3256 887 3287 concurrentibus
912 3257 1019 3287 ceteris
1036 3256 1196 3297 particulis
1211 3266 1293 3298 quae
1311 3263 1386 3288 sunt

321 3301 359 3330 de
375 3301 495 3332 ratione
511 3301 730 3342 generationis.
755 3300 806 3331 Ad
826 3301 1048 3331 destructivam
1063 3301 1149 3332 enim
1166 3301 1281 3332 sufficit
1296 3300 1385 3332 istius

320 3352 444 3375 tanturn
454 3346 631 3385 'particulae
655 3344 790 3385 negatiO,
815 3354 853 3375 eo
878 3346 967 3385 quod
991 3345 1127 3376 rationes
1147 3345 1295 3377 formales
1312 3352 1386 3376 sunt

322 3388 401 3420 sicut
425 3389 558 3426 numeri,
584 3397 618 3420 ut
642 3389 755 3420 dicitur
778 3389 847 3420 VIII
872 3390 1055 3430 Metaphys.
1071 3387 1086 3404 *

380 3434 431 3464 IV.
457 3433 547 3464 Circa
572 3433 777 3464 differentiam
801 3433 938 3473 primam
963 3433 1042 3464 inter
1060 3433 1256 3465 intellectum
1279 3440 1310 3465 et
1327 3443 1385 3463 vo-

321 3477 475 3508 luntatem
490 3478 679 3518 assignatam
694 3477 722 3514 *,
748 3478 882 3508 dubium
899 3478 1035 3508 occurrit
1050 3478 1089 3508 de
1108 3488 1174 3519 quo
1198 3484 1269 3509 actu
1292 3477 1385 3508 inter-

322 3522 471 3561 pretanda
495 3521 543 3558 sit,
568 3532 607 3552 an
631 3522 670 3552 de
693 3521 808 3562 primo,
834 3532 873 3552 an
897 3522 936 3552 de
960 3522 1112 3553 secundo.
1141 3522 1183 3553 Et
1205 3521 1231 3552 si
1255 3521 1386 3564 quidem

322 3565 541 3605 interpretatur
565 3566 602 3596 de
626 3573 696 3596 actu
721 3566 835 3606 primo,
860 3565 937 3596 falsa
959 3566 1082 3597 videtur
1106 3576 1143 3597 ex
1165 3572 1252 3606 parte
1271 3565 1385 3596 volun-

323 3609 409 3640 tatis:
435 3609 587 3650 quoniam
611 3609 696 3640 fictio
715 3610 839 3641 videtur
862 3610 961 3651 quod,
986 3611 1025 3640 ad
1048 3611 1110 3641 hoc
1133 3610 1223 3651 quod
1238 3610 1385 3642 voluntas

1443 816 1518 846 velit
1546 817 1683 858 aliquid,
1717 819 1932 859 praeexigatur
1954 821 1988 850 in
2011 831 2047 852 ea
2070 822 2176 862 aliqua
2199 821 2360 852 inclinatio
2394 821 2510 852 faciens

1441 860 1545 900 ipsam
1569 861 1742 892 formaliter
1764 862 1798 892 in
1821 870 1892 894 actu
1912 864 2034 904 primo,
2060 866 2140 896 sicut
2163 866 2282 905 species
2305 865 2509 905 intelligibilis

1442 914 1474 934 se
1498 905 1592 935 habet
1615 905 1655 935 ad
1677 905 1874 937 intellectum
1901 909 2189 948 proportionaliter.
2205 928 2226 932 -
2241 910 2273 940 Si
2296 920 2372 950 vero
2395 909 2509 941 intelli-

1441 948 1526 988 gitur
1549 949 1588 979 de
1611 955 1682 979 actu
1700 951 1851 987 secundo,
1877 959 2004 991 oportet
2026 954 2182 993 assignare
2206 954 2374 995 quomodo
2391 954 2511 985 oriatur

1441 1002 1478 1022 ex
1501 992 1559 1023 hac
1575 992 1748 1024 differentia
1771 995 1924 1025 secunda:
1949 1006 2024 1026 cum
2047 997 2106 1027 hac
2129 998 2215 1028 enim
2235 1005 2297 1029 stat
2310 999 2399 1039 quod
2423 1005 2510 1028 utro-

1440 1036 1536 1077 bique
1561 1037 1600 1068 sit
1622 1037 1782 1078 processio
1807 1040 1985 1070 secundum
2008 1041 2257 1078 similitudinem,
2282 1049 2318 1073 ut
2340 1042 2458 1083 patebit
2476 1042 2509 1072 in

1441 1081 1586 1122 sequenti
1610 1082 1720 1112 dubio.

1497 1126 1534 1156 V.
1560 1125 1652 1156 Circa
1676 1126 1848 1157 secundam
1872 1127 2080 1159 differentiam
2101 1129 2237 1159 dubium
2260 1130 2408 1161 occurrit:
2434 1130 2509 1171 quia

1439 1168 1517 1200 falsa
1533 1180 1664 1211 quoque
1677 1170 1801 1201 videtur
1816 1181 1853 1201 ex
1868 1179 1955 1212 parte
1971 1172 2153 1209 voluntatis,
2167 1183 2225 1204 nec
2239 1174 2329 1214 sequi
2344 1183 2381 1205 ex
2397 1175 2508 1214 prima,

1438 1213 1506 1244 imo
1538 1215 1646 1255 potius
1676 1215 1888 1246 contradicere
1921 1216 2049 1256 primae.
2079 1218 2178 1255 Quod
2209 1217 2253 1248 sic
2281 1218 2508 1250 manifestatur.
2557 1226 2563 1231 ·

1438 1258 1611 1289 Procedere
1628 1259 1805 1290 secundum
1824 1260 2076 1298 similitudinem,
2093 1261 2126 1292 in
2141 1262 2318 1302 proposito,
2339 1269 2385 1293 est
2403 1262 2510 1294 termi-

1439 1313 1519 1333 num
1542 1303 1763 1343 processioniS,
1788 1314 1825 1334 ex
1848 1304 1879 1335 vi
1901 1306 2123 1345 processionis,
2148 1316 2214 1336 esse
2238 1306 2374 1337 similem
2390 1308 2510 1347 produ-

1439 1347 1520 1378 centi
1535 1348 1568 1377 in
1585 1354 1672 1384 actu;
1698 1355 1733 1379 ut
1749 1355 1835 1389 patet
1854 1350 1892 1379 de
1916 1351 2012 1380 verbo
2029 1357 2173 1391 respectu
2189 1351 2366 1382 intellectus
2384 1351 2418 1382 in
2437 1359 2509 1383 actu

1438 1392 1553 1432 primo.
1567 1392 1629 1423 Sed
1644 1402 1735 1423 amor
1747 1393 1890 1433 procedit
1906 1401 1942 1425 ut
1953 1394 2063 1425 similis
2078 1395 2235 1426 voluntati
2250 1395 2283 1426 in
2297 1403 2368 1427 actu
2384 1395 2507 1436 pritno:

1438 1436 1513 1477 quia
1536 1436 1694 1477 impulsus
1717 1438 1861 1478 procedit
1883 1439 1922 1468 ab
1946 1438 2099 1479 impulsu,
2123 1439 2204 1470 sicut
2227 1439 2260 1470 in
2283 1439 2444 1472 intellectu
2468 1440 2509 1471 si-

1437 1481 1587 1511 militudo
1611 1491 1754 1522 expressa
1777 1492 1795 1512 a
1818 1482 2024 1514 similitudine
2047 1483 2209 1525 impressa.
2230 1485 2316 1524 Ergo
2339 1491 2371 1516 et
2392 1484 2509 1516 falsum

1438 1532 1485 1556 est
1512 1525 1602 1566 quod
1624 1525 1658 1556 in
1681 1526 1843 1558 voluntate
1867 1537 1933 1558 non
1957 1527 1996 1558 sit
2019 1528 2180 1568 processio
2197 1529 2375 1560 secundum
2397 1529 2509 1561 simili-

1437 1567 1597 1614 tudinem:
1622 1577 1652 1600 et
1675 1580 1712 1600 ex
1728 1571 1789 1602 hoc
1811 1571 1883 1611 ipso
1899 1573 1990 1613 quod
2007 1573 2156 1604 voluntas
2178 1572 2214 1604 fit
2236 1573 2269 1603 in
2289 1580 2360 1604 actu
2383 1584 2440 1614 per
2457 1574 2508 1605 in-

1437 1614 1651 1651 clinationem,
1668 1615 1811 1656 sequitur
1833 1617 1922 1656 quod
1942 1617 2098 1657 producat
2120 1617 2369 1655 inclinationem,
2387 1625 2418 1649 et
2432 1628 2508 1650 con-

1437 1665 1605 1699 sequenter
1628 1658 1686 1689 sibi
1713 1659 1815 1690 simile
1839 1667 1928 1700 agat,
1952 1670 2019 1691 non
2046 1661 2152 1692 minus
2181 1671 2280 1703 quam
2310 1662 2506 1700 intellectus,

1436 1703 1732 1743 proportionalitate
1765 1711 1893 1735 servata.
1922 1705 1989 1736 Nec
2017 1705 2125 1742 refert,
2150 1707 2259 1747 quoad
2281 1706 2484 1747 propositum
2498 1731 2506 1744 ,

1437 1755 1546 1778 utrum
1574 1748 1722 1779 voluntas
1753 1748 1792 1779 sit
1814 1748 1848 1779 in
1871 1756 1942 1780 actu
1971 1749 2077 1791 primo
2110 1760 2167 1791 per
2188 1751 2346 1792 seipsam,
2373 1758 2429 1783 aut
2451 1761 2508 1792 per

1435 1792 1675 1823 inclinationem
1694 1792 1948 1832 superadditam:
1972 1795 2042 1834 ipsa
2057 1804 2197 1835 namque
2212 1796 2390 1827 secundum
2413 1806 2446 1828 se
2460 1802 2508 1828 est

1435 1836 1598 1867 inclinatio
1623 1837 1790 1877 quaedam.

1491 1881 1544 1911 VI.
1563 1880 1655 1912 Circa
1686 1881 1811 1911 tertiam
1835 1880 2057 1919 differentiam,
2081 1882 2148 1913 imo
2172 1883 2281 1924 potius
2305 1884 2386 1915 circa
2407 1882 2508 1924 ipsius

1436 1924 1573 1955 radicem
1592 1925 1625 1954 in
1641 1924 1741 1955 littera
1765 1925 1902 1969 allatam,
1919 1925 2036 1957 scilicet
2052 1927 2141 1968 quod
2157 1937 2251 1959 omne
2272 1938 2436 1970 generans
2449 1938 2507 1970 ge-

1436 1974 1531 2000 nerat
1552 1970 1612 2000 sibi
1634 1969 1750 2007 simile,
1774 1969 1909 2000 dubium
1932 1971 2086 2002 occurrit:
2111 1972 2267 2012 quoniam
2291 1972 2418 2004 affertur
2440 1982 2507 2004 non

1436 2024 1530 2045 causa
1553 2021 1588 2044 ut
1611 2023 1715 2044 causa.
1732 2014 1846 2045 Facere
1870 2014 1956 2045 enim
1979 2015 2037 2046 sibi
2061 2015 2163 2058 simile
2179 2027 2246 2048 non
2270 2023 2317 2048 est
2338 2017 2508 2058 proprium

1434 2058 1606 2098 generanti,
1626 2058 1681 2088 sed
1697 2068 1870 2089 commune
1886 2066 1932 2090 est
1951 2060 2041 2090 omni
2063 2061 2180 2100 agenti:
2197 2071 2294 2092 omne
2310 2061 2396 2092 enim
2412 2066 2507 2102 agens

1435 2102 1584 2143 producit
1607 2102 1666 2133 sibi
1690 2102 1792 2133 simile
1816 2104 1994 2134 secundum
2021 2104 2159 2136 formam
2183 2115 2248 2146 qua
2270 2105 2344 2146 agit.
2367 2106 2409 2137 Et
2430 2116 2507 2138 con-

1435 2154 1616 2188 sequenter,
1640 2157 1715 2178 cum
1738 2147 1886 2178 voluntas
1910 2148 1949 2179 sit
1972 2158 2084 2189 agens,
2107 2159 2173 2180 non
2197 2150 2304 2181 minus
2331 2150 2390 2182 ista
2413 2160 2508 2182 causa

1436 2192 1604 2222 concludet
1628 2191 1666 2222 de
1690 2192 1893 2231 processione
1915 2193 2097 2230 voluntatis,
2120 2204 2218 2235 quam
2242 2195 2281 2225 de
2305 2194 2507 2235 processione

1435 2235 1622 2267 intellectus.
1638 2236 1679 2266 Et
1702 2236 1746 2266 sic
1769 2246 1835 2266 non
1859 2237 1966 2267 solum
1989 2244 2036 2268 est
2058 2238 2109 2269 hic
2139 2245 2305 2279 peccatum
2329 2239 2507 2270 secundum

1436 2290 1502 2310 non
1526 2289 1654 2310 causam
1678 2279 1869 2311 differentiae
1892 2287 1928 2311 ut
1956 2291 2098 2319 causam,
2124 2283 2194 2319 sed,
2219 2284 2306 2324 quod
2331 2283 2422 2324 peius
2445 2290 2506 2320 est,

1435 2323 1568 2355 infertur
1591 2324 1778 2365 oppositum
1801 2324 1923 2355 intenti.
2398 2358 2400 2361 ,

1487 2368 1554 2399 VII.
1580 2368 1671 2399 Circa
1695 2374 1800 2399 totum
1823 2368 1909 2399 hunc
1931 2379 2119 2410 processum
2143 2371 2279 2402 dubium
2308 2371 2444 2403 occurrit
2466 2371 2507 2403 ad

1435 2412 1618 2443 hominem:
1643 2412 1798 2454 quoniam
1822 2413 2034 2444 contradicere
2055 2414 2179 2446 videtur
2203 2415 2345 2447 doctrina
2368 2416 2445 2447 haec
2461 2415 2507 2446 di·

1437 2457 1493 2488 ctis
1509 2457 1542 2487 in
1561 2457 1624 2498 Qq.
1648 2457 1688 2488 de
1709 2458 1856 2488 Potentia
1878 2458 1952 2495 Dei,
1977 2468 2031 2499 qu.
2048 2469 2077 2495 x,
2098 2466 2154 2491 art.
2174 2469 2201 2491 2.
2227 2459 2273 2490 lbi
2290 2470 2430 2502 namque
2453 2469 2507 2491 ne-

1436 2508 1528 2541 gatur
1550 2502 1768 2542 processiones
1784 2501 1840 2531 has
1864 2501 2013 2542 distingui
2037 2503 2163 2544 seipsis:
2188 2504 2239 2535 hic
2261 2514 2337 2535 vero
2361 2503 2509 2536 detes-mia

1438 2552 1530 2576 natur
1553 2555 1604 2576 eas
1629 2545 1778 2585 distingui
1802 2546 1937 2586 propriis
1961 2556 2071 2578 earum
2094 2548 2288 2586 rationibus,
2313 2549 2376 2580 hoc
2399 2555 2508 2580 autem

1439 2590 1525 2620 idem
1549 2597 1595 2621 est
1617 2590 1705 2630 quod
1730 2589 1839 2630 seipsis
1862 2590 2045 2623 formaliter.

1490 2634 1574 2665 VIII.
1597 2634 1649 2664 Ad
1672 2634 1862 2665 evidentiam
1882 2635 2010 2672 horum,
2027 2635 2229 2677 praelibanda
2252 2644 2327 2668 sunt
2343 2637 2419 2668 duo.
2436 2637 2507 2668 Pri·

1438 2688 1500 2717 mo,
1525 2679 1613 2720 quod
1629 2678 1682 2709 illa
1705 2678 1852 2715 maxima,
1877 2689 1970 2710 omne
1985 2690 2089 2721 agens
2104 2682 2175 2722 agit
2197 2681 2256 2712 sibi
2269 2679 2373 2712 simile
2394 2690 2508 2713 secun-

1437 2723 1513 2754 dum
1529 2722 1677 2764 formam
1701 2733 1765 2764 qua
1788 2724 1875 2764 agit,
1901 2731 1948 2755 est
1964 2734 2047 2761 vera,
2075 2725 2206 2766 quando
2230 2725 2334 2757 forma
2358 2732 2404 2757 est
2427 2725 2508 2757 ratio

1438 2767 1551 2808 agendi
1582 2768 1614 2798 in
1644 2769 1770 2798 ratione
1801 2769 1872 2799 rei:
1901 2778 1967 2799 non
1997 2776 2125 2810 oportet
2147 2775 2255 2801 autem
2285 2780 2392 2801 veram
2421 2779 2506 2807 esse,

1439 2812 1569 2855 quando
1595 2811 1698 2842 forma
1722 2819 1768 2843 est
1796 2812 1886 2853 quasi
1917 2813 1997 2844 ratio
2027 2814 2140 2854 agendi
2164 2820 2201 2846 ut
2222 2816 2364 2856 cognita.
2398 2815 2439 2846 Et
2461 2820 2509 2846 est

1439 2856 1518 2888 ratio
1542 2856 1737 2893 diversitatis,
1761 2857 1837 2897 quia
1853 2867 1943 2897 agere
1960 2864 1996 2889 ut
2012 2868 2070 2895 res,
2090 2865 2137 2890 est
2151 2868 2243 2898 agere
2257 2858 2332 2900 quia
2355 2859 2425 2890 talis
2441 2865 2506 2890 est:

1439 2912 1474 2932 ac
1491 2911 1547 2942 per
1562 2900 1623 2932 hoc
1641 2907 1767 2942 oportet
1786 2911 1875 2941 agere
1899 2902 1970 2939 tale,
1987 2903 2081 2943 quale
2103 2902 2212 2943 ipsum
2230 2910 2286 2934 est.
2310 2905 2413 2943 Agere
2430 2912 2507 2934 vero

1440 2953 1475 2977 ut
1499 2945 1673 2986 cognitum,
1694 2955 1760 2976 non
1784 2953 1830 2976 est
1853 2956 1943 2986 agere
1967 2947 2043 2988 quia
2061 2953 2108 2978 est
2130 2947 2200 2983 tale,
2217 2947 2272 2978 sed
2288 2946 2364 2988 quia
2387 2956 2508 2988 cogno-

1439 2990 1536 3021 scitur
1559 2990 1636 3021 tale:
1661 3000 1698 3020 ex
1721 2989 1783 3020 hoc
1807 2997 1914 3021 autem
1944 2991 2034 3032 quod
2061 2991 2181 3032 aliquid
2204 2991 2408 3031 cognoscitur
2430 2991 2506 3028 tale,

1439 3044 1507 3065 non
1530 3041 1658 3075 oportet
1673 3034 1764 3075 sequi
1780 3034 1883 3065 simile
1906 3035 1961 3072 illi,
1977 3036 2032 3066 sed
2055 3041 2115 3066 stat
2138 3035 2228 3076 sequi
2244 3035 2352 3067 solum
2375 3035 2508 3067 inclina-

1439 3079 1562 3110 tionem
1585 3079 1617 3109 in
1640 3079 1730 3115 illud,
1755 3085 1791 3110 ut
1813 3079 1846 3110 in
1870 3079 1962 3111 nobis
1985 3079 2173 3120 experimur.

1495 3123 1653 3161 Secundo,
1678 3123 1767 3164 quod
1782 3134 1854 3163 pars
1869 3124 2048 3165 appetitiva,
2065 3123 2221 3164 quoniam
2245 3123 2420 3156 necessario
2437 3134 2508 3156 mo·

1439 3173 1529 3197 vetur
1553 3178 1571 3197 a
1595 3167 1733 3208 cognito,
1750 3167 1812 3198 hoc
1828 3168 1923 3200 habet
1945 3168 2111 3209 singulare,
2128 3174 2159 3198 et
2173 3169 2263 3209 quod
2281 3168 2390 3210 aliquo
2407 3169 2507 3200 modo

1439 3218 1510 3251 agat
1532 3212 1564 3242 in
1581 3211 1703 3242 ratione
1726 3212 1790 3249 rei,
1815 3219 1845 3244 et
1868 3212 1976 3254 aliquo
2000 3211 2100 3243 modo
2124 3212 2245 3244 ratione
2269 3213 2396 3253 cogniti.
2422 3212 2509 3245 Cum

1440 3255 1526 3286 enim
1549 3266 1648 3292 amor,
1666 3256 1808 3297 primurn
1830 3257 1940 3288 locum
1962 3262 2072 3288 tenens
2088 3255 2121 3286 in
2136 3257 2289 3298 appetitu,
2306 3257 2345 3288 ab
2365 3256 2507 3298 appetitu

1440 3306 1471 3330 et
1493 3300 1656 3340 appetibili
1687 3301 1815 3341 cognito
1844 3300 2019 3332 necessario
2049 3300 2184 3338 oriatur;
2217 3301 2243 3332 si
2271 3301 2508 3333 consideremus

1440 3354 1584 3375 amorem
1607 3351 1643 3376 ut
1665 3345 1808 3385 procedit
1831 3346 1870 3376 ab
1893 3345 2054 3386 appetitu,
2079 3344 2123 3375 sic
2146 3346 2289 3386 procedit
2311 3353 2348 3377 ut
2370 3356 2389 3376 a
2411 3354 2457 3382 re;
2482 3345 2508 3376 si

1439 3395 1547 3419 autem
1565 3389 1604 3420 ab
1628 3389 1800 3430 appetibili,
1817 3389 1862 3421 sic
1885 3396 1921 3420 ut
1940 3399 1959 3419 a
1977 3388 2122 3430 cognito;
2147 3397 2178 3421 et
2200 3390 2226 3421 si
2250 3397 2286 3422 ut
2308 3391 2348 3422 ab
2371 3396 2508 3430 utroque

1440 3432 1545 3469 simul,
1570 3433 1660 3474 quasi
1683 3434 1722 3464 ab
1746 3440 1856 3474 agente
1873 3440 1904 3464 et
1919 3433 2010 3474 quasi
2033 3433 2154 3465 ratione
2177 3434 2288 3475 agendi
2313 3433 2448 3477 (diversa
2463 3440 2508 3464 ta-

1440 3486 1514 3507 men
1527 3477 1656 3514 ratione,
1671 3484 1706 3508 ut
1721 3477 1934 3517 praediximus
1945 3475 1987 3520 ⁴²),
2001 3477 2044 3509 sic
2060 3477 2183 3509 meliori
2198 3478 2356 3510 vocabulo
2371 3477 2507 3508 mixtum

1439 3520 1502 3551 hoc
1525 3520 1621 3551 fiendi
1646 3521 1901 3563 procedendique
1925 3522 2061 3553 modurn
2085 3522 2257 3563 exprimere
2276 3532 2343 3554 non
2361 3522 2506 3559 occurrit,

1439 3575 1537 3605 quarn
1561 3575 1617 3605 per
1633 3566 1769 3596 modum
1791 3567 1950 3606 appetitus
1966 3567 2082 3598 vitalis.
2101 3582 2120 3590 -·
2135 3566 2177 3598 Et
2191 3566 2370 3598 secundum
2384 3565 2446 3596 hoc
2463 3565 2507 3596 fa-

1439 3608 1505 3639 cilis
1531 3616 1576 3639 est
1598 3609 1763 3650 responsio
1787 3610 1826 3640 ad
1851 3609 1909 3640 tria
1935 3610 2030 3641 dubia
2055 3609 2160 3651 primo
2183 3617 2281 3642 mota.

2758 3436 2768 3470 *ἶ

2533 3490 2545 3501 “
2559 3489 2596 3512 Cf.
2606 3493 2652 3512 ιη.
2661 3495 2748 3518 praee..
2766 3494 2768 3505 ¹

2535 3515 2748 3545 Comment.,u.xx.
2762 3515 2768 3543 ,ἓ
