2768 4178
328 274 404 319 364

326 352 447 391 pliciter
469 350 645 386 innotescit,
671 349 787 381 scilicet
809 349 959 380 relatione
983 348 1024 378 ad
1048 358 1083 378 ea
1106 357 1188 388 quae
1212 354 1287 378 sunt
1307 357 1325 377 a
1344 357 1391 384 se,

326 403 357 426 et
379 396 545 435 negatione
570 395 618 425 sui
642 394 680 424 ab
705 394 778 424 alio.
792 412 812 416 -
825 393 968 424 Secunda
982 402 1058 423 vero
1074 391 1301 432 consequentia
1319 401 1392 431 pro-

326 441 433 471 batur:
465 439 540 480 quia
563 449 630 469 non
653 448 720 468 esse
751 438 788 468 ab
813 438 875 468 alio
900 443 1019 478 spectat
1050 436 1089 466 ad
1119 435 1392 466 innascibilitatem

326 483 532 524 significatam
556 483 693 524 ingeniti
715 482 855 513 nomine.

384 528 436 558 111.
461 528 496 557 In
520 526 726 567 responsione
750 526 790 556 ad
813 525 1008 561 secundum,
1033 524 1158 554 adverte
1186 523 1276 564 quod
1302 524 1392 564 inge-

326 573 426 603 nitum
452 581 526 602 curn
550 577 672 602 constet
695 581 732 601 ex
755 572 787 601 in
812 577 842 601 et
863 571 1021 611 genitum,
1044 574 1218 608 utrumque
1241 574 1287 598 est
1310 567 1392 598 rnul-

326 617 431 656 tiplex.
454 616 538 646 Nam
553 616 586 656 ly
602 617 634 645 in
655 614 821 655 dupliciter
842 614 986 650 sumitur,
1004 612 1120 643 scilicet
1136 621 1215 652 pure
1231 613 1391 652 negative,

327 667 381 691 aut
397 661 580 700 privative:
604 666 634 690 et
656 659 718 689 hoc
742 658 966 699 multipliciter,
991 663 1046 687 aut
1068 656 1101 686 in
1121 662 1200 692 ente,
1218 662 1273 686 aut
1291 656 1324 686 in
1340 666 1392 696 ge-

326 714 408 741 nere,
427 711 481 735 aut
496 704 529 734 in
545 704 664 744 seipso:
690 710 721 734 et
735 703 797 734 hoc
813 703 883 733 solo
901 702 1000 732 modo
1018 700 1092 731 dicit
1107 699 1391 740 imperfectionem.

326 749 387 779 Hic
411 755 518 779 autem
541 748 677 778 sumitur
704 747 854 787 privative
877 746 910 776 in
933 755 1046 786 genere
1070 750 1124 775 aut
1147 743 1291 784 principii
1319 754 1391 785 per-

326 792 484 829 sonaliter,
509 799 564 823 aut
587 792 710 822 divinae
729 791 783 822 rei.
801 809 819 814 -
838 791 986 821 Genitum
1006 798 1137 830 quoque
1157 787 1325 828 dupliciter
1341 793 1408 818 su-'

326 837 439 868 mitur:
464 837 580 868 scilicet
594 837 738 877 proprie,
762 835 843 866 idest
865 835 903 865 ab
928 834 990 864 alio
1014 843 1070 873 per
1085 832 1337 873 generationem;
1362 838 1393 862 et

327 883 548 919 communiter,
573 881 653 911 idest
676 879 791 920 quovis
814 880 913 909 modo
937 879 976 908 ab
1000 877 1074 908 alio.

382 926 475 956 Unde
499 925 532 955 in
550 925 650 956 littera
668 924 811 965 quinque
828 923 985 954 dicuntur.
1011 921 1135 957 Primo,
1160 920 1250 961 quod
1269 921 1392 961 ingeni-

326 976 393 1001 tum
411 980 489 1010 pure
503 969 655 1009 negative,
673 978 739 998 non
756 974 802 998 est
823 967 990 1008 proprium
1013 966 1105 996 Patri.
1131 964 1288 1000 Secundo,
1304 964 1393 1004 quod

327 1015 504 1055 ingenitum
530 1013 680 1053 privative
702 1012 735 1042 in
755 1011 869 1052 seipse,
894 1022 960 1042 non
985 1009 1133 1041 convenit
1154 1008 1246 1039 Patri.
1271 1007 1391 1043 Tertio,

327 1058 416 1099 quod
439 1059 617 1099 ingenitum
642 1056 793 1096 privative
816 1056 849 1086 in
872 1065 985 1095 genere
1009 1054 1106 1085 divini
1129 1052 1301 1093 suppositi,
1326 1062 1392 1082 non

327 1110 373 1133 est
387 1102 551 1142 proprium
568 1101 666 1131 Patri:
692 1100 767 1141 quia
791 1099 938 1130 convenit
961 1099 1090 1139 Spiritui
1106 1098 1233 1128 Sancto.
1258 1097 1391 1134 Quarto,

326 1147 416 1187 quod
439 1147 616 1186 ingenitum
642 1145 674 1175 in
697 1154 810 1184 genere
833 1144 978 1184 principii
1002 1141 1207 1183 personaliter
1230 1140 1321 1177 dicti,
1346 1147 1394 1171 est

325 1190 493 1231 proprium
515 1189 608 1220 Patri.
633 1189 675 1219 Et
696 1189 730 1219 in
753 1188 801 1218 his
825 1194 964 1229 quatuor
986 1186 1222 1227 acceptionibus
1245 1185 1278 1226 ly
1299 1186 1392 1226 geni-

326 1241 393 1266 tum
418 1234 553 1265 sumitur
569 1233 705 1274 proprie.
731 1232 864 1270 Quinto,
885 1232 974 1273 quod
997 1232 1030 1262 in
1054 1240 1167 1271 genere
1190 1229 1234 1260 rei
1258 1229 1391 1265 divinae,

326 1279 483 1310 sumendo
507 1278 540 1319 ly
561 1279 706 1319 genitum
727 1276 947 1312 communiter,
969 1277 1147 1318 ingenitum
1165 1281 1211 1305 est
1227 1273 1393 1314 proprium

325 1323 422 1354 Patri:
443 1323 597 1364 quoniam
613 1322 700 1352 solus
716 1321 804 1352 nullo
822 1321 921 1351 modo
938 1327 985 1351 est
1000 1321 1038 1351 ab
1055 1320 1134 1356 alio;
1155 1318 1288 1349 essentia
1303 1327 1392 1348 nam-

326 1377 398 1408 que,
424 1367 480 1398 etsi
504 1377 570 1397 non
594 1365 785 1407 simpliciter,
810 1371 917 1396 tamen
933 1364 1017 1395 utin
1033 1364 1115 1395 Filio
1132 1370 1162 1395 et
1178 1362 1296 1403 Spiritu
1316 1362 1393 1393 San—

327 1419 388 1447 cto,
414 1418 459 1442 est
482 1422 500 1441 a
523 1412 622 1442 Patre.

384 1456 437 1486 IV.
463 1456 498 1486 In
522 1455 729 1495 responsione
756 1454 796 1484 ad
824 1460 995 1494 quartum,
1026 1453 1150 1483 adverte
1180 1451 1269 1492 quod
1291 1450 1392 1481 littera

327 1500 404 1530 duas
428 1499 564 1540 assignat
593 1499 729 1530 rationes
759 1507 856 1539 quare
880 1508 947 1528 non
970 1503 1105 1538 possunt
1133 1505 1200 1526 esse
1222 1495 1255 1525 in
1279 1494 1392 1525 divinis

981 270 1248 316 QUAESTIO
1277 270 1457 317 XXXIII,
1487 271 1785 309 ARTICULUS
1815 273 1867 309 IV

1448 350 1529 380 duae
1545 360 1698 390 personae
1712 351 1882 391 ingenitae;
1902 351 1988 382 iuxta
2002 351 2082 382 illud
2097 351 2219 388 Hilarii,
2236 362 2307 383 cum
2326 362 2410 383 unus
2424 353 2517 384 Deus

1447 395 1508 432 sit,
1533 395 1597 425 duo
1626 395 1829 427 innascibiles
1857 405 1925 427 esse
1948 406 2011 426 non
2034 401 2187 436 possunt,
2213 396 2368 427 unitatem
2392 396 2515 427 divinae

1449 445 1578 469 naturae
1602 439 1787 479 assignantis
1803 450 1861 480 pro
1879 450 1972 471 causa
1996 440 2123 470 unitatis
2145 450 2298 480 personae
2313 440 2514 471 innascibilis.

1447 482 1488 513 Et
1503 483 1605 523 prima
1629 483 1759 524 quidem
1783 484 1932 515 deductio
1951 484 2070 515 litterae
2086 490 2141 520 est,
2159 483 2234 524 quia
2250 484 2283 514 in
2299 484 2389 514 omni
2404 491 2516 515 natura

1447 533 1575 566 oportet
1597 537 1716 567 ponere
1739 538 1843 558 unum
1866 528 2023 568 primum:
2049 538 2084 558 ac
2104 538 2160 568 per
2174 528 2246 564 hoc,
2263 528 2289 558 si
2304 528 2394 568 plura
2413 528 2516 568 prima

1447 577 1537 607 sunt,
1562 571 1669 611 plures
1699 578 1829 603 naturae
1853 579 1955 604 erunt.
1970 590 1991 595 —
2009 572 2154 603 Secunda
2177 579 2224 603 est
2246 571 2338 613 quia,
2362 572 2388 602 si
2412 579 2516 603 essent

1447 615 1513 645 duo
1528 615 1737 653 innascibiles,
1751 617 2018 657 distinguerentur
2033 616 2210 647 diversitate
2224 623 2423 647 naturarum:
2439 616 2515 657 quia

1446 669 1512 689 non
1536 660 1740 691 relationibus
1764 661 1894 701 originis
1918 660 2093 702 oppositis;
2125 667 2236 691 neuter
2263 660 2349 691 enim
2372 667 2453 691 esset
2475 661 2513 691 ab

1446 702 1555 740 altero,
1580 710 1637 734 aut
1657 704 1730 735 alio.

1506 747 1542 778 V.
1567 747 1783 779 Veruntamen
1810 749 1938 786 Scotus,
1962 749 1996 780 in
2019 749 2046 786 1,
2071 749 2141 780 dist.
2166 759 2204 785 11,
2229 758 2283 789 qu.
2304 758 2338 784 v,
2362 747 2444 779 hanc
2467 757 2514 778 se-

1447 791 1585 821 cundam
1607 792 1765 822 rationem
1787 793 2001 833 reprehendit,
2026 803 2065 823 eo
2089 793 2179 834 quod
2202 792 2346 823 medium
2373 802 2440 823 non
2468 798 2515 823 est

1446 834 1553 865 notius
1583 836 1805 867 conclusione:
1837 837 1892 877 qui
1925 837 2011 868 enim
2040 837 2147 878 plures
2177 847 2328 878 personas
2360 836 2514 877 ingenitas

1447 885 1597 919 poneret,
1629 890 1697 910 non
1727 881 1912 912 concederet
1941 891 1993 911 eas
2016 881 2220 912 relationibus
2244 881 2374 922 originis
2405 880 2514 912 distin-

1446 923 1512 963 gui.
1545 923 1586 955 Et
1617 923 1756 955 Hilarius
1789 924 1920 966 quidem
1933 948 1941 962 ,
1974 925 2096 966 inquit,
2132 925 2195 956 hoc
2227 925 2319 962 dicit,
2353 925 2409 956 sed
2446 935 2513 955 non

1446 968 1569 1008 probat.

1502 1011 1565 1043 Sed
1587 1022 1619 1043 re
1641 1022 1715 1043 vera
1737 1018 1803 1043 tam
1826 1012 1938 1043 Hilarii
1954 1012 2043 1049 ratio,
2068 1022 2166 1053 quam
2188 1012 2272 1044 illius
2291 1013 2324 1043 in
2339 1013 2441 1044 littera
2459 1013 2513 1043 de-

1447 1056 1565 1093 ductio,
1584 1066 1650 1087 non
1666 1056 1774 1087 solum
1789 1057 1991 1094 rationabilis,
2009 1057 2064 1087 sed
2079 1057 2251 1087 necessaria
2270 1063 2325 1088 est.
2350 1056 2513 1094 Quoniam

1447 1107 1502 1131 aut
1517 1101 1550 1131 in
1566 1101 1680 1132 divinis
1698 1111 1765 1131 non
1784 1107 1830 1132 est
1844 1110 2053 1142 personarum
2076 1100 2246 1137 distinctio,
2265 1107 2302 1131 ut
2317 1101 2426 1132 dicunt
2444 1100 2513 1141 phi-

1446 1145 1590 1186 losophi:
1617 1152 1647 1176 et
1665 1145 1709 1176 sic
1725 1155 1790 1176 una
1805 1152 1930 1176 tantum
1952 1155 2089 1186 persona
2111 1151 2158 1175 est
2179 1144 2327 1185 ingenita.
2351 1146 2418 1176 Aut
2439 1143 2514 1176 sunt

1447 1199 1508 1222 tres
1532 1200 1696 1231 personae,
1720 1197 1756 1221 ut
1779 1189 1857 1220 fides
1881 1189 2035 1220 catholica
2057 1190 2164 1220 docet:
2189 1195 2220 1220 et
2240 1189 2293 1225 sic,
2310 1198 2385 1219 cum
2409 1188 2513 1220 distin-

1448 1235 1511 1267 ctio
1535 1245 1591 1276 per
1614 1234 1759 1265 absoluta
1774 1244 1840 1264 non
1859 1234 1899 1264 sit
1916 1233 2130 1273 intelligibilis,
2155 1239 2249 1264 restat
2271 1233 2361 1274 quod
2384 1242 2441 1273 per
2463 1242 2513 1263 or-
2533 1259 2535 1261 .

1448 1280 1556 1310 dinem
1571 1285 1696 1310 tantum
1715 1278 1844 1318 originis
1861 1288 1928 1308 esse
1944 1277 2054 1318 possit.
2079 1277 2172 1308 Unde
2188 1277 2332 1308 medium
2346 1276 2452 1308 notius
2468 1282 2515 1307 est

1449 1324 1670 1355 conclusione:
1695 1322 1776 1353 sicut
1799 1322 1906 1353 notius
1926 1329 1972 1353 est
1990 1331 2057 1352 non
2073 1331 2167 1362 posse
2186 1331 2253 1352 esse
2276 1320 2512 1352 distinctionem

1447 1368 1564 1399 realem
1587 1377 1798 1408 personarum
1825 1367 1858 1397 in
1886 1366 2040 1397 absolutis
2064 1366 2184 1406 absque
2208 1365 2384 1396 diversitate
2413 1364 2514 1405 perfe-

1447 1412 1569 1443 ctionis.
1594 1412 1657 1443 Sed
1680 1411 1804 1447 Scotus‚
1824 1417 1911 1441 actus
1928 1417 2081 1451 concepta
2103 1409 2260 1450 passione,
2278 1419 2376 1450 quam
2392 1418 2514 1450 expres-

1447 1467 1539 1487 surus
1559 1463 1623 1487 erat
1645 1455 1678 1486 in
1700 1466 1772 1486 xxvr
1789 1455 1860 1486 dist.
1877 1455 2029 1492 eiusdem,
2053 1454 2130 1485 haec
2154 1453 2266 1485 dixisse
2284 1453 2426 1485 videtur:
2451 1463 2515 1495 qua
2543 1475 2553 1486 .

1448 1501 1485 1531 de
1509 1511 1542 1531 re
1564 1499 1695 1531 inferius
1711 1497 1726 1515 *
1750 1499 1807 1530 erit
1830 1509 1946 1530 sermo.

2541 1501 2566 1524 In
2593 1477 2754 1524 maffia,
