2522 3970
2363 213 2398 238 XI

184 285 539 328 emendationum
562 286 727 328 Donati
760 286 905 341 plures
928 286 1179 340 probamus,
1206 298 1369 339 easque
1391 284 1672 339 suscipimus,
1707 284 1743 325 si
1767 290 1911 326 tamen
1939 299 1965 325 a
1987 285 2145 326 nostris
2175 284 2398 325 codicibus

183 349 317 390 fidem
341 350 403 390 eis
434 349 651 390 conciliari
674 348 1052 404 deprehendimus.
1090 348 1202 389 Cum
1227 347 1342 388 enim
1366 347 1434 388 ille
1458 348 1599 388 nullos
1624 347 1798 388 codices
1822 348 2048 397 notaverit,
2072 361 2231 403 anceps
2255 353 2399 388 manet

183 412 320 453 lector
341 426 396 453 an
421 411 667 453 emendatio
691 411 932 452 auctoritati
957 411 1158 452 codicum
1194 410 1412 458 innitatur,
1447 424 1502 451 an
1526 423 1581 451 ex
1603 410 1701 451 solo
1726 410 1979 451 correctoris
2003 410 2179 466 ingenio
2203 409 2396 465 prodeat.

310 476 420 516 Post
451 487 503 516 ea
537 487 650 528 quae
684 474 892 515 hactenus
916 474 970 514 de
994 473 1203 515 Summae
1226 473 1526 529 Theologicae
1564 472 1828 514 editionibus
1852 472 2151 522 delibavimus,
2178 473 2399 514 mirabitur

183 550 316 579 nemo
351 537 472 592 quod
505 536 585 577 viri
620 536 759 586 docti,
795 543 837 577 et
871 536 913 577 in
947 542 1038 577 arte
1073 535 1215 577 critica
1248 535 1394 590 periti,
1430 549 1518 577 non
1560 549 1719 590 operae
1754 535 2057 590 dispendium,
2101 535 2180 577 sed
2214 535 2397 590 pretium

185 599 326 656 magis
359 600 548 640 facturos
581 612 630 640 se
663 598 874 648 duxerint,
909 599 945 640 si
969 612 1093 640 curas
1127 598 1408 653 studiumque
1441 612 1570 639 suum
1604 599 1757 639 iterum
1791 611 1841 639 ac
1875 598 2000 639 tertio
2036 597 2334 653 impenderent
2355 598 2398 638 in

185 661 346 703 eximio
380 674 512 716 opere
545 661 920 717 recognoscendo,
956 667 999 703 et
1030 661 1146 717 typis
1179 661 1418 702 accuratius
1453 660 1710 702 excudendo
1746 660 1818 716 (1).

246 734 253 741 ·
310 724 496 765 Ioannes
514 724 696 774 Nicolai,
715 724 782 765 vir
799 724 1041 766 eruditione
1060 723 1333 773 clarissimus,
1347 724 1458 765 sicut
1474 724 1556 764 alia
1572 724 1779 779 pleraque
1797 723 1932 764 sancti
1952 724 2159 765 Doctoris
2179 736 2312 778 opera
2324 722 2396 778 (2),

183 786 243 828 ita
266 786 494 828 Summam
517 786 835 843 Theologicam
859 787 901 828 in
925 787 1074 842 primis
1098 787 1227 828 docta
1251 793 1293 828 et
1315 786 1535 827 laboriosa
1557 786 1766 827 industria
1789 785 2104 840 expohendam,
2137 785 2397 827 ornandam-

185 861 272 904 que
306 849 471 890 curavit
504 848 577 904 (3).
619 866 634 886 ‹
658 849 793 903 Quod
817 850 1004 891 maxime
1029 850 1070 891 in
1093 850 1210 891 votis
1233 849 1337 891 mihi
1361 855 1452 890 erat
1475 867 1509 897 ›,
1544 849 1606 890 sic
1629 849 1722 903 ipse
1744 849 1969 903 praefatur,
2012 866 2027 885 a<
2051 855 2098 890 ut
2119 862 2222 904 prae
2247 848 2397 889 ceteris

184 911 387 967 Angelici
410 911 618 953 Doctoris
653 912 871 967 operibus,
906 913 1016 954 hanc
1049 912 1326 968 praecipuam
1349 911 1426 953 tibi
1450 917 1627 967 partem,
1652 911 1818 952 sincere
1841 911 1986 960 lector,
2021 912 2091 953 vel
2115 918 2398 967 expurgatam

183 974 436 1023 accuratius,
460 974 532 1015 vel
555 974 724 1029 planius
759 975 987 1031 digestam,
1022 975 1092 1016 vel
1128 981 1324 1016 ornatam
1358 974 1598 1015 studiosius
1633 974 1895 1022 exhiberem,
1931 988 2044 1015 nunc
2076 974 2264 1023 tandem,
2289 974 2399 1015 inter

183 1049 379 1078 summas
414 1036 708 1087 difficultates,
755 1051 868 1092 quae
902 1037 1182 1092 quantumvis
1216 1049 1450 1092 properare
1484 1043 1708 1092 optantem
1742 1036 2030 1086 retardarunt,
2073 1042 2242 1092 praeter
2274 1050 2397 1091 spem

183 1099 272 1140 fere
305 1112 449 1140 meam
483 1105 527 1140 et
559 1100 918 1155 expectationem,
954 1100 1103 1155 quoad
1136 1099 1271 1148 licuit,
1306 1100 1530 1154 auspicato
1566 1100 1775 1155 perfeci.»
1816 1100 2041 1155 Exemplis
2076 1099 2233 1141 deinde
2268 1099 2396 1148 datis,

183 1168 441 1217 praemonet
473 1162 680 1204 lectorem
714 1162 820 1217 quid
853 1177 880 1203 a
911 1175 959 1203 se
1006 1179 1021 1199 ι
1045 1162 1298 1217 praestitum
1332 1163 1590 1218 generatim,
1626 1162 1732 1217 quid
1767 1162 2045 1204 emendatum
2080 1162 2122 1203 in
2157 1162 2395 1217 depravato

183 1230 322 1274 textu,
353 1224 459 1280 quid
493 1225 736 1266 restitutum
770 1225 812 1266 in
846 1230 1056 1274 truncato,
1091 1224 1197 1279 quid
1231 1224 1500 1265 interiectum
1534 1238 1589 1266 ex
1622 1224 1903 1280 marginibus,
1940 1225 2045 1279 quid
2077 1224 2133 1265 ad
2156 1224 2397 1280 marginem

183 1287 400 1328 adiectum
434 1287 500 1328 sit.
525 1305 540 1324 ›
570 1311 590 1318 -
611 1287 787 1328 Nemini
822 1286 1004 1329 dubium
1039 1287 1143 1342 quin
1177 1282 1409 1342 plurimum
1443 1287 1747 1328 allaboraverit
1779 1287 2014 1336 Nicolaius,
2050 1287 2143 1328 sive
2175 1287 2217 1328 in
2242 1299 2398 1342 expur-

183 1349 332 1406 gando
351 1355 471 1390 textu
502 1368 515 1385 c
534 1363 560 1390 a
582 1349 908 1406 typographicis
925 1356 968 1391 et
989 1350 1181 1405 quadam
1200 1350 1427 1391 oculorum
1446 1350 1700 1391 excursione
1721 1349 2073 1406 contingentibus
2090 1350 2341 1404 corruptelis
2358 1369 2370 1385 ›
2388 1364 2397 1399 ;

182 1411 278 1453 sive
311 1411 355 1453 in
387 1411 677 1467 adimplendis
711 1412 899 1454 hiatibus
934 1419 977 1454 et
1009 1412 1195 1462 lacunis,
1242 1429 1257 1449 ‹
1278 1426 1398 1461 cum,
1433 1418 1610 1467 propter
1643 1425 1778 1454 voces
1817 1412 2030 1467 quasdam
2064 1412 2134 1453 vel
2168 1412 2210 1452 in
2245 1412 2398 1453 eadem

181 1474 255 1516 vel
277 1473 320 1515 in
342 1474 542 1529 proxime
563 1474 849 1530 subsequenti
883 1475 998 1517 linea
1029 1475 1244 1530 repetitas,
1280 1475 1417 1516 oculis
1440 1475 1496 1516 ab
1519 1475 1603 1516 alia
1625 1475 1668 1516 in
1691 1475 1819 1516 aliam
1841 1475 1963 1516 facile
1997 1475 2396 1524 transcurrentibus,

183 1549 299 1578 nunc
331 1536 488 1578 lineam
522 1537 748 1594 integram,
783 1552 897 1579 nunc
930 1538 1120 1593 aliquam
1145 1538 1256 1579 illius
1286 1543 1453 1593 partem
1475 1538 1755 1593 praetercurri
1784 1551 1835 1579 ac
1859 1537 2056 1579 excidere
2081 1538 2335 1594 contigisset
2357 1552 2397 1587 »;

182 1599 278 1641 sive
311 1598 488 1641 demum
511 1600 555 1641 in
579 1601 882 1657 expungendis
919 1601 1012 1642 aliis
1036 1601 1288 1649 defectibus,
1319 1600 1627 1655 undecumque
1650 1600 1731 1656 ipsi
1765 1601 2046 1649 manaverint,
2071 1601 2144 1655 qui
2169 1606 2242 1641 aut
2264 1601 2397 1641 lecto-

182 1674 276 1704 rem
308 1675 571 1717 suspensum
605 1677 654 1704 ac
689 1663 871 1705 dubium
905 1670 1117 1713 tenerent,
1152 1669 1227 1705 aut
1259 1663 1530 1719 illegitimum
1564 1663 1634 1704 vel
1669 1663 1895 1704 ridiculum
1929 1677 2106 1704 sensum
2134 1663 2396 1712 inducerent,

178 1729 259 1766 aut
289 1724 540 1766 historicam
571 1725 799 1768 veritatem
832 1732 1138 1782 perverterent.
1175 1726 1267 1768 Sed
1296 1726 1339 1767 in
1363 1739 1416 1767 eo
1441 1732 1612 1767 constat
1635 1726 1727 1767 eius
1750 1726 1982 1781 praecipua
2004 1726 2109 1775 laus,
2135 1726 2256 1780 quod
2280 1726 2396 1768 Scri-

182 1792 430 1843 pturarum,
466 1788 656 1837 Patrum,
692 1789 1015 1838 Conciliorum,
1050 1789 1323 1844 aliorumque
1357 1795 1583 1830 auctorum
1617 1788 1782 1830 indices
1811 1795 1885 1830 aut
1917 1794 2195 1844 praepostere
2228 1789 2397 1844 positos

141 1842 159 1848 ³
182 1849 493 1900 reformaverit,
527 1857 603 1892 aut
634 1852 965 1906 praetermissos
999 1852 1276 1907 suppleverit.
1311 1851 1546 1893 Plurimam
1577 1851 1705 1893 etiam
1728 1851 1810 1893 sibi
1835 1851 2087 1893 eruditionis
2110 1851 2269 1892 sarnam
2293 1865 2397 1892 con-

183 1912 360 1962 ciliavit,
396 1912 501 1954 dum
535 1913 727 1954 cuiusvis
760 1914 934 1970 generis
968 1914 1083 1955 notis
1117 1915 1160 1955 in
1204 1914 1400 1970 margine
1433 1914 1644 1969 appositis
1679 1914 1914 1956 editionem
1945 1928 2069 1956 suam
2103 1914 2328 1968 illustravit
2356 1921 2399 1955 et

182 1975 313 2016 auxit.
333 1999 353 2006 -
376 1975 593 2024 Ceterum,
626 1975 682 2017 ad
715 1982 859 2018 textus
893 1977 1243 2018 reformationem
1278 1976 1400 2031 quod
1433 1977 1600 2027 attinet,
1636 1982 1684 2018 ut
1715 1976 1960 2031 plurimum,
1996 1983 2070 2018 aut
2102 1976 2278 2033 ingenio
2313 1991 2395 2018 suo

182 2037 377 2086 indulsit,
412 2044 487 2079 aut
518 2038 724 2087 aliorum,
759 2039 1059 2081 Duacensium
1091 2039 1344 2095 praesertim
1383 2045 1425 2080 et
1457 2039 1818 2088 Lovaniensium,
1854 2039 2077 2080 laboribus
2111 2053 2216 2080 usus
2251 2045 2326 2089 est,
2351 2045 2399 2080 ut

182 2099 226 2141 in
259 2100 532 2141 Praefatione
566 2100 659 2156 ipse
692 2101 868 2150 indicat,
904 2108 947 2143 et
979 2102 1083 2143 satis
1118 2115 1173 2143 ex
1206 2102 1320 2143 notis
1364 2102 1590 2158 colligitur.
1636 2102 1771 2144 Aliud
1814 2102 1942 2143 etiam
1976 2115 2057 2143 suo
2102 2102 2222 2157 operi
2268 2116 2396 2143 orna-

182 2167 376 2204 mentum
410 2163 676 2212 accessisset,
711 2163 747 2204 si
782 2178 914 2219 quam
948 2165 1096 2220 posuit
1128 2164 1396 2221 diligentiam
1431 2164 1473 2205 in
1507 2164 1782 2206 restituendis
1818 2164 2030 2206 indicibus
2053 2165 2249 2206 locorum
2284 2178 2396 2219 quae

182 2237 239 2267 ex
260 2224 352 2266 aliis
386 2225 636 2267 auctoribus
671 2226 848 2268 adducit
879 2241 913 2269 s.
937 2227 1150 2276 Thomas,
1186 2227 1369 2268 eandem
1403 2226 1675 2268 adhibuisset
1707 2227 1750 2268 in
1774 2227 2013 2268 accuratius
2036 2227 2238 2268 notandis
2263 2227 2396 2282 ipsius

182 2287 393 2330 Summae
426 2288 546 2338 locis,
581 2288 637 2330 ad
672 2302 786 2344 quae
818 2303 867 2331 se
900 2290 1027 2331 refert
1059 2290 1300 2346 Angelicus
1335 2289 1408 2344 (4).

308 2350 513 2392 Manibus
546 2351 734 2406 plurium
767 2355 973 2402 teruntur,
997 2366 1048 2394 ac
1071 2366 1234 2409 magno
1269 2352 1311 2394 in
1345 2352 1484 2407 pretio
1518 2352 1732 2393 habentur
1763 2352 1999 2394 Patavinae
2024 2352 2237 2393 editiones
2262 2352 2394 2394 duae:

181 2412 315 2454 altera
353 2412 455 2454 anni
496 2415 635 2467 1698,
681 2414 875 2470 quinque
911 2415 1211 2457 voluminibus
1249 2415 1292 2456 in
1325 2415 1430 2456 folio
1475 2415 1810 2470 comprehensa,
1847 2421 1890 2456 et
1924 2415 2165 2456 Cardinalis
2201 2415 2395 2456 Caietani

183 2475 519 2517 Commentariis
552 2482 700 2526 aucta;
735 2477 868 2519 altera
905 2478 1006 2519 anni
1046 2490 1174 2532 1712,
1210 2477 1304 2519 sine
1328 2478 1676 2527 Commentariis,
1712 2478 1754 2519 in
1789 2477 2020 2519 duodecim
2056 2477 2283 2519 distributa
2314 2492 2396 2519 vo-
2438 2472 2442 2475 ’

181 2537 345 2579 lumina
377 2538 421 2579 in
461 2540 555 2588 12⁰,
589 2546 637 2580 ut
668 2539 799 2582 aiunt.
840 2540 923 2582 His
955 2541 1103 2582 verbis
1138 2541 1179 2582 in
1212 2540 1485 2582 Praefatione
1517 2540 1574 2581 ad
1607 2540 1810 2595 primam,
1845 2540 2052 2582 lectorem
2075 2540 2307 2595 alloquitur
2328 2547 2395 2595 ty-

181 2600 456 2656 pographus:
498 2619 514 2638 ‹
537 2601 684 2643 Primo
719 2602 830 2644 scias
865 2603 1000 2645 multa
1032 2618 1059 2644 a
1092 2603 1220 2645 nobis
1255 2603 1517 2658 exemplaria
1548 2615 1645 2644 esse
1678 2603 1874 2653 collecta,
1910 2608 1957 2644 ut
1990 2616 2102 2658 quae
2137 2603 2179 2644 in
2213 2603 2396 2659 singulis

183 2661 379 2717 dispersa
411 2670 687 2706 venustatem
720 2665 911 2720 aliquam
944 2666 1127 2722 singulis
1161 2665 1426 2707 editionibus
1469 2665 1688 2715 afferrent,
1725 2679 1776 2707 ea
1809 2665 1851 2706 in
1885 2665 1995 2706 hanc
2034 2671 2227 2707 nostram
2267 2666 2394 2707 simul

182 2725 340 2766 collata
383 2725 608 2776 universa,
653 2727 768 2769 illam
812 2741 916 2783 prae
959 2729 1110 2770 ceteris
1154 2728 1429 2769 illustriorem
1468 2727 1699 2769 redderent
1740 2734 1871 2782 atque
1911 2728 2185 2769 ornatiorem.
2222 2729 2396 2770 Deinde

181 2786 287 2829 illud
311 2787 495 2829 candide
526 2789 790 2843 profitemur,
820 2796 988 2832 tantum
1011 2804 1092 2832 nos
1116 2791 1159 2832 in
1184 2790 1402 2832 erroribus
1427 2790 1695 2846 corrigendis
1719 2804 1878 2846 operae
1912 2804 1961 2831 ac
1996 2791 2158 2832 laboris
2180 2791 2392 2845 posuisse,

182 2855 394 2904 quantum
427 2851 482 2891 ab
516 2851 694 2894 homine
727 2866 843 2894 navo
868 2860 911 2894 et
933 2853 1144 2895 industrio
1179 2853 1319 2895 afferri
1353 2859 1554 2908 potest...
1578 2853 1688 2894 Illud
1711 2859 1825 2895 certe
1847 2853 1940 2895 sine
1963 2853 2247 2895 haesitatione
2281 2854 2394 2894 affir-

181 2925 375 2962 mamus,
411 2913 604 2968 datoque
636 2915 751 2956 vade
783 2915 1058 2970 pollicemur,
1094 2916 1230 2957 multo
1265 2916 1308 2957 in
1343 2916 1422 2956 hac
1457 2915 1647 2957 editione
1681 2922 1830 2958 nostra
1865 2916 2006 2957 futura
2044 2916 2248 2971 pauciora
2282 2930 2394 2971 quae

182 2974 386 3031 corrigas,
422 2989 555 3030 quarn
588 2976 631 3017 in
665 2978 894 3032 quibusvis
928 2979 998 3019 vel
1032 2978 1272 3035 peregrinis
1306 2978 1622 3019 editionibus.»

307 3037 411 3079 Non
444 3038 614 3080 minora
637 3039 692 3081 de
714 3041 942 3095 posteriori
965 3041 1177 3082 Patavina
1199 3041 1389 3082 editione
1411 3040 1637 3095 pollicetur
1658 3040 1971 3097 typographus.
2014 3060 2027 3076 ‹
2048 3040 2096 3082 Si
2120 3040 2332 3081 internum
2358 3059 2392 3090 »,

243 3257 284 3292 (1)
306 3256 476 3285 Laudamur
496 3258 552 3286 hac
572 3257 603 3286 in
624 3267 655 3286 re
670 3258 796 3296 suscepti
809 3259 925 3288 labores
939 3268 957 3287 a
971 3259 1147 3296 quibusdam
1161 3260 1260 3288 Theo-
1377 3260 1419 3295 (4)
1441 3260 1562 3295 Romae,
1585 3268 1664 3288 anno
1686 3261 1771 3295 1666,
1788 3260 1960 3297 prodierunt
1974 3260 2124 3298 Reginaldi
2146 3262 2290 3298 Lucarini,
2313 3263 2392 3291 Sacri

180 3296 255 3334 logis
267 3297 498 3326 Lovaniensibus
509 3304 538 3326 et
548 3298 761 3334 Duacensibus,
773 3308 900 3336 quorum
915 3299 1031 3328 criticae
1042 3300 1262 3328 observationes
1315 3299 1417 3328 Palatii
1437 3299 1601 3336 Apostolici
1622 3300 1760 3337 Magistri,
1775 3301 2054 3329 Animadversiones
2074 3302 2216 3338 quaedam
2235 3303 2264 3330 in
2280 3308 2392 3331 textum

181 3337 262 3365 circa
283 3336 412 3365 litteram
434 3338 496 3365 divi
522 3338 650 3367 nomae
676 3339 773 3376 plures
794 3348 914 3368 recusae
936 3346 1012 3368 sunt.
1027 3356 1047 3360 —
1061 3340 1104 3368 Cf.
1121 3341 1261 3369 Summae
1316 3349 1438 3378 operum
1460 3340 1554 3368 sancti
1574 3340 1711 3374 Tkomae,
1734 3350 1807 3378 quas
1829 3350 1883 3369 suo
1899 3341 2035 3369 Manuali
2054 3341 2298 3371 Thomisticarum
2317 3344 2391 3371 Con-

180 3376 378 3414 Theologicae
399 3377 541 3406 editiones
563 3379 652 3408 Paris.
675 3380 761 3416 1617,
787 3380 871 3416 1638,
898 3380 990 3416 1648;
1013 3380 1147 3418 Lugdun.
1174 3381 1259 3416 1663,
1316 3379 1530 3408 troversiarum
1557 3380 1697 3408 adiunxit.
1722 3392 1737 3406 «
1755 3382 1798 3408 Ea
1819 3380 1884 3409 loca
1903 3392 1932 3416 ι,
1955 3381 2049 3418 inquit
2073 3382 2186 3410 Auctor
2210 3382 2240 3410 in
2262 3383 2392 3419 Epistola

185 3418 270 3454 1677,
297 3417 381 3444 1686.
1315 3421 1352 3448 ad
1374 3421 1543 3455 Lectorem,
1568 3431 1583 3446 α
1601 3430 1676 3457 quae
1702 3420 1774 3448 mihi
1800 3428 1989 3449 occurrerunt
2014 3421 2044 3449 in
2071 3422 2207 3458 Summa,
2236 3423 2391 3460 praecipue

243 3458 284 3493 (2)
306 3458 387 3484 Haec
415 3456 472 3485 alia
497 3467 519 3486 s.
541 3459 676 3487 Thomae
703 3469 792 3496 opera
814 3460 927 3488 edenda
952 3460 1077 3488 curavit:
1104 3461 1260 3499 Expositio
1314 3459 1515 3496 impressionis
1536 3461 1680 3496 Venetae,
1703 3461 1782 3497 apud
1803 3461 1992 3489 Dominicum
2018 3461 2198 3498 Nicolinum,
2220 3463 2289 3491 anni
2316 3464 2391 3499 1564

181 3497 318 3525 continua
343 3506 434 3535 super
459 3502 583 3534 quatuor
603 3499 830 3538 Evangelistas;
859 3500 1077 3528 Commentaria
1103 3501 1131 3528 in
1157 3501 1207 3529 IV
1224 3501 1259 3528 Ιί-
1315 3501 1394 3539 (lege
1420 3500 1517 3536 1593),
1533 3510 1591 3537 qua
1605 3507 1680 3536 utor,
1696 3501 1741 3529 vel
1755 3501 1942 3538 corrigenda,
1963 3501 2008 3529 vel
2030 3502 2208 3538 supplenda,
2229 3503 2275 3532 vel
2295 3504 2390 3532 variae

182 3537 252 3565 bros
266 3537 499 3570 Sententiarum
523 3538 715 3572 Quaestiones
741 3541 975 3575 Quodlibetales;
996 3541 1215 3577 Commentaria
1229 3541 1258 3569 in
1314 3540 1446 3568 lectionis
1473 3541 1551 3577 apud
1573 3541 1733 3577 sapientes,
1756 3540 1786 3569 in
1809 3551 1907 3569 meum
1934 3543 2126 3570 commodum
2152 3543 2339 3580 colligebam:
2362 3550 2390 3572 et

181 3586 283 3605 omnes
302 3577 452 3615 Epistolas
473 3576 535 3604 divi
556 3578 652 3607 Pauli.
1315 3581 1386 3609 haec
1414 3587 1481 3608 sunt
1508 3589 1584 3618 quae
1609 3581 1640 3609 in
1662 3581 1794 3618 sequenti
1820 3581 1917 3610 libello
1943 3581 2008 3618 tibi,
2035 3582 2138 3618 lector,
2161 3584 2235 3612 bene
2256 3593 2390 3612 commu-

242 3617 284 3654 (3)
306 3617 417 3646 Prodiit
439 3617 500 3645 eius
521 3617 610 3646 editio
631 3619 756 3655 Parisiis,
783 3620 867 3648 1663.
1314 3621 1390 3649 nico.
1410 3632 1425 3646 »
