2522 3970
198 245 220 270 X

201 319 442 356 constanter
474 310 769 358 adhaesimus;
805 313 846 349 et
878 306 931 347 ab
967 304 1167 347 omnibus
1201 301 1524 344 adhaerendum
1559 314 1656 342 esse
1691 315 1780 343 non
1815 301 2088 351 dubitamus,
2125 304 2199 358 qui
2235 304 2394 353 nolint,

199 377 296 417 loco
332 374 615 422 correctionis,
651 385 787 412 novas
822 368 1115 423 corruptiones
1149 366 1356 422 ingerere.
1391 365 1452 406 At
1486 364 1607 419 quod
1641 363 1697 405 ad
1731 378 1837 405 suos
1872 363 2192 420 manuscriptos
2219 366 2394 408 codices

199 445 298 480 tunc
333 438 506 479 demum
540 435 804 490 confugeret,
839 431 1013 487 quando
1048 429 1207 484 aliquid
1246 428 1498 470 occurrebat
1541 426 1663 482 quod
1706 426 1964 476 obscurum,
2007 427 2162 468 falsum
2197 434 2272 469 aut
2305 429 2394 470 dis-

198 514 354 542 sonum
387 500 441 540 ab
476 497 703 553 Aquinatis
737 495 909 552 ingenio
943 493 1180 542 videbatur,
1214 492 1298 533 hoc
1332 496 1445 532 certe
1471 490 1656 545 probare
1692 503 1780 530 non
1814 503 2063 544 possumus
2105 491 2172 531 Ea
2205 504 2394 546 namque

199 563 324 604 nobis
367 561 522 603 insidet
555 560 843 630 experimento
883 558 1048 598 firmata
1082 555 1250 611 opini0,
1287 553 1458 595 codices
1504 552 1784 608 quantumvis
1819 552 2010 622 optimos
2041 567 2130 594 non
2165 566 2298 609 posse
2337 553 2394 594 ad

198 631 437 666 accuratam
471 623 658 664 cuiusvis
693 621 833 677 operis
867 619 1161 661 recensionem
1195 617 1375 658 multum
1409 615 1590 657 subsidii
1624 621 1855 671 praestare,
1883 615 1965 656 nisi
1998 629 2024 656 a
2058 615 2197 671 capite
2227 615 2283 656 ad
2307 615 2393 656 cal-

199 701 307 736 cem,
342 693 388 727 ut
422 686 587 734 dicitur,
623 685 781 725 intenta
814 688 954 724 mente
988 689 1029 723 et
1061 681 1196 722 oculis
1231 679 1491 721 examussim
1525 678 1843 734 perlustrentur.

320 749 532 803 Exemplo
569 747 746 788 Garciae
787 745 953 787 excitati
995 745 1062 785 alii
1105 742 1489 799 praeclarissimum
1524 755 1635 796 opus
1681 740 1958 782 ulterioribus
1993 740 2105 781 curis
2144 741 2392 782 emaculan-

198 811 300 852 dum
334 816 624 865 susceperunt.
668 810 764 850 Hos
799 809 906 849 inter
947 807 1127 848 occurrit
1165 806 1349 847 Cosmas
1383 805 1605 853 Morelles,
1653 804 1726 859 qui
1771 816 1935 844 novam
1977 803 2174 844 omnium
2207 816 2390 858 operum

196 873 438 914 s.Thomae
474 872 707 913 editionem
741 870 967 912 adornavit
988 869 1281 925 vulgavitque,
1307 867 1584 923 Antuerpiae,
1620 880 1734 907 anno
1766 869 1894 908 1612.
1937 884 1951 902 ‹<
1976 865 2050 907 Ad
2085 865 2392 922 corrigendum

195 949 299 976 vero
335 935 539 976 Summae
573 934 842 989 Theologiae
875 933 970 973 loca
992 932 1171 987 plurima
1195 949 1232 980 »,
1258 931 1395 985 inquit
1417 931 1507 985 ipse
1531 930 1573 970 in
1597 929 1879 978 Praefatione,
1912 947 1926 965 ⁶<
1953 928 2156 970 excitavit
2185 941 2255 969 me
2279 928 2390 969 Cor-

195 997 423 1038 rectorium
457 997 661 1037 industrie
695 996 962 1037 elaboratum
995 1001 1123 1049 atque
1157 993 1317 1034 editum
1351 1007 1376 1033 a
1408 992 1616 1047 perdocto
1646 992 1741 1033 viro
1775 992 1901 1033 fratre
1936 991 2170 1032 Francisco
2211 990 2389 1040 Garcia,

195 1059 416 1114 quondam
460 1058 574 1113 apud
616 1060 962 1099 Tarraconenses
1011 1057 1183 1112 publico
1230 1055 1501 1111 Theologiae
1548 1055 1827 1104 Prosessore,
1877 1060 1919 1095 et
1961 1060 2115 1109 postea
2163 1053 2390 1094 Valentiae

196 1121 418 1182 Gymnasii
441 1120 743 1162 Praedicatorii
768 1120 978 1176 Regente.
1014 1120 1148 1160 Cuius
1181 1118 1261 1159 viri
1295 1117 1615 1166 correctionem,
1641 1117 1719 1158 etsi
1753 1131 1841 1158 non
1875 1117 1918 1158 in
1953 1117 2158 1158 omnibus
2191 1116 2300 1157 locis
2333 1116 2389 1157 ab

194 1184 288 1238 ipso
325 1183 575 1239 designatis,
611 1197 688 1238 pro
723 1183 873 1223 maiori
913 1188 1056 1223 tamen
1095 1187 1214 1236 parte
1249 1181 1290 1221 in
1323 1180 1715 1235 principalioribus,
1757 1193 1855 1220 cum
1898 1179 2199 1234 manuscriptis
2242 1184 2390 1220 tamen

192 1246 407 1301 plerisque
429 1245 736 1286 vetustioribus
772 1244 1087 1299 exemplaribus
1121 1256 1360 1284 consonam
1395 1241 1707 1297 deprehendi.»
1749 1242 1957 1297 Vestigiis
1991 1255 2148 1297 nempe
2183 1241 2388 1290 Garciae,

192 1314 239 1348 ut
260 1308 500 1362 plurimum,
535 1307 682 1348 institit
704 1307 918 1347 Morelles.
955 1306 1167 1359 Quamvis
1201 1318 1307 1361 ergo
1331 1305 1553 1359 utriusque
1577 1318 1709 1360 opera
1737 1304 2004 1359 aliquantum
2037 1310 2244 1359 provecta
2265 1303 2391 1345 fuerit

193 1376 425 1411 erratorum
459 1369 723 1418 emendatio,
758 1369 892 1410 multo
926 1375 1069 1409 tamen
1102 1369 1223 1423 plura
1256 1367 1383 1408 etiam
1417 1367 1458 1408 in
1492 1368 1571 1408 hac
1605 1366 1793 1408 editione
1827 1372 2134 1416 remanserunt,
2164 1367 2207 1407 in
2229 1365 2389 1421 quibus

191 1432 461 1473 restituendis
494 1445 594 1472 suas
629 1445 750 1472 curas
784 1431 971 1472 uberiori
1006 1444 1103 1471 cum
1135 1430 1271 1471 fructu
1304 1430 1567 1484 posteriores
1602 1429 1789 1471 editores
1824 1429 2096 1470 collocarent.

315 1495 375 1535 Ut
407 1493 535 1550 igitur
567 1507 677 1548 opus
712 1493 766 1534 ad
791 1499 985 1548 optatum
1020 1493 1179 1533 exitum
1213 1492 1528 1547 perduceretur,
1565 1506 1727 1533 novam
1761 1491 1937 1533 molitus
1972 1497 2037 1532 est
2068 1490 2303 1532 editionem
2327 1490 2387 1546 (1)

193 1556 428 1612 Gregorius
462 1557 674 1604 Donatus,
709 1556 946 1604 Romanus,
981 1554 1212 1609 Hyacinthi
1246 1554 1448 1604 Petronii,
1473 1554 1594 1596 Sacri
1617 1554 1767 1596 Palatii
1791 1554 2037 1609 Apostolici
2065 1553 2276 1610 Magistri,
2301 1553 2388 1595 So-

193 1619 294 1659 cius.
329 1620 376 1659 In
410 1618 605 1673 Epistola
642 1617 697 1658 ad
728 1618 923 1658 sincerae
952 1617 1149 1658 veritatis
1180 1616 1414 1658 candidum
1447 1620 1697 1665 amatorem,
1733 1617 1840 1657 haec
1864 1616 1918 1657 de
1953 1616 2119 1657 ratione
2152 1629 2284 1670 quam
2317 1628 2387 1657 se-

192 1687 313 1721 cutus
348 1687 412 1721 est
445 1681 486 1721 in
520 1694 599 1721 sua
632 1679 820 1720 editione
853 1679 1119 1729 accuranda,
1167 1679 1373 1720 edisserit.
1424 1696 1438 1715 ι
1464 1678 1711 1734 Ipsissimae
1749 1679 1949 1735 Angelici
1984 1679 2190 1720 Auctoris
2229 1677 2385 1727 menti,

190 1749 374 1797 tuaeque
408 1742 572 1783 utilitati
607 1742 920 1783 consulendum
955 1741 1075 1791 duxi;
1111 1741 1231 1796 quod
1254 1741 1412 1782 facturn
1436 1747 1501 1782 est
1523 1741 1854 1797 castigatissima
1878 1740 2195 1782 emendatione.
2229 1740 2386 1782 Nullus

189 1805 347 1859 quippe
381 1804 520 1845 codex
552 1810 625 1845 aut
657 1810 870 1845 vetustate
905 1804 1096 1853 eximius,
1132 1809 1205 1844 aut
1234 1803 1320 1844 fide
1354 1803 1547 1859 insignis,
1582 1804 1624 1845 in
1658 1804 1788 1853 Italia,
1825 1803 1980 1853 Gallia,
2016 1803 2238 1858 Hispania,
2276 1802 2386 1844 Ger-

188 1867 415 1921 maniaque
448 1867 524 1907 fuit
555 1866 766 1916 universa,
802 1866 876 1921 qui
909 1867 1155 1907 Romanam
1182 1866 1291 1906 hanc
1313 1866 1480 1906 tertiam
1513 1866 1763 1921 plenissime
1787 1879 1875 1906 non
1898 1865 2112 1906 adiuverit
2135 1865 2383 1906 editionem.

187 1929 337 1970 Habes
368 1929 435 1970 hic
468 1942 619 1983 puram
641 1929 838 1970 Thomae
872 1934 1072 1977 mentem,
1101 1928 1168 1969 cui
1191 1927 1292 1969 nihil
1322 1934 1573 1969 extraneum
1606 1927 1858 1976 admixtum,
1895 1927 1996 1968 nihil
2021 1927 2272 1977 detractum,
2307 1940 2385 1968 au-

187 1997 398 2046 ctumque.
428 1991 689 2046 Subreptitia
711 1991 916 2031 nonnulla
940 1990 1272 2040 eliminavimus;
1308 1990 1344 2031 si
1378 2004 1466 2045 qua
1498 1989 1686 2039 deerant,
1720 1989 2000 2031 adiecimus.»
2027 2014 2046 2020 -
2065 1989 2285 2042 Quantam
2309 2003 2384 2031 co-

185 2054 298 2108 piam
331 2054 543 2094 variarum
577 2053 808 2094 lectionum
841 2052 1190 2108 suppeditassent
1224 2058 1290 2093 tot
1321 2058 1363 2093 et
1397 2058 1486 2094 tarn
1518 2052 1625 2094 varii
1660 2052 1854 2102 codices,
1895 2058 2004 2107 quot
2037 2053 2240 2094 Donatus
2283 2051 2386 2094 dicit

186 2129 308 2156 suam
342 2116 558 2157 adiuvisse
593 2115 838 2164 editionem,
874 2121 1130 2171 argumento
1166 2127 1261 2156 esse
1295 2120 1480 2169 possunt
1500 2115 1571 2156 vel
1605 2120 1772 2169 septem
1797 2114 1970 2156 codices
1993 2114 2121 2156 unius
2144 2114 2383 2157 Vaticanae

186 2178 503 2227 Bibliothecae,
540 2191 593 2218 ex
626 2178 784 2232 quibus
818 2177 1022 2218 collectae
1056 2191 1081 2218 a
1114 2177 1241 2218 nobis
1276 2183 1317 2218 et
1350 2182 1535 2226 notatae,
1571 2177 1614 2218 in
1648 2177 1753 2218 solis
1786 2189 1893 2218 xL1x
1926 2177 2270 2232 quaestionibus,
2303 2191 2383 2219 va-

187 2240 342 2280 riantes
375 2240 580 2281 lectiones
614 2239 668 2280 ad
702 2240 822 2294 plura
855 2239 1046 2280 milliaria
1079 2245 1366 2281 numerantur.
1402 2240 1464 2280 At
1494 2240 1591 2280 loca
1624 2253 1737 2294 quae
1771 2253 1825 2280 ex
1857 2239 1947 2281 suis
1975 2239 2199 2281 codicibus
2235 2252 2382 2281 emen-

188 2301 330 2343 danda
361 2303 431 2343 vel
465 2302 725 2343 restituenda
759 2301 1039 2357 deprehendit
1060 2302 1261 2343 Donatus
1290 2302 1333 2343 in
1355 2307 1447 2343 tota
1469 2301 1662 2351 Summa,
1688 2315 1889 2357 quaeque
1912 2302 1955 2343 in
1979 2301 2188 2357 principio
2212 2302 2382 2344 Primae

187 2364 323 2405 Partis
361 2364 404 2405 in
437 2378 515 2405 sua
548 2364 736 2405 editione
759 2370 965 2418 prostant,
1000 2377 1096 2405 esse
1128 2364 1256 2405 valde
1289 2378 1438 2419 pauca,
1465 2378 1567 2419 prae
1601 2364 1707 2405 locis
1742 2364 1784 2405 in
1818 2364 1898 2405 hac
1931 2365 2158 2406 Leoniana
2191 2364 2382 2406 editione

188 2426 356 2475 notatis,
380 2426 677 2481 unusquisque
710 2426 917 2482 intelliget
950 2427 1023 2481 qui
1046 2426 1116 2467 vel
1150 2426 1367 2468 modicam
1400 2427 1628 2468 instituerit
1661 2427 2041 2482 comparationem.
2077 2427 2262 2482 Absque
2296 2427 2383 2468 ulla

189 2501 292 2544 ergo
325 2489 474 2530 iniuria
496 2489 705 2530 coniicere
738 2502 972 2543 possumus
1006 2502 1126 2530 more
1159 2489 1531 2546 typographorum
1564 2490 1757 2531 locutum
1790 2489 1922 2531 fuisse
1955 2490 2202 2531 Donatum:
2238 2502 2380 2545 neque

189 2550 301 2591 enim
335 2551 447 2592 credi
481 2557 624 2606 potest
656 2557 820 2592 tantum
854 2564 1081 2592 numerum
1104 2551 1303 2592 codicum
1327 2565 1404 2607 per
1425 2565 1472 2593 se
1494 2552 1565 2593 vel
1587 2565 1664 2607 per
1685 2552 1794 2593 alios
1819 2552 2044 2594 consulere
2066 2552 2275 2608 potuisse,
2299 2551 2381 2594 nisi

187 2612 294 2653 forte
327 2613 378 2654 iis
412 2613 617 2654 duntaxat
643 2613 686 2654 in
709 2613 825 2661 locis,
861 2614 936 2654 ubi
970 2613 1071 2654 editi
1093 2613 1353 2655 videbantur
1375 2628 1400 2655 a
1421 2627 1629 2670 germana
1651 2614 1882 2669 Aquinatis
1916 2615 2100 2656 lectione
2125 2614 2378 2656 desciscere.

187 2674 351 2716 Verum
385 2687 438 2716 ex
464 2675 534 2716 tali
569 2675 766 2716 codicum
800 2675 1065 2730 inspectione
1099 2689 1229 2731 quam
1263 2690 1422 2731 parvus
1451 2677 1611 2718 fructus
1635 2677 1778 2733 colligi
1802 2677 1940 2732 possit
1962 2691 2041 2733 pro
2064 2677 2231 2718 naviter
2253 2690 2380 2718 accu-

125 2750 131 2756 ·
188 2736 320 2777 randa
352 2737 604 2792 antiquioris
638 2738 779 2792 operis
803 2738 1002 2787 editione,
1037 2738 1122 2779 iam
1155 2751 1285 2794 supra
1306 2739 1567 2781 monuimus.
1602 2739 1739 2780 Multa
1762 2753 1949 2795 namque
1973 2740 2028 2781 ab
2053 2739 2178 2781 editis
2202 2739 2378 2789 omissa,

189 2798 321 2839 multa
357 2799 506 2840 maiori
542 2800 727 2840 claritate
752 2806 793 2841 et
815 2801 1073 2855 proprietate
1104 2801 1339 2842 verborum
1373 2801 1623 2857 significata,
1660 2802 1793 2843 multa
1815 2803 1968 2857 aptiori
1992 2802 2144 2844 ordine
2168 2801 2380 2857 disposita

189 2860 564 2915 deprehenduntur
597 2862 638 2903 in
670 2862 968 2917 manuscriptis
1003 2862 1238 2912 codicibus,
1273 2863 1309 2904 si
1343 2863 1385 2904 in
1419 2869 1558 2905 toturn
1582 2864 1662 2919 ipsi
1684 2865 1891 2920 legantur,
1917 2877 2028 2920 quae
2059 2863 2379 2906 oculatissimus

189 2923 372 2978 quisque
399 2937 451 2964 ne
474 2923 760 2978 suspicaretur
782 2924 969 2979 quidem.
1004 2925 1215 2980 Pleraque
1249 2925 1363 2967 enirn
1396 2926 1504 2975 loca,
1539 2926 1636 2967 licet
1669 2940 1920 2983 germanam
1955 2926 2160 2969 Auctoris
2195 2926 2377 2968 litteram

188 2998 275 3026 non
310 2985 548 3034 exhibeant,
572 2992 672 3027 sunt
692 2992 835 3027 tamen
868 2987 926 3027 ita
958 3000 1034 3042 per
1059 2988 1177 3029 viros
1211 2988 1358 3042 utique
1382 3001 1469 3030 non
1493 2989 1668 3044 ignaros
1692 2990 1900 3031 concinne
1925 3004 1978 3032 ex
2000 2989 2176 3045 proprio
2200 2988 2377 3045 ingenio

187 3047 389 3096 restituta,
423 3053 470 3088 ut
502 3048 716 3104 legentem
749 3048 892 3089 fallant
923 3050 1004 3090 sub
1038 3050 1180 3105 specie
1213 3050 1428 3106 genuinae
1465 3051 1672 3093 lectionis.

311 3110 431 3150 Haec
465 3116 607 3151 autern
640 3110 701 3151 sic
734 3125 759 3151 a
792 3111 918 3152 nobis
953 3111 1075 3162 dicta,
1111 3125 1199 3153 non
1234 3125 1287 3153 eo
1322 3118 1434 3154 certe
1467 3119 1672 3168 spectant,
1697 3119 1744 3155 ut
1765 3114 1926 3170 aliquid
1948 3114 2019 3156 vel
2052 3114 2276 3155 minimum
2301 3113 2377 3155 de-

187 3170 374 3212 trahatur
404 3172 542 3213 labori
566 3178 607 3214 et
628 3172 772 3214 studio
805 3173 966 3214 Donati
1000 3174 1282 3229 aliorumque,
1317 3175 1476 3229 quibus
1499 3176 1643 3230 potius
1667 3189 1855 3231 aequum
1879 3183 1945 3218 est
1977 3177 2172 3218 meritam
2205 3176 2378 3218 laudem

188 3233 431 3287 rependere.
467 3234 557 3276 Sed
589 3235 694 3276 haec
718 3234 903 3276 diximus
927 3249 980 3276 ne
1002 3236 1145 3278 fucum
1178 3236 1334 3278 saciant
1365 3237 1511 3279 lectori
1545 3239 1917 3295 typographorum
1941 3239 2242 3294 praefationes,
2269 3245 2311 3280 et
2332 3244 2380 3280 ut

187 3294 426 3336 innotescat
457 3310 545 3351 quo
581 3296 714 3338 modo
749 3297 803 3338 ab
837 3297 1071 3339 editionum
1112 3299 1380 3340 curatoribus
1414 3300 1668 3355 plerumque
1702 3302 1743 3342 in
1773 3301 2016 3343 subsidium
2049 3302 2192 3343 vocati
2224 3301 2379 3343 suerint

186 3357 443 3399 vetustiores
467 3358 650 3400 codices.
686 3359 819 3413 Quod
853 3360 1000 3414 utique
1033 3374 1121 3402 non
1155 3361 1197 3402 in
1232 3362 1401 3417 culpam
1435 3362 1537 3417 ipsis
1559 3363 1816 3405 vertendum
1851 3370 1925 3413 est,
1962 3364 2035 3419 qui
2063 3364 2105 3405 id
2135 3377 2264 3406 omne
2298 3374 2376 3419 pro

187 3418 296 3459 virili
318 3425 436 3474 parte
470 3427 659 3476 egerunt,
696 3421 816 3476 quod
850 3427 1062 3477 tempora,
1096 3423 1266 3478 aliaque
1301 3423 1343 3464 id
1376 3425 1547 3480 generis
1570 3425 1877 3480 impedimenta
1899 3426 2108 3469 sinebant.
2129 3451 2147 3458 -
2173 3427 2377 3469 Ceterum

247 3626 288 3661 (ι)
317 3626 442 3662 Romae,
470 3626 632 3663 sumptibus
659 3627 794 3656 Andreae
824 3627 981 3665 Brugiotti,
1012 3630 1090 3666 apud
1117 3630 1372 3659 Bartholomaeum
1394 3633 1584 3667 Zannettum,
1612 3634 1696 3670 16¹9.
