2768 4178
36 2292 46 2302 ·
61 2291 97 2314 Cf.
108 2297 173 2313 num.
185 2297 216 2313 tv.

285 255 360 290 266

282 332 484 378 videmiae,
505 331 749 368 attribuentes
773 332 899 380 ipsum
920 333 1133 370 necessitati
1153 334 1351 381 materiae;

282 392 324 421 ut
351 384 611 430 Democritus,
644 392 680 420 et
708 385 769 421 alii
799 386 1002 423 Naturales
1031 387 1184 435 antiqui.

336 440 394 474 AD
415 449 587 480 QUARTUM
607 449 792 474 DICENDUM
812 439 918 486 quod
939 439 978 475 in
997 440 1072 476 hoc
1092 440 1198 488 quod
1219 439 1353 476 dicitur

282 492 411 527 Deum
439 490 639 527 hominem
677 490 747 527 sibi
777 492 994 540 reliquisse,
1031 505 1110 529 non
1144 493 1354 530 excluditur

281 545 401 581 homo
422 556 444 580 a
464 543 592 580 divina
617 543 880 592 providentia:
910 545 978 582 sed
1008 546 1219 583 ostenditur
1246 546 1351 594 quod

281 610 360 634 non
396 596 616 646 praefigitur
644 596 678 633 ei
713 597 830 634 virtus
867 598 1065 647 operativa
1103 598 1351 636 determinata

282 651 331 688 ad
358 662 493 697 unum,
518 650 614 687 sicut
643 651 757 687 rebus
786 651 1040 697 naturalibu33·
1062 664 1161 701 quae
1191 660 1352 700 aguntur

281 711 442 751 tantum,
464 703 571 752 quasi
599 704 647 740 ab
677 705 794 741 altero
834 704 998 742 directae
1027 705 1065 741 in
1100 705 1241 752 finem,
1271 718 1351 743 non

280 765 410 794 autern
430 757 555 806 seipsa
583 765 710 805 agunt,
731 757 838 806 quasi
858 770 898 794 se
928 757 1122 805 dirigentia
1150 758 1188 795 in
1217 759 1349 806 finem,

280 819 322 848 ut
359 818 554 848 creaturae
589 811 791 848 rationales
825 823 893 859 per
930 810 1092 848 liberum
1131 811 1349 860 arbitrium,

280 877 358 913 quo
388 864 633 901 consiliantur
653 871 689 901 et
709 864 859 912 eligunt.
890 864 1002 901 Unde
1031 865 1221 912 signanter
1249 865 1349 912 dicit,

281 918 317 955 in
347 929 464 954 manu
492 917 639 954 consilii
663 918 733 954 sui.
769 918 846 954 Sed
874 917 963 966 quia
991 918 1071 966 ipse
1100 926 1206 955 actus
1243 918 1350 955 liberi

281 970 421 1008 arbitrii
451 970 641 1008 reducitur
669 971 706 1007 in
734 972 862 1007 Deum
894 971 989 1007 sicut
1018 971 1057 1007 in
1085 983 1253 1018 causam,
1285 984 1350 1009 ne-

281 1037 386 1061 cesse
407 1032 462 1061 est
489 1032 530 1060 ut
559 1036 603 1060 ea
636 1036 734 1072 quae
755 1036 800 1061 ex
820 1030 833 1044 ⁰
851 1023 971 1060 libero
992 1024 1146 1061 arbitrio
1166 1025 1274 1072 fiunt,
1297 1025 1351 1062 di-

280 1077 392 1114 vinae
420 1077 684 1126 providentiae
713 1077 943 1114 subdantur:
978 1078 1218 1126 providentia
1246 1078 1348 1115 enirn

280 1130 447 1167 hominis
486 1130 699 1167 continetur
737 1131 807 1167 sub
846 1131 1086 1179 providentia
1130 1131 1223 1178 Dei,
1254 1131 1350 1168 sicut

281 1196 394 1220 causa
419 1183 652 1232 particularis
672 1185 743 1221 sub
764 1197 879 1222 causa
897 1189 912 1213 5⁰
932 1184 1149 1221 universali.
1170 1206 1194 1212 -
1216 1185 1349 1222 Homi-

280 1249 374 1274 num
394 1245 522 1274 autem
550 1237 738 1274 iustorum
759 1239 930 1287 quodam
953 1238 1207 1275 excellentiori
1227 1239 1348 1276 modo

279 1292 386 1327 Deus
422 1291 537 1327 habet
563 1291 845 1340 providentiam
880 1304 998 1340 quam
1032 1291 1258 1340 impiorum,
1294 1292 1348 1330 in-

279 1351 466 1392 quantum
495 1357 574 1381 non
602 1345 786 1393 permittit
814 1353 946 1382 contra
969 1350 986 1371 κ
1014 1357 1082 1382 eos
1111 1345 1266 1383 evenire
1285 1346 1349 1383 ali-

332 1459 358 1491 υ)
378 1466 422 1484 ex.
440 1473 459 1478 —
478 1459 540 1485 Om.
558 1460 724 1485 ACDEFGa.

333 1495 360 1528 φ)
380 1502 469 1520 causa.
489 1509 506 1514 -
525 1495 587 1520 Om.
606 1496 717 1521 codices.

331 1531 360 1564 χ)
380 1534 484 1555 contra.
502 1545 521 1549 -
538 1531 612 1556 circa
630 1531 741 1557 AEFab.

333 1565 360 1600 ψ)
381 1566 417 1591 Et
435 1573 472 1591 ex
490 1566 548 1592 hac.
566 1580 585 1586 —
603 1567 651 1592 Ex
668 1567 718 1592 hac
736 1570 825 1592 autem
845 1568 947 1592 codices
967 1572 992 1592 et
1011 1568 1052 1592 ed.
1067 1574 1092 1592 a.

984 254 1252 300 QUAESTIO
1283 255 1390 291 XXII
1420 255 1718 293 ARTICULUS
1749 255 1779 293 II

1410 335 1513 383 quid,
1531 336 1636 383 quod
1651 335 1814 372 finaliter
1833 335 2017 384 impediat
2032 337 2193 373 salutern
2211 347 2363 374 eorum:
2388 349 2479 375 nam

1409 389 1648 438 diligentibus
1675 389 1800 425 Deum
1830 389 1958 426 omnia
1978 395 2231 438 cooperantur
2258 391 2295 428 in
2325 391 2478 437 honum,

1408 450 1449 478 ut
1475 442 1608 479 dicitur
1626 443 1739 478 Rom.
1760 454 1821 479 vm
1840 442 1871 479 ⁹¹⁶.
1902 443 1979 480 Sed
2005 454 2050 479 ex
2069 443 2144 479 hoc
2172 443 2256 491 ipso
2276 444 2383 492 quod
2410 444 2481 481 im·
2508 457 2517 466 ·
2532 456 2601 479 Vers.
2610 457 2648 479 28.

1406 495 1493 544 pios
1522 507 1600 532 non
1630 495 1781 532 retrahit
1808 508 1831 532 a
1859 496 1962 532 malo
1992 497 2138 544 culpae,
2166 496 2302 533 dicitur
2329 509 2396 533 eos
2426 497 2480 535 di-

1407 549 1566 585 mittere.
1603 549 1694 585 Non
1727 549 1954 596 tamenita,
1984 549 2091 597 quod
2129 549 2290 586 totaliter
2317 550 2366 586 ab
2400 549 2480 587 eius

1406 602 1648 650 providentia
1668 602 1928 639 excludantur:
1954 602 2121 651 alioquin
2141 602 2179 639 in
2199 602 2359 640 nihilum
2380 602 2479 640 deci-

1408 654 1559 703 derent,
1590 655 1659 692 nisi
1687 667 1756 703 per
1785 655 1865 692 eius
1893 655 2175 704 providentiam
2206 668 2479 693 conservaren-

1406 715 1477 744 tur.
1507 729 1530 735 -
1561 709 1611 745 Et
1639 720 1685 745 ex
1713 709 1785 745 hac
1810 708 1826 737 Ψ
1855 709 1999 745 ratione
2027 709 2179 746 videtur
2207 717 2335 746 motus
2364 709 2479 746 fuisse
2604 712 2622 748 ψ

1406 761 1567 808 Tullius,
1589 761 1655 809 qui
1674 773 1733 798 res
1760 762 1963 808 humanas,
1986 762 2033 799 de
2055 763 2193 811 quibus
2218 762 2475 810 consiliamur,

1407 813 1559 851 divinae
1587 814 1852 863 providentiae
1882 815 2064 852 subtraxit
2090 815 2121 852 ³¹³.

1459 868 1518 903 AD
1547 878 1710 909 QUINTUM
1739 879 1923 905 mesanum
1953 868 2070 916 quod,
2100 869 2191 918 quia
2220 877 2391 906 creatura
2419 881 2478 906 ra-

1405 920 1556 957 tionalis
1583 920 1700 956 habet
1730 932 1800 968 per
1827 921 1990 958 liberum
2028 922 2225 959 arbitrium
2261 922 2477 959 dominium

1406 973 1463 1010 sui
1492 980 1610 1020 actus,
1630 980 1673 1009 ut
1693 973 1835 1009 dictum
1857 982 1913 1010 est
1930 973 1962 1020 ²¹⁶,
1983 975 2136 1023 speciali
2166 975 2336 1023 quodam
2357 976 2476 1013 modo
2503 979 2660 1034 {rffe'ff'a‘du
2669 986 2719 1030 3·

1405 1026 1579 1063 subditur
1606 1025 1757 1063 divinae
1780 1026 2062 1078 providentiae‡;
2089 1035 2130 1065 ut
2148 1028 2288 1065 scilicet
2315 1028 2350 1065 ei
2369 1035 2387 1050 ⁶¹
2407 1028 2477 1066 irn-
2505 1036 2548 1055 ³¹¹-
2562 1022 2595 1055 13·
2629 1013 2668 1036 ‘¹'
2711 1023 2719 1035 '

1405 1087 1559 1128 putetur
1586 1078 1728 1128 aliquid
1762 1080 1811 1116 ad
1850 1080 2003 1128 culpam
2040 1081 2103 1117 vel
2132 1080 2182 1118 ad
2210 1081 2410 1128 meritum,
2441 1089 2478 1119 et

2505 821 2516 832 ⁸
2539 821 2577 843 De
2598 820 2711 844 Divinat-

2505 847 2547 870 lib.
2560 847 2590 869 11.

2602 1070 2625 1086 ω

1406 1133 1586 1170 reddatur
1624 1132 1657 1169 ei
1692 1132 1833 1181 aliquid
1861 1141 1902 1169 ut
1928 1139 1964 1154 ⁰²²
1992 1145 2120 1181 poena
2155 1134 2218 1171 vel
2247 1135 2475 1183 praemium.
2594 1145 2630 1162 αα

1405 1187 1455 1223 Et
1483 1193 1669 1235 quantum
1689 1186 1736 1223 ad
1765 1186 1852 1233 hoc,
1874 1198 2006 1223 curam
2035 1187 2108 1223 Dei
2137 1188 2346 1235 Apostolus
2367 1200 2390 1224 a
2409 1188 2477 1224 bo-

1405 1240 1476 1276 bus
1506 1246 1682 1276 removet
1708 1237 1754 1276 ββ.
1785 1240 1878 1276 Non
1905 1247 2035 1276 tamen
2064 1239 2114 1276 ita
2141 1240 2249 1289 quod
2281 1239 2478 1278 individua
2579 1241 2627 1276 -ββ

1403 1293 1676 1330 irrationalium
1716 1301 1975 1330 creaturarum
2005 1293 2159 1330 ad-Dei
2192 1293 2476 1342 providentiam

1404 1359 1484 1384 non
1511 1346 1740 1396 pertineant,
1765 1354 1808 1383 ut
1836 1346 1961 1383 Rabbi
1990 1347 2148 1395 Moyses
2178 1346 2404 1384 existimavit
2417 1346 2450 1384 ¹⁸⁸.

2504 1333 2594 1364 “Loco
2609 1334 2632 1356 in
2651 1340 2718 1362 corp.

2505 1363 2584 1383 elmo-

1458 1462 1490 1494 ω)
1509 1461 1542 1486 εἰ.
1560 1476 1579 1481 -
1597 1462 1659 1487 Om.
1678 1462 1756 1487 ABD.
1773 1476 1793 1481 -
1810 1462 1915 1495 aliquid
1933 1470 1988 1487 om.
2007 1462 2119 1487 codices.

1459 1497 1505 1530 αα)
1525 1501 1563 1522 ut.
1581 1510 1600 1517 -
1618 1498 1660 1522 vel
1677 1497 1749 1522 FGa.

1405 1531 1507 1593 Εοάἰβείζ
1522 1536 1647 1558 removet.
1665 1547 1684 1552 -
1703 1533 1817 1558 removit
1836 1533 1938 1558 codices
1957 1538 1983 1558 et
2001 1533 2059 1557 edd.
2079 1540 2096 1557 a
2107 1533 2130 1558 b.
2147 1547 2167 1552 -
2186 1533 2237 1558 Pro
2261 1537 2364 1564 tamen,
2387 1536 2478 1559 autem

963 1664 1294 1698 Commentaria
1318 1664 1569 1698 Garfflnans
1591 1666 1792 1701 Caietani

340 1763 446 1783 rrimus
476 1752 564 1782 nulla
587 1759 657 1792 eget
681 1753 894 1793 expositione:
929 1752 985 1794 qui
1011 1752 1097 1783 enirn
1121 1753 1195 1784 dicit
1224 1754 1348 1790 omnia,

281 1765 417 1827 Tnihil
440 1796 586 1827 excludit.

337 1842 372 1871 In
389 1851 522 1881 corpore
546 1841 612 1871 duo
637 1840 719 1872 facit.
742 1841 862 1879 Primo,
889 1840 982 1872 refert
997 1847 1059 1871 tres
1076 1841 1245 1881 opiniones
1269 1841 1350 1874 circa

278 1885 468 1927 quaesitum.
493 1885 599 1916 Prima
615 1892 662 1916 est
678 1885 851 1916 Democriti
876 1892 907 1916 et
922 1885 1062 1925 Epicuri,
1081 1885 1254 1916 dicentium
1271 1885 1350 1916 nihil

278 1940 345 1960 esse
365 1930 542 1960 subiectum
562 1929 686 1960 divinae
710 1929 937 1970 providentiae.
958 1929 1105 1960 Secunda
1128 1937 1174 1961 est
1189 1930 1348 1966 Averrois,

277 1974 309 2005 in
330 1974 386 2004 XII
403 1974 599 2014 Metaphys„
621 1983 739 2004 comm.
756 1984 859 2004 xxxvn
879 1981 910 2005 et
925 1984 976 2010 Lu,
995 1973 1126 2004 dicentis
1142 1984 1191 2004 res
1205 1974 1348 2005 incorru-

278 2018 402 2059 ptibiles
426 2019 509 2049 solas
533 2018 626 2048 subdi
650 2018 773 2049 divinae
798 2018 1025 2059 providentiae.
1051 2018 1159 2049 Tertia
1183 2025 1230 2049 est
1248 2018 1350 2049 Rabbi

277 2063 413 2104 Moysis,
439 2062 569 2093 dicentis
586 2072 650 2093 non
670 2063 777 2093 solum
799 2062 1064 2102 incorruptibilia,
1089 2063 1145 2093 sed
1168 2063 1263 2094 etiam
1287 2062 1350 2093 sin-

277 2107 413 2147 gularia,
442 2107 601 2138 humanae
625 2114 731 2137 tamen
756 2106 870 2147 speciei
894 2114 1036 2143 tantum,
1062 2106 1185 2139 divinae
1209 2107 1349 2138 subiecta

278 2152 504 2192 providentiae.
529 2151 680 2182 Rationes
711 2158 819 2182 autem
851 2161 887 2181 ex
916 2151 1033 2192 quibus
1067 2158 1256 2183 emanarunt
1279 2151 1348 2192 opi-

279 2196 400 2233 niones,
420 2196 454 2226 in
472 2196 574 2227 littera
593 2196 756 2236 arguendo
777 2195 988 2226 adducuntur.

337 2241 373 2271 11.
399 2241 566 2277 Secundo,
597 2240 767 2280 respondet
790 2239 934 2280 quaesito
966 2240 1144 2270 secundum
1168 2240 1347 2276 veritatem,

278 2285 371 2316 unica
386 2284 601 2320 conclusione,
618 2294 716 2326 quarn
736 2284 902 2324 dupliciter
925 2284 1039 2324 probat
1054 2283 1080 2314 *.
1106 2284 1162 2314 Est
1181 2294 1256 2323 ergo
1273 2294 1349 2314 con-

279 2329 379 2360 clusio
403 2329 606 2369 responsiva:
639 2328 758 2360 Omnia
781 2328 905 2358 divinae
929 2328 1144 2368 providentiae
1169 2328 1347 2365 subiacent,

279 2385 345 2404 non
369 2380 493 2404 tantum
516 2373 549 2403 in
573 2373 750 2409 universali,
771 2373 826 2403 sed
842 2372 937 2403 etiam
953 2372 985 2402 in
1002 2371 1163 2412 singulari.
1180 2390 1201 2394 -
1217 2372 1258 2403 Et
1274 2382 1349 2412 pro-

278 2419 371 2449 batur
392 2419 501 2459 primo
527 2418 581 2449 sic.
612 2417 721 2448 Omne
751 2427 847 2457 agens
878 2417 942 2457 agit
972 2423 1102 2456 propter
1129 2415 1244 2447 finem:
1273 2426 1348 2456 ergo

279 2463 388 2493 omnia
404 2462 543 2493 subiecta
566 2461 739 2493 causalitati
755 2461 849 2502 primi
866 2460 995 2501 agentis,
1012 2467 1086 2491 sunt
1101 2461 1194 2491 etiam
1211 2460 1350 2491 subiecta

279 2506 470 2538 ordinationi
494 2507 636 2537 eiusdem
666 2506 699 2536 in
727 2505 842 2536 finem:
877 2515 952 2545 ergo
984 2505 1094 2535 omnia
1123 2515 1205 2546 quae
1234 2505 1350 2536 habent

278 2561 485 2592 quocumque
509 2551 608 2581 modo
626 2561 702 2587 esse,
722 2557 796 2581 sunt
811 2549 956 2580 ordinata
970 2560 987 2579 a
1002 2550 1071 2580 Deo
1088 2549 1120 2579 in
1136 2549 1249 2580 finem:
1275 2559 1349 2589 ergo

279 2596 397 2632 omnia,
418 2596 609 2636 inquantum
633 2595 750 2625 habent
768 2594 1013 2635 quomodolibet
1032 2604 1108 2630 esse,
1129 2594 1289 2625 intantum
1304 2593 1348 2624 di-

278 2640 369 2670 vinae
394 2640 603 2671 subiiciuntur
626 2639 851 2680 providentiae.

335 2685 440 2715 Prima
463 2683 689 2725 consequentia
708 2683 927 2714 manifestatur
942 2683 980 2713 ab
997 2682 1167 2722 opposito:
1192 2683 1267 2723 quia
1291 2682 1350 2713 sci-

279 2729 351 2759 licet
374 2735 540 2769 propterea
563 2728 595 2758 in
620 2728 769 2768 operibus
798 2727 931 2758 alicuius
964 2727 1084 2766 agentis
1112 2727 1234 2768 aliquid
1256 2727 1350 2758 inter-

279 2772 365 2803 venit
388 2783 453 2803 non
478 2773 641 2803 subditum
664 2772 748 2803 illius
768 2772 881 2808 ordini,
899 2771 1054 2813 quoniam
1071 2770 1198 2802 effectus
1214 2771 1266 2802 ille
1283 2777 1359 2801 non'

280 2817 443 2848 subiicitur
466 2817 637 2847 causalitati
661 2816 745 2847 illius
769 2826 890 2852 causae,
916 2817 970 2846 sed
992 2826 1028 2846 ex
1044 2815 1150 2856 aliqua
1169 2815 1229 2846 alia
1245 2825 1348 2852 causa,

279 2868 401 2902 praeter
423 2861 633 2892 intentionem
657 2860 771 2901 ipsius,
797 2860 950 2901 provenit.
968 2878 988 2883 -
1005 2860 1150 2891 Secunda
1173 2870 1249 2890 vero
1274 2870 1349 2891 con-

280 2906 443 2947 sequentia
462 2906 615 2946 probatur
638 2915 675 2936 ex
699 2915 747 2942 eo,
773 2905 861 2945 quod
886 2904 1049 2936 causalitas
1073 2905 1132 2935 Dei
1156 2904 1294 2935 extendit
1317 2914 1350 2934 se

280 2960 382 2991 usque
406 2950 446 2980 ad
469 2950 592 2986 omnia,
617 2949 713 2981 etiam
742 2949 964 2986 individualia,
990 2956 1048 2980 etc.
1080 2949 1121 2980 Et
1145 2947 1351 2980 confirmatur

281 2995 347 3025 eius
371 3004 569 3036 consequens
593 2994 778 3025 auctoritate
802 2993 960 3033 Apostoli.
978 3011 998 3016 -—
1014 2993 1121 3024 Tertia
1141 3000 1249 3024 autem
1274 3003 1349 3024 con-

281 3038 444 3080 sequentia
467 3039 619 3079 probatur
648 3048 685 3069 ex
716 3037 783 3078 ipsa
808 3037 991 3068 definitione
1016 3037 1249 3078 providentiae:
1274 3037 1350 3078 quia

281 3083 396 3114 scilicet
419 3090 466 3114 est
489 3083 567 3114 ratio
592 3082 712 3113 ordinis
735 3091 841 3112 rerum
865 3082 897 3112 in
921 3081 1029 3112 finem.

339 3128 390 3158 ΙΙΙ.
416 3127 508 3159 Circa
530 3127 612 3158 hanc
635 3126 790 3158 rationem
815 3133 891 3157 nota
915 3126 981 3157 tria.
1007 3127 1151 3157 Primum
1177 3133 1236 3162 est,
1261 3125 1350 3167 quod

281 3172 382 3212 prima
413 3172 639 3213 consequentia
671 3177 837 3212 propterea
874 3171 1006 3211 probata
1035 3177 1081 3201 est
1111 3181 1129 3200 a
1158 3169 1325 3212 posteriori
1341 3193 1348 3206 ,

282 3216 436 3256 quoniam
452 3226 507 3256 per
531 3226 563 3246 se
587 3226 623 3246 ex
647 3215 677 3245 vi
703 3215 913 3246 antecedentis
938 3222 1032 3246 tenet.
1055 3214 1140 3246 Cum
1165 3215 1249 3245 enim
1267 3214 1348 3250 dico,

281 3270 374 3290 omne
397 3271 499 3302 agens
522 3261 592 3302 agit
611 3256 748 3300 propter
766 3259 894 3300 finem,
928 3259 1142 3290 causalitatem
1166 3259 1286 3299 agentis
1310 3258 1349 3288 si·

281 3303 396 3343 gnifico
413 3305 444 3335 in
462 3305 523 3335 hoc
540 3305 628 3345 quod
652 3304 734 3340 dico,
759 3304 829 3344 agit
834 3313 848 3341 ;
873 3303 1109 3334 ordinationem
1124 3313 1200 3334 vero
1222 3302 1349 3334 effectus

282 3348 313 3378 in
338 3348 433 3379 finem
457 3348 611 3389 significat
633 3349 666 3389 ly
684 3353 820 3388 propter
839 3348 958 3389 finem.
983 3347 1160 3378 Causalitas
1185 3357 1259 3387 ergo
1283 3357 1350 3377 arn-

283 3392 365 3432 plior
387 3403 454 3423 non
482 3400 528 3424 est
559 3392 777 3428 ordinatione,
810 3392 869 3422 nisi
898 3399 969 3432 agat
1000 3402 1065 3422 non
1090 3398 1219 3432 propter
1241 3390 1348 3422 finem.

282 3437 322 3466 Et
345 3444 511 3477 propterea
535 3437 656 3477 optime
685 3436 844 3477 sequitur,
875 3443 905 3466 et
929 3436 994 3466 sine
1019 3436 1082 3466 alio
1106 3435 1232 3472 medio,
1261 3435 1350 3477 quod

283 3480 307 3510 si
324 3481 404 3511 actio
425 3488 470 3511 est
489 3488 618 3521 propter
640 3480 747 3516 finem,
772 3487 897 3511 tantum
921 3490 953 3511 se
977 3481 1116 3511 extendit
1139 3479 1297 3511 ordinatio
1317 3479 1349 3509 in

282 3523 388 3561 finem,
402 3532 558 3566 quantum
574 3525 751 3556 causalitas:
769 3525 843 3566 quia
856 3525 888 3565 ly
900 3530 1038 3565 propter
1052 3525 1207 3566 adaequat
1222 3524 1254 3565 ly
1268 3524 1348 3564 agit.

340 3569 520 3600 Secundum
545 3576 604 3606 est,
630 3570 718 3610 quod
742 3569 943 3600 causalitatis
969 3579 1088 3599 nomen
1113 3569 1145 3599 in
1168 3569 1269 3599 littera
1291 3577 1349 3608 po-

283 3612 389 3650 situm,
406 3614 513 3654 quoad
534 3623 679 3654 praesens
699 3613 863 3653 negotium
887 3613 1132 3654 ponderandum
1158 3619 1212 3649 est,
1230 3619 1261 3643 et
1276 3611 1349 3642 satis

1404 1753 1532 1794 proprie
1556 1753 1787 1794 accipiendum.
1813 1754 1977 1792 Quoniam
2001 1764 2066 1785 non
2091 1754 2228 1785 sumitur
2243 1765 2302 1795 pro
2318 1764 2477 1796 quocum-

1405 1807 1467 1838 que
1491 1798 1591 1828 modo
1615 1798 1735 1839 aliquid
1759 1798 1876 1834 facere;
1902 1799 1955 1828 sed
1972 1808 2031 1838 pro
2051 1798 2151 1829 facere
2172 1798 2292 1840 aliquid
2314 1799 2367 1836 sic,
2387 1798 2478 1840 quod

1405 1852 1460 1882 per
1483 1842 1587 1882 ipsam
1606 1842 1765 1872 actionem
1781 1852 1873 1872 suam
1888 1842 1980 1873 faciat
1995 1842 2027 1872 id
2043 1842 2133 1883 quod
2150 1842 2278 1873 effectus
2294 1843 2408 1874 dicitur
2421 1852 2478 1884 per

1404 1886 1564 1926 seipsum;
1589 1886 1632 1917 ita
1651 1886 1741 1927 quod
1759 1886 1840 1916 illud
1862 1896 1934 1917 vere
1958 1886 2046 1916 illam
2065 1886 2284 1917 conditionem
2299 1896 2381 1927 quae
2397 1887 2478 1918 facta

1405 1937 1460 1966 est,
1485 1930 1524 1960 ab
1548 1930 1602 1960 illa
1626 1930 1807 1961 causalitate
1830 1930 1954 1962 habeat.
1979 1931 2015 1961 In
2039 1930 2130 1962 cuius
2153 1931 2295 1971 signum,
2319 1930 2352 1961 in
2375 1931 2478 1963 littera

1404 1974 1532 2005 effectus
1556 1984 1611 2015 per
1634 1974 1778 2005 accidens
1802 1974 1936 2005 alicuius
1960 1985 2082 2012 causae,
2107 1975 2222 2006 dicitur
2241 1985 2308 2006 esse
2327 1985 2383 2016 per
2401 1985 2474 2006 cau-

1403 2018 1559 2049 salitatem
1582 2018 1709 2050 alterius
1734 2027 1862 2056 causae;
1887 2026 1919 2050 et
1935 2029 2001 2050 non
2024 2019 2108 2050 illius
2129 2029 2241 2050 causae
2257 2019 2348 2050 cuius
2364 2019 2478 2051 dicitur

1405 2062 1532 2094 effectus
1555 2073 1612 2103 per
1634 2063 1788 2094 accidens.
1823 2063 1874 2094 Sic
1897 2070 2005 2094 autem
2028 2063 2186 2095 intellecta
2209 2063 2374 2095 causalitas
2397 2063 2478 2095 nihil
2513 2093 2516 2096 ,

1403 2107 1490 2138 aliud
1513 2114 1560 2138 est
1582 2117 1682 2148 quam
1705 2108 1882 2139 causalitas
1899 2118 1963 2148 per
1984 2118 2028 2139 se.
2052 2108 2119 2139 Nec
2146 2115 2254 2139 tamen
2278 2107 2421 2149 oportuit
2443 2107 2477 2139 in

1403 2152 1504 2182 littera
1521 2151 1652 2191 exprimi
1669 2152 1701 2193 ly
1711 2162 1775 2192 per
1793 2160 1844 2183 se:
1862 2152 2018 2193 quoniam
2033 2152 2067 2182 in
2082 2152 2283 2184 sermonibus
2299 2151 2476 2184 scientificis

1404 2196 1514 2226 omnia
1537 2195 1770 2236 interpretanda
1794 2203 1868 2227 sunt
1891 2206 1947 2236 per
1970 2206 2012 2227 se.

1467 2241 1608 2271 Tertium
1634 2247 1680 2270 est
1703 2241 1802 2280 quod,
1827 2250 1902 2271 cum
1925 2240 2039 2271 dicitur
2058 2240 2109 2271 hic
2125 2241 2214 2282 quod
2233 2240 2398 2272 causalitas
2416 2240 2477 2272 Dei

1403 2284 1542 2315 extendit
1565 2294 1598 2314 se
1622 2293 1724 2324 usque
1748 2284 1788 2314 ad
1811 2284 1930 2320 omnia,
1951 2291 2019 2321 etc„
2043 2284 2286 2325 intelligendum
2309 2292 2356 2316 est
2379 2291 2478 2326 prout

1404 2328 1524 2359 dictum
1548 2335 1579 2359 et
1601 2328 1782 2368 expositum
1806 2327 1866 2359 fuit
1888 2328 1921 2358 in
1945 2328 2131 2369 quaestione
2155 2339 2208 2358 un
2224 2329 2256 2365 *‚
2281 2329 2398 2360 scilicet
2419 2338 2477 2370 per
2503 2336 2581 2358 *As-t.
2594 2342 2615 2365 3.

1403 2373 1572 2404 essentiam
1595 2379 1626 2403 et
1646 2372 1831 2412 potentiam.
1857 2372 1965 2409 Aliter,
1990 2382 2157 2412 processus
2181 2372 2239 2403 iste
2254 2373 2334 2403 nihil
2349 2373 2474 2409 valeret,

1404 2424 1440 2448 ut
1463 2417 1553 2448 facile
1577 2423 1682 2457 patere
1707 2423 1812 2457 potest
1835 2416 2056 2447 consideranti.

1461 2462 1514 2492 IV.
1539 2461 1689 2492 Secunda
1712 2462 1796 2491 ratio
1813 2458 1828 2475 *
1851 2461 1890 2491 ad
1906 2461 2146 2492 conclusionem
2169 2467 2231 2492 est:
2256 2461 2343 2492 Deus
2367 2460 2477 2492 omnia
2502 2465 2512 2475 '
2528 2464 2564 2487 Cf·
2578 2470 2679 2488 num-11-

1404 2505 1576 2546 cognoscit,
1602 2505 1697 2536 etiam
1716 2505 1748 2536 in
1765 2505 1954 2546 particulari,
1979 2512 2015 2536 ut
2038 2505 2147 2536 artifex
2170 2514 2302 2536 eorum:
2328 2515 2403 2545 ergo
2422 2515 2476 2536 ne-

1404 2560 1488 2581 cesse
1513 2557 1559 2581 est
1582 2550 1671 2590 quod
1695 2550 1805 2580 omnia
1833 2556 2056 2590 supponantur
2079 2560 2139 2580 suo
2164 2549 2278 2581 ordini.
2298 2567 2318 2572 —
2337 2549 2378 2580 Et
2401 2559 2489 2590 pro-¹

1403 2596 1495 2625 batur
1519 2594 1660 2635 sequela:
1681 2594 1756 2635 quia
1772 2593 1880 2624 omnia
1896 2593 2055 2624 artificiata
2071 2594 2252 2624 subduntur
2267 2593 2371 2624 ordini
2391 2593 2475 2625 artis.

1461 2639 1599 2669 Adverte
1623 2638 1683 2675 hic,
1708 2639 1797 2679 quod
1814 2648 1881 2668 non
1897 2645 1943 2669 est
1957 2637 2091 2670 intentio
2107 2638 2226 2669 litterae
2246 2647 2365 2678 ponere
2388 2637 2476 2668 iden-

1403 2683 1525 2714 titatem
1541 2683 1614 2714 artis
1633 2690 1664 2713 et
1679 2682 1912 2723 providentiae:
1938 2684 2093 2724 quoniam
2112 2692 2221 2713 earum
2241 2681 2414 2713 differentia
2430 2688 2477 2713 est

1404 2727 1588 2764 manifesta,
1615 2728 1693 2758 dum
1717 2737 1765 2757 ars
1788 2727 1914 2768 respicit
1937 2727 2040 2767 ipsam
2064 2726 2273 2758 substantiam
2295 2726 2475 2758 artificiato-

1404 2782 1494 2808 rum,
1520 2771 1718 2812 providentia
1746 2778 1854 2814 autem
1882 2771 2028 2801 ordinem
2058 2771 2090 2802 in
2114 2770 2221 2802 finem.
2255 2771 2318 2802 Sed
2340 2770 2477 2803 intendit

1404 2815 1683 2857 proportionaliter
1707 2825 1739 2846 se
1763 2815 1876 2846 habere
1901 2823 1999 2846 artem
2023 2822 2054 2846 et
2077 2815 2322 2856 providentiam;
2348 2822 2378 2846 et
2400 2825 2474 2856 pro-

1404 2867 1520 2901 pterea,
1541 2867 1599 2891 etc.
1625 2860 1660 2890 In
1684 2859 1774 2890 cuius
1799 2860 1935 2899 signum,
1960 2860 2072 2896 littera,
2095 2859 2129 2890 in
2152 2859 2339 2900 probatione
2364 2869 2474 2890 conse-

1404 2904 1564 2945 quentiae,
1585 2904 1684 2935 utitur
1697 2904 1729 2945 ly
1745 2905 1838 2941 sicut,
1863 2905 1951 2945 quod
1972 2911 2018 2935 est
2032 2910 2117 2940 nota,
2135 2914 2201 2934 non
2217 2903 2397 2940 identitatis,
2418 2903 2473 2934 sed

1405 2948 1629 2985 similitudinis,
1650 2948 1864 2989 proculdubio
1884 2948 2132 2989 proportionalis
2150 2947 2211 2978 hic.

1462 2993 1501 3024 V.
1527 2993 1561 3023 ln
1585 2992 1792 3033 responsione
1817 2993 1856 3022 ad
1879 2993 2038 3033 primum,
2063 2992 2188 3023 adverte
2211 2991 2301 3032 quod
2322 2990 2473 3032 tamfor-

1405 3038 1519 3068 tuitum
1545 3047 1643 3078 quam
1660 3037 1791 3068 casuale
1807 3037 1973 3067 relativum
1989 3043 2048 3068 est:
2070 3043 2100 3067 et
2116 3042 2282 3076 propterea
2298 3045 2364 3066 non
2379 3045 2473 3077 opor-

1404 3089 1448 3112 tet
1471 3081 1503 3111 id
1527 3082 1616 3123 quod
1639 3081 1671 3112 in
1696 3091 1728 3111 se
1760 3088 1790 3111 et
1820 3081 2003 3122 simpliciter
2031 3087 2078 3112 est
2106 3079 2288 3117 fortuitum,
2318 3090 2386 3111 esse
2408 3079 2473 3111 for-

1404 3125 1524 3156 tuitum
1547 3132 1691 3166 respectu
1715 3125 1820 3156 omnis
1844 3126 1975 3166 agentis.
2006 3125 2093 3156 Haec
2117 3131 2163 3155 est
2186 3124 2272 3155 enirn
2301 3124 2474 3156 differentia

1404 3170 1484 3201 inter
1507 3170 1652 3200 absoluta
1669 3176 1700 3200 et
1716 3170 1896 3210 respectiva,
1921 3170 2011 3211 quod
2034 3169 2164 3210 quando
2189 3175 2235 3199 est
2254 3168 2375 3210 aliquid
2390 3168 2424 3199 in
2439 3178 2472 3200 se

1405 3214 1587 3255 simpliciter
1607 3214 1667 3244 tale
1683 3214 1859 3244 secundum
1883 3214 2014 3255 aliquod
2038 3212 2254 3254 praedicatum
2277 3213 2471 3249 absolutum,

1404 3268 1470 3288 non
1495 3257 1608 3289 desinit
1631 3268 1698 3288 esse
1723 3265 1776 3289 aut
1801 3258 1861 3288 dici
1885 3258 1954 3294 tale,
1980 3267 2017 3288 ex
2040 3257 2278 3297 comparatione
2301 3257 2341 3287 ad
2369 3257 2472 3298 quod-

1405 3311 1561 3343 cumque:
1587 3302 1717 3343 quando
1733 3313 1808 3333 vero
1833 3302 1952 3343 aliquid
1976 3308 2022 3332 est
2045 3301 2105 3332 tale
2128 3301 2160 3331 in
2178 3311 2211 3332 se
2234 3308 2265 3332 et
2288 3301 2472 3342 simpliciter

1405 3347 1583 3377 secundum
1614 3347 1745 3387 aliquod
1775 3346 1991 3387 praedicatum
2014 3345 2243 3386 respectivum,
2274 3355 2340 3376 non
2365 3345 2472 3376 solum

1405 3401 1471 3421 non
1495 3391 1588 3422 habet
1618 3391 1679 3421 tale
1709 3391 1925 3431 praedicatum
1955 3389 1988 3420 in
2020 3389 2130 3420 ordine
2158 3390 2198 3420 ad
2222 3389 2470 3431 quodcumque,

1405 3435 1459 3465 sed
1475 3436 1514 3465 ad
1532 3435 1752 3466 correlativum
1777 3441 1917 3470 tantum;
1942 3443 2053 3464 verum
2069 3434 2165 3464 etiam
2180 3433 2367 3474 oppositum
2383 3440 2482 3474 prae-x

1405 3479 1544 3509 dicatum
1568 3479 1795 3519 respectivum,
1820 3478 1853 3508 in
1877 3477 1988 3508 ordine
2012 3485 2117 3508 tamen
2141 3478 2181 3509 ad
2204 3477 2290 3508 aliud
2314 3476 2470 3508 correlati—

1404 3533 1492 3559 vum,
1517 3523 1619 3554 sortiri
1643 3529 1766 3563 potest;
1791 3529 1827 3553 ut
1849 3529 1935 3562 patet
1954 3522 1992 3552 de
2009 3522 2092 3561 albo,
2113 3522 2211 3563 quod,
2229 3531 2303 3552 cum
2326 3521 2470 3552 absolute

1405 3567 1444 3597 sit
1467 3567 1554 3597 alteri
1578 3567 1650 3597 albo
1675 3566 1793 3602 simile,
1819 3566 1858 3596 ad
1882 3566 2008 3606 nigrum
2036 3574 2142 3597 tamen
2167 3572 2397 3607 comparatum,
2423 3571 2470 3595 est

1404 3610 1565 3642 dissimile.
1591 3610 1640 3642 Sic
1656 3610 1759 3650 igitur,
1777 3609 1852 3651 quia
1870 3620 1918 3640 res
1935 3610 2083 3642 dicuntur
2102 3610 2249 3642 fortuitae
2262 3609 2313 3640 vel
2328 3609 2467 3640 casuales
