2606 4082
1017 312 1314 376 PRIMA
1370 312 1606 377 PARS

231 478 1012 683 SUMMAE
1119 478 2396 590 THEOLOGIAE

1048 671 1123 707 AN
1126 670 1283 708 GELICI
1307 671 1573 708 DOCTORIS

476 795 903 881 SANCTI·
955 796 1452 879 THOMAE
1511 795 2147 903 AQUINATIS

1083 964 1222 989 ORDINIS
1240 964 1539 990 PRAEDICATORUM

921 1081 1071 1124 CUM
1116 1081 1695 1124 COMMENTARIIS

680 1214 1071 1279 THOMAE
1124 1215 1230 1278 DE
1283 1213 1451 1278 VIO
1502 1214 1935 1278 CAIETANI

1192 1362 1306 1381 mosum!
1324 1361 1430 1380 onnms

1100 1452 1130 1484 S.
1149 1452 1188 1483 R.
1206 1452 1244 1483 E.
1269 1451 1530 1483 CARDINALIS

1231 1561 1391 1589 ——ffi—o-

1024 1699 1603 1756 PROLOGUS

491 2133 530 2171 in
555 2133 717 2182 Christo,
739 2133 799 2170 lac
817 2133 924 2170 vobis
937 2138 1074 2182 potum
1094 2132 1190 2179 dedi,
1207 2145 1283 2170 non

62 2185 78 2220 β
203 2199 353 2233 escam;
386 2186 632 2237 propositum
667 2194 820 2224 nostrae
854 2185 1074 2224 intentionis
1096 2184 1114 2215 Ρ
1143 2186 1181 2224 in
1210 2186 1285 2223 hoc

205 2253 323 2292 opere
358 2249 434 2290 est,
470 2254 515 2279 ea
549 2253 649 2291 quae
685 2240 734 2279 ad
770 2240 1027 2278 Christianam
1061 2239 1284 2289 religionem

203 2294 406 2346 pertinent,
433 2307 479 2332 eo
500 2295 620 2333 modo
645 2294 809 2342 tradere,
830 2294 1046 2332 secundum
1066 2294 1174 2344 quod
1194 2306 1285 2332 con-

204 2349 303 2398 gruit
330 2349 380 2387 ad
409 2349 668 2387 eruditionem
697 2347 973 2398 incipientium.

261 2403 606 2441 consideravimus
644 2415 814 2452 namque
847 2402 962 2440 huius
992 2402 1188 2440 doctrinae
1219 2414 1288 2439 no-

205 2455 346 2505 vitios,
382 2456 422 2494 in
455 2457 514 2495 his
543 2469 644 2505 quae
673 2470 696 2494 a
725 2455 887 2495 diversis
927 2455 1143 2505 conscripta
1180 2463 1288 2503 sunt,

205 2509 418 2560 plurimum
445 2510 643 2561 impediri:
674 2510 813 2560 partim
834 2509 994 2559 quidem
1013 2516 1172 2559 propter
1191 2509 1288 2546 mul-

261 2645 290 2678 α)
305 2645 426 2677 pertinet
443 2644 535 2670 etiam.
552 2657 572 2663 -—
590 2644 670 2669 etiam
687 2644 807 2676 pertinet
825 2644 972 2669 ACDEFG.

263 2679 289 2714 β)
309 2683 418 2706 nostrae
437 2679 602 2705 intentionis.
619 2693 639 2699 -
658 2683 779 2705 nostrum
799 2680 829 2705 B.

262 2716 290 2750 γ)
310 2715 569 2749 multiplicationem.
588 2729 606 2734 -
624 2715 849 2748 multiplicitatem
869 2716 902 2740 G.

1336 1863 1611 1913 tiplicationem
1627 1869 1642 1891 ⁷
1656 1863 1845 1901 inutilium
1866 1863 2150 1912 quaestionum,
2171 1864 2419 1903 articulorum

1339 1924 1375 1954 et
1404 1925 1739 1969 argumentorum3
1776 1917 1914 1966 partim
1953 1917 2067 1954 etiam
2106 1917 2197 1966 quia
2235 1931 2280 1955 ea
2319 1931 2418 1967 quae

1338 1979 1427 2008 sunt
1454 1971 1669 2008 necessaria
1698 1971 1836 2008 talibus
1856 1970 1905 2008 ad
1930 1971 2144 2020 sciendum,
2166 1984 2245 2008 non
2265 1974 2418 2010 tradun-

1275 2025 1281 2031 '
1339 2033 1399 2062 tur
1418 2026 1634 2062 secundum
1655 2024 1832 2062 ordinem
1863 2024 2095 2073 disciplinae,
2117 2025 2185 2062 sed
2205 2026 2419 2063 secundum

1340 2078 1446 2128 quod
1467 2078 1686 2126 requirebat
1704 2077 1889 2115 librorum
1905 2077 2104 2127 expositio,
2121 2079 2183 2116 vel
2203 2079 2419 2118 secundum

1341 2132 1447 2181 quod
1485 2144 1525 2169 se
1563 2131 1774 2180 praebebat
1812 2131 1964 2168 occasio
2003 2131 2242 2180 disputandi;
2279 2133 2419 2182 partim

1340 2185 1500 2234 quidem
1539 2185 1629 2235 quia
1669 2185 1881 2223 eorundem
1920 2185 2100 2234 frequens
2126 2182 2139 2206 δ
2173 2186 2346 2235 repetitio
2386 2195 2422 2224 et

1341 2239 1534 2278 fastidium
1574 2247 1610 2276 et
1647 2238 1915 2276 confusionem
1958 2240 2166 2287 generabat
2203 2240 2241 2277 in
2283 2240 2422 2277 animis

1342 2293 1576 2331 auditorum.

1396 2348 1504 2384 Haec
1524 2346 1634 2396 igitur
1655 2354 1691 2383 et
1710 2346 1783 2383 alia
1807 2346 2028 2384 huiusmodi
2049 2347 2190 2384 evitare
2211 2347 2419 2395 studentes,

1341 2401 1588 2449 tentabimus,
1606 2412 1694 2438 cum
1711 2399 1945 2437 confidentia
1965 2399 2083 2438 divini
2103 2400 2243 2448 auxilii,
2262 2399 2306 2438 ea
2322 2414 2421 2450 quae

1343 2455 1391 2493 ad
1421 2467 1571 2492 sacram
1597 2453 1813 2492 doctrinam
1842 2453 2044 2502 pertinent,
2076 2453 2242 2491 breviter
2259 2467 2305 2492 ac
2325 2454 2421 2492 dilu-

1343 2508 1428 2546 cide
1443 2515 1454 2529 ‘
1473 2508 1668 2558 prosequi,
1699 2507 1911 2545 secundum
1940 2507 2046 2556 quod
2067 2507 2226 2545 materia
2245 2508 2419 2557 patietur.

1397 2641 1422 2674 δ)
1442 2642 1587 2667 eorundem
1601 2642 1738 2675 frequens.
1758 2656 1776 2659 —
1788 2641 1918 2674 frequens
1930 2647 2022 2665 eorum
2036 2640 2166 2669 ACDEG,
2179 2641 2311 2675 frequens
2324 2648 2422 2666 eorun-

1344 2677 1698 2774 Ξῖηε)ἶᾶἰ1ιλεὶᾰε.-1ιιείάε
1716 2712 1807 2742 EFab,
1827 2711 1951 2737 diluciter
1971 2712 2006 2742 D,
2027 2711 2141 2737 dulciter
2160 2712 2213 2745 pC,
2234 2712 2348 2737 dulciter
2367 2713 2422 2737 sive

1365 2758 1373 2774 1
1387 2756 1427 2774 ιιι-ι
1449 2756 1463 2774 e
1507 2766 1513 2773 .

898 2848 1235 2881 Commentana
1258 2846 1512 2879 cardinalis
1535 2845 1739 2878 Caietani

265 2965 400 2986 nrm-tro
425 2954 490 2984 divi
514 2953 664 2984 Thomae
688 2953 723 2984 in
747 2952 809 2983 hoc
829 2952 1012 2988 Prooemio,
1036 2949 1238 2982 manifestata
1261 2958 1291 2981 et

265 3010 303 3032 ex
325 3006 415 3040 parte
439 2998 536 3030 officii
560 2998 701 3029 doctoris
727 3005 757 3029 et
781 3007 816 3029 ex
840 3004 929 3038 parte
954 2997 1162 3033 novitiorum,
1179 2996 1290 3026 adver-

265 3044 327 3076 sari
350 3043 476 3075 videtur
499 3043 603 3084 prima
627 3042 732 3074 fronte
755 3042 926 3073 intentioni
949 3052 1055 3077 meae,
1085 3041 1165 3072 dum
1188 3047 1292 3071 textus

213 3088 343 3120 novitiis
367 3095 579 3124 constructus,
604 3098 622 3118 a
641 3097 693 3118 me
720 3086 892 3118 doctorum
915 3085 1142 3117 subtilitatibus
1166 3085 1291 3126 replen-

214 3134 274 3165 dus
298 3132 444 3175 credimr.
469 3133 593 3164 Verum
612 3133 637 3163 si
661 3131 812 3163 Auctoris
836 3131 974 3162 rationes
990 3131 1042 3162 hic
1066 3130 1204 3161 redditas
1223 3129 1292 3160 dili-

213 3177 340 3219 gentius
375 3177 634 3213 discusserimus,
659 3178 819 3208 aberrasse
848 3186 959 3207 meum
989 3175 1196 3216 propositum
1226 3180 1292 3204 non

214 3222 382 3254 videbitur.
398 3222 535 3253 Novitiis
559 3231 700 3263 namque
719 3232 803 3262 opus
820 3221 882 3252 hoc
898 3220 1068 3251 convenire
1085 3219 1208 3255 dicitur,
1227 3229 1293 3249 non

215 3267 337 3299 ratione
361 3266 527 3303 facilitatis,
552 3273 608 3298 aut
630 3265 838 3307 superficialis
862 3271 920 3296 aut
943 3263 1108 3305 epilogalis
1124 3270 1180 3295 aut
1195 3264 1293 3294 intro-

216 3310 353 3343 ductorii
383 3317 551 3347 tractatus;
583 3312 640 3342 sed
668 3311 791 3342 ratione
822 3317 981 3341 sectarum
1014 3308 1291 3359 superfluitatum,

216 3356 354 3387 omissae
377 3354 584 3395 repetitionis,
602 3363 633 3387 et
649 3355 854 3397 pulcherrimi
871 3354 991 3385 ordinis
1009 3353 1072 3384 ab
1063 3363 1136 3394 ipso
1152 3352 1294 3388 inventi;

215 3408 252 3432 ut
276 3401 363 3432 enim
386 3400 420 3430 in
443 3409 595 3451 processu
619 3407 767 3442 apparet,
793 3410 907 3430 omnes
937 3397 1135 3438 theologales
1160 3396 1293 3428 difficul—

215 3452 306 3482 tates,
331 3451 362 3476 et
386 3454 423 3475 ex
446 3444 603 3484 propriis,
627 3445 679 3476 hic
703 3445 848 3476 distincte
873 3450 1055 3475 tractantur.
1073 3443 1115 3473 Et
1137 3441 1294 3483 quoniam

216 3490 415 3531 quandoque
434 3489 542 3519 minus
557 3489 754 3530 perspicaces
769 3500 805 3521 ac
824 3490 962 3530 impares
981 3498 1066 3528 opus
1085 3487 1148 3518 hoc
1163 3486 1294 3517 sortitur

216 3534 420 3575 interpretes,
446 3533 633 3574 multosque
657 3533 768 3566 habuit
791 3534 1044 3575 impugnatores,
1070 3539 1100 3564 et
1123 3538 1294 3563 sectatores

1281 3609 1359 3645 Q.

1347 2950 1452 2981 multo
1469 2950 1578 2990 plures
1593 2956 1716 2989 pareret
1730 2949 1756 2979 si
1773 2949 1980 2990 perspicuum
1997 2948 2099 2985 fieret;
2121 2949 2333 2979 necessarium
2354 2948 2422 2979 fore

1348 2995 1423 3025 duxi
1447 2993 1638 3034 profecturis
1662 2994 1695 3024 in
1718 2993 1882 3034 theologia
1905 3003 2064 3034 exponere
2088 3003 2172 3034 opus
2196 2993 2276 3029 hoc;
2302 3000 2333 3023 et
2355 3002 2421 3023 non

1347 3039 1478 3074 maiora,
1504 3038 1558 3069 sed
1583 3038 1769 3078 posteriora,
1795 3045 1826 3069 et
1849 3038 2012 3068 modernis
2031 3038 2138 3068 minus
2155 3044 2231 3068 nota
2248 3047 2419 3077 apponere,

1347 3084 1433 3115 iuxta
1457 3083 1521 3113 mei
1545 3082 1627 3113 vires
1650 3082 1787 3123 ingenii;
1813 3082 1845 3112 id
1869 3092 1982 3113 omnes
2013 3092 2166 3118 monens,
2197 3089 2232 3113 ut
2261 3082 2422 3113 dictorum

1347 3135 1474 3159 tantum
1497 3127 1635 3158 rationes
1651 3127 1779 3158 videant
1794 3134 1889 3168 atque
1907 3127 2095 3163 examinent,
2114 3134 2144 3157 et
2160 3126 2203 3157 sic
2220 3126 2422 3167 acquiescant

1347 3173 1400 3203 vel
1422 3172 1568 3203 refutent.
1601 3172 1676 3202 Non
1701 3171 1787 3202 enim
1818 3171 1897 3202 tanti
1928 3181 2001 3202 sum
2032 3181 2089 3202 nec
2118 3171 2162 3201 sic
2192 3181 2361 3211 arrogans,
2387 3178 2422 3201 ut

1348 3227 1454 3248 meam
1473 3226 1656 3257 proponam
1672 3216 1910 3247 auctoritatem:
1932 3216 1986 3246 sed
2003 3222 2132 3246 eatenus
2146 3215 2218 3246 dico
2235 3215 2286 3245 hic
2302 3222 2332 3246 et
2349 3215 2419 3245 ubi-

1347 3272 1421 3303 que,
1447 3268 1606 3302 quatenus
1629 3260 1751 3292 reddita
1774 3260 1855 3292 ratio
1879 3267 2020 3291 testatur.
2045 3260 2230 3300 Propterea,
2257 3259 2311 3290 ubi
2336 3259 2420 3289 defe-

1349 3317 1441 3342 cero,
1467 3305 1636 3336 correctori
1665 3312 1700 3336 ut
1732 3305 1869 3336 adiutori
1904 3305 2018 3345 gratias
2052 3314 2123 3344 ago.
2154 3304 2257 3335 Verba
2289 3313 2421 3344 quoque

1349 3352 1492 3388 erroris,
1508 3349 1692 3391 falsitatis,
1718 3350 1911 3390 deceptionis
1925 3372 1935 3386 ,
1969 3349 2197 3390 ignorantiae,
2223 3356 2254 3379 et
2284 3348 2421 3379 aliorum

1349 3394 1546 3430 huiusmodi,
1571 3404 1639 3425 non
1663 3401 1772 3425 contra
1795 3404 1957 3435 personaS‚
1978 3394 2033 3424 sed
2058 3399 2167 3424 contra
2194 3392 2374 3433 opiniones,
2392 3399 2422 3423 et

1349 3440 1411 3471 hoc
1436 3439 1531 3470 etiam
1556 3446 1714 3480 quatenus
1729 3438 1836 3469 minus
1851 3438 1971 3469 solidae
1987 3444 2062 3468 sunt
2073 3437 2123 3468 vel
2149 3444 2311 3478 apparent,
2327 3437 2421 3468 inter-

1350 3484 1501 3525 pretanda
1525 3493 1593 3514 esse
1617 3483 1692 3514 volo
1704 3492 1714 3513 :r
1735 3483 1891 3524 quoniam
1921 3482 2065 3523 personis
2090 3482 2181 3513 nullo
2212 3488 2325 3523 pacto,
2352 3481 2420 3521 opi-

1350 3529 1500 3560 nionibus
1523 3538 1599 3559 vero
1623 3538 1689 3558 non
1714 3527 1773 3558 nisi
1790 3534 1826 3558 ut
1841 3527 2015 3563 dissonant,
2041 3526 2197 3557 adversari
2220 3526 2362 3557 intendo.
