2768 4178
107 474 253 527 Z'DVexing,
265 506 293 527 ¹5.

102 1251 111 1259 '¹
132 1249 203 1271 Num.
218 1254 250 1270 iv-

1352 210 1377 221 w

349 290 422 326 360

347 370 432 406 Deo
463 380 578 417 quam
609 368 656 405 de
686 367 876 414 creaturis,
906 374 1092 416 quantum
1117 366 1165 403 ad
1194 378 1274 402 rem
1303 367 1412 414 signi-

347 422 518 468 ficatam,
549 421 634 457 licet
662 433 739 457 non
773 428 958 468 quantum
993 420 1041 457 ad
1079 419 1240 456 modum
1274 419 1411 467 signifi-

349 474 458 511 candi
478 474 508 510 *.
539 475 648 511 Unde
670 481 707 510 et
724 474 932 522 Apostolus
952 473 1050 519 dicit,
1080 473 1131 508 ad
1147 473 1281 520 Ephes.
1304 484 1339 509 111
1354 472 1409 509 ²¹0⁸:

347 527 472 564 Flecto
492 538 620 576 genua
640 538 724 563 mea
744 527 796 563 ad
811 527 962 563 Patrem
983 525 1140 562 Domini
1157 525 1276 562 nostri
1292 530 1306 548 η
1324 526 1410 562 Iesu

353 579 508 625 Christi,
539 591 589 616 ex
616 591 689 628 quo
718 580 839 616 omnis
870 578 1079 627 paternitas
1107 578 1144 614 in
1178 577 1281 614 caelo
1310 583 1346 614 et
1373 579 1410 615 in

348 638 449 669 terra
478 632 707 669 nominatur.
741 632 858 678 Quod
887 632 939 668 sic
967 637 1134 679 apparet.
1165 630 1410 667 Manifestum

348 692 403 721 est
432 685 534 721 enim
564 685 668 733 quod
696 685 889 733 generatio
925 683 1059 732 accipit
1093 683 1261 732 speciem
1291 696 1313 719 a
1340 691 1411 720 ter-

347 737 465 785 mino,
496 738 560 786 qui
583 735 597 758 ⁰
626 745 681 775 est
709 738 833 774 forma
861 737 1038 785 generati.
1069 737 1118 772 Et
1145 743 1287 785 quanto
1315 737 1412 773 haec

346 790 456 828 fuerit
473 790 726 840 propinquior
744 791 891 827 formae
914 788 1140 838 generantis,
1159 796 1264 826 tanto
1283 789 1412 826 verior

348 851 382 880 et
409 843 612 892 perfectior
641 851 696 880 est
733 843 946 891 generatio;
976 843 1071 879 sicut
1102 841 1294 889 generatio
1329 842 1410 878 uni-

345 908 444 933 voca
465 904 520 933 est
546 896 749 945 perfectior
775 909 893 945 quam
922 908 1000 932 non
1030 895 1214 931 univoca:
1245 907 1334 931 nam
1363 895 1410 931 de

400 1021 426 1054 η)
447 1021 540 1046 nostri.
559 1035 579 1041 -
597 1021 649 1045 mei
667 1020 729 1049 Pab,
749 1028 802 1046 om.
822 1020 937 1052 BCEpD.

400 1055 423 1092 θ)
444 1057 498 1089 qui.
514 1059 534 1075 '—
552 1063 620 1089 quae
637 1055 755 1080 ACEGa.
774 1069 793 1074 -
811 1055 862 1079 Pro
881 1055 953 1084 haec,
973 1054 1016 1080 hic
1035 1054 1079 1079 Pb.

998 288 1265 334 QUAESTIO
1295 288 1473 334 XXXIII,
1503 288 1799 325 ARTICULUS
1829 289 1879 324 III

1468 367 1612 404 ratione
1641 367 1854 415 generantis
1884 375 1960 413 est,
1991 368 2097 416 quod
2125 375 2278 415 generet
2314 368 2383 405 sibi
2411 369 2532 406 simile

1467 420 1678 456 secundum
1716 421 1892 457 formam.
1932 420 2044 457 Unde
2077 422 2152 457 hoc
2190 421 2315 469 ipsum
2358 423 2463 470 quod
2494 422 2534 458 in

1466 473 1709 520 generatione
1744 473 1877 521 ¹divina
1916 481 1971 510 est
2009 474 2145 510 eadem
2174 486 2336 511 numero
2365 481 2373 494 ¹
2410 475 2535 511 forma

1466 525 1678 574 generantis
1708 533 1744 562 et
1771 525 1900 574 geniti,
1928 526 1967 563 in
1996 527 2110 563 rebus
2139 534 2266 564 autem
2296 526 2427 564 creatis
2456 539 2535 564 non

1469 586 1523 615 est
1551 579 1687 616 eadem
1717 591 1899 626 numero,
1929 579 1998 616 sed
2026 579 2151 628 specie
2181 587 2340 626 tantum,
2370 579 2536 617 ostendit

1467 631 1572 678 quod
1610 631 1824 679 generatio,
1860 640 1896 668 et
1932 645 2002 681 per
2036 645 2275 681 consequens
2307 632 2532 681 paternitas,

1466 697 1535 732 per
1570 684 1674 732 prius
1709 685 1754 721 sit
1783 685 1821 721 in
1852 686 1939 724 Deo
1974 697 2091 734 quam
2125 686 2164 722 in
2193 685 2382 722 creaturis.
2422 685 2534 722 Unde

1466 737 1541 774 hoc
1570 737 1694 785 ipsum
1713 744 1726 758 ’‘
1755 737 1861 786 quod
1890 738 1928 774 in
1957 738 2094 775 divinis
2124 746 2179 775 est
2207 737 2394 776 distinctio
2420 737 2535 786 geniti

1467 802 1489 826 a
1525 797 1730 837 generante
1768 790 1982 828 secundum
2020 791 2243 828 relationem
2277 799 2446 838 tantum,
2485 790 2535 828 ad

1466 842 1666 900 veritatem
1689 842 1842 879 divinae
1871 844 2124 890 generationis
2145 853 2182 882 et
2199 844 2432 894 paternitatis
2450 856 2536 892 per-

1466 902 1568 931 tmet.

1525 1018 1542 1051 ι)
1563 1026 1681 1044 numero.
1699 1033 1718 1038 —
1737 1019 1798 1044 Om.
1817 1019 1958 1052 ABCEpD.

1523 1055 1548 1086 κ)
1569 1054 1663 1086 ipsum.
1681 1068 1700 1073 —
1719 1054 1775 1086 ipso
1795 1054 1973 1080 PABCDEab.

1027 1151 1361 1184 Commentaria
1383 1150 1635 1183 Cardinalis
1658 1150 1859 1184 Caietam

379 1261 399 1280 N
416 1250 519 1286 titulo,
537 1250 570 1291 ly
584 1251 692 1286 Pater,
711 1256 747 1280 ut
765 1249 797 1279 in
817 1249 976 1279 solutione
994 1249 1081 1279 dubii
1100 1248 1218 1288 patebit
1233 1247 1262 1284 θ,
1280 1247 1416 1278 sumitur

351 1262 476 1334 Iprout
500 1294 533 1324 in
557 1294 662 1324 divina
677 1293 831 1328 Trinitate
855 1293 1041 1324 admittitur.
1067 1294 1115 1333 Ly
1128 1293 1263 1332 proprie
1279 1292 1416 1322 sumitur

349 1346 378 1369 et
403 1346 437 1369 ut
461 1338 664 1378 distinguitur
695 1343 803 1367 contra
835 1337 1065 1376 metaphorice,
1095 1343 1125 1367 et
1156 1343 1191 1367 ut
1215 1336 1416 1375 distinguitur

348 1389 457 1412 contra
473 1391 650 1419 commune,
668 1388 698 1411 et
714 1388 748 1411 ut
766 1381 967 1420 distinguitur
983 1387 1091 1411 contra
1111 1386 1273 1411 extranee.
1293 1380 1414 1410 Extra-

348 1436 441 1456 neum
466 1433 573 1456 autem
590 1425 661 1456 dico
685 1425 930 1465 quomodolibet
954 1425 1113 1455 adiacens:
1139 1424 1415 1465 quemadmodum

349 1470 483 1500 dicimus
507 1470 545 1500 de
562 1469 670 1510 aliquo
687 1469 775 1509 quod
792 1469 941 1499 Socrates
957 1475 1003 1499 est
1019 1478 1137 1499 nomen
1154 1468 1320 1509 proprium
1336 1468 1413 1504 eius,

345 1515 435 1553 filius
450 1523 525 1544 vero
548 1514 693 1544 Platonis
709 1514 949 1554 primogenitus
968 1523 1034 1543 non
1059 1519 1104 1543 est
1120 1512 1187 1543 eius
1204 1522 1322 1542 nomen
1342 1523 1414 1553 pro-

348 1558 464 1598 prium,
482 1557 557 1598 quia
573 1556 726 1597 significat
749 1557 892 1587 accidens
911 1557 1056 1587 adiacens
1072 1556 1201 1593 Socrati,
1219 1563 1249 1587 et
1265 1566 1331 1586 non
1347 1556 1415 1587 eius

349 1601 565 1632 substantiam.
594 1601 638 1632 Et
662 1601 724 1631 hoc
747 1601 838 1631 tertio
866 1602 967 1631 modo
997 1600 1209 1641 principaliter
1237 1607 1268 1631 et
1300 1600 1414 1632 directe

349 1646 485 1676 sumitur
507 1646 540 1676 in
563 1645 626 1675 hoc
649 1645 761 1676 titulo:
791 1652 928 1685 utroque
953 1651 1060 1675 autem
1083 1644 1145 1675 alio
1170 1645 1270 1675 modo
1299 1654 1414 1675 conco-

349 1690 504 1721 mitanter.
536 1690 580 1721 Ita
604 1689 693 1729 quod
716 1689 848 1720 intentio
877 1689 1071 1730 quaestionis
1095 1695 1157 1719 est:
1182 1691 1233 1719 An
1256 1689 1355 1719 Pater
1377 1689 1416 1719 sit

349 1744 468 1764 nornen
501 1732 678 1773 significans
709 1733 871 1774 propriam
903 1733 1129 1769 substantiam,
1161 1743 1216 1763 seu
1248 1733 1415 1772 proprium

349 1778 551 1809 substantiale
570 1777 703 1808 alicuius
726 1777 850 1807 divinae
874 1786 1044 1817 personae;
1069 1786 1109 1807 an
1129 1776 1281 1817 significet
1296 1777 1415 1817 aliquid

349 1822 492 1852 adiacens
516 1822 571 1853 illi.
597 1822 689 1852 Unde
712 1822 745 1862 ly
768 1821 897 1852 divinae
913 1831 1076 1862 personae
1099 1821 1252 1862 supponit
1270 1831 1329 1861 pro
1348 1821 1416 1861 ipsa

349 1866 512 1907 hypostasi
536 1873 571 1896 ut
595 1865 647 1896 sic.

407 1909 444 1940 11.
470 1910 505 1939 In
529 1919 662 1949 corpore
686 1909 779 1940 unica
803 1915 851 1940 est
873 1909 1047 1945 conclusio,
1074 1908 1257 1949 responsiva
1271 1909 1415 1950 quaesito

349 1953 549 1984 affirmative:
574 1954 673 1984 Pater
695 1960 741 1984 est
764 1962 882 1983 nomen
907 1953 1074 1993 proprium
1097 1962 1250 1994 personae
1270 1953 1379 1984 Patris.
1396 1971 1416 1975 —

348 1998 391 2028 Et
414 1998 567 2038 probatur
589 1997 642 2028 sic.
669 1996 852 2037 Significans
868 1996 900 2027 id
916 2007 973 2037 per
988 1997 1078 2038 quod
1093 2006 1228 2037 persona
1244 2007 1415 2038 quaecum-

349 2051 411 2082 que
444 2041 645 2082 distinguitur
673 2042 711 2072 ab
741 2041 891 2071 omnibus
921 2041 1007 2077 aliis,
1032 2047 1079 2071 est
1101 2050 1220 2071 nomen
1249 2041 1416 2081 proprium

349 2085 451 2116 illius:
477 2086 532 2116 sed
554 2087 651 2122 Pater
675 2084 827 2126 significat
846 2085 1075 2125 paternitatem,
1093 2095 1149 2125 per
1167 2095 1266 2125 quam
1281 2095 1416 2125 persona

349 2130 447 2161 Patris
465 2129 666 2170 distinguitur
690 2130 728 2160 ab
753 2129 903 2160 omnibus
927 2129 1013 2160 aliis:
1039 2139 1113 2170 ergo
1138 2136 1184 2160 est
1207 2139 1327 2160 nomen
1343 2139 1416 2170 pro-

350 2173 454 2214 prium
479 2184 633 2214 personae
657 2173 764 2204 Patris.

406 2217 509 2247 Maior
538 2218 690 2258 probatur
719 2217 751 2247 in
775 2217 876 2247 littera
907 2216 1079 2247 virtualiter
1108 2217 1160 2247 sic.
1192 2217 1320 2247 Nomen
1343 2227 1416 2257 pro-

352 2261 458 2301 prium
481 2261 576 2292 huius
600 2260 739 2291 hominis
763 2260 915 2301 significat
939 2261 1019 2291 hanc
1044 2260 1184 2290 animam
1207 2267 1238 2291 et
1261 2260 1322 2291 hoc
1347 2271 1416 2291 cor-

351 2313 428 2345 pus:
459 2314 533 2344 ergo
563 2304 716 2344 significat
741 2304 773 2335 id
804 2314 860 2344 per
889 2305 978 2344 quod
1008 2304 1212 2344 distinguitur
1242 2305 1281 2334 ab
1314 2304 1416 2334 omni-

351 2350 410 2380 bus
434 2348 511 2379 aliis.
542 2350 600 2379 Par
623 2356 731 2380 autem
758 2348 837 2379 ratio
861 2355 906 2379 est
930 2348 968 2379 de
993 2348 1111 2378 ceteris.
1143 2348 1249 2388 Igitur.
1275 2365 1294 2370 -
1317 2351 1416 2379 Ante-

352 2393 464 2423 cedens
495 2392 712 2424 manifestatur
742 2400 773 2424 et
802 2392 942 2428 ratione,
975 2391 1051 2432 quia
1081 2392 1162 2423 sicut
1190 2392 1229 2422 de
1255 2391 1416 2423 intellectu

351 2436 491 2467 hominis
520 2443 594 2467 sunt
622 2446 729 2467 carnes
757 2443 788 2467 et
811 2446 898 2473 ossa,
923 2436 966 2467 ita
990 2443 1067 2472 etc.;
1099 2443 1130 2467 et
1152 2435 1336 2467 auctoritate
1359 2436 1415 2467 VII

350 2481 533 2521 Metaphys.

410 2525 461 2555 III.
492 2524 583 2555 Circa
613 2524 694 2554 hanc
724 2523 879 2554 rationem
910 2524 1051 2554 dubium·
1075 2524 1220 2554 occurrit.
1253 2523 1417 2560 Quoniam

352 2568 475 2598 medius
499 2568 661 2604 terminus,
687 2568 804 2599 scilicet
826 2569 1015 2609 significare
1038 2568 1072 2598 id
1093 2578 1155 2608 quo
1173 2577 1316 2608 persona
1338 2568 1417 2599 haec

351 2613 563 2653 distinguitur
585 2622 605 2643 a
629 2614 760 2650 ceteris,
786 2619 841 2643 aut
864 2612 1015 2652 importat
1038 2611 1211 2652 significare
1225 2612 1418 2651 formaliter

352 2662 382 2687 et
398 2657 429 2686 in
446 2662 520 2687 actu
538 2656 644 2696 ipsum
664 2656 879 2687 distinctivum
894 2665 1064 2696 personae;
1089 2661 1147 2687 aut
1160 2657 1372 2687 materialiter
1387 2661 1418 2687 et

352 2701 383 2730 in
395 2701 551 2740 potentia,
576 2710 614 2730 eo
635 2700 734 2730 modo
758 2710 825 2741 quo
848 2699 993 2741 superius
1018 2699 1130 2730 dicitur
1149 2699 1321 2740 significare
1341 2709 1416 2730 con-

351 2751 436 2776 tenta
465 2745 523 2774 sub
548 2754 596 2775 eo.
629 2744 661 2775 Si
686 2744 821 2775 sumitur
851 2754 909 2784 pro
939 2743 1166 2784 significatione
1197 2744 1340 2780 formali,
1374 2744 1417 2774 sic

352 2789 429 2819 falsa
445 2795 490 2819 est
507 2788 622 2819 minor.
646 2789 743 2819 Pater
765 2788 850 2818 enim
870 2798 935 2818 non
955 2787 1108 2828 significat
1126 2788 1292 2828 personale
1308 2787 1416 2818 distin-

1470 1247 1589 1278 ctivum
1612 1247 1736 1279 divinae
1759 1257 1928 1288 personae:
1953 1248 2108 1289 quoniam
2132 1248 2286 1289 significat
2309 1249 2481 1281 formaliter
2503 1250 2536 1281 id

1469 1302 1536 1331 quo
1555 1293 1646 1322 Pater
1662 1293 1810 1323 convenit
1833 1303 1907 1322 cum
1931 1291 2039 1323 ceteris
2063 1293 2214 1333 patribus,
2240 1294 2459 1325 convenientia
2477 1294 2538 1325 sal-

1469 1342 1534 1366 tem
1558 1336 1706 1376 analoga;
1741 1346 1806 1366 non
1831 1343 1878 1367 est
1900 1344 2008 1368 autem
2031 1336 2117 1367 idem
2147 1337 2362 1368 distinctivum
2385 1338 2534 1375 alicuius,

1469 1386 1500 1410 et
1522 1390 1588 1420 quo
1613 1390 1687 1410 cum
1710 1380 1778 1410 aliis
1802 1381 1966 1417 convenit,
1991 1380 2066 1421 quia
2089 1381 2152 1411 hoc
2176 1388 2222 1412 est
2245 1391 2432 1418 commune,
2456 1382 2536 1413 illud

1468 1424 1645 1464 proprium.
1662 1441 1681 1446 —
1698 1424 1730 1455 Si
1753 1434 1828 1455 vero
1853 1425 1989 1455 sumitur
2012 1425 2050 1455 de
2075 1425 2303 1464 significatione
2326 1426 2359 1456 in
2383 1426 2534 1466 potentia,

1468 1478 1549 1498 vana
1572 1475 1619 1498 est
1648 1468 1768 1504 maior,
1803 1479 1967 1509 vanusque
1999 1476 2046 1499 est
2068 1476 2155 1500 totus
2185 1479 2351 1509 processus
2382 1469 2534 1510 corporis.

1469 1512 1634 1549 Quoniam
1653 1522 1795 1552 expresse
1810 1513 1988 1553 loquuntur
2004 1514 2042 1543 de
2059 1512 2231 1553 significare
2256 1514 2434 1544 actualiter:
2459 1513 2537 1544 alio-

1469 1556 1547 1596 quin
1562 1556 1655 1587 homo
1672 1563 1753 1587 esset
1767 1566 1887 1587 nomen
1903 1557 2071 1597 proprium
2086 1557 2183 1587 huius
2198 1557 2349 1595 hominis,
2366 1567 2424 1589 nec
2443 1567 2537 1598 opor-

1469 1600 1579 1631 tuisset
1600 1600 1678 1631 haec
1701 1601 1866 1631 adducere.

1528 1644 1581 1675 IV.
1605 1644 1657 1675 Ad
1686 1644 1748 1675 hoc
1778 1645 1911 1675 breviter
1942 1644 2073 1681 dicitur,
2105 1646 2194 1686 quod
2224 1645 2274 1676 hic
2299 1652 2345 1676 est
2368 1655 2473 1676 sermo
2497 1645 2536 1677 de

1470 1687 1642 1728 significare
1665 1689 1845 1719 actualiter.
1871 1689 1912 1719 Et
1935 1689 1975 1719 ad
1998 1689 2210 1720 obiectionem
2226 1690 2266 1720 ad
2285 1690 2474 1730 oppositum
2489 1699 2536 1720 re-

1470 1733 1661 1772 spondetur,
1687 1733 1776 1772 quod
1799 1733 1831 1774 ly
1854 1733 1952 1763 Pater
1975 1733 2143 1773 dupliciter
2165 1733 2249 1763 sumi
2272 1739 2387 1774 potest.
2410 1733 2534 1770 Primo,

1470 1782 1506 1807 ut
1521 1783 1568 1807 est
1583 1786 1703 1806 nomen
1719 1777 1892 1816 analogum
1915 1777 1955 1807 ad
1978 1786 2110 1807 omnem
2133 1777 2381 1817 quomodolibet
2392 1783 2535 1818 patrem:

1470 1827 1501 1852 et
1523 1820 1567 1851 sic
1590 1820 1802 1860 proculdubio
1834 1820 1912 1851 falsa
1939 1827 2020 1851 esset
2043 1821 2167 1857 minor;
2198 1820 2243 1851 sic
2265 1821 2352 1852 enim
2381 1820 2536 1862 signifieat

1470 1874 1643 1895 commune
1666 1864 1745 1905 quid
1767 1864 2047 1904 proportionaliter
2075 1864 2165 1895 omni
2194 1865 2285 1906 patri.
2318 1864 2392 1896 Alio
2416 1864 2536 1902 modo,

1471 1913 1507 1939 ut
1529 1913 1575 1939 est
1592 1909 1736 1948 primum
1762 1913 1792 1939 et
1815 1913 1911 1949 caput
1932 1908 2028 1939 huius
2051 1909 2244 1950 analogiae:
2267 1915 2298 1940 et
2321 1908 2365 1940 sic
2384 1907 2537 1949 significat

1471 1951 1712 1983 constitutivum
1743 1951 2022 1993 distinctivumque
2050 1952 2215 1993 personale
2239 1952 2361 1994 primae
2383 1962 2537 1994 personae

1470 1995 1632 2027 Trinitatis
1649 1995 1781 2027 divinae.
1807 1996 1850 2028 Ut
1866 1996 1951 2027 enim
1965 1996 1999 2026 in
2015 2006 2069 2037 qu.
2082 2007 2137 2027 xm
2152 1995 2170 2016 *
2193 1996 2386 2028 declaratum
2405 2003 2460 2034 est,
2477 1997 2538 2028 alia

1471 2047 1517 2071 est
1533 2040 1675 2071 formalis
1691 2040 1770 2071 ratio
1787 2040 1945 2071 reddenda
1961 2041 2133 2081 quaerenti,
2162 2041 2248 2078 Quid
2266 2046 2314 2072 est
2329 2042 2440 2082 prima
2457 2050 2536 2082 per-

1470 2094 1549 2116 sona
1565 2084 1674 2115 divina
1690 2090 1849 2125 quatenus
1863 2085 1986 2116 Pater?
2001 2092 2032 2116 et
2050 2083 2136 2122 Quid
2152 2090 2198 2116 est
2213 2085 2364 2117 Socrates
2378 2090 2537 2126 quatenus

1465 2129 1588 2169 pater?
1610 2129 1690 2159 sicut
1708 2128 1741 2159 in
1764 2129 1833 2159 aliis
1851 2129 1993 2170 analogis
2017 2129 2245 2160 communibus
2267 2129 2337 2160 Deo
2361 2136 2392 2161 et
2415 2136 2536 2161 creatu-

1471 2183 1532 2204 rae.
1558 2173 1628 2212 Ipsa
1651 2180 1759 2203 autem
1782 2172 1890 2203 alietas
1910 2173 2040 2204 rationis
2064 2173 2226 2214 consurgit
2240 2184 2278 2205 ex
2294 2173 2467 2205 elevatione
2489 2183 2536 2204 re-

1470 2216 1596 2247 lationis
1616 2216 1809 2257 paternitatis
1832 2217 1872 2246 ad
1895 2217 2130 2248 subsistentiam
2147 2224 2178 2248 et
2193 2217 2459 2259 personalitatem,
2477 2223 2535 2249 etc.

1471 2260 1512 2290 Et
1535 2266 1702 2300 propterea
1724 2261 1756 2301 ly
1779 2261 1886 2298 Pater,
1912 2260 1955 2291 sic
1978 2267 2162 2301 sumptum,
2191 2271 2228 2292 ex
2251 2261 2379 2302 propria
2407 2271 2466 2293 sua
2487 2271 2535 2293 ra-

1471 2303 1557 2334 tione
1581 2303 1734 2343 significat
1755 2304 1841 2334 illius
1864 2305 2137 2344 personalitatem:
2162 2312 2292 2345 propter
2310 2306 2399 2347 quod
2417 2306 2537 2346 absque

1471 2347 1632 2378 additione
1659 2347 1786 2378 tradidit
1812 2348 1972 2379 Dominus
2002 2349 2229 2389 baptizandum
2262 2359 2329 2380 esse
2352 2351 2385 2381 in
2409 2351 2538 2381 nomine

1470 2392 1578 2422 Patris
1593 2390 1621 2427 ⁸,
1646 2399 1704 2422 etc.

1529 2435 1673 2466 Dubium
1696 2442 1803 2466 autem
1826 2446 1991 2467 remanens
2015 2435 2095 2468 circa
2123 2436 2281 2468 minorem
2297 2436 2331 2474 ⁴,
2357 2447 2398 2468 an
2421 2437 2538 2469 scilicet

1471 2479 1639 2520 paternitas
1659 2479 1698 2515 sit
1713 2481 1878 2520 personale
1894 2480 2109 2512 distinctivum
2124 2481 2232 2518 Patris,
2249 2480 2283 2511 in
2299 2491 2355 2522 qu.
2369 2491 2419 2519 xz,
2434 2487 2489 2513 art.
2506 2491 2535 2519 2,

1471 2523 1661 2555 tractabitur.

1529 2568 1568 2598 V.
1594 2568 1629 2598 In
1652 2568 1858 2608 responsione
1882 2569 1922 2598 ad
1945 2574 2113 2609 quartum,
2137 2575 2214 2599 nota
2241 2569 2332 2609 quod
2355 2569 2393 2600 de
2416 2569 2537 2600 ratione

1470 2611 1680 2652 generationis
1704 2619 1778 2642 sunt
1801 2612 1883 2643 duo:
1909 2612 2025 2644 scilicet
2047 2612 2206 2644 distinctio
2226 2613 2482 2653 suppositorum,
2504 2619 2538 2645 et

1471 2656 1574 2687 unitas
1598 2655 1719 2686 formae
1742 2666 1824 2696 quae
1849 2657 2112 2688 communicatur.
2143 2657 2185 2687 Et
2207 2657 2362 2698 quoniam
2383 2667 2536 2698 generans

1471 2706 1507 2731 ut
1525 2699 1568 2730 sic
1592 2699 1744 2730 assimilat
1767 2700 1825 2730 sibi
1849 2700 2002 2740 genitum,
2027 2700 2202 2732 similitudo
2226 2708 2332 2733 autem
2352 2701 2470 2742 species
2490 2708 2537 2733 est

1471 2743 1608 2780 unitatis,
1633 2751 1764 2784 quanto,
1790 2751 1889 2775 stante
1919 2744 2118 2776 distinctione
2142 2744 2340 2786 suppositali,
2365 2745 2468 2776 maior
2489 2752 2536 2777 est

1471 2787 1574 2818 unitas
1598 2787 1733 2824 formae,
1758 2795 1847 2819 tanto
1871 2788 2030 2828 generatio
2054 2795 2102 2820 est
2123 2788 2301 2830 perfectior.-

1156 2957 1473 3000 ARTICULUS
1501 2957 1730 3001 TERTIUS

772 3050 927 3080 UTRUM
952 3049 1045 3081 HOC
1068 3050 1223 3081 NOMEN
1246 3050 1392 3081 PATER
1414 3049 1609 3081 DICATUR
1633 3051 1676 3081 IN
1699 3051 1855 3082 DIVINIS
1880 3052 1962 3083 PER
1985 3051 2107 3083 PRIUS

964 3094 1201 3126 SECUNDUM
1224 3094 1347 3131 QUOD
1371 3094 1700 3126 PERSONALITER
1723 3095 1919 3126 SUMITUR

391 3234 396 3242 .
418 3219 439 3247 ἢ
563 3204 586 3229 D
613 3203 773 3229 TERTIUM
792 3203 845 3228 sic
865 3202 1102 3228 Paocanrrua.
1131 3191 1290 3228 Videtur
1309 3190 1413 3241 quod

400 3232 638 3301 nQffifshoc
665 3256 808 3281 nomen
826 3245 938 3280 Pater
957 3256 1036 3281 non
1055 3243 1201 3281 dicatur
1220 3243 1257 3280 in
1277 3243 1413 3302 divinis

370 3296 1414 3388 'a‘{sfnffiluzffissfflssffssnfflttssi'{anteiit

353 3403 564 3450 tellectum,
603 3411 658 3440 est
694 3403 798 3452 prius
834 3402 1001 3452 proprio.
1046 3378 1123 3439 Seii
1159 3403 1234 3440 hoc
1271 3413 1414 3440 nomen

353 3456 464 3491 Pater
482 3462 510 3501 ⁶²,
537 3456 746 3493 secundum
777 3455 880 3503 quod
900 3455 1147 3504 personaliter
1166 3454 1337 3502 sumitur,
1359 3462 1415 3491 est

352 3508 550 3556 proprium
570 3521 756 3557 personae
785 3508 926 3546 Patris:
956 3508 1167 3545 secundum
1186 3520 1280 3546 vero
1309 3507 1414 3556 quod

386 3224 393 3233 ,«,
409 3212 412 3216 ”
438 3207 450 3232 5
468 3208 525 3243 ξιξ(

378 3204 415 3259 {³3¹²-
513 3212 540 3259 h(

384 3245 426 3302 ἢ]

408 3623 435 3654 α)
455 3622 503 3647 hoc
523 3629 615 3646 nomen
637 3623 726 3647 Pater.
745 3637 762 3641 -
781 3623 842 3647 Om.
862 3622 1026 3647 ACDEFGa.

1468 3190 1630 3228 sumitur
1657 3191 1913 3239 essentialiter,
1948 3200 2004 3229 est
2032 3204 2240 3230 commune
2259 3192 2326 3230 toti
2346 3193 2531 3240 Trinitati,

1468 3255 1559 3280 nam
1579 3243 1645 3280 toti
1665 3244 1839 3282 Trinitati
1859 3245 2020 3283 dicimus
2039 3246 2152 3282 Pater
2175 3251 2310 3283 noster.
2341 3247 2444 3294 Ergo
2463 3257 2534 3296 per

1467 3296 1571 3345 prius
1600 3297 1735 3334 dicitur
1761 3299 1874 3335 Pater
1903 3297 2145 3336 essentialiter
2173 3306 2385 3348 sumptum,
2415 3310 2532 3347 quam

1467 3349 1726 3398 personaliter.

1523 3414 1557 3439 2.
1580 3403 1812 3450 PRAETEREA,
1832 3403 1871 3440 in
1898 3403 1957 3440 his
1986 3415 2084 3452 quae
2103 3411 2191 3441 sunt
2218 3404 2392 3442 eiusdem
2420 3403 2531 3440 ratio-

1468 3455 1545 3501 nis,
1576 3467 1654 3492 non
1683 3463 1738 3492 est
1765 3455 1995 3504 praedicatio
2024 3469 2093 3505 per
2128 3457 2234 3506 prius
2263 3465 2299 3494 et
2330 3456 2528 3506 posterius.

1470 3508 1546 3544 Sed
1574 3508 1777 3556 paternitas
1806 3515 1842 3545 et
1869 3509 1998 3546 filiatio
2027 3510 2238 3548 secundum
2272 3521 2390 3547 unam
2419 3508 2530 3546 ratio-

2563 2003 2575 2015 *
2585 2002 2638 2025 Art.
2651 2008 2678 2032 5,
2700 2003 2768 2026 Com-

2588 2032 2635 2052 fflt-
2649 2035 2714 2053 num.
2723 2035 2762 2052 Vll.

2562 2399 2572 2409 ⁶
2586 2399 2667 2422 nauh.
2682 2405 2756 2422 xxvm

2562 2431 2587 2463 {9

2588 2441 2701 2475 ὲῇΙΙΙΙΙΙΙ.
2715 2458 2740 2476 11·
