2768 4178
76 2725 87 2735 ⁸
103 2725 178 2753 Epist.
192 2731 231 2746 xxx
248 2725 286 2750 tal.

76 2754 158 2778 cxi-vi),
167 2751 195 2773 ad
202 2751 287 2774 Dama-

75 2784 135 2800 Sum.

311 295 392 341 248

1013 294 1280 341 QUAESTIO
1310 294 1415 340 xix,
1446 293 1742 331 ARTICULUS
1772 293 1807 329 x

997 399 1327 433 Commentario,
1351 400 1600 433 Car-dinalis
1622 399 1822 432 Caietam

346 502 366 522 N
390 491 493 526 titulo,
511 490 634 520 adverte
659 489 735 519 duo.
760 490 880 526 Primo,
906 489 995 530 quod
1009 488 1156 518 voluntas
1176 487 1226 518 hic
1246 497 1311 518 non
1329 498 1379 519 su-

315 504 441 566 Imitur
457 542 492 565 ut
509 544 541 564 se
558 533 695 564 extendit
716 533 755 563 ad
780 534 860 564 velle
884 539 914 563 et
937 543 999 563 non
1025 532 1116 569 velle,
1137 541 1175 562 eo
1195 532 1294 562 modo
1314 542 1379 573 quo

311 580 416 610 videre
436 589 467 609 se
487 577 624 609 extendit
647 578 687 607 ad
710 577 814 608 videre
839 585 869 608 et
892 587 958 607 non
981 576 1094 611 videre,
1120 575 1198 606 dum
1222 576 1291 606 visu
1311 586 1380 616 per-

313 624 448 664 cipimus
472 623 631 653 tenebras:
657 628 779 652 constat
803 621 888 651 enim
911 622 1035 652 bonum
1060 627 1090 650 et
1105 620 1228 650 malurn
1247 620 1379 660 opponi,

313 675 343 699 et
367 667 406 697 ad
428 667 627 697 voluntatem
655 672 794 706 spectare
826 676 881 706 per
910 665 988 695 velle
1019 671 1073 694 aut
1103 674 1169 694 non
1193 664 1282 694 velle.
1314 665 1380 695 Nec

312 721 419 742 rursus
444 710 580 741 sumitur
602 710 692 746 velle,
718 717 752 740 ut
774 720 806 740 se
823 709 961 740 extendit
977 709 1015 739 ad
1033 708 1112 738 velle
1128 713 1159 738 et
1173 708 1277 739 nolle:
1300 718 1380 749 quo-

312 756 399 786 niam
423 761 545 786 constat
568 754 675 785 Deum
694 754 795 784 multa
813 754 897 784 mala
913 753 1008 789 nolle,
1027 761 1248 792 quaecumque
1265 752 1382 783 scilicet

312 810 377 830 non
407 799 560 840 permittit
590 809 666 829 suos
698 798 813 829 electos
842 799 1010 828 incurrere.
1043 796 1104 827 Sed
1133 796 1269 826 sumitur
1300 796 1380 827 velle

313 844 440 885 proprie
471 853 529 884 pro
558 848 632 874 actu
650 843 789 883 positivo
813 852 877 882 per
900 841 1028 872 modum
1058 841 1272 880 acceptantis:
1294 840 1379 870 nolle

313 888 399 919 enim
422 886 576 927 significat
599 894 705 917 actum
729 886 922 926 positivum,
955 886 1009 916 sed
1037 894 1092 925 per
1120 884 1256 914 modum
1279 884 1380 924 repel-

312 932 414 963 lentis.
439 932 480 963 Et
504 931 593 972 quod
617 930 659 961 sic
676 937 820 961 sumatur
843 930 893 961 hic
916 929 1074 965 voluntas,
1094 935 1180 969 patet
1203 938 1239 958 ex
1259 928 1380 959 ratione

313 986 394 1018 quae
422 976 455 1006 in
478 975 579 1007 littera
607 974 737 1015 ponitur
767 975 806 1005 ad
835 974 1032 1015 probandam
1065 972 1304 1004 conclusionem
1333 982 1379 1002 re-

313 1020 513 1061 sponsivam:
538 1019 571 1049 in
595 1019 656 1050 hoc
680 1018 765 1049 enirn
789 1019 859 1049 solo
884 1027 978 1048 sensu
1002 1017 1163 1058 probatur.
1184 1034 1204 1039 -
1220 1016 1378 1054 Secundo,

312 1065 402 1106 quod
417 1064 540 1094 malurn
560 1070 605 1094 est
624 1063 757 1103 privatio
782 1063 859 1093 boni
883 1062 995 1093 debiti:
1020 1068 1147 1102 oportet
1163 1060 1248 1091 enim
1267 1070 1380 1091 omnes

312 1109 368 1139 has
385 1108 583 1139 conditiones
602 1107 716 1137 habere
732 1107 944 1147 negationem,
963 1106 988 1136 si
1005 1105 1080 1136 mali
1104 1105 1259 1136 rationem
1275 1105 1379 1136 habet.

312 1153 435 1183 Malum
458 1161 532 1182 vero
557 1161 689 1191 poenae,
715 1158 835 1191 praeter
858 1150 930 1186 hoc,
955 1149 1087 1181 includit
1110 1149 1266 1180 rationem
1290 1149 1381 1180 invo-

310 1196 455 1227 luntarii:
481 1195 591 1236 culpae
608 1202 725 1231 autem,
742 1194 922 1225 voluntarii.
947 1194 1008 1225 Hic
1032 1200 1139 1225 autem
1163 1193 1323 1234 quaeritur
1342 1194 1381 1224 de

313 1241 398 1271 malo
418 1241 451 1270 in
470 1239 651 1271 communi:
676 1239 918 1280 respondebitur
937 1245 1044 1269 autem
1063 1238 1218 1269 distincte.

357 1285 394 1316 11.
419 1285 455 1315 ln
479 1293 628 1324 corpore,
653 1294 717 1314 una
741 1291 787 1314 est
818 1282 981 1314 conclusio
1007 1282 1190 1323 responsiva
1219 1282 1379 1324 quaesito,

312 1330 431 1360 habens
446 1336 553 1359 tamen
570 1329 675 1369 plures
699 1335 816 1369 partes:
841 1328 928 1358 Deus
948 1327 1038 1358 nullo
1058 1326 1158 1357 modo
1173 1326 1243 1358 vult
1258 1327 1380 1357 malum

312 1374 438 1414 culpae;
463 1373 532 1403 vult
550 1380 655 1404 tamen
672 1383 728 1413 per
751 1372 894 1403 accidens
918 1371 1042 1402 malum
1065 1370 1214 1402 naturalis
1231 1370 1380 1408 defectus,

312 1425 342 1449 et
358 1417 481 1448 malum
498 1427 629 1457 poenae.
643 1434 662 1439 —
674 1417 839 1447 Probatur.
855 1416 978 1447 Malum
994 1417 1082 1446 bono
1099 1415 1288 1455 opponitur:
1306 1426 1380 1456 ergo

311 1461 508 1503 impossibile
526 1468 571 1492 est
587 1461 710 1491 malum
733 1461 849 1501 appeti,
870 1459 929 1491 nisi
953 1460 1161 1491 coniunctum
1177 1460 1264 1490 bono
1281 1459 1381 1500 magis

312 1506 463 1547 appetito,
480 1515 578 1546 quam
597 1505 732 1536 alterum
751 1506 875 1536 bonum
891 1504 1051 1545 privatum
1067 1514 1123 1545 per
1139 1504 1270 1535 malum.
1295 1504 1381 1544 Ergo

312 1549 509 1590 impossibile
526 1556 572 1580 est
590 1549 712 1580 malum
729 1550 840 1589 culpae
857 1558 923 1580 esse
938 1548 1074 1580 volitum
1091 1559 1108 1579 a
1124 1549 1208 1579 Deo:
1231 1547 1381 1589 possibile

312 1602 418 1626 tamen
438 1601 484 1625 est
498 1593 621 1624 malurn
637 1600 703 1624 tam
717 1593 866 1624 naturalis
883 1593 1033 1630 defectus,
1050 1602 1149 1634 quam
1164 1602 1297 1633 poenae,
1315 1602 1381 1624 esse

312 1649 330 1669 a
353 1639 423 1669 Deo
446 1638 593 1669 volitum.

365 1682 471 1713 Prima
495 1682 720 1723 consequentia
744 1682 909 1722 probatur:
935 1681 1010 1723 quia
1033 1681 1111 1712 ratio
1135 1681 1212 1712 boni
1237 1688 1283 1712 est
1301 1681 1380 1713 ratio

312 1726 500 1768 appetibilis.
525 1726 566 1757 Et
585 1726 692 1767 quoad
707 1726 843 1767 primam
863 1733 994 1766 partem,
1016 1725 1190 1757 declaratur
1204 1733 1299 1767 atque
1315 1736 1380 1756 ma-

312 1771 476 1802 nifestatur
499 1770 532 1800 in
549 1770 639 1801 omni
662 1779 775 1810 genere
799 1770 968 1811 appetitus,
995 1770 1111 1801 scilicet
1133 1770 1292 1807 naturalis,
1317 1770 1380 1801 ani-

312 1815 403 1846 malis
418 1822 449 1845 et
463 1814 695 1851 intellectualis;
713 1814 746 1845 in
762 1814 885 1845 actione
903 1814 1047 1850 naturali,
1064 1822 1095 1845 et
1111 1814 1252 1855 appetitu
1268 1814 1380 1850 leonis,

313 1867 343 1891 et
365 1859 530 1890 voluntate
554 1859 905 1896 fornicatoris..Quoad
929 1859 1100 1890 secundam
1125 1866 1232 1890 autern
1249 1866 1380 1899 partem,

313 1904 479 1944 probatur:
505 1902 580 1944 quia
603 1913 699 1933 omne
715 1903 839 1934 malum
863 1903 1071 1934 coniunctum
1095 1903 1188 1934 alicui
1212 1903 1310 1939 bono,
1336 1910 1383 1934 est

311 1947 444 1988 privatio
477 1947 614 1978 alterius.
639 1965 659 1969 -
683 1947 827 1978 Secunda
860 1954 967 1978 autern
997 1947 1241 1988 consequentia,
1273 1947 1381 1988 quoad

311 1992 448 2035 primam
471 1998 602 2032 partem,
619 1991 784 2032 probatur:
810 1991 886 2032 quia
909 1990 987 2021 nihil
1011 1998 1058 2022 est
1081 1990 1180 2032 magis
1203 1991 1340 2022 volitum
1363 2001 1381 2022 a

311 2036 380 2067 Deo
404 2045 502 2076 quam
532 2036 656 2066 bonum
688 2045 800 2071 suum,
831 2035 881 2066 cui
905 2035 1028 2066 malum
1052 2035 1163 2076 culpae
1194 2035 1379 2076 opponitur.

313 2081 430 2118 Quoad
454 2080 635 2115 secundam,
653 2079 886 2110 manifestatur:
912 2079 986 2121 quia
1001 2079 1088 2110 Deus
1107 2080 1176 2111 vult
1199 2089 1301 2111 unum
1324 2080 1380 2110 bo·

311 2134 391 2155 num
407 2124 506 2165 magis
522 2124 596 2155 alio.
621 2124 662 2155 Et
681 2124 714 2154 in
730 2124 916 2165 poenalibus
932 2124 1074 2165 quidem,
1091 2124 1192 2165 magis
1206 2124 1276 2155 vult
1290 2124 1378 2155 iusti—

312 2169 388 2200 tiam
405 2179 503 2210 quam
518 2169 643 2199 bonum
659 2178 763 2209 poena
778 2168 954 2209 privatum:
974 2168 1007 2199 in
1026 2169 1221 2200 naturalibus
1237 2178 1378 2210 quoque,

1277 2243 1381 2254 M

1435 487 1535 528 magis
1549 488 1618 518 vult
1633 487 1779 518 ordinem
1794 493 1934 524 naturae,
1949 497 2047 528 quarn
2063 487 2160 518 vitam
2176 487 2270 518 huius
2286 489 2358 529 agni
2374 490 2506 520 comesti

1435 542 1453 562 a
1475 532 1565 572 lupo.

1494 576 1545 606 111.
1570 575 1662 607 Circa
1685 575 1909 616 probationem
1933 576 2088 607 secundae
2109 576 2364 617 consequentiae,
2381 577 2506 608 adverte

1436 620 1525 661 quod
1548 620 1580 650 in
1595 619 1697 650 littera
1713 630 1779 650 non
1796 620 1910 651 dicitur
1925 620 2013 661 quod
2028 620 2150 651 malum
2168 621 2279 661 culpae
2297 623 2409 661 privat
2425 621 2505 652 bono

1435 664 1554 702 divino,
1580 665 1634 694 sed
1658 664 1747 705 quod
1771 664 1872 704 privat
1891 664 2004 695 ordine
2018 665 2062 695 ad
2081 666 2195 705 ipsum.
2221 665 2262 696 Et
2280 673 2410 706 propter
2432 666 2504 702 hoc,

1436 708 1570 739 dubium
1594 708 1712 739 oritur:
1741 708 1816 748 quia
1840 708 1919 739 nihil
1937 708 2060 739 videtur
2083 710 2185 739 valere
2210 709 2261 739 illa
2284 709 2375 741 ratio.
2399 709 2505 741 Omne

1436 752 1522 783 enim
1545 753 1667 782 malum
1691 752 1792 792 privat
1815 752 1923 793 aliquo
1953 753 2063 783 ordine
2087 754 2126 784 ad
2149 753 2324 784 bonitatem
2348 753 2504 784 divinam:

1435 795 1591 837 quoniam
1614 796 1719 826 omnis
1744 797 1823 826 ordo
1848 797 1888 827 ad
1912 807 1982 827 eam
2006 804 2061 833 est,
2087 797 2167 829 sicut
2183 798 2222 828 ad
2240 797 2392 829 ultimum
2407 797 2506 829 finem

1436 847 1466 871 et
1488 840 1630 880 primum
1646 839 1778 876 fontem,
1796 847 1854 871 etc.
1879 840 1965 880 Ergo
1983 851 2019 872 ex
2038 841 2109 878 hoc,
2135 842 2223 883 quod
2246 842 2369 874 malum
2393 842 2505 883 culpae

1435 884 1536 924 privat
1559 883 1669 914 ordine
1693 884 1733 914 ad
1756 885 1880 915 bonum
1904 885 2058 922 divinum,
2083 896 2149 917 non
2174 886 2316 927 sequitur
2330 887 2420 928 quod
2438 897 2504 918 non

1436 928 1537 968 possit
1561 937 1626 958 esse
1650 927 1787 958 volitum
1810 938 1828 958 a
1850 929 1920 959 Deo
1940 939 1996 969 per
2014 929 2168 962 accidens.
2193 931 2234 962 Et
2257 930 2283 961 si
2307 931 2346 962 de
2368 931 2440 972 ipso
2457 942 2505 962 se-

1435 971 1553 1013 quitur,
1574 981 1648 1011 ergo
1673 978 1703 1002 et
1727 972 1765 1002 de
1789 972 1932 1013 quolibet
1956 973 2020 1004 alio*
2042 973 2137 1005 malo.

1494 1016 1546 1047 IV.
1570 1016 1622 1046 Ad
1638 1015 1699 1046 hoc
1715 1016 1848 1047 breviter
1867 1015 1990 1054 dicitur,
2016 1019 2103 1058 quod
2127 1019 2251 1049 malurn
2267 1019 2379 1060 culpae
2394 1019 2428 1050 in
2443 1019 2506 1051 hoc

1436 1059 1536 1091 differt
1552 1070 1570 1090 a
1586 1059 1695 1090 ceteris
1719 1060 1821 1096 malis,
1846 1061 1935 1101 quod
1958 1061 2075 1101 ipsum,
2097 1070 2254 1103 quantum
2278 1071 2324 1095 est
2343 1073 2380 1095 ex
2396 1074 2438 1101 se,
2459 1071 2506 1095 est

1435 1104 1626 1145 privativum
1649 1103 1726 1134 boni
1750 1104 1848 1134 divini
1872 1105 2050 1136 secundum
2073 1106 2224 1147 seipsum,
2249 1107 2275 1138 si
2298 1115 2380 1140 esset
2402 1109 2506 1149 priva-

1435 1149 1513 1180 bile:
1539 1149 1817 1189 quemadmodum
1840 1158 1931 1179 amor
1954 1149 2109 1181 amicitiae
2133 1161 2206 1191 erga
2229 1151 2336 1182 Deum
2354 1159 2401 1184 est
2418 1154 2505 1193 posi·

1435 1193 1538 1224 tivum
1562 1192 1638 1224 boni
1662 1192 1759 1223 divini
1793 1193 1970 1224 secundum
1994 1203 2040 1230 se,
2065 1194 2091 1225 si
2115 1202 2196 1226 esset
2219 1195 2369 1236 ponibile.
2394 1196 2506 1228 Cetera

1436 1245 1543 1268 autern
1567 1237 1650 1268 mala
1678 1236 1850 1279 respiciunt
1880 1237 2055 1269 bonitatem
2079 1238 2220 1270 divinam
2248 1239 2280 1270 in
2305 1239 2413 1282 aliquo
2436 1251 2506 1281 par-

1435 1281 1556 1313 ticulari
1574 1281 1695 1312 effectu.
1721 1281 1762 1312 Et
1777 1288 1944 1322 propterea
1961 1290 2051 1313 caute
2067 1282 2100 1313 in
2116 1283 2217 1314 littera
2241 1291 2414 1326 utrumque
2429 1283 2507 1316 insi-

1436 1333 1571 1357 nuatum
1595 1333 1654 1357 est:
1679 1325 1804 1362 scilicet,
1830 1333 1860 1358 et
1883 1327 1972 1367 quod
1992 1327 2128 1367 privaret
2150 1328 2238 1359 bono
2263 1327 2371 1360 divino
2395 1338 2507 1360 secun—

1436 1372 1514 1402 dum
1539 1380 1586 1407 se,
1610 1370 1643 1401 in
1666 1370 1728 1402 hoc
1751 1370 1840 1411 quod
1871 1370 1947 1402 dixit
1970 1372 2060 1412 quod
2088 1372 2175 1403 Deus
2198 1371 2278 1403 nihil
2308 1373 2409 1414 magis
2436 1373 2506 1405 vult

1435 1425 1534 1456 quam
1553 1415 1728 1446 bonitatem
1751 1423 1858 1451 suam;
1884 1422 1915 1446 et
1937 1416 2026 1457 quod
2051 1416 2089 1447 de
2113 1416 2196 1448 facto
2220 1426 2288 1448 non
2305 1417 2408 1458 privat
2421 1417 2505 1459 ipso,

1436 1459 1491 1491 sed
1514 1459 1624 1490 ordine
1646 1459 1686 1490 ad
1709 1459 1830 1499 ipsum;
1848 1460 1937 1500 quod
1954 1460 2091 1501 intellige
2110 1461 2285 1492 secundum
2299 1463 2450 1503 seipsum,
2470 1469 2507 1495 ut

1434 1503 1509 1534 hinc
1532 1503 1647 1534 habeas
1671 1502 1878 1534 differentiam
1895 1514 1912 1535 a
1929 1504 2037 1536 ceteris
2062 1505 2163 1536 malis.
2180 1523 2200 1528 -
2215 1505 2255 1537 Et
2271 1515 2327 1547 per
2341 1506 2404 1538 hoc
2419 1512 2506 1547 patet

1436 1547 1600 1588 responsio
1621 1547 1661 1579 ad
1684 1547 1828 1579 dubium.
1854 1548 1928 1579 Non
1945 1548 2031 1579 enim
2055 1556 2101 1580 est
2117 1550 2228 1580 eadem
2242 1549 2322 1581 ratio
2339 1550 2378 1581 de
2394 1550 2506 1582 ordine

1435 1593 1475 1623 ad
1490 1592 1631 1623 divinam
1654 1592 1831 1623 bonitatem
1853 1593 2030 1624 secundum
2055 1594 2207 1634 seipsam;
2233 1601 2263 1625 et
2282 1594 2320 1625 de
2337 1594 2449 1626 ordine
2465 1595 2506 1626 ad

1436 1646 1516 1673 earn,
1541 1637 1718 1668 secundum
1741 1636 1882 1678 aliquam
1906 1645 2022 1669 certam
2045 1638 2320 1678 participationem
2343 1638 2453 1680 ipsius.

1493 1681 1532 1712 V.
1547 1681 1582 1711 In
1598 1680 1805 1721 responsione
1822 1682 1862 1712 ad
1877 1681 2028 1722 primum,
2045 1683 2171 1714 adverte
2184 1683 2262 1714 duo.
2278 1683 2399 1721 Primo,
2416 1684 2507 1725 quod

1435 1725 1468 1756 in
1491 1725 1594 1756 littera
1616 1725 1770 1756 iudicium
1794 1726 1832 1756 de
1856 1726 1942 1756 malo
1966 1726 2077 1767 culpae
2101 1727 2279 1758 secundum
2302 1738 2335 1758 se
2356 1727 2392 1759 fit
2407 1737 2445 1759 ex
2459 1727 2507 1759 in-

1435 1769 1576 1801 tentione
1600 1769 1767 1810 peccantis,
1793 1778 1971 1810 propterea,
1995 1771 2070 1812 quia
2094 1771 2216 1802 malurn
2240 1771 2352 1812 culpae
2375 1782 2441 1804 nou
2460 1779 2507 1804 est

1437 1813 1562 1845 effectus
1591 1813 1770 1844 reducibilis
1800 1813 1833 1844 in
1858 1824 1967 1845 causas
1996 1815 2192 1855 superiores;
2217 1816 2272 1847 sed
2294 1825 2354 1856 pro
2378 1816 2507 1858 propria

1437 1867 1531 1889 causa
1554 1857 1648 1889 habet
1671 1858 1778 1898 ipsum
1801 1865 1986 1898 peccantem
2009 1866 2044 1890 ut
2068 1859 2122 1890 sic.
2156 1859 2313 1891 Iudicium
2336 1867 2444 1892 autem
2466 1861 2507 1892 de

1436 1912 1629 1943 unaquaque
1641 1912 1673 1933 re
1688 1902 1867 1933 secundum
1878 1903 2041 1943 propriam
2053 1903 2120 1934 eius
2136 1913 2264 1935 causam
2277 1904 2438 1944 agendum
2447 1911 2506 1937 est.

1494 1946 1652 1984 Secundo,
1669 1946 1759 1988 quod
1778 1946 1957 1978 auctoritati
1969 1947 2141 1988 Augustini
2159 1949 2323 1988 arguendo
2342 1949 2507 1986 adductae,

1435 1989 1513 2021 nihil
1536 1990 1569 2021 in
1592 1990 1693 2022 littera
1721 1990 1949 2032 respondetur:
1975 1999 2005 2023 et
2030 1990 2109 2035 (nisi
2134 1991 2174 2023 sit
2197 1991 2338 2024 defectus
2367 1991 2507 2036 codicis)

1435 2034 1552 2065 omissa
1576 2045 1642 2065 non
1665 2033 1798 2071 videtur,
1823 2035 1900 2076 quia
1923 2045 1960 2066 ex
1983 2036 2072 2067 dictis
2098 2036 2149 2067 hic
2168 2043 2298 2078 apparet
2313 2037 2419 2078 glossa
2437 2036 2508 2069 illo-

1435 2087 1506 2110 rum
1530 2079 1702 2110 verborum
1725 2078 1912 2119 Augustini,
1942 2079 2059 2112 scilicet
2086 2080 2176 2122 quod
2204 2081 2406 2122 intelligenda
2434 2085 2508 2114 sunt

1435 2133 1491 2164 per
1514 2123 1674 2154 accidens:
1700 2124 1783 2155 mala
1807 2123 1893 2155 enim
1917 2133 1996 2162 esse,
2016 2132 2063 2156 est
2085 2126 2210 2156 bonum
2227 2124 2293 2157 fieri
2309 2135 2376 2157 non
2392 2135 2449 2168 per
2462 2134 2507 2163 u,

1435 2168 1491 2198 sed
1513 2178 1569 2208 per
1592 2168 1745 2199 accidens.

1106 2321 1424 2364 ARTICULUS
1454 2321 1705 2364 DECIMUS

925 2404 1081 2436 UTRUM
1104 2404 1216 2436 naus
1239 2404 1417 2436 HABEAT
1442 2403 1634 2436 LIBERUM
1657 2403 1900 2436 ARfflTRmM

518 2475 537 2499 11
559 2473 642 2505 Sem„
663 2474 721 2500 dist.
740 2483 796 2506 xxv,
816 2483 860 2508 qu.
875 2483 892 2506 1,
913 2481 959 2501 art.
979 2483 1005 2506 1;
1025 2475 1034 2500 1
1057 2476 1133 2501 Cont.
1155 2476 1242 2506 Gent„
1262 2482 1317 2508 cap.
1336 2482 1458 2506 uxxvnu
1478 2474 1519 2500 De
1543 2474 1636 2504 Ver-it„
1657 2482 1702 2508 qu.
1722 2482 1787 2506 xxiv,
1808 2480 1854 2500 art.
1876 2475 1905 2506 35
1925 2475 1967 2501 De
1985 2475 2068 2507 Malo,
2089 2484 2133 2509 qu.
2151 2484 2207 2507 m,
2227 2482 2273 2502 art.
2294 2475 2318 2501 5.

343 2575 409 2614 μ»
435 2578 504 2622 ,Ἤ
527 2568 550 2593 D
579 2567 741 2593 Decimum
760 2568 813 2592 sm
833 2567 1072 2594 PROCEDlTUR.
1102 2555 1260 2593 Videtur
1279 2556 1383 2605 quod

334 2600 634 2670 §.je—{5¹0
671 2620 750 2668 non
787 2610 927 2646 habeat
969 2609 1131 2668 liberum
1174 2608 1381 2668 arbitrium.

380 2703 382 2706 f
419 2679 443 2697 r
476 2668 497 2709 ἦ
529 2662 629 2699 Dic1t
656 2673 758 2699 enirn
788 2663 1063 2711 Hieronymus,
1092 2674 1129 2699 in
1153 2662 1310 2699 homilia
1334 2661 1382 2699 de

326 2666 470 2748 figant,
485 2708 517 2751 k
530 2715 624 2752 Filio
645 2715 810 2764 Prodigo
825 2715 861 2753 *ι
883 2716 991 2753 Solus
1010 2717 1115 2753 Deus
1134 2721 1197 2761 est,
1214 2715 1251 2752 in
1272 2727 1382 2771 q'uem

307 2774 506 2817 peecatum
536 2780 610 2805 non
643 2769 762 2814 cadit,
796 2781 865 2806 nec
901 2770 1037 2806 cadere
1062 2773 1204 2818 potem
1236 2774 1381 2815 cetera,

314 2833 400 2858 cum
428 2821 502 2857 sint
524 2821 631 2858 liberi
648 2822 807 2868 arbitrii,
829 2823 865 2859 in
888 2828 1086 2871 utramque
1108 2827 1259 2871 parilem
1276 2822 1385 2871 flecti

308 2879 477 2923 possunt.

370 2939 404 2965 2.
435 2928 677 2975 PRAETEREA,
713 2927 875 2965 liberum
905 2928 1099 2966 arbitrium
1139 2935 1194 2966 est
1227 2928 1382 2966 facultas

316 2980 470 3018 rationis
498 2989 534 3018 et
560 2981 778 3028 voluntatis,
809 2993 884 3030 qua
913 2982 1060 3019 bonum
1090 2989 1127 3018 et
1152 2981 1298 3018 malum
1318 2981 1382 3018 eli-

271 3042 275 3047 l
315 3034 420 3083 gitur.
443 3034 520 3071 Sed
539 3035 645 3071 Deus
665 3044 743 3071 non
761 3036 843 3071 vult
861 3035 1019 3082 malum,
1049 3042 1090 3072 ut
1118 3034 1260 3072 dictum
1282 3042 1337 3072 est
1350 3034 1381 3072 ⁸.

81 3095 274 3123 'Art-praeced·
316 3088 417 3135 Ergo
447 3087 608 3124 liberum
637 3087 832 3125 arbitrium
862 3099 940 3125 non
969 3095 1024 3125 est
1050 3088 1089 3125 in
1117 3089 1215 3126 Deo.

76 3200 87 3211 ⁸
102 3199 158 3228 Cap.
173 3206 205 3222 vi.

179 3257 195 3273 α

369 3141 443 3178 San
472 3151 619 3178 CONTRA
646 3153 712 3178 EST
735 3141 841 3190 quod
861 3140 949 3178 dicit
968 3141 1209 3189 Ambrosius,
1229 3140 1272 3178 in
1286 3140 1382 3178 libro

317 3194 362 3230 de
388 3194 482 3230 Fide
499 3193 536 3230 *z
567 3194 726 3242 Spiritus
755 3195 913 3231 Sanctus
931 3195 1062 3231 dividit
1086 3194 1246 3245 singulis
1267 3199 1386 3242 prout

316 3246 412 3292 vult,
442 3247 533 3284 idest
554 3259 628 3295 pro
662 3247 802 3284 liberae
820 3254 837 3269 κ
865 3247 1065 3285 voluntatis
1099 3248 1277 3294 arbitrio,
1308 3259 1382 3284 non

317 3300 540 3337 necessitatis
569 3301 756 3349 obsequio.

372 3354 595 3390 Rsssponnsso
624 3365 807 3391 meENDUM
846 3354 951 3402 quod
990 3353 1151 3391 liberum
1186 3353 1383 3391 arbitrium

317 3405 504 3443 habemus
539 3414 712 3455 respectu
750 3419 885 3444 eorum
924 3419 1021 3456 quae
1060 3419 1138 3444 non
1171 3406 1383 3445 necessario

317 3459 509 3505 volumus,
530 3460 592 3496 vel
621 3459 780 3497 naturali
798 3459 986 3497 instinctu.
1018 3460 1108 3497 Non
1134 3460 1236 3498 enim
1265 3459 1314 3497 ad
1342 3459 1383 3497 li-

318 3511 453 3548 berum
482 3512 676 3550 arbitrium
700 3513 862 3562 pertinet
891 3513 996 3563 quod
1017 3514 1202 3550 volumus
1231 3525 1313 3550 esse
1333 3513 1384 3550 fe-

373 3629 399 3659 α)
417 3635 467 3659 pro
486 3627 592 3653 liberae.
610 3641 629 3647 —
643 3636 695 3661 pro
715 3629 796 3654 libero
816 3629 868 3660 BD,
888 3630 970 3654 libero
989 3630 1033 3660 Pb,
1048 3629 1192 3662 prohibere
1211 3630 1251 3654 ed.
1266 3637 1292 3654 a.

374 3661 398 3695 β)
419 3663 482 3688 alia.
500 3677 518 3682 -
537 3663 598 3688 Om.
618 3664 646 3689 Β,
664 3678 682 3683 -
700 3664 829 3689 animalia
847 3672 900 3689 om.
921 3665 962 3690 ed.
975 3672 991 3689 a

1437 2555 1538 2603 lices,
1560 2555 1628 2593 sed
1648 2555 1696 2593 ad
1716 2557 1926 2593 naturalem
1948 2556 2178 2595 instinctum.
2209 2556 2320 2596 Unde
2345 2565 2382 2596 et
2400 2558 2472 2596 alia
2492 2557 2508 2583 ¹

1437 2608 1624 2655 animalia,
1646 2620 1744 2658 quae
1765 2609 1924 2647 naturali
1944 2609 2120 2648 instinctu
2149 2619 2357 2649 moventur
2375 2611 2424 2650 ad
2443 2611 2508 2650 ali-

1437 2661 1541 2710 quid,
1568 2673 1647 2699 non
1676 2662 1850 2700 dicuntur
1879 2662 1997 2700 libero
2028 2663 2182 2701 arbitrio
2211 2664 2372 2703 moveri.
2405 2664 2507 2704 Cum

1436 2715 1548 2764 igitur
1575 2715 1681 2752 Deus
1711 2727 1756 2752 ex
1783 2715 2005 2754 necessitate
2035 2729 2145 2755 suam
2166 2717 2375 2756 bonitatem
2402 2718 2506 2767 velit,

1437 2768 1509 2806 alia
1537 2780 1631 2806 vero
1659 2781 1739 2806 non
1759 2781 1804 2806 ex
1823 2770 2056 2818 necessitate,
2077 2778 2118 2807 ut
2142 2782 2256 2820 supra
2270 2770 2291 2793 '⁸‘
2309 2779 2507 2811 ostensum
2534 2783 2547 2796 *

1438 2830 1509 2868 est;
1530 2829 1704 2872 respectu
1724 2822 1875 2860 illorum
1896 2835 1994 2872 quae
2013 2835 2093 2862 non
2115 2835 2160 2862 ex
2175 2824 2397 2862 necessitate
2411 2826 2505 2874 vult,

1437 2875 1599 2913 liberum
1628 2875 1823 2913 arbitrium
1853 2877 1979 2914 habet.

1490 2931 1549 2966 An
1578 2939 1715 2966 ptumum
1748 2939 1846 2966 ERGO
1885 2941 2069 2968 alerannum
2106 2930 2212 2980 quod
2246 2930 2507 2980 Hieronymus

1436 2981 1589 3019 videtur
1617 2981 1817 3019 excludere
1846 2995 1868 3019 a
1897 2983 1983 3021 Deo
2003 2982 2166 3021 liberum
2195 2983 2405 3032 arbitrium,
2427 2995 2506 3022 non

1437 3035 1666 3085 simpliciter,
1688 3035 1755 3072 sed
1785 3036 1909 3073 solum
1930 3044 2116 3086 quantum
2144 3036 2192 3074 ad
2221 3037 2296 3074 hoc
2325 3037 2430 3086 quod
2451 3044 2507 3076 est

1413 3088 1588 3126 ,deflecti
1616 3088 1654 3126 in
1682 3096 1894 3138 peccatum.

1491 3144 1549 3179 An
1577 3152 1767 3179 SECUNDUM
1795 3154 1980 3180 morannum
2004 3141 2120 3191 quod,
2143 3154 2231 3179 cum
2256 3143 2402 3181 malum
2431 3143 2507 3181 cul-

1436 3204 1508 3244 pae
1539 3194 1684 3232 dicatur
1720 3207 1789 3244 per
1825 3196 2068 3233 aversionem
2098 3206 2120 3232 a
2148 3195 2316 3234 bonitate
2355 3195 2504 3244 divina,

1436 3260 1506 3297 per
1533 3260 1650 3297 quam
1680 3249 1786 3285 Deus
1807 3248 1938 3286 omnia
1957 3249 2050 3295 vult,
2069 3256 2112 3286 ut
2132 3261 2246 3298 supra
2265 3249 2285 3272 ’⁸‘
2310 3257 2506 3288 ostensum

1439 3308 1512 3347 est,
1550 3300 1794 3339 manifestum
1830 3309 1886 3339 est
1918 3301 2022 3351 quod
2057 3301 2292 3351 impossibile
2326 3310 2382 3341 est
2415 3315 2506 3341 eum

1438 3355 1585 3391 malum
1623 3354 1755 3404 culpae
1784 3356 1893 3392 velle.
1933 3355 1982 3392 Et
2008 3362 2138 3392 tamen
2173 3355 2222 3394 ad
2261 3355 2437 3406 opposita
2464 3368 2505 3393 se

1438 3407 1564 3455 habet,
1593 3407 1819 3456 inquantum
1846 3407 1944 3445 velle
1973 3415 2097 3457 potest
2125 3409 2199 3446 hoc
2229 3420 2312 3446 esse
2335 3409 2399 3446 vel
2426 3420 2505 3446 non

1440 3472 1533 3497 esse.
1566 3460 1670 3497 Sicut
1690 3469 1726 3498 et
1745 3472 1827 3507 nos,
1849 3473 1928 3498 non
1946 3462 2156 3510 peccando,
2177 3474 2381 3512 possumus
2407 3461 2506 3499 velle

1440 3513 1583 3560 sedere,
1615 3521 1651 3550 et
1677 3525 1757 3550 non
1784 3513 1883 3550 velle
1912 3514 2045 3552 sedere
2065 3519 2091 3552 Ὺ.

1492 3630 1518 3662 γ)
1538 3629 1636 3654 sedere.
1654 3643 1673 3648 -
1692 3629 1753 3655 Om.
1772 3629 1919 3656 ACDEFG.

2533 3261 2545 3273 ⁸
2559 3259 2651 3285 Arna.
