2768 4178
90 455 173 477 “.Ca
184 462 200 482 ι
215 461 299 483 n.15.-

90 482 116 504 S.
129 482 174 503 Τ.
189 472 238 504 lect.
254 488 285 504 111.

92 611 103 621 ⁸
118 610 142 632 S.
154 609 199 631 Th.
209 610 259 631 lect.
268 616 300 632 vt.

90 647 101 651 -
115 636 169 658 Did.
193 636 232 658 lib.
254 636 299 663 IV,

93 669 144 691 cap.
159 670 181 690 v,
197 669 220 685 n.
233 669 253 691 5.

88 3226 99 3237 ⁴
114 3225 150 3247 Cf.
164 3231 227 3249 num.
242 3231 268 3247 ιι.

324 215 402 260 456

381 296 439 331 An
459 307 648 332 SECUNDUM
668 306 851 331 DICENDUM
872 293 977 342 quod
998 306 1042 330 ex
1061 295 1132 330 hac
1152 293 1296 330 ratione
1313 293 1394 342 qui-

329 348 416 384 dam
443 348 536 384 moti
570 348 720 384 fuerunt
748 347 798 384 ad
834 347 1059 395 ponendum
1089 347 1194 395 quod
1221 346 1260 383 id
1289 346 1395 394 quod

328 408 382 437 est
410 400 666 437 necessarium
689 413 768 436 non
796 401 936 436 habeat
955 412 1122 446 causam,
1142 406 1184 435 ut
1204 399 1337 436 dicitur
1357 399 1396 436 in

327 454 413 490 VIII
434 454 582 502 Physic.
603 453 623 475 ²⁸
653 453 729 490 Sed
752 453 827 490 hoc
847 452 1044 490 manifeste
1073 452 1209 489 falsum
1238 459 1396 501 apparet

327 506 365 543 in
393 506 554 543 scientiis
574 506 892 553 demonstrativis,
913 506 951 542 in
971 505 1107 554 quibus
1126 505 1311 554 principia
1330 518 1394 541 ne-

328 559 489 596 cessaria
508 567 595 596 sunt
614 571 750 596 causae
771 559 1060 596 conclusionum
1080 558 1393 595 necessariarum.

327 613 375 649 Et
393 612 480 649 ideo
502 612 588 649 dicit
615 613 846 659 Aristoteles,
876 612 915 649 in
942 613 977 648 V
995 612 1211 660 Metaphys.
1227 611 1259 658 ³⁸,
1289 612 1396 659 quod

327 673 413 702 sunt
449 665 640 714 quaedam
678 665 890 703 necessaria
927 677 1025 713 quae
1059 665 1202 701 habent
1240 677 1394 701 causam

327 730 419 755 suae
456 718 699 756 necessitatis.
739 720 830 755 Non
865 731 953 766 ergo
982 725 1138 767 propter
1165 718 1240 754 hoc
1269 718 1394 754 solum

326 771 526 820 requiritur
554 784 667 808 causa
695 785 827 820 agens,
858 771 947 820 quia
980 771 1136 807 effectus
1163 777 1290 819 potest
1316 782 1395 807 non

328 836 426 861 esse:
456 825 524 862 sed
553 825 641 874 quia
670 825 826 862 effectus
855 837 933 861 non
963 832 1075 870 esset,
1110 823 1140 860 si
1169 836 1283 860 causa
1317 835 1395 860 non

328 885 436 914 esset.
467 879 574 915 Haec
603 878 705 915 enim
736 877 999 915 conditionalis
1029 885 1084 914 est
1107 888 1210 924 vera,
1232 876 1311 913 sive
1333 888 1397 913 an-

1031 214 1298 261 QUAESTIO
1328 215 1471 262 XLIV,
1502 215 1799 252 ARTICULUS
1830 216 1842 251 I

1449 294 1629 331 tecedens
1658 301 1695 330 et
1724 305 1965 342 consequens
2000 294 2072 331 sint
2098 294 2315 343 possibilia,
2346 295 2426 332 sive
2454 295 2522 332 im-

1449 346 1653 396 possibilia.

1503 401 1561 436 AD
1590 411 1750 436 TERTtUM
1778 411 1963 437 chENDUM
1996 400 2101 449 quod
2130 400 2399 437 mathematica
2427 401 2522 437 acci-

1449 452 1604 502 piuntur
1636 460 1679 489 ut
1711 453 1897 489 abstracta
1934 453 2148 491 secundum
2183 454 2392 500 rationem,
2433 466 2521 491 curn

1450 514 1579 543 tamen
1608 518 1687 542 non
1707 505 1780 542 sint
1798 506 1986 543 abstracta
2014 506 2227 543 secundum
2248 519 2342 544 esse.
2368 506 2523 544 Unicui-

1451 571 1526 607 que
1555 567 1683 596 autem
1714 559 1896 608 competit
1914 560 2058 597 habere
2079 571 2234 597 causam
2254 567 2442 608 agentem,
2464 572 2521 597 se-

1451 612 1620 649 cundum
1653 612 1759 661 quod
1791 614 1907 650 habet
1940 626 2033 650 esse.
2069 612 2175 650 Licet
2206 613 2316 661 igitur
2349 625 2394 649 ea
2422 625 2522 661 quae

1451 672 1539 702 sunt
1567 666 1835 703 mathematica
1863 667 2029 703 habeant
2049 679 2204 703 causam
2225 674 2417 714 agentem,
2442 678 2522 702 non

1449 727 1580 755 tamen
1608 719 1821 757 secundum
1850 719 2115 756 habitudinem
2149 731 2266 768 quam
2300 720 2443 756 habent
2475 719 2523 756 ad

1452 783 1608 807 causam
1637 780 1827 819 agentem,
1858 773 1998 809 cadunt
2025 773 2096 809 sub
2118 772 2420 809 consideratione
2442 785 2522 809 ma-

1451 824 1654 860 thematici.
1686 825 1735 860 Et
1763 825 1850 862 ideo
1878 825 1916 862 in
1945 826 2109 862 scientiis
2138 825 2415 863 mathematicis
2444 838 2523 863 non

1454 876 1735 914 demonstratur
1762 878 1903 927 aliquid
1930 890 1999 928 per
2027 889 2183 916 causam
2212 886 2401 928 agentern.

1008 964 1341 998 Commentaria
1365 964 1616 998 Oardjnalis
1638 964 1841 999 Caietani

357 1056 376 1076 N
401 1045 503 1081 titulo,
527 1045 559 1086 ly
582 1054 676 1076 omne
698 1054 755 1076 ens
778 1055 844 1076 non
868 1052 928 1076 stat
950 1056 1009 1086 pro
1033 1045 1123 1076 omni
1147 1055 1179 1076 re
1199 1045 1258 1076 alia
1279 1055 1296 1076 a
1312 1046 1392 1082 Deo,

330 1057 500 1130 Ialioquin
516 1089 721 1129 superflueret
739 1100 875 1131 sequens
890 1090 1055 1121 articulus:
1075 1090 1131 1120 sed
1150 1097 1210 1121 stat
1229 1099 1289 1130 pro
1306 1090 1395 1120 omni

326 1144 358 1164 re
382 1144 463 1174 quae
487 1134 613 1174 proprie
637 1134 750 1164 dicitur
769 1144 836 1172 ens,
861 1141 896 1165 ut
919 1141 993 1165 sunt
1017 1135 1103 1174 apud
1126 1144 1186 1164 nos
1206 1134 1393 1175 composita,

327 1185 357 1209 et
372 1178 404 1208 in
421 1177 636 1218 superioribus
659 1188 741 1219 quae
765 1179 948 1210 subsistunt.
965 1196 984 1201 -
1001 1179 1049 1219 Ly
1068 1183 1212 1209 creatum
1234 1189 1301 1209 non
1319 1189 1395 1219 pro-

326 1222 393 1263 prie
416 1222 561 1258 sumitur,
586 1222 740 1263 quoniam
754 1222 787 1253 in
806 1230 875 1254 toto
896 1223 1032 1254 decursu
1055 1223 1152 1253 huius
1170 1223 1292 1254 articuli
1309 1223 1396 1254 nulla

327 1266 362 1298 fit
374 1266 540 1297 difficultas
557 1267 595 1297 de
608 1267 797 1298 causalitatis
811 1268 912 1298 modo
928 1266 1103 1308 significato
1118 1277 1174 1307 per
1189 1267 1393 1298 creationem:

327 1311 381 1341 sed
401 1309 553 1351 significat
575 1311 608 1352 ly
631 1317 787 1350 creatum,
807 1312 838 1342 in
859 1312 1036 1353 proposito,
1052 1317 1219 1343 causatum
1240 1312 1394 1352 effective,

326 1355 388 1385 hoc
412 1355 497 1385 enim
519 1355 654 1386 intendit
676 1355 838 1387 discutere.
864 1356 956 1387 Unde
979 1356 1031 1386 hic
1054 1355 1140 1386 idem
1156 1356 1267 1387 titulus
1281 1356 1314 1386 in
1333 1356 1394 1386 dis-

326 1399 478 1430 tinctione
494 1399 700 1430 articulorum
718 1400 814 1431 huius
834 1400 1028 1441 quaestionis
1042 1400 1233 1440 proponitur
1247 1401 1279 1430 in
1294 1400 1396 1431 littera

326 1443 430 1484 primo
448 1443 507 1474 sic:
535 1444 651 1474 Utrum
667 1445 758 1475 Deus
772 1446 813 1475 sit
828 1455 928 1476 causa
944 1445 1087 1487 efficiens
1103 1446 1245 1476 omnium
1262 1446 1394 1482 entium,

326 1488 380 1518 ubi
397 1487 561 1518 manifeste
577 1495 663 1528 patet
676 1489 765 1529 quod
781 1489 927 1520 diximus.
947 1490 988 1520 Et
1003 1489 1065 1519 hoc
1078 1489 1164 1519 idem
1181 1489 1275 1520 etiam
1292 1496 1395 1520 osten-

327 1533 371 1563 dit
389 1533 490 1563 littera
505 1533 538 1562 in
555 1533 760 1564 conclusione
774 1534 968 1574 responsiva.
989 1534 1074 1565 Usus
1090 1540 1137 1564 est
1151 1540 1258 1564 autem
1277 1536 1396 1564 Auctor

327 1587 392 1608 non
413 1587 486 1607 casu
510 1577 542 1618 ly
561 1587 660 1608 causa
679 1577 823 1619 efficiens
847 1585 877 1609 et
899 1578 932 1619 ly
955 1583 1112 1615 creatum,
1134 1578 1188 1608 sed
1209 1588 1244 1608 ea
1263 1578 1393 1615 ratione,

326 1628 362 1652 ut
381 1621 559 1652 ostenderet
581 1622 680 1662 quod,
705 1622 803 1662 gratia
826 1622 984 1659 materiae,
1008 1621 1086 1652 haec
1110 1622 1175 1653 duo
1202 1622 1394 1659 coincidunt,

327 1676 421 1696 omne
437 1675 493 1696 ens
509 1671 555 1696 est
571 1671 725 1703 creatum,
751 1673 782 1697 et
805 1677 898 1697 omne
913 1677 970 1698 ens
993 1672 1040 1697 est
1054 1666 1185 1708 factum
1201 1677 1221 1696 a
1235 1667 1316 1704 Deo,
1336 1673 1393 1697 etc.

385 1711 422 1740 11.
441 1711 482 1752 Jn
506 1720 639 1750 corpore
662 1710 755 1741 unica
778 1718 825 1742 est
848 1711 1021 1747 conclusio,
1045 1711 1228 1751 responsiva
1251 1711 1394 1752 quaesito

327 1753 528 1785 affirmative:
553 1755 686 1785 Necesse
711 1761 758 1786 est
776 1765 872 1786 omne
889 1756 979 1796 quod
993 1764 1200 1796 quocumque
1219 1755 1318 1786 modo
1339 1761 1394 1791 est,

326 1809 344 1829 a
367 1799 437 1829 Deo
461 1809 537 1829 esse.
554 1816 573 1822 -
592 1799 632 1830 Et
655 1800 807 1839 probatur
830 1799 884 1830 sic.
909 1799 1016 1831 Omne
1040 1799 1207 1830 inventum
1230 1799 1263 1830 in
1286 1799 1394 1840 aliquo

327 1853 383 1884 per
396 1843 679 1884 participationem,
695 1850 841 1875 causatur
855 1845 893 1874 ab
913 1854 952 1875 eo
973 1843 1024 1875 cui
1039 1843 1120 1875 inest
1135 1854 1191 1884 per
1210 1844 1393 1874 essentiam:

327 1888 381 1918 sed
405 1898 471 1919 esse
490 1887 648 1918 invenitur
670 1887 704 1918 in
727 1888 878 1919 omnibus
897 1889 965 1919 aliis
979 1899 997 1919 a
1010 1889 1081 1919 Deo
1105 1898 1161 1928 per
1183 1888 1395 1929 participatio-

326 1942 410 1969 nem,
423 1938 454 1963 et
468 1932 502 1962 in
517 1933 587 1963 Deo
601 1942 660 1975 per
675 1932 857 1964 essentiam:
878 1943 952 1974 ergo
968 1933 1078 1963 omnia
1096 1932 1156 1963 alia
1175 1932 1258 1963 entia
1270 1939 1396 1964 causata

327 1984 401 2007 sunt
423 1977 461 2007 ab
485 1976 556 2017 ipso
579 1977 660 2008 Deo.

384 2021 488 2052 Maior
505 2021 722 2053 manifestatur
740 2021 773 2052 in
789 2021 872 2052 ferro
889 2021 989 2062 ignito
1007 2027 1038 2052 et
1051 2021 1133 2061 igne.
1151 2038 1170 2044 -
1185 2020 1292 2052 Minor
1307 2031 1393 2058 vero,

326 2066 435 2106 quoad
458 2066 573 2102 Deum,
597 2067 750 2106 probatur
772 2076 809 2097 ex
831 2066 1017 2107 quaestione
1041 2065 1139 2102 tertia,
1155 2066 1187 2096 in
1202 2075 1266 2106 qua
1280 2066 1395 2105 proba-

326 2117 397 2140 tum
421 2116 467 2140 est
489 2111 578 2151 quod
601 2111 688 2141 Deus
704 2118 751 2141 est
765 2110 872 2151 ipsum
888 2121 955 2141 esse
970 2110 1151 2141 subsistens.
1166 2127 1185 2133 -
1202 2110 1320 2148 Quoad
1335 2109 1396 2141 alia

327 2164 402 2184 vero
426 2165 444 2184 a
466 2155 547 2191 Deo,
564 2154 618 2186 sic.
642 2155 719 2186 Esse
737 2155 909 2186 subsistens
933 2165 999 2186 non
1022 2161 1070 2186 est
1092 2154 1151 2185 uisi
1175 2163 1294 2185 unum:
1320 2163 1395 2195 ergo

328 2198 438 2228 omnia
461 2199 520 2229 alia
543 2209 561 2229 a
584 2199 653 2230 Deo
684 2210 750 2230 non
774 2206 848 2230 sunt
875 2210 972 2230 suum
995 2207 1078 2230 esse:
1104 2209 1178 2239 ergo
1209 2198 1396 2240 participant

329 2252 405 2273 esse.
430 2243 627 2273 Antecedens
651 2250 681 2274 et
703 2244 875 2284 probatum
893 2243 1016 2280 dicitur,
1037 2253 1090 2284 qu.
1108 2253 1160 2279 vn,
1181 2250 1240 2285 art..
1258 2254 1283 2279 1,
1305 2243 1344 2273 ad
1367 2244 1394 2280 3,

329 2293 359 2317 et
382 2287 494 2317 clarius
518 2294 573 2318 art.
592 2297 609 2318 2
627 2288 770 2318 eiusdem
793 2295 931 2329 quaest.:
957 2294 987 2318 et
1006 2287 1224 2318 manifestatur
1237 2286 1394 2327 exemplo,

328 2332 410 2362 sicut
432 2332 460 2362 si
482 2332 594 2363 albedo
617 2338 698 2363 esset
720 2332 893 2363 subsistens
916 2338 972 2362 etc.
998 2332 1039 2362 Et
1057 2331 1183 2362 additur
1197 2331 1295 2362 ratio:
1320 2331 1396 2372 quia

330 2375 550 2416 multiplicatio
565 2383 611 2407 est
625 2377 803 2408 secundum
816 2376 1005 2416 recipientia.
1018 2393 1038 2398 -
1054 2376 1095 2407 Et
1110 2375 1316 2407 confirmatur
1329 2382 1396 2406 tota

327 2420 407 2450 ratio
431 2420 667 2452 auctoritatibus
690 2421 830 2452 Platonis
854 2428 885 2452 et
907 2419 1095 2451 Aristotelis.

386 2465 438 2496 III.
456 2464 547 2496 Circa
565 2465 646 2496 hanc
664 2466 820 2496 rationem
843 2465 945 2495 multa
960 2471 1034 2495 sunt
1050 2464 1248 2501 advertenda,
1266 2470 1296 2495 et
1315 2463 1396 2495 circa

326 2508 471 2545 litteram,
489 2516 519 2540 et
535 2509 614 2540 circa
630 2520 706 2541 rem.
732 2509 823 2541 Circa
838 2509 975 2540 litteram
991 2508 1131 2550 quidem,
1149 2508 1273 2539 adverte
1288 2507 1394 2548 primo

327 2554 425 2594 quod,
451 2563 525 2584 cum
547 2553 580 2584 in
605 2554 808 2585 conclusione
832 2553 959 2590 dicitur,
984 2563 1077 2584 omne
1094 2553 1180 2593 quod
1197 2562 1396 2594 quocumque

327 2598 419 2629 modo
435 2603 492 2636 est,
510 2598 700 2639 significatur
723 2598 829 2628 omnis
853 2598 970 2628 modus
993 2596 1073 2628 entis
1097 2598 1319 2628 constitutivas
1341 2607 1394 2628 cu-

327 2644 512 2683 iuscumque
539 2645 689 2684 generis:
719 2650 749 2673 et
778 2653 844 2672 non
874 2641 1055 2673 communis
1085 2651 1142 2672 seu
1173 2642 1394 2673 transcendens

326 2688 460 2724 moduS,
485 2698 552 2728 quo
571 2698 626 2718 ens
650 2686 852 2727 distinguitur
874 2696 931 2727 per
953 2693 1061 2718 actum
1084 2693 1114 2717 et
1136 2686 1323 2727 potentiam.
1349 2686 1395 2717 Ita

327 2732 417 2774 quod
448 2742 558 2763 sensus
582 2739 646 2763 est:
670 2741 764 2763 omne
791 2731 876 2772 quod
899 2736 945 2762 est
967 2731 1060 2772 quid,
1085 2731 1196 2772 quale,
1221 2732 1272 2762 vel
1293 2740 1393 2772 quan-

328 2782 415 2814 tum,
441 2783 518 2813 etc.;
543 2783 573 2807 et
605 2787 672 2807 non
701 2782 747 2807 est
774 2785 903 2806 sensus:
934 2785 1029 2806 omne
1055 2775 1141 2816 quod
1168 2780 1214 2806 est
1236 2780 1311 2806 actu
1344 2775 1395 2807 νεῖ

320 2821 475 2862 potentia.
501 2821 581 2852 Dico
605 2827 712 2852 autem
735 2820 797 2850 hoc
821 2826 950 2860 propter
966 2819 1129 2850 materiam
1144 2819 1291 2860 primam,
1311 2828 1393 2860 quae

327 2865 470 2906 sequenti
498 2872 672 2896 reservatur
699 2864 849 2900 articulo;
874 2871 904 2895 et
928 2869 1058 2905 propter
1086 2863 1194 2904 ipsum
1217 2870 1324 2895 actum
1347 2873 1393 2894 es-

327 2909 426 2946 sendi,
443 2910 481 2940 de
496 2919 563 2951 quo
579 2909 729 2940 verificari
746 2919 812 2939 non
827 2915 932 2949 potest
950 2908 1041 2949 quod
1059 2918 1126 2938 non
1142 2915 1188 2939 est
1203 2917 1301 2939 suum
1315 2916 1392 2945 esse,

327 2954 416 2995 quod
439 2961 545 2985 tamen
568 2954 602 2984 in
625 2954 748 2984 minore
773 2953 969 2984 subsumitur
992 2953 1030 2983 de
1054 2953 1144 2983 omni
1167 2952 1229 2983 alio
1253 2963 1271 2983 a
1290 2953 1370 2984 Deo.

382 2998 519 3030 Adverte
541 2998 691 3034 secundo,
715 2997 805 3039 quod
823 3008 882 3038 pro
902 2998 1018 3028 eodem
1031 3004 1156 3037 reputat
1173 2997 1284 3033 littera,
1304 2997 1394 3039 quod

327 3043 436 3073 omnia
459 3042 519 3073 alia
541 3053 559 3073 a
582 3043 651 3073 Deo
671 3052 736 3072 non
756 3049 829 3072 sunt
848 3052 943 3072 suum
963 3051 1039 3078 esse,
1061 3048 1091 3072 et
1109 3041 1297 3082 participant
1315 3050 1392 3073 esse.

385 3087 436 3118 lv.
462 3087 579 3124 Quoad
602 3096 669 3117 rem
691 3096 776 3123 vero,
802 3085 879 3117 scito
904 3087 992 3127 quod
1016 3085 1074 3116 ista
1098 3086 1187 3122 ratio,
1204 3085 1236 3116 in
1252 3084 1393 3116 terminis

327 3131 562 3168 communibus,
577 3131 757 3162 communis
777 3137 823 3161 est
848 3130 1041 3171 sapientibus
1060 3130 1124 3161 fere
1143 3129 1310 3161 omnibus:
1331 3129 1392 3160 dis-

327 3175 430 3206 sensio
455 3182 561 3206 autem
585 3183 630 3206 est
653 3175 686 3205 in
710 3174 906 3215 expositione
930 3174 1155 3211 terminorum,
1179 3181 1210 3205 et
1231 3174 1392 3214 probatio-

326 3219 429 3250 nibus.
454 3220 504 3250 Ad
521 3219 710 3250 evidentiam
726 3219 821 3259 igitur
836 3219 964 3249 maioris
979 3218 1008 3255 θ,
1033 3219 1110 3249 scito
1126 3219 1214 3260 quod
1233 3218 1286 3249 illa
1305 3228 1392 3250 com-

327 3263 432 3294 munis
457 3271 502 3295 est
525 3263 693 3294 Platonicis
718 3270 747 3294 et
770 3263 991 3303 Peripateticis,
1017 3263 1042 3293 si
1058 3263 1137 3294 illud
1154 3273 1210 3303 per
1225 3262 1392 3293 essentiam

326 3307 493 3339 invenitur.
513 3308 554 3338 Et
568 3315 614 3338 est
630 3307 806 3348 propositio
825 3308 1000 3338 secundum
1015 3317 1047 3338 se
1062 3307 1254 3338 immediata.
1276 3306 1392 3344 Quoad

327 3361 386 3382 nos
406 3358 512 3382 autem
531 3352 762 3382 manifestatur:
788 3351 863 3392 quia
881 3351 1063 3391 imperfecta
1080 3361 1097 3382 a
1113 3350 1266 3392 perfectiS,
1287 3358 1318 3382 et
1329 3360 1394 3392 per

327 3396 418 3426 aliud
436 3406 453 3426 a
466 3406 529 3436 per
551 3406 586 3427 se
609 3396 788 3427 naturaliter
812 3396 1000 3427 derivantur.
1016 3413 1034 3419 -
1050 3396 1190 3427 Vocatur
1213 3402 1321 3427 autem
1343 3405 1392 3425 res

321 3450 385 3480 per
400 3441 579 3477 essentiam,
600 3440 729 3481 quando
749 3440 842 3471 habet
860 3447 921 3471 tres
942 3440 1150 3471 conditiones.
1170 3439 1288 3475 Primo,
1303 3439 1405 3480 quod,

328 3490 374 3514 est
396 3483 463 3524 ipsa
485 3491 610 3520 natura,
640 3490 717 3524 puta
739 3484 863 3515 bonitas
886 3484 936 3514 vel
960 3484 1083 3514 albedo.
1114 3483 1277 3520 Secundo,
1303 3483 1392 3525 quod

329 3534 374 3558 est
390 3538 455 3558 non
472 3535 629 3559 contracta
645 3528 758 3569 quovis
774 3529 890 3559 modo:
915 3528 1004 3579 quod
1021 3528 1092 3559 dico
1108 3534 1238 3569 propter
1253 3526 1391 3558 animam

327 3571 558 3608 intellectivam,
576 3579 606 3603 et
622 3572 819 3612 imaginarias
836 3572 1019 3613 positiones,
1034 3572 1058 3602 si
1075 3572 1187 3604 albedo
1204 3578 1240 3603 ut
1255 3577 1393 3613 quatuor

1450 1053 1658 1089 separaretur,
1693 1053 1723 1077 et
1746 1045 1790 1077 sic
1815 1052 2051 1077 conservaretur
2074 1046 2194 1087 absque
2218 1046 2313 1077 etiam
2337 1047 2522 1088 quantitate.

1450 1090 1578 1127 Tertio,
1611 1091 1700 1132 quod
1728 1098 1775 1121 est
1797 1090 1830 1121 in
1855 1100 1887 1121 se
1909 1090 1979 1131 ipsa
2002 1090 2183 1121 naturaliter
2210 1090 2402 1122 subsistens:
2433 1091 2523 1132 quod

1451 1134 1523 1165 dico
1551 1141 1682 1176 propter
1710 1135 1847 1165 modum
1879 1133 2075 1175 significandi
2108 1134 2249 1165 nominis
2279 1135 2441 1172 abstracti;
2475 1144 2524 1166 res

1450 1179 1536 1210 enim
1559 1180 1716 1210 albedinis
1737 1179 1869 1210 nornine
1892 1177 2075 1220 significata,
2099 1189 2167 1210 non
2190 1186 2237 1210 est
2261 1179 2374 1210 albedo
2398 1189 2455 1220 per
2477 1189 2524 1210 es-

1451 1223 1600 1261 sentiam,
1625 1224 1685 1254 nisi
1709 1224 1887 1256 secundum
1910 1224 2047 1254 modum
2070 1223 2277 1264 significandi.
2294 1241 2313 1247 -
2329 1225 2392 1255 Res
2415 1231 2524 1256 autem

1444 1278 1508 1309 per
1524 1269 1806 1309 participationem
1825 1268 2027 1299 constituitur
2050 1278 2087 1299 ex
2110 1267 2325 1299 contractione
2346 1268 2522 1300 latitudinis

1450 1312 1583 1343 alicuius
1603 1312 1732 1343 rationis
1752 1311 1904 1350 formalis,
1922 1312 2036 1354 quovis
2055 1312 2155 1343 modo
2176 1311 2352 1353 contingat;
2372 1312 2437 1343 sive
2452 1313 2524 1344 sub·

1450 1357 1570 1393 iective,
1596 1357 1660 1388 sive
1683 1356 1881 1397 gradualiter,
1907 1356 1971 1387 sive
1994 1356 2109 1398 quovis
2133 1355 2195 1387 alio
2219 1356 2330 1388 modo.

1508 1402 1546 1432 V.
1573 1401 1664 1432 Circa
1683 1401 1851 1438 minorem,
1876 1408 1952 1432 nota
1975 1401 2065 1442 quod
2086 1411 2198 1431 omnes
2218 1401 2398 1432 concedunt
2416 1401 2523 1432 solum

1450 1446 1558 1476 Deum
1579 1455 1648 1476 esse
1671 1455 1726 1476 ens
1750 1456 1806 1486 per
1829 1446 2015 1476 essentiam:
2049 1445 2260 1476 diversimode
2289 1451 2395 1476 tamen
2424 1456 2523 1486 expo-

1450 1497 1541 1521 nunt.
1567 1490 1680 1521 Scotus
1705 1490 1800 1526 enim,
1820 1490 1853 1520 in
1873 1491 1895 1526 Ι,
1920 1490 1991 1520 dist.
2012 1500 2044 1526 11,
2064 1500 2118 1530 qu.
2139 1500 2182 1526 111,
2203 1490 2243 1520 ad
2261 1490 2390 1521 tertium
2409 1490 2523 1531 princi—

1450 1534 1531 1574 pale,
1549 1541 1580 1565 et
1598 1533 1669 1565 dist.
1685 1544 1750 1571 vm,
1766 1534 1807 1565 ad
1826 1535 2013 1570 secundum,
2029 1534 2115 1565 iuxta
2134 1534 2271 1574 primam
2290 1534 2522 1575 quaestionem,

1451 1579 1580 1619 exponit
1602 1578 1674 1609 ideo
1699 1579 1806 1609 Deum
1829 1578 1890 1609 dici
1915 1589 1969 1609 ens
1993 1589 2049 1619 per
2075 1578 2252 1615 essentiam,
2277 1578 2354 1620 quia
2373 1589 2439 1610 esse
2455 1578 2523 1609 eius

1451 1629 1497 1654 est
1519 1622 1784 1663 perfectissimum
1808 1629 1839 1654 et
1861 1621 2036 1654 infinitum:
2062 1629 2092 1654 et
2107 1622 2179 1653 ideo
2197 1629 2372 1653 creaturam
2391 1623 2452 1654 dici
2467 1633 2523 1654 ens

1450 1677 1507 1708 per
1529 1666 1819 1708 participationem,
1844 1667 1919 1708 quia
1943 1677 2009 1698 esse
2034 1667 2101 1698 eius
2125 1674 2172 1698 est
2194 1677 2275 1707 parS,
2300 1667 2381 1698 idest
2403 1667 2522 1704 minus,

1450 1718 1594 1752 respectu
1609 1712 1710 1752 ipsius
1726 1722 1803 1749 esse,
1820 1712 1910 1753 quod
1926 1718 2038 1742 natum
2057 1718 2103 1742 est
2122 1721 2189 1742 esse
2205 1710 2380 1748 infinitum;
2401 1718 2432 1743 et
2449 1711 2522 1743 ideo

1450 1755 1558 1787 reduci
1574 1756 1614 1786 ad
1627 1755 1788 1787 infinitum
1806 1762 1843 1787 ut
1865 1755 2088 1796 imperfectum
2103 1755 2143 1786 ad
2156 1754 2343 1796 perfectum.
2367 1757 2399 1787 Α
2413 1761 2523 1788 uncto

1450 1800 1579 1831 Thoma
1602 1807 1724 1850 autem,
1748 1800 1927 1836 Avicenna,
1951 1799 2078 1836 Boedo,
2103 1799 2266 1830 Alfarabio
2290 1806 2321 1831 et
2342 1796 2561 1840 Algae'le*·

1451 1844 1628 1885 exponitur,
1646 1844 1722 1886 quia
1737 1854 1804 1875 esse
1819 1851 1866 1876 est
1880 1844 1950 1884 ipsa
1964 1843 2122 1885 quidditas
2138 1844 2212 1875 Dei:
2232 1843 2266 1874 in
2282 1843 2432 1876 creaturis
2447 1852 2523 1876 vero

1451 1899 1517 1920 esse
1541 1895 1588 1920 est
1611 1889 1773 1920 actualitas
1796 1888 1989 1930 quidditatis‚
2010 1895 2171 1920 contracta
2189 1898 2245 1930 per
2265 1887 2365 1919 illam.
2389 1887 2432 1920 Et
2448 1898 2523 1931 pro-

1450 1940 1557 1974 pterea
1584 1933 1618 1963 in
1645 1933 1747 1964 littera
1770 1943 1807 1964 ex
1836 1932 2037 1964 subsistentia
2064 1932 2164 1973 ipsius
2188 1942 2274 1970 esse,
2305 1931 2524 1965 manifestatur

1450 1977 1540 2019 quod
1563 1985 1609 2008 est
1632 1988 1689 2018 per
1711 1977 1890 2008 essentiam.

1508 2022 1562 2053 VI.
1587 2021 1678 2053 Circa
1697 2021 1921 2063 probationem
1938 2021 2104 2063 utriusque
2122 2021 2220 2063 partis
2238 2020 2381 2059 minoris,
2398 2021 2524 2054 adverte

1451 2067 1616 2107 diligenter
1638 2067 1728 2108 quod
1752 2066 1919 2097 subsistere
1946 2066 2053 2097 solum
2075 2075 2143 2097 non
2166 2066 2239 2097 facit
2261 2075 2330 2097 rem
2353 2066 2524 2099 subsisten

1451 2118 1517 2142 tem
1540 2121 1607 2142 esse
1630 2111 1727 2142 talem
1749 2121 1806 2152 per
1829 2110 2012 2147 essentiam;
2042 2117 2078 2142 ut
2100 2117 2187 2152 patet
2210 2111 2248 2142 de
2271 2111 2454 2143 substantiis
2476 2119 2524 2143 se—

1451 2155 1584 2196 paratis,
1619 2162 1650 2187 et
1672 2155 1768 2186 etiam
1791 2155 1979 2196 compositis
2007 2155 2234 2187 materialibus.
2263 2155 2326 2187 Sed
2353 2155 2522 2187 subsistere

1451 2205 1543 2231 actus
1557 2200 1748 2241 receptibilis
1762 2199 1938 2231 secundum
1955 2209 2049 2230 suum
2074 2200 2217 2231 ordinem
2243 2199 2406 2231 constituit
2423 2199 2523 2231 talem

1451 2251 1558 2275 actum
1586 2254 1642 2285 per
1672 2243 1858 2274 essentiam:
1893 2249 1924 2274 et
1954 2242 2079 2284 negatio
2109 2243 2328 2275 subsistentiae
2361 2240 2524 2276 constituit

1451 2288 1590 2319 eundem
1620 2298 1676 2328 per
1703 2287 1973 2328 paticipationem.
2008 2287 2115 2324 Unde,
2139 2287 2215 2330 quia
2239 2297 2320 2324 esse,
2346 2289 2524 2320 secundum

1451 2341 1548 2363 suum
1570 2332 1725 2368 ordinem,
1741 2338 1789 2363 est
1803 2331 2004 2372 receptibile
1996 2342 2030 2362 m
2044 2332 2124 2368 alio;
2149 2339 2181 2363 et
2203 2332 2347 2363 similiter
2361 2332 2531 2373 sapientia,

1450 2377 1585 2413 bonitas,
1598 2383 1673 2413 etc.;
1690 2383 1721 2407 et
1735 2376 1821 2417 apud
1836 2376 2004 2407 Platonem
2011 2375 2039 2413 *,
2055 2376 2246 2417 quidditates
2264 2376 2427 2408 sensibiles
2439 2387 2523 2409 rece-

1450 2421 1576 2462 ptibiles
1599 2427 1686 2452 erant
1701 2421 1735 2451 in
1749 2420 1892 2452 materia:
1917 2420 1990 2451 ideo
2015 2421 2245 2462 quodcumque
2263 2420 2391 2458 horum,
2409 2421 2436 2452 si
2449 2421 2523 2455 sub-

1450 2466 1546 2502 sistat,
1571 2472 1618 2496 est
1636 2465 1697 2496 tale
1720 2475 1776 2506 per
1799 2463 1977 2501 essentiam,
2002 2471 2034 2495 et
2056 2464 2082 2495 si
2105 2475 2172 2496 non
2195 2464 2354 2502 subsistat,
2378 2475 2434 2506 per
2452 2475 2522 2507 par-

1450 2509 1679 2550 ticipationem.
1707 2508 1750 2541 Et
1772 2516 1940 2550 propterea
1969 2509 2002 2539 in
2033 2508 2134 2540 littera
2157 2509 2250 2540 datur
2275 2510 2460 2550 exemplum
2483 2508 2522 2541 de

1451 2554 1608 2590 albedine,
1633 2563 1732 2595 quam
1756 2559 1879 2584 constat
1901 2562 1968 2584 esse
1991 2552 2130 2584 formam
2153 2552 2368 2594 receptibilem
2390 2553 2424 2585 in
2447 2553 2521 2586 alio.

1450 2598 1492 2629 Et
1509 2598 1665 2639 quoniam
1684 2597 1866 2629 naturaliter
1880 2597 2049 2628 subsistere
2063 2597 2198 2629 includit
2212 2597 2520 2638 irreceptibilitntem,

1451 2649 1482 2674 et
1505 2652 1571 2674 non
1594 2643 1762 2674 subsistere
1782 2641 1998 2682 receptionem
2020 2642 2054 2672 in
2077 2642 2150 2679 alio,
2174 2649 2343 2683 propterea
2363 2641 2397 2674 in
2419 2642 2523 2676 littera

1450 2697 1468 2718 a
1483 2687 1683 2718 subsistentia
1702 2687 1741 2717 ad
1764 2686 1859 2727 recipi
1878 2686 2063 2723 declinatur,
2080 2687 2160 2718 dum
2175 2686 2290 2718 dicitur
2304 2687 2395 2728 quod
2407 2687 2521 2719 albedo

1450 2741 1516 2762 non
1540 2731 1769 2772 multiplicatur
1791 2730 1851 2761 nisi
1875 2731 2053 2762 secundum
2075 2730 2268 2772 recipientia.

1507 2775 1575 2807 vu.
1600 2775 1731 2807 Restant
1754 2781 1860 2806 tamen
1883 2774 1934 2806 hic
1954 2775 2020 2806 duo
2040 2774 2146 2806 dubia.
2171 2775 2318 2806 Alterum
2342 2774 2489 2816 superius
2503 2775 2522 2795 ⁸²

1449 2826 1661 2861 praetactum,
1687 2827 1717 2850 et
1739 2819 1819 2850 infra
1835 2819 1852 2839 ’¹‘
1873 2819 2123 2850 discutiendum:
2148 2818 2275 2856 scilicet,
2300 2828 2341 2850 an
2364 2818 2520 2860 multipli-

1450 2864 1531 2895 can'o
1555 2864 1794 2894 individuorum
1817 2863 1960 2894 eiusdem
1979 2863 2109 2895 rationis
2133 2863 2174 2894 sit
2197 2863 2304 2894 solum
2326 2872 2425 2904 penes
2442 2864 2520 2895 reci-

1440 2908 1575 2949 pientia.
1599 2908 1756 2944 Alterum,
1781 2918 1821 2938 an
1840 2918 1953 2939 verum
1969 2908 2009 2939 sit
2027 2908 2116 2949 quod
2132 2907 2242 2939 omnia
2257 2907 2317 2939 alia
2332 2918 2351 2938 a
2366 2908 2436 2939 Deo
2453 2917 2520 2940 non

1449 2959 1524 2984 sunt
1547 2963 1644 2984 suum
1667 2961 1752 2984 esse:
1777 2953 1866 2994 quod
1896 2952 1929 2983 in
1959 2951 2207 2984 Commentariis
2230 2952 2270 2984 de
2296 2952 2382 2984 Ente
2405 2956 2436 2983 et
2457 2952 2518 2984 Es·

1448 2998 1562 3035 sentia,
1581 3007 1651 3038 cap.
1665 3007 1696 3033 v,
1721 2996 1853 3038 require.
1879 2996 2001 3028 Ibidem
2016 3006 2147 3038 quoque
2162 2996 2263 3027 multa
2277 2995 2464 3037 pertinentia
2480 2997 2520 3028 ad

1449 3041 1604 3073 unitatem
1619 3041 1718 3082 ipsius
1742 3051 1808 3071 esse
1832 3051 1888 3082 per
1911 3040 2079 3072 essentiam
2102 3049 2140 3072 ex
2158 3039 2225 3072 eius
2239 3041 2456 3082 irreceptione,
2471 3049 2519 3072 re-

1448 3085 1568 3127 peries:
1592 3086 1678 3116 unde
1702 3091 1732 3116 et
1754 3084 1804 3115 hic
1828 3083 2021 3126 pertranseo.

1501 3129 1583 3161 VIII.
1603 3129 1694 3161 Circa
1709 3129 1776 3160 vim
1791 3129 1887 3160 huius
1903 3129 2033 3160 rationis
2051 3129 2178 3159 adverte
2193 3129 2271 3160 duo.
2293 3128 2403 3160 Primo
2418 3129 2518 3170 quod,

1447 3174 1522 3206 licet
1543 3184 1609 3205 non
1629 3173 1798 3205 concludat
1821 3173 1964 3214 explicite
1978 3173 2048 3210 nisi,
2063 3183 2144 3214 ergo
2160 3183 2254 3204 omne
2269 3183 2325 3205 ens
2339 3178 2388 3205 est
2400 3183 2422 3204 a
2435 3173 2516 3213 Deo,

1448 3218 1626 3250 omittendo
1646 3219 1734 3260 quod
1751 3217 1894 3259 effective
1902 3226 1916 3256 ;
1938 3228 1997 3259 pro
2018 3217 2173 3248 constanti
2189 3224 2294 3248 tamen
2311 3217 2457 3249 relictum
2473 3224 2520 3250 est

1448 3263 1538 3304 quod
1553 3262 1701 3293 effective.
1723 3262 1897 3300 Quoniam,
1912 3272 1987 3293 cum
2003 3261 2274 3293 naturalissimum
2290 3261 2329 3292 sit
2345 3261 2518 3303 unicuique

1447 3317 1538 3347 agere
1553 3307 1612 3337 sibi
1636 3306 1747 3343 simile,
1772 3313 1803 3337 et
1826 3306 2023 3347 impossibile
2046 3305 2085 3337 sit
2107 3306 2227 3348 aliquid
2241 3306 2329 3336 aliud
2343 3305 2519 3346 perfectius

1448 3361 1540 3382 suam
1563 3350 1803 3382 similitudinem
1820 3350 1940 3382 efficere
1964 3360 2063 3392 quam
2078 3349 2110 3380 id
2125 3350 2214 3391 quod
2239 3357 2285 3381 est
2306 3350 2369 3381 tale
2390 3360 2449 3391 per
2471 3360 2518 3381 es·

1448 3395 1595 3431 sentiam
1615 3405 1813 3438 consequens
1828 3402 1875 3426 est
1890 3394 2066 3426 necessario
2089 3394 2180 3435 quod
2197 3395 2306 3435 ipsum
2321 3393 2361 3426 sit
2376 3393 2518 3435 primum

1447 3439 1563 3470 faciens
1587 3439 1661 3470 talia
1682 3449 1739 3480 per
1761 3439 2046 3479 participationem,
2067 3438 2127 3470 nisi
2142 3438 2223 3470 forte
2246 3438 2439 3470 inveniretur
2461 3438 2516 3470 au—

1447 3483 1525 3524 quid
1550 3483 1740 3514 eminentius
1757 3483 1950 3523 praehabens
1966 3483 2062 3520 illud;
2087 3483 2177 3524 quod
2200 3483 2234 3514 in
2257 3483 2425 3524 proposito
2449 3491 2516 3514 non

1447 3527 1541 3558 habet
1563 3528 1692 3564 locum,
1718 3537 1792 3558 curn
1816 3526 1895 3557 nihil
1917 3527 2019 3567 possit
2042 3527 2138 3559 etiam
2169 3527 2298 3569 cogitari
2326 3526 2517 3558 eminentius

1446 3570 1517 3612 ipso
1541 3581 1608 3602 esse
1631 3580 1687 3612 per
1711 3578 1888 3602 essentiam.

2576 1802 2706 1826 s.·r11.in
2720 1804 2768 1826 hoc

2551 1833 2609 1857 etc.;
2624 1836 2664 1859 qm
2675 1836 2708 1857 m,
2723 1834 2766 1852 art.

2549 1836 2640 1906 aa}
2646 1846 2767 1912 aaa&

2551 1913 2618 1932 met.
2628 1909 2692 1936 VIII,
2703 1916 2725 1932 c.
2736 1916 2768 1932 tv.

2550 1926 2768 1959 -soeeaeflebae

2550 1948 2768 2012 klfgblecdellln-

2552 2015 2674 2038 1euectu.-
2662 2017 2766 2047 -ᾼΙςιι,

2551 2042 2666 2092 thgneettapz„
2681 2043 2722 2066 lib.
2741 2043 2766 2071 1,

2551 2385 2560 2395 ·
2565 2384 2592 2406 ln
2602 2384 2698 2407 Τάιιαεο
2703 2383 2765 2411 (Did.

2532 2425 2535 2427 -
2550 2414 2608 2433 tom.
2623 2411 2646 2440 I,
2661 2417 2714 2440 pag.
2728 2416 2764 2439 ²¹7

2551 2443 2602 2466 qu·

2548 2778 2763 2831 2:8³3&ssss

2546 2837 2655 2887 nuda
2669 2861 2712 2882 trt-
2721 2864 2747 2886 4·
