2696 4094
265 258 287 292 8
993 247 1260 296 QUAESTlo
1292 247 1324 293 1,
1355 226 1653 282 ARTICULUS
1684 246 1716 281 11

315 333 400 364 V111.
421 333 520 370 Quod
545 338 652 362 autem
668 330 739 361 finis
755 330 807 360 ille
824 330 863 361 sit
880 329 1044 364 naturalis,
1069 328 1183 368 probat
1198 325 1325 366 triplici-

260 386 316 409 ter.
341 378 449 408 Primo
473 376 657 407 auctoritate
679 374 851 415 Augustini
875 372 927 416 (in
950 373 1031 403 libro
1047 373 1086 403 de
1102 371 1324 402 Praedestina-

261 423 346 453 tione
356 422 548 452 Sanctorum
562 418 614 462 *):
627 419 767 451 Proinde
775 428 873 459 posse
886 417 1124 458 haberefidem,
1137 417 1219 446 sicut
1226 424 1325 455 posse

260 466 377 496 habere
405 467 589 502 caritatem,
621 469 758 495 naturae
789 469 835 494 est
862 463 1024 493 hominum
1036 469 1049 499 ,·
1072 461 1189 491 habere
1217 464 1323 490 autem

259 511 390 551 gratiae
412 515 459 540 est
478 509 641 550 fidelium.
661 525 679 531 -
695 507 842 539 Secundo
865 517 901 537 ex
921 506 1073 547 appetitu.
1099 505 1210 535 Homo
1234 510 1324 534 natu·

259 554 364 585 raliter
380 553 499 594 appetit
517 553 609 584 illum
622 552 720 583 finem
735 562 833 592 quem
850 551 926 582 dicis
941 549 1227 591 supernaturalem:
1249 558 1323 588 ergo

260 605 306 629 est
328 599 356 628 ei
379 597 539 628 naturalis.
557 615 575 620 -
598 597 704 628 Tertio
730 606 766 627 ex
785 596 905 627 ratione
928 593 1142 626 naturalitatis.
1168 592 1324 631 Potentia,

261 649 443 683 comparata
467 642 507 672 ad
534 648 650 678 actum,
675 647 730 671 aut
753 647 799 671 est
822 639 987 675 naturalis,
1013 645 1067 669 aut
1090 637 1245 674 violenta,
1270 644 1325 668 aut

260 693 387 723 neutra;
403 696 460 717 nec
480 692 526 717 est
544 685 587 716 ibi
603 685 709 726 aliqua
728 683 1019 725 supernaturalitas:
1038 692 1112 723 ergo
1136 681 1322 718 intellectus,

259 741 315 761 seu
336 731 450 766 anima,
475 730 656 761 naturaliter
680 729 843 759 ordinatur
861 729 900 758 ad
916 727 1071 758 visionem
1088 726 1157 762 Dei,
1175 736 1230 756 seu
1247 725 1324 756 frui-

259 775 391 806 tionem.
412 775 610 805 Antecedens
625 774 732 814 quoad
747 779 869 814 partem
885 772 1114 806 affirmativam,
1135 771 1321 801 declaratur:

258 819 333 860 quia
349 819 490 859 potentia
505 826 560 849 aut
582 818 749 849 inclinatur
771 818 810 848 ad
833 818 928 848 talem
951 823 1067 851 actum,
1092 822 1147 846 aut
1169 822 1325 855 repugnat

258 863 312 894 tali
340 863 439 899 actui,
472 870 526 893 aut
554 862 734 893 neutraliter
758 872 790 892 se
814 862 923 892 habet:
948 861 974 891 si
998 860 1104 901 primo
1132 860 1248 895 modo,
1278 866 1324 890 est

258 907 424 943 naturalis;
450 907 476 937 si
500 907 658 943 secundo,
683 907 836 942 violenta:
866 906 891 936 si
915 905 1024 941 tertio,
1056 910 1175 935 neutra.
1206 904 1323 941 Quoad

258 958 380 991 partem
396 961 471 982 vero
489 951 675 991 negativam,
687 950 871 981 declaratur.
888 949 1068 981 Differentia
1084 948 1290 979 naturalitatis
1306 958 1324 978 a

257 996 549 1036 supernaturalitate
565 995 735 1026 attenditur
758 1005 855 1035 penes
877 994 1148 1034 comparationem
1164 992 1323 1033 potentiae

257 1040 297 1070 ad
321 1050 415 1080 agens
444 1040 626 1070 naturaliter
654 1039 704 1069 vel
732 1039 1009 1080 supernaturaliter
1039 1037 1263 1078 impressivum
1290 1037 1323 1067 in

257 1084 353 1114 talem
376 1083 567 1124 potentiam:
592 1083 686 1123 igitur
710 1083 927 1124 comparando
943 1082 1118 1123 potentiam
1141 1082 1182 1112 ad
1205 1089 1323 1120 actum,

257 1128 344 1158 nulla
360 1135 406 1159 est
421 1127 706 1168 supernaturalitas.
725 1127 962 1168 Consequentia
976 1137 1051 1158 vero
1065 1127 1218 1167 probatur
1233 1137 1270 1157 ex
1285 1136 1323 1157 eo

257 1173 345 1213 quod
364 1172 469 1202 anima
493 1172 660 1203 inclinatur
675 1172 708 1202 in
725 1182 856 1203 omnem
873 1182 974 1208 suam,
995 1179 1025 1202 et
1045 1171 1213 1212 praecipue
1237 1181 1323 1202 sum-

257 1226 344 1246 mam
371 1216 615 1256 perfectionem,
640 1217 742 1257 qualis
766 1223 811 1247 est
835 1223 922 1247 actus
946 1216 1104 1247 fruitionis
1127 1216 1195 1252 Dei,
1213 1223 1271 1247 etc.

312 1261 364 1291 IX.
389 1261 439 1291 Ad
464 1261 653 1291 evidentiam
677 1260 772 1292 huius
796 1260 996 1296 difficultatis,
1021 1261 1100 1292 scito
1125 1261 1213 1302 quod
1237 1261 1323 1300 apud

256 1314 315 1335 nos
340 1305 482 1345 potentia
505 1312 559 1336 aut
583 1312 629 1336 est
651 1305 815 1341 naturalis,
841 1312 895 1336 aut
917 1305 1071 1341 violenta,
1101 1312 1156 1336 aut
1178 1305 1323 1336 obedien-

257 1350 362 1380 tialis:
377 1356 408 1380 et
419 1349 480 1380 hoc
496 1356 559 1380 tarn
577 1349 608 1380 in
622 1349 859 1390 comparatione
872 1350 911 1379 ad
924 1356 1030 1380 actum
1043 1359 1139 1391 quam
1154 1350 1193 1380 ad
1209 1359 1321 1390 agens:

257 1403 313 1424 nec
337 1393 441 1434 aliqua
465 1400 511 1424 est
533 1394 566 1424 in
589 1404 695 1424 rerum
724 1401 835 1425 natura
865 1394 1006 1434 potentia
1037 1401 1164 1430 neutra,
1196 1394 1322 1425 omissis

18 1445 26 1453 ·
46 1443 67 1465 o
87 1449 135 1465 use.
156 1443 229 1465 σείει.
256 1436 478 1474 artificialibus,
496 1444 531 1468 ut
554 1438 585 1468 in
609 1439 794 1479 quaestione
815 1439 855 1469 de
878 1439 1023 1469 Potentia
1047 1439 1174 1469 Neutra
1196 1439 1213 1458 *
1236 1439 1322 1470 iuxta

17 1470 228 1524 {2¹:1¹41x'122‘ff2‘51251
256 1481 341 1512 hunc
364 1482 543 1518 articulum,
568 1483 698 1514 dicetur.
716 1483 856 1514 Vocatur
880 1490 987 1514 autem
1007 1485 1152 1523 potentia
1177 1484 1320 1515 obedien-

255 1526 352 1563 tialis,
370 1526 516 1566 aptitudo
540 1527 583 1557 rei
601 1527 640 1557 ad
664 1527 725 1558 hoc
741 1534 776 1558 ut
798 1527 830 1557 in
848 1537 884 1558 ea
899 1527 953 1558 fiat
968 1527 1126 1569 quidquid
1141 1527 1321 1559 faciendum

255 1570 446 1601 ordinaverit
460 1571 556 1602 Deus.
574 1571 615 1602 Et
630 1572 807 1602 secundum
822 1572 918 1602 talem
932 1572 1118 1612 potentiam,
1136 1573 1241 1603 anima
1262 1583 1320 1603 no-

255 1621 316 1645 stra
340 1614 455 1645 dicitur
470 1615 503 1645 in
519 1615 661 1655 potentia
677 1616 715 1646 ad
731 1616 957 1647 beatitudinem
974 1616 1159 1657 pollicitam,
1177 1624 1207 1648 et
1224 1616 1322 1648 finem

255 1659 540 1698 supernaturalem,
566 1666 596 1690 et
618 1660 679 1690 alia
700 1660 896 1691 huiusmodi.

310 1703 349 1733 X.
373 1703 466 1734 Unde
489 1705 528 1734 ad
546 1705 688 1744 primum
714 1704 799 1735 Scoti
822 1705 839 1723 *
862 1704 989 1740 dicitur,
1010 1705 1099 1746 quod
1123 1705 1322 1745 Augustinus

255 1756 321 1777 non
345 1747 422 1778 dixit
445 1748 535 1788 quod
559 1758 652 1788 posse
676 1749 790 1779 habere
814 1748 910 1779 fidem
935 1749 974 1779 sit
1003 1750 1155 1780 naturale
1177 1749 1320 1786 homini,

254 1791 309 1821 sed
331 1792 420 1832 quod
444 1793 484 1823 sit
502 1798 640 1823 naturae
658 1793 839 1824 hominum.
865 1793 962 1824 Aliud
978 1801 1025 1824 est
1043 1794 1128 1824 enim
1145 1795 1321 1835 potentiam

254 1845 321 1866 esse
345 1842 489 1872 naturae,
514 1843 544 1867 et
567 1837 654 1867 aliud
678 1847 744 1868 esse
779 1838 975 1868 naturalem:
1000 1838 1143 1878 primum
1171 1839 1257 1869 enim
1281 1839 1321 1870 si-

253 1879 380 1919 gnificat
394 1881 567 1912 subiectum
593 1881 763 1921 potentiae,
780 1882 959 1913 secundum
983 1889 1090 1913 autem
1115 1883 1242 1914 modum
1264 1894 1324 1924 po-

252 1924 378 1955 tentiae.
396 1925 436 1956 Et
450 1925 523 1955 ideo
539 1925 682 1965 primum
698 1933 745 1957 est
763 1936 876 1957 verum
892 1926 924 1956 in
944 1927 1125 1967 proposito:
1144 1929 1322 1959 secundum

252 1978 327 1999 vero
352 1968 478 2000 falsum.
498 1970 642 2001 Potentia
665 1970 825 2011 siquidem
844 1970 896 2001 illa
920 1971 1140 2002 obedientialis
1164 1972 1202 2002 ad
1226 1971 1322 2003 fidem

253 2019 283 2043 et
307 2013 479 2049 caritatem,
504 2014 597 2044 estin
615 2022 727 2045 natura
750 2015 933 2051 hominum,
951 2015 1027 2056 quia
1050 2015 1241 2047 intellectiva
1257 2024 1321 2048 est:

252 2067 318 2087 non
337 2064 445 2088 autem
468 2058 501 2088 in
525 2065 637 2089 natura
661 2059 806 2095 leonina,
831 2060 986 2100 quoniam
1011 2059 1068 2090 sibi
1092 2068 1256 2101 repugnat.
1282 2061 1323 2092 Et

251 2101 314 2132 hoc
336 2102 519 2134 intendebat
541 2103 750 2143 Augustinus.
768 2121 786 2127 ·
801 2104 852 2134 Ad
874 2104 1061 2142 secundum,
1080 2112 1213 2145 negatur
1236 2113 1321 2137 ante-

252 2146 375 2176 cedens.
395 2163 412 2169 ·
430 2147 480 2177 Ad
504 2149 631 2178 tertium
655 2158 740 2184 vero,
766 2155 899 2189 negatur
921 2156 1134 2190 assumptum,
1160 2157 1191 2181 et
1213 2151 1322 2191 quoad

250 2190 381 2221 tertium
393 2191 575 2222 membrum
587 2192 683 2232 partis
696 2192 909 2228 affirmativae,
923 2200 954 2224 et
965 2194 1073 2234 quoad
1091 2200 1214 2234 partem
1230 2204 1322 2235 nega-

251 2234 361 2265 tivam.
385 2235 672 2276 Supernaturalitas
696 2237 855 2277 siquidem
888 2237 1060 2268 attenditur
1091 2238 1187 2268 etiam
1216 2239 1323 2269 confe-

252 2279 351 2309 rendo
375 2280 552 2320 potentiam
575 2281 615 2311 ad
639 2287 764 2312 actum:
795 2281 951 2322 quoniam
975 2289 1049 2313 sunt
1071 2282 1204 2323 quidam
1235 2290 1323 2314 actus

251 2323 307 2364 qui
324 2333 360 2354 ex
372 2333 485 2364 genere
502 2335 562 2356 suo
579 2331 654 2356 sunt
672 2325 858 2366 simpliciter
877 2327 1144 2366 supernaturales,
1166 2334 1201 2359 ut
1214 2327 1323 2368 gratia,

14 2370 34 2400 ⁸.
52 2369 131 2391 Trnct.
156 2375 225 2398 supra
250 2367 361 2408 gloria,
379 2374 409 2398 et
432 2367 492 2399 alia
517 2369 713 2405 huiusmodi,
739 2376 774 2400 ut
797 2370 829 2400 in
853 2370 914 2400 alia
937 2370 1126 2411 quaestione
1142 2371 1159 2391 *
1176 2373 1305 2412 patebit.

15 2400 53 2417 ω’
78 2402 117 2423 ‘¹¹¹'
131 2401 155 2418 ¹¹⁴
307 2411 361 2443 XI.
376 2412 521 2444 Secunda
537 2420 645 2445 autem
665 2414 829 2445 conclusio
844 2413 863 2431 ⁴‘
879 2415 1041 2455 probatur.
1065 2415 1240 2457 Disciplina
1261 2427 1324 2458 qua

21 439 31 450 ,
48 422 105 449 Cap.
120 428 141 442 v.

20 1705 29 1715 ⁸
45 1703 80 1725 Cf.
101 1709 163 1725 num.
178 1709 228 1725 vin.

18 2425 26 2432 ·
42 2411 79 2444 df.
93 2428 158 2444 num.
173 2428 198 2444 11.

16 2457 225 2486 ·Cf.sup.nov.p.
252 2456 457 2487 communius
473 2457 499 2493 *,
524 2457 615 2489 citius
631 2465 662 2489 et
685 2458 784 2489 tutius
808 2459 989 2500 pervenitur
1012 2460 1050 2490 ab
1075 2460 1260 2492 hominibus
1285 2462 1324 2492 ad

252 2500 468 2541 cognitionem
483 2502 666 2534 divinorum
685 2502 992 2540 demonstrabilium,
1010 2511 1056 2535 est
1071 2504 1196 2536 homini
1216 2515 1324 2537 neces-

252 2545 345 2575 saria:
364 2546 530 2586 disciplina
552 2547 687 2583 revelata
705 2554 752 2579 est
766 2547 970 2579 huiusmodi:
991 2558 1077 2589 ergo.
1093 2567 1112 2572 —
1129 2549 1248 2581 Omnia
1267 2561 1323 2591 pa-

252 2596 318 2620 tent
341 2590 373 2620 in
397 2590 516 2626 littera;
541 2598 572 2622 et
595 2590 739 2623 diffusius
762 2592 795 2622 in
821 2592 832 2622 1
860 2592 983 2624 Contra
1010 2593 1114 2633 Gent.,
1139 2604 1208 2635 cap.
1232 2605 1273 2627 xv.

310 2634 377 2665 XII.
403 2635 437 2665 In
462 2636 667 2676 responsione
691 2637 729 2668 ad
755 2637 943 2674 secundum,
968 2637 1094 2669 adverte
1119 2639 1209 2680 quod
1232 2649 1323 2680 argu-

253 2684 399 2709 mentum
418 2686 482 2710 erat
506 2679 582 2710 hoc:
609 2680 714 2711 Omne
731 2691 786 2711 ens
803 2689 850 2712 est
865 2681 971 2713 scibile
988 2692 1045 2723 per
1061 2682 1206 2724 physicas
1229 2684 1322 2715 disci-

252 2722 373 2762 plinas;
398 2733 472 2764 ergo
497 2734 562 2754 non
586 2732 679 2756 restat
702 2725 822 2766 aliquid
844 2726 951 2757 scibile
970 2736 1027 2767 per
1043 2727 1221 2759 doctrinam
1238 2738 1322 2759 reve-

251 2773 364 2809 latam;
390 2774 420 2798 et
444 2775 674 2809 consequenter
697 2780 762 2800 non
787 2778 832 2801 est
856 2771 1069 2802 necessaria-
1085 2771 1324 2813 Consequentia

1380 325 1482 366 prima
1505 326 1676 366 probatur:
1702 325 1778 366 quia
1802 325 1880 355 nihil
1904 324 2001 355 scitur
2028 324 2088 355 nisi
2111 334 2242 361 verum,
2267 325 2358 366 quod
2381 335 2457 356 cum

1379 377 1450 401 ente
1479 369 1683 401 convertitur.
1717 370 1918 401 Antecedens
1942 378 2017 399 vero
2041 376 2128 410 patet
2158 370 2202 400 VI
2225 370 2413 411 Metaphys.
2429 370 2456 407 *,

1380 421 1410 444 et
1433 413 1606 445 inductive.

1432 459 1483 489 Ad
1502 459 1565 490 hoc
1589 466 1698 490 autem
1722 458 1891 500 dupliciter
1913 458 2100 499 responderi
2129 464 2251 498 potest,
2277 459 2457 490 secundum

1379 503 1469 544 quod
1504 504 1692 534 antecedens
1724 503 1893 543 dupliciter
1924 502 2075 543 distingui
2108 508 2224 543 potest.
2260 503 2371 534 Primo
2401 503 2455 535 sic.

1379 547 1486 578 Omne
1510 557 1576 584 ens,
1601 548 1780 579 secundum
1804 548 1914 578 omnia
1937 557 2020 589 quae
2044 554 2119 578 sunt
2142 546 2382 594 cognoscibilia;
2406 548 2458 579 vel

1378 601 1446 623 non
1462 593 1642 623 secundum
1664 592 1784 629 omnia,
1802 593 1858 623 sed
1873 592 2087 623 abstrahibilia
2110 594 2237 623 tantum
2260 602 2279 622 a
2302 592 2457 623 sensibili-

1378 637 1449 672 bus,
1474 643 1521 667 est
1546 637 1653 668 scibile
1686 647 1743 677 per
1765 637 1914 678 physicas
1946 636 2138 677 disciplinas.
2163 636 2198 666 In
2230 636 2336 677 primo
2361 646 2457 668 sensu

1379 688 1426 712 est
1449 680 1582 712 falsum:
1607 681 1640 712 in
1665 682 1807 712 secundo
1831 691 1954 712 verum.
1973 699 1991 704 -
2008 681 2156 712 Secundo
2180 680 2235 711 sic.
2265 680 2373 712 Omne
2401 691 2457 712 ens

1379 725 1469 756 omni
1493 726 1609 762 modo;
1635 726 1685 756 vel
1707 736 1775 756 non
1799 726 1890 756 omni
1914 726 2026 763 modo,
2051 726 2106 756 sed
2130 725 2325 766 inquantum
2348 725 2457 756 illuce-

1378 780 1463 800 scere
1494 777 1601 810 potest
1624 780 1680 810 per
1702 770 1814 801 lumen
1847 770 2027 801 intellectus
2059 770 2188 810 agentis,
2206 776 2254 801 est
2276 769 2384 801 scibile
2400 780 2458 811 per

1378 813 1524 855 physicas
1548 814 1740 855 disciplinas.
1757 815 1793 845 In
1809 814 1915 855 primo
1932 825 2027 846 sensu
2048 822 2095 845 est
2110 812 2243 846 falsum:
2261 815 2295 845 in
2314 814 2457 846 secundo

1377 868 1500 889 verum.
1523 876 1541 882 -
1567 859 1723 896 Quamvis
1753 866 1860 890 autem
1891 865 2062 900 utramque
2093 859 2340 900 responsionem
2363 869 2456 900 argu-

1378 909 1525 933 mentum
1548 904 1690 944 recipiat‚
1716 903 1835 944 placuit
1853 910 1961 934 tamen
1979 903 2113 935 Auctori
2133 904 2307 935 secundam
2323 913 2456 944 respon-

1378 947 1503 978 sionem
1531 947 1695 984 adhibere,
1721 958 1788 979 non
1811 948 1950 989 primam
1973 948 2137 989 explicite:
2162 956 2234 979 tum
2258 955 2294 979 ut
2318 958 2355 979 ex
2378 958 2454 989 pro-

1378 991 1453 1032 priis
1476 991 1572 1022 huius
1601 992 1742 1028 articuli,
1772 992 1896 1023 lumine
1926 992 2044 1024 scilicet
2074 993 2199 1023 divinae
2230 992 2434 1024 revelationis
2448 1017 2455 1029 ‚

1378 1036 1542 1076 oppositas
1564 1035 1764 1067 difficultates
1787 1036 1942 1073 solveret;
1966 1043 2038 1068 tum
2061 1037 2138 1079 quia
2161 1037 2264 1078 prima
2287 1037 2456 1078 responsio

1377 1080 1441 1111 iam
1464 1081 1497 1111 in
1517 1091 1651 1121 corpore
1674 1081 1812 1117 articuli,
1837 1080 1872 1111 in
1893 1081 1997 1122 prima
2020 1081 2242 1119 conclusione,
2266 1081 2454 1113 habebatur.

1434 1125 1515 1157 XIII.
1541 1126 1758 1157 Veruntamen
1791 1125 1916 1162 Scotus,
1940 1126 1973 1156 in
1997 1126 2124 1163 Primo,
2153 1137 2209 1167 qu.
2228 1137 2238 1157 1
2261 1126 2402 1167 Prologi,
2422 1126 2456 1156 in

1377 1170 1538 1201 solutione
1562 1170 1692 1201 secundi
1715 1170 1894 1211 argumenti
1910 1180 1969 1210 pro
1984 1170 2198 1211 philosophis,
2221 1171 2303 1202 hanc
2324 1181 2456 1211 respon-

1377 1214 1501 1245 sionem
1524 1215 1740 1255 reprehendit:
1766 1225 1805 1245 eo
1821 1215 1912 1256 quod
1935 1215 2114 1246 secundum
2138 1225 2209 1246 eam
2228 1225 2294 1246 non
2319 1215 2457 1246 salvatur

1376 1259 1543 1290 necessitas
1567 1259 1757 1300 theologiae,
1782 1269 1882 1300 quam
1906 1266 2134 1300 argumentum
2158 1259 2330 1300 infringere
2353 1259 2455 1291 inten-

1377 1304 1479 1335 debat.
1497 1322 1517 1326 -
1540 1304 1657 1335 Probat
1681 1310 1789 1335 autem
1812 1303 1875 1334 hoc
1903 1304 1958 1335 sic.
1982 1304 2029 1334 Ex
2057 1304 2117 1335 hac
2140 1303 2351 1345 responsione
2374 1304 2456 1336 nihil

1375 1348 1461 1379 aliud
1485 1348 1618 1380 habetur
1637 1348 1697 1379 nisi
1717 1349 1829 1379 eadem
1849 1358 1904 1389 per
1932 1348 2131 1388 theologiam
2155 1355 2186 1380 et
2209 1348 2286 1379 alias
2309 1347 2457 1380 scientias

1376 1393 1543 1433 cognosci,
1573 1393 1721 1434 quamvis
1754 1393 1818 1424 alio
1849 1393 1966 1429 modo;
2001 1393 2084 1424 sicut
2114 1403 2171 1434 per
2195 1393 2403 1434 astrologiam
2425 1399 2458 1424 et

1375 1437 1540 1479 physicam
1564 1437 1660 1469 scitur
1675 1438 1765 1479 quod
1781 1444 1862 1468 terra
1885 1445 1932 1468 est
1955 1438 2103 1469 rotunda.
2126 1438 2212 1478 Ergo
2236 1447 2303 1469 non
2319 1437 2458 1470 salvatur

1376 1482 1560 1518 necessitas,
1585 1483 1640 1513 sed
1663 1483 1824 1514 distinctio
1846 1482 2027 1523 theologiae
2051 1483 2091 1513 ab
2115 1482 2194 1514 aliis.
2219 1482 2324 1514 Tenet
2347 1491 2458 1514 conse-

1374 1527 1521 1568 quentia,
1547 1537 1584 1558 ex
1614 1526 1912 1568 proportionalitate
1937 1537 1955 1557 a
1979 1533 2009 1558 te
2033 1527 2209 1567 assignata:
2234 1527 2393 1569 quoniam
2417 1537 2455 1558 ex

1375 1581 1442 1612 quo
1465 1571 1518 1614 illa
1543 1572 1707 1602 conclusio
1732 1577 1822 1602 terra
1846 1577 1894 1602 est
1917 1572 2069 1610 rotunda,
2095 1578 2142 1603 est
2161 1572 2239 1604 scita
2254 1581 2311 1613 per
2324 1572 2456 1603 alteram

1375 1615 1589 1652 scientiarum,
1605 1616 1727 1657 reliqua
1743 1625 1809 1646 non
1825 1622 1872 1647 est
1888 1616 2062 1647 necessaria
2074 1623 2219 1657 respectu
2235 1616 2332 1653 illius,
2346 1617 2457 1658 quoad

1375 1660 1537 1691 sciendam
1562 1660 1814 1696 conclusionem,
1839 1660 1987 1701 quamvis
2011 1661 2052 1691 sit
2075 1660 2232 1692 distincta.

1431 1705 1515 1735 XIV.
1527 1705 1577 1736 Ad
1591 1705 1652 1736 hoc
1665 1705 1884 1746 respondetur,
1898 1706 1988 1747 quod
2004 1705 2217 1737 diversitatem
2230 1705 2321 1736 modi
2336 1705 2457 1738 sciendi

1375 1749 1537 1780 diversitas
1566 1749 1682 1781 obiecti
1710 1749 1886 1781 formaliter
1909 1750 2048 1790 sumpti,
2073 1759 2130 1781 seu
2154 1750 2286 1782 rationis
2310 1749 2457 1782 formalis

1375 1794 1501 1830 obiecti,
1527 1794 1698 1825 comitatur
1721 1793 1964 1837 (compatiendo
1988 1801 2096 1826 tamen
2121 1795 2320 1837 quandoque
2340 1794 2455 1827 identi-

1375 1845 1474 1869 tatem
1497 1838 1607 1879 aliquo
1624 1839 1725 1869 modo
1740 1838 1875 1870 alicuius
1900 1838 2142 1882 conclusionis),
2167 1839 2194 1871 si
2213 1840 2391 1882 adaequata
2409 1845 2458 1871 est

1375 1883 1455 1913 ratio
1479 1884 1589 1914 modo.
1611 1886 1678 1914 Aut
1693 1883 1806 1914 saltem
1830 1883 2002 1915 comitatur
2024 1883 2188 1916 diversitas
2211 1884 2388 1916 multarum
2403 1894 2456 1916 ve—

1375 1927 1505 1958 ritatum
1530 1927 1706 1964 scibilium,
1731 1928 1757 1958 si
1781 1928 1991 1969 inadaequata
2015 1935 2077 1964 est,
2103 1935 2139 1960 ut
2161 1928 2294 1961 inferius
2317 1936 2375 1962 art.
2399 1929 2416 1961 3
2440 1927 2457 1944 *
2484 1931 2493 1941 '

1375 1978 1471 2012 patet.
1506 1971 1599 2002 Unde
1623 1972 1754 2002 eaedem
1778 1982 1843 2008 res,
1876 1973 1935 2003 sub
1968 1972 2099 2004 diversis
2127 1973 2304 2005 rationibus
2337 1983 2456 2016 cogno-

1375 2015 1481 2046 scendi
1505 2023 1666 2057 acceptae,
1691 2016 1907 2048 diversitatem
1931 2017 2199 2058 cognoscibilium
2222 2018 2391 2051 inducunt.
2414 2018 2458 2051 Et

1375 2067 1559 2101 propterea,
1590 2060 1726 2092 dicendo
1759 2061 1848 2102 quod
1877 2068 1924 2092 est
1954 2061 2076 2094 diversa
2104 2062 2186 2094 ratio
2216 2062 2456 2104 cognoscibili».

1374 2104 1528 2145 implicite
1547 2105 1720 2136 insinuavit
1738 2105 1898 2137 alietatem
1914 2116 2047 2148 quoque
2064 2107 2340 2149 cognoscibilium‚
2355 2116 2456 2151 quam

1375 2149 1440 2180 iam
1462 2149 1496 2180 in
1520 2149 1623 2190 prima
1647 2150 1854 2181 conclusione
1878 2158 2081 2191 expresserat.
2106 2151 2147 2183 Et
2162 2159 2294 2193 propter
2317 2152 2381 2185 hoc
2399 2162 2456 2186 ne-

1375 2200 1467 2234 gatur
1490 2194 1695 2225 antecedens:
1727 2194 1884 2236 quoniam
1907 2205 1944 2226 ex
1967 2195 2027 2227 hac
2051 2196 2279 2237 responsione,
2304 2197 2455 2239 quamvis

1377 2238 1520 2279 explicite
1544 2248 1610 2269 non
1634 2239 1787 2270 habeatur
1810 2239 1870 2270 nisi
1901 2239 2065 2271 diversitas
2096 2241 2186 2272 modi
2219 2242 2454 2282 cognoscendi,

1376 2282 1529 2324 implicite
1552 2290 1660 2314 tamen
1684 2283 1818 2315 habetur
1842 2283 1938 2315 etiam
1962 2284 2124 2316 diversitas
2149 2286 2425 2326 cognoscibilium.

1432 2328 1484 2358 Ad
1499 2328 1685 2369 exemplum
1701 2335 1811 2360 autem
1827 2329 1865 2359 de
1882 2329 2063 2370 astrologia,
2081 2329 2153 2361 licet
2165 2330 2226 2362 dici
2238 2337 2348 2371 posset
2365 2332 2456 2374 quod

1376 2372 1600 2413 exemplorum
1623 2383 1689 2404 non
1710 2373 1879 2414 requiritur
1895 2373 2081 2406 assimilatio
2097 2373 2129 2405 in
2147 2375 2310 2412 omnibus,
2335 2383 2454 2413 tamen,

1377 2417 1561 2458 exemplum
1590 2418 1769 2458 sequendo,
1801 2417 1916 2449 dicitur
1945 2419 2052 2460 quod,
2083 2419 2164 2450 sicut
2196 2419 2368 2461 astrologia
2391 2420 2455 2452 alio

1375 2461 1498 2493 lumine
1522 2471 1621 2503 quam
1637 2461 1768 2503 physica
1791 2462 1824 2493 in
1849 2462 1991 2504 aliquam
2016 2463 2259 2495 conclusionem
2285 2465 2454 2502 coincidit‚

1377 2514 1408 2537 et
1431 2516 1496 2537 non
1514 2506 1546 2537 in
1563 2515 1693 2543 omnes;
1718 2506 1762 2538 sic
1779 2506 1953 2547 theologia,
1978 2507 2041 2538 alio
2057 2508 2190 2545 lumine,
2208 2516 2239 2540 et
2255 2509 2384 2541 easdem
2402 2520 2455 2542 ve-

1375 2551 1482 2582 ritates
1497 2560 1577 2592 quas
1594 2550 1673 2582 aliae
1690 2551 1848 2588 scientiae,
1866 2559 1897 2583 et
1911 2552 1988 2582 alias
2003 2552 2149 2584 veritates
2169 2553 2207 2584 de
2225 2554 2346 2586 eisdem
2361 2555 2456 2586 rebus

1376 2595 1565 2627 considerat.
1588 2596 1629 2626 Et
1651 2595 1705 2632 sic,
1723 2596 2001 2637 quemadmodum
2025 2597 2206 2638 astrologia,
2231 2598 2380 2640 quamvis
2403 2609 2455 2631 co-

1375 2640 1493 2671 incidat
1500 2640 1614 2681 quoad
1629 2640 1795 2671 materiam
1811 2641 1843 2671 in
1859 2641 2002 2682 aliquam
2018 2642 2260 2674 conclusionem
2276 2643 2454 2686 physicam,

1377 2685 1452 2726 quia
1481 2691 1590 2716 tamen
1620 2684 1683 2715 alio
1712 2685 1854 2722 lumine,
1884 2692 1916 2717 et
1939 2694 2172 2728 consequenter
2203 2687 2279 2719 alias
2307 2687 2456 2720 veritates

1377 2729 1564 2765 considerat,
1590 2736 1636 2760 est
1659 2739 1726 2760 non
1750 2730 1856 2761 solum
1881 2730 2013 2767 diversa,
2038 2732 2093 2762 sed
2112 2732 2287 2764 necessaria
2310 2732 2454 2765 scientia:

1377 2773 1420 2804 sic
1444 2781 1474 2804 et
1497 2773 1660 2814 theologia
1683 2781 1730 2805 est
1754 2775 1792 2805 ab
1817 2774 1885 2806 aliis
1909 2775 2047 2812 diversa,
2067 2783 2096 2807 et
2120 2777 2306 2809 necessaria.

2486 364 2493 372 ”
2519 363 2551 385 Ca
2570 369 2605 385 .1.
2620 374 2632 380 -

2483 389 2529 412 lib.
2567 406 2573 418 ,
2589 396 2640 419 cap.
2654 397 2687 422 ι.7

1023 2926 1343 2970 ARTICULUS
1373 2927 1676 2971 SECUNDUS

907 3019 1061 3051 UTRUM
1086 3020 1226 3052 sAcaA
1250 3021 1478 3053 DOCTRINA
1501 3022 1568 3054 sn·
1593 3022 1794 3054 SCIENTIA

404 3095 502 3126 11¹11··,
522 3103 567 3132 qu.
586 3103 602 3126 1,
623 3102 669 3122 art.
683 3104 706 3126 v,
727 3097 758 3122 ad
780 3105 808 3128 23
829 3098 837 3122 1
858 3097 940 3130 Sem„
960 3099 1035 3129 Prol..
1056 3106 1102 3125 art.
1124 3100 1147 3132 3,
1167 3102 1214 3133 qu·
1234 3108 1263 3131 2;
1285 3101 1326 3126 De
1348 3101 1438 3132 Verit„
1458 3109 1502 3135 qu.
1520 3110 1571 3134 xiv,
1591 3108 1638 3128 art.
1659 3110 1683 3136 9,
1703 3103 1735 3128 ad
1757 3103 1785 3135 3,
1806 3104 1830 3128 in
1851 3104 1926 3130 Boee.
1947 3105 1980 3131 de
1998 3104 2082 3136 Trin„
2102 3113 2148 3139 qu.
2167 3112 2194 3138 n,
2214 3110 2262 3131 art.
2283 3113 2306 3131 π.

392 3201 428 3218 12<

299 3194 334 3231 ,ζ
376 3195 444 3241 aa<
466 3189 488 3214 D
504 3188 694 3214 SECUNDUM
714 3190 767 3215 sm
787 3190 1024 3217 PROCEDl'rUR.
1042 3180 1202 3218 Videtur
1216 3181 1322 3229 quod
1376 3187 1431 3218 est
1445 3182 1559 3230 fides,
1586 3190 1627 3219 ut
1656 3182 1792 3220 dicitur
1813 3185 1843 3221 11
1870 3185 2085 3224 Thessalon.
2108 3198 2144 3225 111
2163 3186 2194 3224 ⁸¹².
2222 3187 2315 3226 Non
2343 3187 2457 3238 igitur
2483 3198 2607 3223 ‘vm-²·

306 3235 326 3245 '⁸
386 3216 574 3287 &sacra
603 3230 775 3268 doctrina
803 3244 880 3269 non
915 3232 960 3269 sit
988 3233 1154 3272 scientia.
1186 3234 1325 3272 Omnis
1376 3246 1484 3272 sacra
1513 3235 1688 3274 doctrina
1717 3245 1773 3274 est
1801 3238 1968 3276 scientia.

348 3324 384 3341 V*
417 3284 445 3324 (ιἸ
468 3283 570 3320 enim
591 3283 746 3321 scientia
765 3285 937 3333 procedit
965 3299 1009 3323 ex
1037 3287 1230 3337 principiis
1255 3300 1325 3337 per
1433 3299 1468 3325 2.
1508 3289 1751 3338 palmensi,
1791 3291 1949 3329 scientia
1987 3305 2067 3330 non
2101 3302 2157 3331 est
2193 3294 2453 3344 singularium.

315 3348 325 3366 ÷
427 3324 459 3369 N
487 3349 508 3374 e
537 3337 635 3374 notis
653 3342 682 3374 ⁶².
715 3338 791 3375 Sed
821 3350 926 3376 sacra
955 3340 1124 3378 doctrina
1151 3341 1324 3391 procedit
1379 3342 1455 3379 Sed
1484 3354 1590 3380 sacra
1617 3342 1788 3383 doctrina
1807 3343 1825 3373 Ρ
1848 3353 1979 3383 tractat
1999 3347 2048 3384 de
2068 3347 2333 3397 singularibus,
2360 3356 2455 3400 puta
2581 3353 2598 3388 β

255 3399 300 3424 ex
329 3388 490 3427 articulis
518 3389 619 3438 fidei,
641 3391 705 3440 qui
734 3403 812 3428 non
841 3399 927 3429 sunt
954 3405 1023 3442 per
1050 3403 1090 3431 se
1119 3394 1209 3441 noti,
1235 3407 1323 3432 cum
1379 3395 1426 3432 de
1454 3395 1568 3444 gestis
1592 3397 1795 3446 Abrahae,
1827 3399 1931 3436 Isaac
1962 3407 1997 3437 et
2026 3401 2159 3449 Iacob,
2191 3409 2228 3439 et
2255 3402 2452 3441 similibus.

255 3453 334 3478 non
354 3442 402 3478 ab
423 3442 601 3481 omnibus
622 3444 901 3482 concedantur:
931 3459 1004 3483 non
1035 3448 1133 3485 enim
1154 3448 1323 3486 omnium
1378 3449 1481 3497 Ergo
1510 3462 1617 3487 sacra
1647 3450 1820 3488 doctrina
1849 3464 1927 3490 non
1957 3461 2013 3491 est
2041 3454 2208 3494 scientia.

310 3574 337 3605 α)
353 3574 494 3607 principiis
509 3582 561 3607 per
578 3582 605 3601 se
625 3577 702 3602 notis.
721 3591 739 3596 -
757 3578 888 3610 aliquibus
902 3579 1045 3611 principiis
1062 3587 1130 3613 quae
1148 3584 1210 3606 sunt
1226 3587 1277 3614 per
1295 3588 1322 3606 se
1342 3584 1432 3607 notum
1453 3581 1482 3607 E.
1500 3595 1518 3602 ·-

439 3609 445 3616 .
576 3610 581 3617 ⁸
632 3611 637 3618 ο
1538 3582 1608 3608 Idem
1629 3584 1716 3609 statIm
1735 3592 1783 3618 pro
1802 3593 1881 3611 sacra
1904 3586 2035 3617 doctrina,
2057 3587 2200 3622 theoiogia.

311 3607 336 3640 β)
357 3609 489 3635 doctr-ma.
507 3623 526 3629 —
543 3615 654 3637 scientia
672 3613 701 3637 B.
719 3627 738 3632 -
757 3613 827 3638 idem
847 3621 907 3638 mox
925 3622 978 3639 om.
991 3618 1017 3639 et
1034 3615 1172 3641 similibus.
