2768 4178
52 539 63 550 *
78 539 129 560 Art.
144 544 159 559 r.

56 588 65 596 ·
80 587 131 608 Art.
142 593 162 615 3.

57 651 65 659 ·
83 649 108 670 S.
119 648 164 670 Tb.
176 649 227 670 lect.
238 655 252 669 1.

155 962 169 986 δ

56 1074 66 1084 “
83 1073 131 1100 Qu.
146 1079 168 1099 ιι7
184 1077 255 1101 art-3.

151 1127 161 1142 ε

290 287 341 333 46

295 378 538 420 comparatur
567 370 615 407 ad
636 369 824 416 accidens,
846 369 941 405 sicut
964 368 1136 418 potentia
1156 368 1205 405 ad
1225 375 1367 405 actum:

295 424 510 461 subiectum
549 422 650 460 enirn
688 423 901 460 secundum
935 422 1111 459 accidens
1151 429 1206 458 est
1240 421 1367 470 aliquo

293 478 412 515 modo
441 477 479 514 in
509 484 606 514 actu.
637 477 733 513 Esse
763 484 891 513 autern
919 476 956 512 in
985 475 1176 524 potentia,
1207 474 1367 511 omnino

296 538 518 568 removetur
546 543 568 567 a
596 531 694 578 Deo,
724 537 766 566 ut
795 542 840 566 ex
868 529 1070 578 praedictis
1098 536 1201 577 patet
1219 528 1249 564 ⁷¹⁶.

351 583 542 631 Secundo,
574 583 664 631 quia
692 584 798 620 Deus
828 590 884 619 est
908 595 1021 619 suum
1051 581 1183 618 esse*:
1214 590 1262 629 et,
1292 589 1333 618 ut
1351 581 1368 609 ,2

296 637 452 675 Boetius
482 636 571 674 dicit
589 636 628 674 in
648 636 709 673 lib.
731 637 777 673 de
796 635 1081 682 Hebdomad.'¹‘,
1103 635 1188 671 licet
1204 635 1243 672 id
1269 636 1370 682 quod

296 697 358 737 est,
384 690 528 739 aliquid
554 689 659 727 aliud
679 691 800 738 possit
825 691 964 726 habere
991 689 1221 734 adiunctum,
1243 694 1367 725 tamen

296 745 416 793 ipsum
446 756 525 781 esse
561 743 654 781 nihil
680 743 786 780 aliud
817 743 1035 780 adiunctum
1063 742 1203 778 hahere
1225 747 1369 790 potest:

295 797 393 834 sicut
420 797 526 846 quod
556 805 612 834 est
648 797 834 843 calidum,
864 803 990 845 potest
1018 795 1159 832 habere
1193 794 1335 843 aliquid
1356 800 1370 821 ⁷

297 858 519 888 extraneum
539 863 657 899 quam
678 850 856 897 calidum,
877 857 918 886 ut
938 848 1172 894 albedinem;
1200 848 1267 885 sed
1287 848 1367 896 ipse

297 905 400 941 calor
427 904 519 941 nihil
548 905 662 941 habet
690 911 840 952 praeter
870 904 1048 940 calorem.

350 958 494 1005 Tertio,
516 957 605 1006 quia
635 970 750 994 omne
771 957 877 1006 quod
907 964 962 993 est
982 953 995 977 δ
1021 968 1090 1004 per
1114 967 1166 1002 se,
1187 955 1292 1004 prius
1313 962 1369 991 est

297 1024 343 1047 eo
374 1011 479 1060 quod
509 1019 564 1048 est
591 1023 660 1060 per
689 1011 877 1048 accidens.
907 1009 1038 1056 Unde,
1070 1021 1157 1045 curn
1187 1010 1294 1045 Deus
1323 1008 1369 1045 sit

296 1065 515 1113 simpliciter
542 1065 712 1113 primurn
743 1076 809 1100 ens
828 1063 859 1110 ³⁸,
890 1063 927 1100 in
958 1075 1003 1099 eo
1034 1074 1112 1099 non
1140 1069 1266 1111 potest
1285 1074 1368 1098 esse

296 1118 437 1167 aliquid
453 1124 463 1138 ‘
482 1130 552 1166 per
570 1117 758 1154 accidens.
780 1138 804 1144 -
826 1116 902 1154 Sed
928 1129 998 1152 nec
1018 1116 1225 1152 accidentia
1242 1127 1314 1163 per
1331 1127 1371 1152 se

350 1259 374 1292 β)
395 1263 428 1289 et,
444 1262 481 1284 ut.
500 1273 518 1278 —
538 1262 566 1284 ut
581 1258 765 1287 PABDEFGb,
781 1262 807 1283 et
821 1258 882 1283 licet
901 1261 930 1282 ut
945 1257 973 1282 C.
991 1270 1011 1276 -
1029 1257 1080 1282 Pro
1099 1257 1168 1286 licet,
1184 1260 1211 1282 et
1229 1257 1290 1282 licet
1309 1257 1370 1282 PGb

297 1297 358 1321 licet
377 1295 447 1320 enim
466 1296 499 1324 Β,
518 1302 571 1319 om.
587 1294 680 1328 CpDF.
698 1308 718 1314 -
736 1294 786 1318 Pro
805 1293 916 1326 aliquid,
932 1293 968 1318 ad
983 1293 1013 1318 C.
1031 1306 1050 1312 —-
1069 1293 1119 1317 Pro
1139 1293 1234 1325 ipsum,
1255 1293 1321 1318 illud
1339 1293 1369 1317 B.

349 1331 375 1364 γ)
395 1331 505 1363 aliquid.
524 1344 543 1349 —
561 1330 636 1355 aliud
654 1330 775 1355 ABCDE.

349 1366 373 1399 δ)
395 1366 466 1399 quod
484 1369 530 1391 est.
550 1381 570 1385 -
589 1366 651 1391 Om.
665 1366 693 1390 Β.

1001 288 1269 335 QUAESTIO
1300 289 1368 335 Ill,
1399 286 1697 325 ARTICULUS
1720 282 1795 323 'Vll

1424 367 1462 403 in
1478 379 1524 403 eo
1541 379 1624 404 esse
1643 374 1815 415 possunt,
1834 366 1929 403 sicut
1949 365 2088 402 risibile
2105 372 2160 402 est
2173 377 2244 414 per
2262 377 2302 402 se
2323 365 2500 402 accidens

1423 420 1603 457 hominis.
1635 420 1737 467 Quia
1755 419 1979 456 huiusmodi
1999 418 2210 456 accidentia
2230 425 2434 456 causantur
2453 431 2499 456 ex

1423 473 1616 523 principiis
1636 473 1814 510 subiecti:
1845 473 1882 510 in
1902 474 1988 510 Deo
2009 479 2138 509 autem
2159 471 2251 508 nihil
2269 479 2396 520 potest
2415 484 2498 509 esse

1424 535 1636 574 causatum,
1658 540 1747 564 cum
1776 527 1822 564 sit
1852 539 1966 564 causa
1985 526 2111 575 prima
2129 525 2159 562 *.
2191 525 2302 563 Unde
2323 525 2500 575 relinqui-

1423 589 1484 617 tur
1512 581 1619 629 quod
1647 580 1686 618 in
1715 582 1800 617 Deo
1836 581 1984 617 nullum
2014 580 2059 617 sit
2087 579 2277 616 accidens.

1477 636 1536 671 AD
1566 645 1703 671 ptumum
1738 645 1836 671 ERGO
1867 645 2052 671 DICENDUM
2087 633 2193 682 quod
2225 632 2347 670 virtus
2376 639 2412 669 et
2441 644 2497 669 sa-

1422 687 1564 737 pientia
1590 700 1670 724 non
1688 687 1855 724 univoce
1877 687 2053 724 dicuntur
2073 687 2120 724 de
2141 687 2226 724 Deo
2249 693 2285 723 et
2305 686 2352 724 de
2373 685 2498 733 nobis,

1422 748 1463 777 ut
1490 741 1586 778 infra
1614 741 1758 789 patebit
1776 740 1807 778 *.
1838 741 1950 778 Unde
1970 753 2050 778 non
2069 740 2240 789 sequitur
2268 739 2375 788 quod
2404 739 2500 776 acci-

1425 794 1551 831 dentia
1579 794 1652 831 sint
1679 795 1719 831 in
1747 795 1846 841 Deo,
1876 794 1972 831 sicut
1999 794 2039 831 in
2067 794 2179 831 nobis
2199 793 2223 830 ς.

1477 849 1536 884 AD
1566 859 1757 885 SECUNDUM
1791 860 1976 885 memnon
2013 847 2141 897 quod,
2173 859 2260 884 cum
2291 847 2500 884 substantia

1424 901 1469 937 sit
1497 900 1602 950 prior
1621 900 1892 949 accidentibus,
1913 901 2098 950 principia
2118 900 2371 938 accidentium
2388 901 2500 938 redu-

1425 961 1560 991 cuntur
1592 953 1631 990 in
1666 953 1851 1003 principia
1889 954 2122 992 substantiae
2158 954 2255 991 sicut
2291 954 2330 991 in
2357 954 2498 1003 priora.

1424 1007 1614 1054 Quamvis
1643 1008 1750 1044 Deus
1770 1019 1848 1044 non
1877 1008 1923 1045 sit
1944 1008 2114 1057 primum
2135 1014 2358 1045 contentum
2377 1007 2418 1045 in
2437 1020 2500 1056 ge-

1424 1073 1516 1098 nere
1545 1061 1790 1107 substantiae,
1811 1061 1880 1098 sed
1904 1061 2073 1110 primum
2094 1069 2198 1099 extra
2218 1073 2335 1099 omne
2365 1073 2499 1110 genus,

1424 1122 1599 1163 respectu
1628 1114 1742 1151 totius
1771 1126 1866 1151 esse.

1478 1257 1500 1290 ε)
1521 1257 1547 1282 in
1567 1264 1598 1282 eo
1618 1264 1670 1282 non
1685 1260 1776 1289 potest
1795 1264 1850 1282 esse
1869 1257 1982 1289 aliquid.
2000 1271 2019 1276 —
2038 1256 2104 1282 nihil
2123 1257 2149 1281 in
2164 1263 2195 1282 eo
2202 1260 2295 1289 potest
2314 1263 2370 1282 esse
2389 1257 2502 1282 codices.

1477 1292 1502 1325 ζ)
1523 1293 1550 1317 in
1570 1293 1684 1319 nobis.-
1696 1293 1717 1318 Β
1736 1293 1818 1318 addit:
1837 1293 1885 1318 sed
1904 1293 2013 1326 quaein
2029 1292 2090 1318 ali1's
2110 1292 2238 1318 dicuntur
2256 1292 2421 1322 accidentia,
2442 1292 2500 1318 Deo

1424 1328 1585 1354 conveniunt
1604 1328 1763 1362 (corr-igitur:
1788 1329 1814 1354 in
1836 1328 1894 1354 Deo
1914 1328 2097 1361 inveniuntur)
2117 1327 2308 1358 essentialitem
2333 1335 2390 1361 seq.
2410 1335 2501 1353 rasura

1425 1369 1537 1396 quatuor
1556 1364 1708 1389 litterarum.

979 1453 1313 1486 Commentaria
1337 1451 1587 1485 cardinalis
1610 1451 1811 1485 Caietam

326 1555 346 1575 N
370 1544 481 1580 titulo,
507 1549 630 1574 constat
656 1542 746 1583 quod
773 1541 935 1583 quaeritur
959 1542 998 1572 de
1027 1543 1130 1572 inesse
1144 1541 1304 1582 formali:
1328 1551 1368 1571 an

299 1558 443 1620 Iscilicet
467 1588 573 1629 aliqua
603 1586 776 1618 accidentia
803 1586 865 1617 sint
893 1585 1068 1617 formaliter
1091 1585 1124 1616 in
1148 1586 1228 1616 Deo.
1259 1586 1300 1616 Et
1323 1592 1370 1616 est

296 1644 401 1664 sermo
426 1634 465 1663 de
489 1631 701 1663 accidentibus
730 1631 888 1662 realibus:
923 1638 953 1662 et
983 1640 1050 1661 non
1074 1631 1111 1661 de
1136 1630 1367 1666 accidentibus,

296 1679 376 1709 idest
399 1677 649 1709 accidentalibus
666 1675 879 1717 praedicatis,
896 1682 932 1706 ut
953 1675 1098 1706 accidens
1118 1682 1164 1706 est
1187 1685 1307 1706 nomen
1324 1685 1370 1705 se-

297 1723 419 1753 cundae
442 1721 643 1757 intentionis,
669 1727 699 1752 et
722 1720 854 1761 ponitur
876 1720 1028 1761 quintum
1050 1719 1272 1750 Praedicabile.

354 1767 390 1798 11.
417 1767 451 1797 In
472 1776 604 1806 corpore
628 1775 693 1796 una
712 1764 888 1801 conclusio,
909 1764 1093 1805 responsiva
1109 1764 1253 1806 quaesito
1277 1774 1369 1804 nega-

296 1813 372 1843 tive:
400 1812 434 1841 In
458 1811 527 1841 Deo
551 1820 618 1841 non
642 1816 747 1850 potest
771 1819 838 1840 esse
857 1809 1012 1840 accidens.
1029 1826 1047 1832 -
1062 1809 1218 1840 Probatur
1242 1809 1369 1850 triplici-

297 1864 352 1888 ter.
378 1857 495 1887 Primo.
522 1855 608 1885 Deus
625 1861 671 1885 est
688 1860 776 1885 actus
792 1863 907 1894 purus:
933 1863 1018 1894 ergo.
1044 1853 1202 1884 Secundo.
1219 1853 1307 1884 Deus
1323 1860 1369 1884 est

295 1902 403 1942 ipsum
427 1909 507 1930 esse:
532 1909 617 1940 ergo.
648 1900 764 1930 Tertio.
790 1898 875 1936 Quia
892 1905 947 1929 aut
970 1905 1050 1929 esset
1074 1898 1218 1929 accidens
1231 1908 1295 1938 per
1317 1908 1369 1928 ac·

296 1946 415 1983 cidens,
440 1951 495 1976 aut
512 1954 576 1984 per
598 1953 648 1975 se:
673 1953 739 1973 non
764 1943 922 1983 primum,
947 1943 1023 1984 quia
1047 1943 1134 1973 Deus
1158 1950 1204 1973 est
1227 1942 1369 1983 primum

297 1999 368 2025 ens;
394 1999 451 2019 nec
475 1988 662 2024 secundum,
687 1987 763 2028 quia
786 1987 873 2018 Deus
897 1993 943 2018 est
967 1987 1069 2028 prima
1093 1997 1197 2018 causa.

352 2034 403 2064 111.
429 2033 520 2064 Circa
544 2033 717 2064 secundam
737 2032 902 2068 rationem,
924 2031 1049 2062 adverte
1073 2032 1171 2073 quod,
1193 2031 1273 2062 sicut
1289 2031 1371 2062 inter

296 2080 488 2109 abstractum
512 2084 543 2108 et
567 2083 752 2108 concretum
775 2076 953 2107 secundum
981 2076 1194 2112 intellectum,
1223 2076 1300 2106 haec
1324 2083 1370 2106 est

296 2122 479 2158 differentia,
504 2122 594 2163 quod
617 2122 808 2152 abstractum
832 2128 868 2152 ut
887 2121 930 2152 sic
950 2120 1028 2151 nihil
1048 2120 1242 2162 compatitur
1260 2130 1370 2151 secum

296 2167 474 2198 secundum
493 2166 697 2202 intellectum,
719 2172 904 2196 concretum
923 2171 1031 2196 autem
1050 2165 1160 2196 multis
1179 2164 1371 2205 permittitur

296 2211 421 2243 misceri
445 2209 577 2253 (album
608 2220 747 2251 namque
781 2219 846 2240 non
881 2210 1065 2240 inconvenit
1097 2209 1270 2250 intelligere
1304 2219 1370 2239 esse

298 2256 400 2292 dulce,
423 2262 498 2291 etc.;
525 2255 580 2286 sed
603 2255 716 2285 albedo
741 2261 776 2285 ut
799 2254 860 2290 sic,
890 2264 987 2284 omne
1011 2253 1098 2284 aliud
1121 2264 1139 2283 a
1163 2263 1195 2284 se
1219 2253 1369 2284 excludit:

298 2300 376 2330 nihil
400 2299 486 2330 enim
510 2299 595 2330 aliud
619 2305 666 2330 est
686 2308 752 2340 quo
777 2298 897 2340 aliquid
919 2305 965 2329 est
984 2297 1103 2335 album,
1125 2307 1224 2339 quam
1240 2298 1370 2333 albedo;

298 2345 354 2375 sed
377 2344 466 2385 quod
490 2350 536 2374 est
559 2343 678 2379 album,
703 2349 750 2374 est
774 2342 869 2374 etiarn
892 2342 979 2373 aliud
1002 2343 1197 2384 quandoque
1213 2351 1311 2383 quam
1328 2342 1371 2372 al-

297 2390 387 2425 bum,
412 2395 489 2429 puta
505 2398 642 2429 pomum
659 2387 760 2423 dulce,
777 2385 865 2429 etc.):
888 2387 930 2418 ita
949 2387 1030 2418 inter
1048 2388 1239 2418 abstractum
1260 2396 1371 2417 secun-

299 2434 378 2464 dum
402 2443 467 2463 rem
493 2439 523 2463 et
547 2432 765 2472 compositum
789 2431 966 2462 secundum
989 2441 1057 2462 rem
1071 2455 1078 2467 ,
1108 2431 1186 2462 haec
1215 2438 1262 2462 est
1284 2430 1371 2461 diffe-

298 2477 407 2514 rentia,
431 2477 520 2518 quod
545 2487 592 2508 res
617 2477 795 2508 secundum
811 2486 878 2506 rem
895 2476 1057 2512 abstracta,
1075 2483 1121 2507 est
1144 2475 1211 2516 ipsa
1226 2482 1370 2511 tantum;

298 2532 347 2552 res
362 2531 445 2557 ¹vero
463 2521 641 2562 composita
660 2521 780 2562 aliquid
804 2520 996 2561 compatitur
1011 2530 1120 2551 secum
1134 2520 1223 2561 quod
1243 2529 1308 2550 non
1327 2527 1373 2551 est

298 2567 376 2607 ipsa.
402 2567 443 2597 Et
459 2573 624 2607 propterea
648 2565 724 2596 haec
741 2564 892 2606 perfectio
915 2575 1013 2606 quam
1033 2564 1186 2605 significat
1202 2565 1234 2606 ly
1252 2574 1330 2602 esse,
1347 2564 1371 2595 si

1423 1547 1562 1581 ponatur
1577 1541 1731 1572 abstracta
1745 1541 1923 1572 secundum
1936 1551 2003 1572 rem
2020 1542 2058 1572 ab
2073 1542 2164 1572 omni
2181 1551 2220 1572 eo
2239 1542 2272 1572 in
2289 1551 2356 1583 quo
2372 1552 2439 1573 esse
2455 1543 2502 1574 est

1423 1584 1614 1625 receptibile,
1630 1585 1710 1616 idest
1733 1585 1772 1615 ab
1793 1586 1882 1616 omni
1907 1593 2018 1617 natura
2037 1587 2190 1627 generice,
2207 1593 2254 1618 est
2274 1596 2395 1627 purum
2418 1593 2499 1618 esset

1424 1636 1454 1660 et
1470 1629 1548 1660 nihil
1563 1636 1685 1670 praeter
1700 1640 1732 1660 se
1748 1630 1940 1671 compatitur
1956 1631 1989 1661 in
2006 1640 2055 1661 se:
2077 1638 2108 1662 et
2123 1638 2354 1673 consequenter
2372 1631 2501 1663 nullum

1424 1674 1568 1705 accidens
1580 1674 1695 1705 habere
1707 1682 1822 1715 potest.
1837 1674 2067 1716 Compositum
2083 1683 2191 1707 autem
2203 1686 2240 1707 ex
2255 1686 2321 1707 esse
2334 1683 2365 1708 et
2377 1683 2499 1713 natura,

1424 1719 1515 1760 quod
1528 1725 1660 1750 vocatur
1675 1719 1760 1760 quod
1779 1725 1836 1758 est,
1858 1719 1978 1761 aliquid
1998 1726 2121 1761 praeter
2141 1731 2174 1751 se
2193 1720 2226 1751 in
2245 1720 2351 1762 seipso
2371 1721 2502 1762 permit·

1424 1763 1500 1794 titur
1518 1763 1642 1794 habere.
1666 1763 1707 1794 Et
1725 1763 1787 1795 hoc
1804 1771 1850 1795 est
1869 1764 1958 1806 quod
1977 1764 2010 1795 in
2029 1764 2131 1796 littera
2147 1765 2270 1802 dicitur,
2288 1765 2378 1807 quod
2393 1765 2501 1806 ipsum

1424 1818 1506 1844 esse,
1531 1807 1607 1849 quia
1631 1815 1677 1839 est
1700 1808 1893 1840 abstractum
1917 1815 1947 1840 et
1970 1819 2048 1850 quo,
2074 1809 2153 1840 nihil
2176 1809 2271 1841 habet
2295 1810 2500 1847 adiunctum,

1424 1852 1505 1883 sicut
1529 1852 1626 1883 calor:
1652 1852 1685 1882 id
1709 1859 1816 1884 autem
1840 1853 1930 1894 quod
1954 1861 2009 1890 est,
2034 1853 2110 1896 quia
2134 1861 2321 1886 concretum
2349 1861 2381 1886 et
2403 1854 2500 1896 quod,

1424 1903 1529 1937 potest
1543 1897 1657 1927 habere
1670 1897 1790 1938 aliquid
1803 1904 1997 1934 extraneum,
2011 1905 2047 1929 ut
2057 1898 2197 1929 calidum
2209 1905 2255 1930 est
2267 1899 2364 1931 etiam
2378 1900 2499 1931 album.

1481 1941 1533 1972 lv.
1559 1941 1651 1972 Circa
1675 1941 1799 1973 tertiam
1821 1942 1989 1979 rationem,
2006 1943 2131 1974 adverte
2153 1943 2243 1984 quod
2266 1944 2306 1974 ad
2327 1950 2502 1986 utrumque

1424 1986 1607 2016 membrum
1626 1986 1769 2026 procedit
1785 1996 1822 2017 ex
1838 1986 1986 2028 propriis.
2011 1987 2111 2018 Radix
2128 1987 2215 2020 enim
2233 1987 2329 2028 primi
2345 1995 2406 2025 est,
2426 1988 2503 2031 quia

1424 2030 1567 2061 accidens
1587 2041 1643 2071 per
1663 2030 1807 2062 accidens
1831 2031 2015 2062 naturaliter
2033 2031 2266 2073 praesupponit
2284 2031 2430 2068 accidens
2445 2042 2503 2074 per

1424 2084 1475 2106 se:
1501 2075 1656 2116 quoniam
1680 2075 1906 2112 universaliter,
1927 2077 2107 2107 secundum
2130 2086 2371 2118 quemcumque
2394 2086 2502 2109 rerum

1424 2119 1580 2155 ordinem,
1601 2129 1664 2160 per
1686 2129 1721 2150 se
1744 2119 1832 2160 prius
1849 2127 1895 2152 est
1910 2130 1948 2151 eo
1973 2121 2063 2162 quod
2087 2128 2133 2152 est
2150 2131 2215 2162 per
2228 2121 2389 2160 accidens,
2414 2121 2502 2154 utin

1425 2164 1451 2194 11
1470 2171 1500 2195 et
1518 2164 1591 2195 VIII
1610 2165 1739 2205 Physic.
1753 2162 1768 2179 ⁸¹
1788 2164 1911 2196 dicitur.
1925 2182 1942 2187 —
1960 2165 2059 2208 Radix
2079 2172 2187 2196 autem
2202 2166 2333 2197 secundi
2353 2173 2409 2204 est,
2426 2166 2502 2208 quia
2528 2174 2539 2185 ·

1422 2207 1642 2249 (universaliter
1666 2208 1807 2249 primurn
1837 2209 1971 2240 alterans
1999 2217 2046 2240 est
2069 2210 2205 2241 omnino
2233 2210 2445 2242 inalterabile:
2470 2218 2502 2243 et
2530 2212 2541 2217 '

1425 2252 1567 2293 primum
1591 2262 1723 2283 movens
1747 2253 1898 2290 localiter,
1923 2260 1969 2284 est
1992 2253 2127 2285 omnino
2150 2254 2318 2286 immobile
2340 2254 2500 2287 localiter:

1426 2304 1457 2328 et
1480 2304 1710 2338 consequenter
1733 2297 1835 2338 prima
1859 2307 1953 2328 causa
1977 2298 2112 2329 omnino
2129 2298 2300 2331 incausata.
2325 2300 2401 2331 Non
2420 2306 2502 2332 esset

1426 2348 1534 2372 autem
1557 2341 1692 2372 omnino
1709 2341 1878 2378 incausata,
1896 2342 1921 2372 si
1939 2343 2059 2384 aliquid
2076 2350 2242 2375 causatum
2260 2343 2293 2375 in
2313 2354 2345 2375 se
2362 2344 2503 2383 haberet„

1425 2393 1462 2417 ut
1484 2392 1579 2426 patet,
1606 2393 1663 2417 etc.

1481 2431 1520 2461 V.
1547 2430 1581 2460 In
1601 2431 1809 2471 responsione
1834 2432 1873 2461 ad
1897 2431 2048 2471 primum,
2065 2432 2162 2463 habes
2181 2433 2339 2474 optimam
2360 2433 2501 2474 glossam

1426 2475 1521 2511 illius,
1550 2487 1564 2502 α
1580 2475 1669 2516 quod
1685 2485 1756 2506 vere
1773 2482 1828 2511 est,
1847 2476 1926 2507 nulli
1946 2476 2059 2507 accidit
2071 2486 2102 2507 »1
2123 2495 2143 2500 -—
2160 2479 2295 2509 univoce
2317 2485 2499 2519 sumptum;

1426 2520 1599 2561 analogice
1622 2526 1730 2550 autem
1754 2527 1938 2560 sumptum,
1963 2521 2083 2562 aliquid
2107 2521 2140 2552 in
2164 2531 2231 2553 uno
2256 2529 2303 2554 est
2326 2523 2501 2554 substantia

1426 2571 1456 2595 et
1479 2564 1512 2595 in
1537 2563 1600 2594 alio
1624 2564 1782 2601 accidens,
1808 2571 1843 2595 ut
1867 2572 1953 2606 patet
1977 2565 2015 2596 de
2039 2565 2201 2606 sapientia.

1090 2736 1410 2780 ARTICULUS
1441 2737 1709 2780 SEPTIMUS

1002 2839 1159 2871 UTRUM
1183 2839 1296 2871 DEus
1319 2839 1387 2871 SIT
1411 2839 1584 2871 οΜΝιΝο
1609 2839 1792 2871 SIMPLEX

520 2938 528 2962 1
549 2937 632 2966 Sent„
652 2937 711 2962 dist.
729 2944 783 2967 vni,
803 2944 848 2969 qu.
867 2944 900 2966 tv,
920 2942 966 2962 art.
989 2945 1014 2968 1;
1035 2937 1043 2961 Ι
1066 2937 1142 2962 Cont.
1159 2938 1245 2967 Gent..
1265 2945 1321 2970 cap.
1340 2944 1391 2967 xvi,
1405 2944 1481 2968 xvu1;
1502 2937 1544 2963 De
1562 2937 1630 2968 Pet„
1650 2945 1695 2970 qu.
1714 2945 1758 2967 vu,
1779 2943 1825 2962 art.
1844 2945 1866 2968 ¹3
1889 2938 2032 2970 Compend.
2051 2938 2148 2968 Tloeol„
2169 2946 2223 2972 cap.
2243 2946 2281 2970 ix;

909 2972 1009 3005 Opusc.
1024 2973 1150 3004 XXXVII,
1171 2973 1204 2998 de
1224 2972 1304 3003 Quat.
1323 2972 1435 3005 Oppos.‚
1456 2980 1511 3005 cap.
1530 2980 1570 3004 iv;
1591 2973 1632 2998 De
1654 2974 1741 3003 Caus„
1762 2974 1820 2998 lect.
1840 2981 1889 2998 xxi.

390 3081 398 3105 2
424 3090 464 3114 ,ς
498 3074 539 3098 t>
559 3072 739 3099 SEPTIMUM
759 3073 812 3098 sm
833 3073 1073 3099 PROCEDiTUR.
1090 3061 1249 3099 Videtur
1267 3062 1374 3110 quod

366 3114 379 3135 ·'
445 3115 624 3171 '⁴²g-3Deus
652 3127 730 3151 non
755 3115 799 3151 sit
819 3115 978 3152 omnino
999 3115 1171 3164 simplex.
1194 3115 1252 3152 Ea
1271 3115 1374 3152 enim

303 3337 390 3366 sunt
409 3341 430 3366 a
449 3331 545 3376 Deo,
576 3328 667 3366 nihil
688 3336 744 3366 est
763 3329 922 3366 omnino
942 3329 1113 3378 simplex.
1144 3331 1246 3378 Ergo
1266 3330 1372 3367 Deus

303 3395 381 3420 non
410 3390 466 3419 est
494 3382 651 3420 omnino
682 3382 852 3432 simplex.

358 3448 393 3473 2.
423 3437 656 3484 PRAETEREA,
688 3448 805 3473 omne
834 3435 938 3485 quod
959 3444 1014 3473 est
1035 3436 1182 3485 melius,
1212 3437 1297 3474 Deo
1318 3442 1371 3472 at-

303 3488 548 3526 tribuendum
578 3497 644 3526 est.
676 3490 766 3538 Sed,
787 3489 891 3538 apud
926 3501 1013 3536 nos,
1044 3489 1258 3538 composita
1286 3497 1372 3526 sunt

358 3621 386 3653 α)
405 3621 534 3646 elementa
553 3621 607 3646 suis
623 3621 754 3653 partibus.
769 3635 787 3640 —
799 3621 930 3646 animalia
946 3622 1001 3646 suis
1016 3622 1141 3654 partibus
1160 3622 1218 3647 edd.
1237 3628 1254 3646 a
1266 3622 1295 3652 b;
1314 3621 1372 3646 ani-

302 3656 385 3693 malia
399 3656 502 3688 plantis
521 3657 549 3681 P.

1428 3061 1587 3099 meliora
1607 3061 1860 3111 simplicibus:
1890 3062 1986 3100 sicut
2007 3075 2170 3112 corpora
2189 3062 2307 3100 mixta
2331 3063 2498 3103 elemen-

1427 3115 1486 3162 tis,
1507 3122 1544 3152 et
1565 3115 1753 3153 elementa
1781 3115 1859 3153 suis
1886 3116 2056 3165 partibus
2075 3122 2104 3153 ³.
2135 3117 2238 3164 Ergo
2268 3129 2348 3154 non
2368 3125 2425 3156 est
2443 3117 2499 3156 di—

1429 3169 1594 3206 cendum
1624 3168 1730 3217 quod
1758 3169 1864 3206 Deus
1893 3169 1939 3207 sit
1966 3169 2125 3207 omnino
2155 3169 2328 3219 simplex.

1483 3222 1558 3259 Si-:D
1587 3233 1733 3259 CONTRA
1762 3233 1828 3259 EST
1856 3223 1962 3272 quod
1989 3222 2224 3271 Augustinus
2253 3223 2352 3272 dicit,
2382 3225 2433 3263 VI
2453 3225 2500 3263 de

1432 3276 1468 3312 T
1463 3275 1535 3313 rin.
1551 3275 1582 3322 ²¹⁸,
1610 3275 1717 3324 quod
1738 3276 1844 3314 Deus
1871 3288 1963 3314 vere
1993 3283 2030 3313 et
2057 3288 2210 3314 summe
2239 3277 2400 3328 simplex
2429 3286 2496 3317 est.

1482 3330 1708 3366 Rssponnsso
1737 3341 1922 3367 mci-:noum
1951 3329 2056 3379 quod
2084 3330 2213 3367 Deum
2234 3331 2394 3369 omnino
2414 3344 2498 3370 esse

1427 3382 1660 3431 simplicem,
1690 3382 1946 3432 multiplieiter
1971 3390 2098 3432 potest
2126 3395 2209 3421 esse
2238 3384 2496 3423 manifestum.

1427 3435 1558 3473 Primo
1578 3435 1736 3485 quidem
1765 3448 1834 3485 per
1860 3435 2078 3485 supradicta
2097 3436 2116 3458 *
2134 3435 2163 3474 Ρ.
2195 3438 2296 3476 Cum
2325 3438 2429 3476 enim
2458 3438 2498 3476 in

1427 3490 1512 3526 Deo
1543 3501 1621 3526 non
1650 3489 1695 3526 sit
1723 3489 1973 3538 compositio,
2005 3502 2130 3538 neque
2159 3490 2496 3540 quantitativarum

1480 3619 1505 3653 β)
1525 3620 1691 3653 supradicta.
1708 3633 1727 3639 —
1746 3621 1902 3653 supradicta
1923 3622 1948 3646 in
1968 3623 2121 3654 quaestione
2139 3623 2172 3655 Ρ;
2195 3622 2353 3655 supradicta
2371 3623 2398 3648 in
2418 3630 2498 3656 quae-

1425 3656 1512 3682 stione
1527 3656 1658 3689 prologus
1679 3656 1719 3681 ed.
1740 3657 1764 3681 b.

2526 538 2536 547 ·
2551 536 2612 559 Ibid.

2527 746 2538 756 ⁸
2549 745 2598 773 Qu.
2609 751 2659 773 xm,
2671 750 2743 775 art-5.
2759 752 2768 755 ’

2628 797 2642 826 ζ

2526 3290 2536 3300 ·
2552 3289 2610 3318 Cap.
2620 3295 2653 3312 vi.

2525 3447 2746 3478 ’lah-eques&
