2768 4178
0 2048 2 2066 ᾗ
27 2034 40 2044 ·
53 2032 168 2056 νει-ιιῦ.

25 2065 39 2076 ·
53 2063 122 2087 Vm.
131 2070 152 2092 5.

36 3126 48 3137 ·
65 3125 141 3155 Epi-t.
159 3131 247 3152 αινιι,

23 3152 144 3180 {nl-exn),
154 3158 206 3180 etp.
215 3158 247 3173 xi.

957 239 1225 285 QUAESTIO
1255 240 1341 286 XlI,
1371 241 1668 278 ARTICULUS
1698 243 1747 278 111

262 316 344 348 idest
365 316 399 346 in
423 316 566 352 essendo,
582 323 687 356 potest
709 323 816 347 tamen
835 326 902 347 esse
918 316 1021 347 forma
1036 316 1213 347 intellectus
1236 317 1329 347 creati

262 360 297 391 in
318 370 432 401 genere
445 360 702 401 intelligibilium.
726 360 768 391 Et
781 360 825 390 ibi
840 359 971 400 quidem
986 359 1127 390 redditur
1142 369 1201 400 pro
1226 369 1328 396 causa,

263 404 339 446 quia
362 411 409 435 est
430 404 499 445 ipsa
522 403 684 435 actualitas
707 404 740 434 in
762 412 876 444 genere
899 403 1161 443 intelligibilium
1185 403 1260 444 quia
1284 411 1330 434 est

264 448 332 489 ipsa
354 448 484 485 veritas,
509 458 591 490 quae
615 454 662 479 est
684 447 812 489 propria
835 446 939 477 forma
961 447 1138 478 intellectus
1161 447 1194 477 in
1217 456 1330 487 genere

263 492 468 533 intelligibili,
492 499 529 523 ut
551 492 647 523 habes
671 491 714 522 ibi
738 490 858 522 diffuse.
888 491 950 522 Hic
972 501 1048 522 vero
1072 491 1248 531 assignatur
1270 501 1329 531 pro

265 547 369 573 causa,
394 537 470 578 quia
483 543 531 567 est
545 536 653 577 ipsum
666 545 748 566 esse.
773 535 814 566 Et
832 535 976 571 intendit,
1001 535 1120 566 iudicio
1139 545 1224 571 meo,
1241 536 1330 576 quod

265 591 303 612 ex
316 581 379 612 hoc
394 581 485 622 quod
500 587 612 612 natura
627 579 733 620 aliqua
748 589 815 610 non
839 586 886 610 est
908 589 1004 610 suurn
1024 589 1100 616 esse,
1124 579 1219 610 habet
1242 580 1331 620 quod

265 635 332 656 non
355 625 395 657 sit
417 634 514 656 omne
537 634 635 655 suum
657 632 739 654 esse:
764 630 795 654 et
817 633 874 664 per
897 623 1094 664 oppositum,
1112 633 1149 654 ex
1164 623 1226 654 hoc
1241 624 1330 664 quod

265 676 377 700 natura
400 667 506 710 aliqua
529 675 575 699 est
597 667 705 708 ipsum
728 677 805 703 esse,
823 667 917 698 habet
940 667 1028 708 quod
1052 667 1092 698 sit
1114 677 1210 698 omne
1234 678 1330 698 suum

266 722 350 744 esse:
374 723 470 744 suum
503 718 611 743 autem
642 711 730 748 dico,
755 711 836 742 idest
864 712 916 742 sui
938 712 1070 743 ordinis.
1102 712 1150 742 Ex
1173 711 1221 742 his
1245 712 1331 752 enim

265 752 497 800 (subintellecta
519 756 573 786 illa
595 755 734 786 maxima
757 755 911 786 declarata
933 755 965 786 in
989 755 1099 792 littera,
1124 756 1254 793 scilicet,
1280 766 1331 787 co-

263 802 368 842 gnitio
391 800 602 841 quidditativa
625 809 689 830 non
703 800 750 841 fit
772 801 834 830 nisi
850 809 915 840 per
935 801 1157 836 esse,eiusdem
1175 801 1225 832 vel
1238 810 1331 841 supe-

265 846 363 877 rioris
391 845 516 876 ordinis
542 849 687 884 respectu
717 845 766 875 rei
797 842 964 886 cognitae)
994 844 1159 876 manifeste
1189 845 1331 886 sequitur

265 889 356 932 quod
378 888 513 920 essentia
542 887 650 919 divina
671 888 766 919 habet
788 888 851 919 hoc
874 888 1047 928 singulare,
1071 889 1161 930 quod
1184 896 1230 920 est
1252 889 1332 920 illud

265 943 333 965 esse
351 931 546 973 intelligibile
562 932 651 973 quod
673 931 901 964 existimaretur
921 932 995 963 dare
1018 933 1199 970 intellectui,
1220 933 1246 964 si
1262 934 1332 964 uni-

265 984 351 1009 retur
372 977 418 1008 illi
441 986 498 1018 per
521 976 668 1017 speciem.
693 979 740 1007 Ac
764 987 820 1017 per
842 977 914 1014 hoc,
938 977 1016 1017 ipsa,
1041 987 1078 1008 ex
1101 977 1162 1008 hoc
1181 978 1269 1018 quod
1286 984 1333 1008 est

265 1021 374 1062 ipsum
397 1031 474 1057 esse,
499 1021 593 1052 habet
616 1027 647 1051 et
669 1021 759 1062 quod
782 1021 838 1057 sit,
863 1027 894 1052 et
916 1022 1006 1062 quod
1029 1021 1068 1052 sit
1091 1021 1195 1052 forma
1217 1021 1332 1052 intelli—

265 1065 370 1106 gibilis
393 1065 512 1106 seipsa,
538 1072 681 1105 respectu
705 1065 883 1096 intellectus
905 1065 1040 1096 videntis
1063 1065 1176 1106 ipsam.

319 1110 382 1142 Sed
404 1110 508 1141 adhuc
526 1119 618 1140 mens
636 1119 703 1140 non
719 1110 862 1150 quiescit.
886 1109 1023 1150 Oportet
1038 1110 1124 1140 enim
1139 1109 1240 1141 dicere
1255 1109 1333 1150 quid

265 1154 418 1195 importat
435 1154 507 1190 hoc,
525 1153 641 1184 scilicet
664 1155 833 1185 essentiam
849 1154 992 1185 divinam
1006 1153 1127 1194 facere
1140 1153 1334 1195 formaliter

267 1198 462 1231 intellectum
486 1199 518 1229 in
542 1203 617 1230 actu
632 1199 674 1228 *in
697 1207 820 1240 genere
836 1198 1091 1239 intelligibilium
1107 1196 1135 1228 θ.

266 1273 271 1275 ,
307 1241 404 1285 {XL
419 1242 473 1277 Ad
494 1241 686 1273 evidentiam
708 1242 814 1278 huius,
838 1242 917 1273 scito
934 1241 1033 1282 quod,
1056 1241 1090 1272 in
1105 1241 1271 1272 communi
1285 1241 1332 1272 lo-

267 1286 414 1329 quendo,
443 1287 582 1327 speciem
604 1286 834 1326 intelligibilem
861 1285 944 1316 uniri
976 1285 1112 1326 perfecte
1143 1285 1332 1322 intellectui,

267 1341 334 1363 non
351 1338 397 1362 est
412 1331 516 1371 ipsam
530 1331 691 1362 inhaerere
709 1329 882 1361 intellectui
901 1328 1071 1372 (quoniam
1088 1329 1148 1360 ista
1163 1329 1242 1360 unio
1258 1340 1333 1360 con-

267 1375 368 1408 stituit
382 1375 577 1407 intellectum
589 1385 656 1406 non
670 1375 704 1405 in
718 1381 800 1410 actu,
815 1374 870 1404 sed
885 1373 918 1404 in
934 1372 1074 1416 habitu):
1095 1374 1150 1404 sed
1166 1380 1212 1404 est
1226 1373 1334 1414 ipsum

267 1420 458 1452 constituere
480 1419 514 1449 in
537 1426 609 1450 actu
633 1419 784 1450 secundo.
809 1418 860 1448 Ad
875 1418 938 1448 hoc
961 1418 1047 1448 enim
1063 1418 1193 1458 ponitur
1216 1418 1334 1458 species

265 1462 469 1504 intelligibilis
492 1470 528 1495 ut
551 1463 613 1500 sic,
640 1470 676 1494 ut
697 1462 874 1503 intelligens
905 1462 944 1493 sit
975 1462 1171 1494 intellectum
1201 1462 1232 1493 in
1263 1468 1334 1493 actu

2377 257 2447 294 119

1384 318 1556 366 completo.
1582 319 1688 359 Ipsam
1711 327 1817 351 autem
1847 323 2035 353 constituere
2067 324 2099 354 in
2123 323 2378 360 actu'secundO,
2403 331 2450 355 est

1383 371 1495 400 ipsam,
1513 372 1580 393 non
1595 372 1662 393 esse
1685 370 1792 395 actum
1814 366 1998 403 secundum,
2019 368 2074 397 sed
2097 368 2210 398 habere
2227 378 2260 398 se
2279 368 2319 398 ad
2342 375 2448 399 actum

1385 406 1562 437 secundum
1585 414 1621 437 ut
1644 406 1747 438 forma
1770 409 1810 438 ad
1834 418 1909 440 esse.
1927 410 2211 447 Quemadmodum
2234 412 2320 443 enim
2346 411 2448 442 forma

1385 455 1431 479 est
1453 449 1645 491 principium
1676 452 1798 482 essendi
1822 453 1985 490 materiae,
2009 454 2052 485 ita
2085 456 2174 495 quod
2196 455 2282 486 idem
2313 462 2359 486 est
2382 465 2448 486 esse

1384 493 1532 524 materiae
1548 501 1579 525 et
1602 494 1723 526 formae
1739 495 1956 533 diversimode,
1975 505 2011 528 ut
2033 505 2118 538 patet
2136 499 2175 529 de
2193 498 2314 529 lumine
2337 498 2370 529 in
2386 499 2450 529 dia-

1384 537 1502 577 phano,
1524 545 1555 569 et
1578 539 1681 570 calore
1703 539 1736 569 in
1760 550 1852 580 aqua,
1875 547 1948 577 etc.;
1973 541 2014 572 ita
2038 543 2156 582 species
2178 543 2398 582 intelligibilis,
2423 543 2448 572 si

1385 588 1455 612 actu
1480 589 1527 613 est
1548 582 1581 613 in
1605 593 1718 623 genere
1740 584 1946 624 intelligibili,
1973 592 2020 616 est
2041 586 2234 626 intelligendi
2257 586 2448 627 principium

1384 625 1427 656 ita
1450 627 1538 666 quod
1559 626 1731 667 intelligere
1746 635 1793 659 est
1815 635 1852 659 ut
1869 628 1969 668 ipsius
1993 639 2069 660 esse.
2085 630 2126 660 Et
2144 638 2319 670 propterea,
2336 640 2448 671 quam-

1384 669 1431 699 vis
1454 670 1562 711 aliquo
1587 671 1687 702 modo
1710 672 1810 703 activa
1833 671 1873 703 sit
1888 673 2007 712 species
2029 673 2258 711 intellectionis,
2275 674 2389 705 melior
2403 681 2447 705 ta-

1385 723 1459 744 men
1483 721 1514 745 et
1537 715 1644 755 potior
1666 722 1713 746 est
1735 716 1902 756 proportio
1926 716 2025 757 ipsius
2049 717 2199 754 formalis,
2217 728 2315 759 quam
2338 718 2447 749 activa.

1385 758 1530 798 Speciem
1553 758 1649 798 igitur
1663 759 1746 790 uniri
1770 766 1841 791 actu
1861 760 2041 797 intellectui,
2062 768 2108 792 est
2131 762 2450 802 constituereipsum

1384 802 1418 832 in
1439 802 1502 833 hoc
1525 803 1614 843 quod
1637 810 1684 834 est
1706 813 1774 834 esse
1797 811 1868 835 actu
1891 804 2127 844 intelligentem.
2147 806 2224 836 Esse
2248 812 2354 836 autem
2378 812 2449 837 actu

1384 846 1622 887 intelligentem,
1641 847 1721 878 nihil
1736 848 1824 879 aiiud
1839 855 1886 879 est
1900 858 1998 889 quam
2013 849 2209 880 intellectum
2231 859 2298 880 esse
2313 850 2450 890 perfecte

1385 890 1493 931 ipsum
1517 891 1695 931 cognitum:
1717 901 1908 932 cognoscere
1938 903 2077 934 namque
2100 893 2237 934 aliquid,
2262 900 2298 924 ut
2319 894 2450 924 inferius

1385 934 1504 975 patebit
1526 934 1561 971 ¹¹¹,
1585 935 1665 966 nihil
1688 935 1774 966 aliud
1798 943 1844 967 est
1867 947 1965 978 quam
1998 947 2064 968 esse
2088 937 2183 968 etiam
2210 937 2289 968 illud
2316 938 2349 968 in
2379 944 2450 968 actu

1387 979 1558 1019 completo.

1440 1023 1487 1053 Ex
1510 1023 1558 1053 his
1582 1030 1689 1054 autem
1712 1024 1752 1054 ad
1775 1024 1881 1054 divina
1903 1025 2108 1056 balbutiendo
2133 1026 2352 1061 ascendentes,
2377 1024 2451 1055 dici-

1387 1077 1459 1097 mus
1483 1067 1571 1108 quod
1593 1067 1733 1098 divinam
1757 1069 1924 1099 essentiam
1940 1069 2022 1100 uniri
2045 1069 2217 1100 intellectui
2233 1079 2288 1109 per
2304 1069 2449 1109 seipsam,

1387 1118 1418 1141 et
1441 1111 1631 1142 constituere
1654 1111 1827 1143 formaliter
1849 1113 1956 1153 ipsum
1970 1113 2003 1143 in
2026 1120 2098 1144 actu
2113 1114 2146 1144 in
2169 1123 2283 1154 genere
2305 1113 2451 1153 intelligi-

1386 1154 1457 1190 bili,
1490 1162 1537 1185 est
1558 1155 1662 1195 ipsam
1685 1156 1786 1187 facere
1809 1156 1982 1188 formaliter
1999 1157 2195 1188 intellectum
2218 1167 2285 1188 esse
2308 1164 2380 1188 actu
2403 1157 2452 1188 ul-

1387 1198 1467 1229 timo
1491 1198 1599 1239 ipsum
1622 1200 1728 1230 Deum
1759 1200 2009 1241 intelligibiliter,
2037 1201 2166 1232 sublatis
2191 1201 2339 1232 omnibus
2370 1211 2451 1242 quae

2477 945 2485 952 '
2494 943 2588 971 Qu.xrv,
2597 947 2658 971 arta,
2664 950 2684 965 2.

1387 1242 1634 1282 imperfectionis
1657 1250 1740 1274 sunt.
1766 1245 1838 1275 Hoc
1862 1251 1969 1275 autem
1993 1244 2180 1276 sufficienter
2204 1245 2253 1282 fit,
2280 1245 2452 1276 substantia
2475 1272 2478 1275 .

1387 1286 1455 1326 ipsa
1478 1286 1583 1317 divina
1607 1295 1812 1318 concurrente
1836 1289 1876 1318 ad
1898 1289 2055 1320 visionem
2073 1289 2198 1320 beatam
2220 1289 2401 1320 immediate
2417 1296 2453 1319 ut

1388 1330 1550 1361 obiectum
1580 1337 1611 1361 et
1643 1331 1835 1372 principium
1865 1332 1995 1363 visionis
2027 1333 2170 1364 formale.
2195 1351 2215 1355 —
2242 1333 2314 1364 Dixi
2346 1340 2453 1363 autem

1387 1374 1523 1406 sublatis
1546 1375 1855 1416 imperfectionibus:
1878 1377 1953 1417 quia
1975 1377 2055 1407 visio
2088 1378 2178 1408 beata
2201 1387 2267 1407 non
2291 1383 2337 1408 est
2366 1384 2452 1407 actus

1389 1425 1419 1449 et
1442 1428 1509 1449 esse
1532 1419 1724 1450 substantiae
1747 1420 1871 1450 divinae
1891 1420 1980 1462 (quia
1998 1421 2060 1451 hoc
2078 1421 2325 1461 imperfectionis
2349 1419 2452 1463 esset),

1390 1462 1470 1494 sicut
1493 1470 1574 1494 esset
1596 1463 1711 1503 speciei
1734 1464 1936 1504 intelligibilis
1961 1472 2089 1501 creatae,
2114 1465 2140 1495 si
2163 1472 2341 1506 poneretur.

1075 1628 1393 1671 ARTICULUS
1421 1629 1651 1672 TERTIUS

678 1731 835 1762 UTRUM
859 1730 1067 1761 ESSENTIA
1090 1730 1161 1760 DEI
1192 1730 1338 1761 VIDERI
1362 1730 1510 1762 possm*
1534 1731 1691 1762 ocums
1715 1731 2043 1764 CORPORALIBUS

616 1818 690 1847 lnfra,
710 1822 757 1843 art.
776 1826 802 1849 4,
821 1818 852 1842 ad
875 1817 902 1848 3;
922 1817 954 1842 11·
974 1817 1026 1847 11⁸⁸,
1045 1825 1090 1850 qu.
1103 1824 1192 1848 cxi-¹¹¹7,
1212 1822 1258 1843 art.
1271 1825 1304 1850 4;
1323 1818 1358 1843 lV
1377 1817 1460 1848 Seni„
1480 1818 1539 1844 dist.
1557 1826 1624 1850 xux,
1643 1827 1688 1852 qu.
1707 1826 1735 1850 11,
1754 1825 1801 1844 art.
1818 1827 1847 1849 2;
1867 1819 1893 1844 in
1910 1820 2001 1849 Mati„
2021 1827 2075 1852 cap.
2094 1828 2118 1845 v-

405 1940 416 1949 ,

295 1940 454 2022 ᾒὲἶιῗ
482 1960 644 1997 essentia
672 1960 744 1997 Dei
763 1959 885 1996 videri
912 1959 1032 2008 possit
1060 1959 1172 1995 oculo
1202 1971 1337 2007 corpo-

336 2032 406 2061 ρ’,
426 2013 550 2055 ’(ῑειίἰ
567 2019 596 2050 ⁶³.
626 2012 772 2050 Dicitur
799 2012 901 2050 enim
921 2014 991 2049 Iob
1014 2024 1079 2049 X1x
1097 2012 1133 2049 *ε
1163 2012 1200 2048 in
1221 2024 1338 2049 carne

291 2063 299 2069 ”
326 2064 422 2097 3⁴²¹!ss
438 2060 469 2102 N
481 2079 566 2104 mea
585 2066 716 2104 videbo
736 2067 873 2113 Deum,
895 2073 982 2111 etc.;
1004 2073 1041 2102 et
1059 2077 1130 2102 xm
1144 2065 1181 2102 *z
1207 2065 1336 2102 auditu

269 2121 375 2159 auris
393 2120 524 2158 audivi
540 2126 585 2166 te,
615 2131 716 2156 nunc
737 2124 863 2156 autem
888 2119 1018 2155 oculus
1042 2130 1147 2155 meus
1165 2118 1266 2155 videt
1291 2124 1334 2155 te.

273 2203 276 2206 ⁴
325 2185 360 2212 2.
391 2174 625 2220 PRAETEREA,
654 2172 888 2220 Augustinus
918 2171 1017 2219 dicit,
1045 2171 1181 2208 ultimo
1209 2172 1255 2208 de
1279 2172 1338 2208 Ci-

269 2227 384 2265 uitate
409 2227 503 2272 Dei,
533 2237 616 2275 cap.
636 2237 721 2263 xxix
734 2223 769 2261 βε
806 2225 867 2262 Vis
896 2226 1021 2274 itaque
1042 2224 1338 2273 praepollentior

269 2280 467 2318 oculorum
487 2279 558 2316 erit
574 2279 726 2316 illorum
745 2278 902 2325 (scilicet
919 2278 1246 2326 glorificatorum),
1262 2289 1337 2314 non

271 2339 314 2371 ut
337 2333 483 2370 acutius
509 2332 663 2370 videant
687 2344 803 2380 quam
835 2332 988 2380 quidam
1012 2332 1258 2380 perhibentur
1283 2331 1338 2368 vi-

270 2386 360 2424 dere
384 2391 572 2434 serpentes
589 2385 650 2422 vel
676 2385 828 2434 aquilae
851 2384 1104 2433 (quantalibet
1121 2385 1221 2422 enim
1239 2385 1337 2422 acri-

270 2439 400 2477 monia
436 2439 615 2476 cernendi
649 2439 781 2475 eadem
818 2438 1001 2475 animalia
1034 2439 1208 2488 vigeant,
1247 2438 1340 2475 nihil

271 2492 377 2530 aliud
386 2498 547 2541 possunt
558 2492 687 2529 videre
704 2503 820 2540 quam
839 2491 1038 2540 corpora),
1052 2492 1119 2528 sed
1136 2497 1177 2528 ut
1188 2491 1341 2528 videant

271 2551 309 2583 et
333 2545 600 2594 incorporalia.
631 2545 876 2592 Quicumque
905 2552 1034 2582 autem
1062 2552 1188 2593 potest
1205 2544 1338 2581 videre

271 2598 538 2647 incorporalia,
558 2605 684 2647 potest
711 2597 852 2634 elevari
880 2597 929 2635 ad
955 2597 1169 2635 videndum
1196 2599 1336 2635 Deum.

272 2652 375 2700 Ergo
405 2652 537 2688 oculus
565 2650 794 2699 glorificatus
822 2657 948 2699 potest
973 2650 1106 2688 videre
1134 2652 1274 2688 Deum.

328 2705 363 2742 3.
393 2704 632 2751 Pmmnm,
661 2705 769 2740 Deus
795 2711 922 2752 potest
947 2703 1070 2742 videri
1103 2705 1152 2741 ab
1179 2703 1338 2741 homine

272 2757 423 2795 visione
451 2756 694 2805 imaginaria:
723 2756 857 2793 dicitur
881 2756 982 2794 enim
1010 2757 1129 2794 Isaiae
1148 2757 1234 2794 ν1*;
1263 2757 1342 2793 vidi

272 2811 482 2848 Dominum
499 2810 686 2847 sedentem
704 2821 818 2858 super
833 2810 969 2848 solium
989 2815 1014 2856 Ὺ,
1045 2818 1114 2847 etc.
1145 2810 1223 2847 Sed
1241 2809 1338 2846 visio

273 2863 497 2912 imaginaria
533 2876 556 2900 a
593 2876 707 2900 sensu
744 2862 931 2911 originem
967 2864 1103 2901 habet:
1140 2862 1340 2912 phantasia

275 2917 378 2954 enirn
407 2924 464 2954 est
490 2922 613 2954 motus
629 2918 763 2965 factus
780 2928 805 2953 a
822 2928 934 2954 sensu
960 2917 1166 2954 secundum
1193 2922 1338 2961 actum,

149 2983 155 2994 ’
182 2982 188 2988 ·
273 2978 316 3007 ut
335 2970 470 3008 dicitur
495 2970 535 3007 in
557 2971 606 3006 III
627 2970 673 3007 de
689 2969 832 3006 Anima
850 2969 882 3007 ²¹².
911 2971 1013 3018 Ergo
1040 2971 1145 3006 Deus
1174 2968 1340 3006 sensibili

275 3023 424 3060 visione
450 3023 574 3061 videri
601 3030 738 3072 potest.

330 3077 405 3114 SED
425 3087 573 3114 CONTRA
591 3088 658 3113 EST
678 3075 784 3124 quod
809 3075 900 3112 dicit
917 3075 1162 3123 Augustinus,
1188 3075 1226 3112 in
1245 3074 1341 3112 libro

276 3130 322 3166 de
355 3129 520 3166 Videndo
548 3130 675 3166 Deum
707 3129 757 3166 ad
783 3128 986 3166 Paulinam
1009 3128 1047 3165 *ε
1077 3129 1202 3165 Deum
1231 3140 1340 3165 nemo

276 3182 368 3219 vidit
394 3193 580 3230 unquam,
609 3182 670 3219 vel
697 3183 734 3218 in
754 3182 826 3218 hac
853 3181 942 3228 vita,
969 3181 1066 3218 sicut
1092 3182 1169 3230 ipse
1187 3187 1257 3226 est;
1283 3181 1343 3218 vel

332 3314 359 3347 α)
370 3313 444 3338 oculo
454 3313 623 3344 corporali.-
633 3313 715 3338 oculis
725 3313 909 3345 corporalibus
920 3312 1065 3345 (corporeis
1075 3314 1130 3345 AB)
1142 3313 1243 3337 codices
1254 3319 1279 3337 et
1293 3321 1310 3337 a
1320 3313 1342 3337 b.

332 3348 358 3382 β)
378 3349 472 3374 ultimo
491 3348 524 3373 de
545 3348 659 3374 &vitate
679 3348 740 3378 Dei,
759 3356 817 3380 cap.
831 3355 889 3373 mx
906 3362 925 3367 —
939 3348 973 3372 de
993 3348 1048 3372 Civ.
1063 3348 1115 3373 Dei
1133 3348 1177 3373 lib.
1190 3355 1241 3372 xxn
1259 3348 1291 3378 D,
1311 3348 1343 3372 de

283 3384 339 3410 Civ.
353 3384 407 3409 Dei
424 3384 454 3414 E,
469 3383 562 3408 ultimo
581 3383 614 3409 de
635 3383 690 3409 Civ-
705 3384 759 3410 Dei
777 3383 852 3408 ceteri
873 3389 898 3408 et
916 3390 941 3408 a.
954 3397 973 3401 -
987 3383 1038 3407 Pro
1056 3383 1100 3408 Vis
1119 3383 1207 3415 itaque
1217 3384 1342 3415 praepol-

279 3420 384 3449 lentior,
404 3419 444 3444 vis
459 3418 703 3450 praeexcellentior
720 3420 751 3450 A,
771 3419 811 3444 vis
824 3418 1031 3451 praecellentior
1051 3418 1189 3447 BCDEsF‚
1208 3418 1248 3443 vis
1262 3426 1343 3450 prae-

279 3455 423 3488 pollentior
441 3454 512 3486 GpF.
531 3467 551 3472 -
569 3453 620 3478 Pro
637 3454 751 3483 acutius,
770 3455 859 3480 acrius
878 3454 1022 3479 ABCDEF.
1034 3468 1053 3472 -
1067 3454 1117 3478 Pro
1138 3454 1344 3484 Quantalibet.

281 3491 399 3524 vigeant,
418 3496 486 3522 quae
505 3489 606 3514 codices
625 3493 650 3513 et
668 3496 693 3514 a.
710 3502 730 3508 -
747 3493 774 3514 et
791 3494 850 3514 ante
869 3489 1049 3521 incorporalia
1067 3497 1121 3514 om.
1135 3489 1237 3514 codices
1257 3494 1283 3514 et
1300 3496 1325 3514 a.

335 3526 361 3559 γ)
381 3525 484 3550 solium.
503 3539 523 3543 -
541 3524 674 3549 excelsum
694 3524 792 3549 addunt
809 3525 990 3550 ACDEFGab.

336 3560 361 3593 ὃ)
381 3560 476 3585 videri.
493 3573 512 3578 -
529 3566 574 3584 seu
594 3559 742 3592 imaginari
759 3560 817 3585 add.
832 3561 862 3585 A.
880 3574 899 3579 —
917 3561 976 3585 Mox
991 3560 1092 3584 codices
1111 3564 1283 3592 transponunt
1301 3567 1344 3584 or-

282 3597 349 3629 gani
366 3595 523 3628 corporalis.
1262 3602 1267 3605 *

452 1932 456 1939 «
481 1919 503 1944 n
522 1919 682 1944 ’ri-:arium
707 1918 761 1943 stc
787 1917 1025 1944 PROCEDITUR.
1054 1905 1213 1943 Videtur
1231 1906 1337 1955 quod
1392 1907 1430 1944 in
1457 1907 1685 1957 angelorum
1713 1908 1810 1953 vita,
1838 1908 1934 1945 sicut
1958 1909 2117 1945 visibilia
2146 1909 2214 1946 ista
2247 1921 2344 1957 quae
2373 1923 2456 1947 cor-

1385 1960 1518 2008 porali
1541 1961 1684 1998 visione
1707 1967 1923 1998 cernuntur.

1446 2014 1671 2051 RESPONDEO
1686 2026 1870 2052 melerinum
1890 2014 1996 2063 quod
2010 2014 2246 2063 impossibile
2261 2022 2315 2052 est
2328 2017 2455 2053 Deum

1390 2064 1536 2103 videri³
1551 2079 1665 2104 sensu
1683 2066 1800 2113 visus,
1819 2068 1882 2104 vel
1902 2079 2145 2116 quocumque
2165 2067 2237 2104 alio
2258 2080 2371 2106 sensu
2391 2077 2455 2106 aut

1391 2120 1561 2167 potentia
1594 2119 1796 2157 sensitivae
1824 2120 1950 2169 partis.
1991 2120 2128 2158 Omnis
2158 2121 2260 2157 enirn
2288 2122 2456 2170 potentia

1392 2172 1613 2209 huiusmodi
1642 2180 1698 2209 est
1725 2181 1830 2210 aetus
1859 2173 2066 2221 corporalis
2094 2174 2238 2221 organi,
2257 2182 2300 2211 ut
2327 2175 2455 2212 infra*

1393 2225 1549 2262 dicetur.
1579 2227 1697 2262 Actus
1725 2234 1854 2263 autem
1882 2227 2192 2275 proportionatur
2220 2227 2254 2263 ei
2274 2227 2381 2265 cuius
2401 2236 2457 2265 est

1393 2286 1510 2315 actus.
1549 2278 1661 2316 Unde
1689 2280 1790 2316 nulla
1817 2279 2037 2316 huiusmodi
2069 2279 2238 2328 potentia
2263 2288 2389 2330 potest
2416 2293 2456 2318 se

1393 2331 1596 2369 extendere
1632 2333 1729 2369 ultra
1763 2332 1986 2381 corporalia.
2024 2333 2130 2369 Deus
2167 2341 2295 2370 autem
2333 2334 2456 2371 incor-

1392 2397 1534 2433 poreus
1563 2392 1638 2432 est,
1667 2393 1709 2422 ut
1736 2397 1850 2434 supra
1869 2385 1889 2407 '¹‘
1917 2393 2112 2422 ostensum
2141 2394 2205 2423 est.
2245 2387 2356 2423 Unde
2385 2399 2457 2424 nec

1393 2450 1509 2475 sensu
1545 2450 1617 2475 nec
1650 2438 1919 2486 imaginatione
1946 2438 2068 2475 videri
2098 2446 2242 2487 potest,
2274 2440 2341 2476 sed
2373 2441 2455 2477 solo

1393 2491 1582 2528 intellectu
1600 2497 1622 2527 ¹.

1446 2546 1506 2581 AD
1534 2556 1672 2581 PRIMUM
1706 2556 1805 2581 ERGO
1838 2555 2022 2581 DICENDUM
2050 2543 2175 2592 quod,
2206 2557 2294 2581 eum
2322 2545 2456 2583 dicitur

1394 2598 1431 2634 in
1459 2609 1576 2634 carne
1603 2608 1687 2634 mea
1706 2597 1838 2634 videbo
1864 2598 2002 2643 Deum,
2022 2597 2258 2634 Salvatorem
2286 2610 2413 2635 meum
2428 2598 2454 2645 ζ,

1394 2663 1472 2687 non
1495 2650 1710 2698 intelligitur
1737 2650 1842 2699 quod
1871 2651 1982 2687 oculo
2005 2650 2126 2686 carnis
2145 2650 2192 2687 sit
2209 2652 2337 2688 Deum
2354 2651 2456 2689 visu-

1394 2716 1475 2740 rus:
1505 2704 1573 2740 sed
1592 2703 1698 2751 quod
1727 2703 1766 2739 in
1786 2715 1897 2740 carne
1918 2702 2091 2750 existens,
2111 2711 2199 2752 post
2217 2705 2456 2741 resurrectio-

1394 2769 1497 2804 nem,
1526 2757 1678 2793 visurus
1707 2756 1753 2792 sit
1780 2757 1920 2793 Deum.
1937 2777 1960 2784 -
1978 2756 2157 2793 Similiter
2176 2757 2282 2805 quod
2311 2757 2453 2804 dicitur,

1395 2821 1495 2846 nunc
1522 2809 1651 2846 oculus
1678 2821 1784 2846 meus
1815 2810 1916 2846 videt
1946 2815 1997 2855 te,
2025 2809 2238 2858 intelligitur
2267 2811 2313 2847 de
2343 2812 2454 2848 oculo

1393 2862 1548 2899 mentis:
1578 2862 1674 2899 sicut
1690 2860 1826 2910 Ephes.
1848 2862 1893 2899 ι*
1912 2862 2001 2900 dicit
2019 2864 2247 2912 Apostolus:
2276 2864 2336 2900 det
2352 2865 2457 2901 vohis

1393 2915 1564 2964 spiritum
1590 2915 1796 2963 sapientiae
1822 2916 1860 2952 in
1889 2916 2082 2965 agnitione
2109 2917 2199 2962 eius,
2229 2916 2456 2954 illuminatos

1395 2968 1523 3006 oculos
1550 2969 1672 3005 cordis
1699 2969 1822 3005 vestri.

1448 3023 1507 3058 AD
1541 3033 1732 3058 SECUNDUM
1769 3033 1953 3059 mensuum
1990 3023 2096 3070 quod
2132 3021 2364 3069 Augustinus
2401 3022 2456 3058 lo-

1397 3074 1522 3123 quitur
1548 3080 1565 3099 ⁷¹
1592 3074 1818 3122 inquirendo
1850 3074 1889 3111 in
1920 3075 2047 3112 verbis
2079 3074 2165 3121 illis,
2197 3081 2236 3123 et¹
2264 3075 2334 3111 sub
2369 3087 2456 3111 con-

1398 3127 1552 3164 ditione.
1588 3127 1704 3174 Quod
1733 3134 1836 3176 patet
1863 3140 1909 3164 ex
1939 3128 2015 3165 hoc
2051 3127 2157 3176 quod
2192 3127 2456 3176 praemittitur:

1398 3182 1532 3230 Longe
1568 3180 1692 3228 itaque
1721 3181 1911 3228 potentiae
1952 3181 2104 3217 alterius
2141 3186 2252 3217 erunt
2291 3180 2458 3226 (scilicet

2417 3243 2428 3256 0

1449 3313 1471 3344 ε)
1496 3312 1543 3336 sed
1565 3312 1620 3336 solo
1646 3311 1790 3336 intellectu.
1807 3325 1826 3330 -
1845 3312 1908 3336 Post
1930 3310 1992 3336 haec
2011 3311 2089 3336 verba
2108 3311 2131 3335 G
2150 3311 2234 3336 addit:
2259 3311 2365 3336 Sentire
2388 3312 2456 3337 enim

1397 3355 1449 3372 non
1469 3350 1508 3372 est
1526 3349 1601 3371 actus
1620 3346 1726 3372 animae
1745 3350 1862 3377 tantum,
1881 3347 1929 3372 sed
1946 3346 2081 3372 coniuncti
2086 3353 2095 3375 ‚⁴
2113 3353 2189 3371 omne
2212 3350 2302 3372 autem
2326 3347 2398 3379 quod
2415 3354 2459 3372 co-

1396 3382 1542 3416 gnoscitur,
1562 3385 1602 3406 est
1620 3381 1646 3406 in
1665 3385 1839 3415 cognoscente
1853 3389 1905 3414 per
1924 3382 2030 3406 modum
2049 3382 2231 3414 cognoscentis
2237 3389 2246 3411 ,·
2265 3382 2335 3406 unde
2353 3385 2459 3414 oportet

1397 3418 1469 3450 quod
1492 3424 1569 3442 omne
1587 3417 1658 3449 quod
1681 3417 1809 3446 sentitur,
1828 3417 1865 3442 sit
1883 3417 1909 3442 in
1930 3417 1986 3449 ipso
2005 3417 2133 3442 sentiente
2147 3424 2199 3448 per
2216 3417 2330 3449 aliquem
2350 3417 2456 3442 modum

1397 3453 1504 3485 corpori
1521 3452 1726 3477 convenientem.
1746 3453 1819 3477 Deus
1837 3455 1925 3477 autem
1945 3455 1984 3477 est
2002 3452 2109 3477 omnino
2129 3452 2308 3484 incorporeus,
2329 3455 2358 3477 ut
2376 3460 2458 3484 supra

1398 3492 1529 3514 ostensum
1545 3490 1592 3512 est.
1611 3487 1685 3512 Unde
1698 3487 1857 3519 impossibile
1870 3490 1910 3512 est
1924 3487 1995 3519 quod
2008 3487 2064 3512 visu
2079 3490 2127 3512 aut
2141 3494 2304 3520 quocumque
2317 3487 2371 3512 alio
2380 3495 2457 3512 sensu

1398 3526 1581 3557 cognoscatur.

1451 3558 1476 3591 ζ)
1497 3559 1665 3583 salvatorem
1684 3564 1779 3583 meum.
1796 3572 1815 3576 -
1834 3558 1895 3582 Om.
1907 3557 2053 3588 ABDEFG,
2074 3564 2159 3582 »neum
2178 3565 2232 3582 om.
2247 3557 2276 3583 C.

1452 3593 1478 3627 η)
1498 3593 1623 3626 loquitur.
1642 3607 1660 3612 -
1679 3593 1714 3618 ibi
1733 3593 1802 3618 addit
1820 3594 1849 3618 B.
1867 3606 1886 3612 -
1904 3593 1929 3617 in
1950 3601 2002 3617 orn.
2015 3593 2045 3622 E,
2059 3593 2092 3617 de
2111 3593 2165 3617 BG.

2579 2070 2593 2094 ὃ

2482 2181 2493 2192 ⁸
2507 2182 2558 2202 Art.
2572 2186 2634 2207 seq.;
2654 2186 2693 2208 qu.

2482 2213 2575 2234 Lxxvnl,
2590 2210 2632 2228 art·
2647 2213 2663 2228 1.

2483 2402 2491 2409 ·
2506 2400 2554 2428 Qu.
2569 2406 2603 2427 nr,
2619 2403 2661 2421 art.
2676 2406 2693 2421 1.

2584 2506 2595 2522 Ξ

2582 2601 2596 2630 ζ

2482 2874 2492 2884 “
2507 2873 2572 2895 Vers.
2587 2879 2616 2901 17,
2628 2874 2659 2895 18.
