2768 4178
99 656 220 703 {capam
231 666 239 671 -
256 655 309 676 Did.

99 683 156 731 lnib.²
172 682 211 709 111,
227 687 276 709 cap.
287 688 309 708 v,

108 1491 117 1500 ·
134 1489 169 1511 Cf.
186 1494 249 1510 num.
264 1494 289 1510 n.

332 276 411 312 424

335 344 453 374 formas
477 342 715 377 subordinatas,
740 348 775 372 ut
798 347 911 381 putant
939 347 1079 372 tenentes
1102 340 1314 380 pluralitatem
1337 339 1399 370 for-

335 397 460 418 marum
483 387 515 416 in
540 387 670 416 eodem:
697 395 736 415 an
759 385 798 415 sit
822 385 928 415 solum
957 395 1020 415 una
1051 384 1154 414 forma
1177 383 1398 414 substantialis.

336 432 423 462 Tum
443 430 517 471 quia
541 440 662 465 omnes,
687 428 794 470 quoad
818 428 1030 469 propositum,
1049 434 1219 458 sumuntur
1234 435 1270 459 ut
1284 428 1401 458 habent

336 475 401 505 vim
424 474 528 505 unius.
553 474 641 503 Tum
665 473 739 513 quia
762 473 920 513 quaelibet
943 482 1007 502 una
1025 478 1150 502 tanturn
1164 478 1228 502 est:
1253 471 1400 502 voluntas

337 526 442 549 autern
466 528 528 548 una
552 523 582 548 et
605 517 714 547 eadem
738 517 849 556 plures·
860 523 894 547 ut
909 516 1024 556 plure5‚
1041 515 1121 546 idest
1136 525 1202 546 non
1221 515 1316 546 unius
1335 515 1401 545 vim

337 563 495 598 habentes,
520 561 638 591 formas
662 560 799 597 sortitur,
825 567 860 591 ut
883 567 968 600 patet
991 569 1066 590 cum
1089 559 1223 590 omnino
1247 559 1401 599 disparata

337 607 420 642 vult;
450 612 480 636 et
507 605 594 635 nulla
618 615 675 635 sua
705 604 807 635 forma
836 605 888 634 dat
912 614 1012 634 unum
1037 603 1132 639 velle,
1157 604 1212 634 sed
1236 603 1400 644 opposita,

337 649 500 691 quoniam,
521 656 556 680 ut
575 648 687 679 dicitur
703 649 745 679 IX
759 649 944 688 Metaphys.
961 648 987 684 *‚
1012 647 1153 687 potentia
1169 647 1328 678 rationalis
1345 658 1403 688 op-

337 694 517 734 positorum
540 699 595 723 est.
619 691 730 722 Differt
753 692 848 732 igitur
866 692 1013 722 voluntas
1028 701 1045 721 a
1060 698 1180 727 natura,
1198 691 1273 732 quia
1292 698 1403 722 natura

338 737 538 768 constituitur
565 736 597 766 in
626 746 692 766 esse
715 745 771 776 per
794 736 921 766 unicam
945 735 1095 766 formam:
1119 735 1268 765 voluntas
1296 741 1404 765 autem

339 781 540 812 constituitur
555 780 588 810 in
605 790 663 810 suo
688 789 763 816 esse,
784 780 873 820 quod
890 786 936 810 est
953 779 1042 815 velle,
1063 788 1119 819 per
1141 779 1258 809 multas
1274 779 1402 814 formas,

337 825 417 855 idest
440 825 562 855 obiecta
584 824 697 860 volita,
721 830 792 854 tum
814 824 953 854 volendo
983 823 1084 853 multa
1111 833 1168 862 per
1190 823 1309 859 multa,
1333 829 1404 853 tum

337 869 476 899 volendo
501 867 648 908 opposita
668 877 723 907 per
747 878 859 898 unum.

394 912 515 943 Ultima
538 918 644 942 autem
668 910 853 947 differentia,
878 921 915 941 ex
938 917 1025 951 parte
1049 910 1280 951 productorum
1304 920 1337 940 se
1359 917 1404 941 te-

338 966 426 992 nens,
443 955 645 995 intelligenda
662 962 707 986 est
723 965 789 985 non
809 955 961 991 absolute,
987 954 1041 985 sed
1058 960 1093 985 ut
1107 960 1194 985 stant
1215 954 1273 985 sub
1289 955 1406 986 talibus

340 1001 454 1033 causiS.
480 1000 551 1030 Hoc
568 999 725 1040 siquidem
741 999 859 1039 duplici
879 999 978 1029 modo
994 998 1126 1038 intelligi
1145 1005 1265 1038 potest:
1290 998 1406 1029 scilicet

340 1043 531 1084 simpliciter,
549 1050 579 1074 et
595 1043 639 1073 sic
661 1042 778 1073 falsum
794 1050 841 1073 est
856 1042 945 1083 quod
961 1042 1088 1073 effectus
1105 1049 1234 1073 naturae
1253 1052 1319 1073 non
1332 1052 1406 1083 pos-

340 1088 401 1118 sint
420 1087 506 1118 aliter
529 1097 561 1118 se
585 1087 709 1123 habere,
724 1093 760 1117 ut
776 1086 941 1117 manifeste
956 1093 1058 1127 patet;
1083 1093 1114 1117 et
1130 1093 1166 1117 ut
1179 1093 1262 1117 stant
1278 1087 1336 1117 sub
1353 1087 1406 1117 tali

341 1142 443 1168 causa,
468 1138 499 1161 et
521 1131 565 1162 sic
589 1138 635 1162 est
653 1141 765 1161 verum
781 1137 811 1161 et
826 1131 993 1162 intentum.
1019 1130 1183 1168 Quoniam
1208 1130 1335 1162 effectus
1351 1141 1406 1161 na-

339 1175 458 1212 turalis,
482 1175 624 1206 deductis
647 1175 892 1215 impedimentis,
913 1181 1039 1215 oportet
1054 1175 1143 1215 quod
1167 1175 1206 1206 sit
1228 1175 1298 1206 talis
1314 1176 1407 1216 quale

341 1226 386 1250 est
409 1229 512 1260 agens,
537 1229 594 1249 nec
617 1226 722 1259 potest
745 1226 799 1250 aut
822 1219 927 1259 potuit
950 1229 1039 1250 secus
1059 1220 1097 1250 ab
1113 1219 1169 1250 illo
1194 1226 1304 1259 agente
1322 1218 1406 1250 fieri:

341 1263 468 1294 effectus
483 1273 558 1293 vero
575 1263 772 1294 voluntarius
788 1269 902 1303 potest,
920 1270 974 1294 aut
988 1263 1103 1304 potuit,
1121 1263 1164 1294 sic
1181 1270 1211 1294 et
1226 1263 1314 1294 aliter
1329 1262 1406 1300 fieri,

342 1318 378 1338 ex
402 1317 469 1348 quo
491 1307 688 1338 voluntarius
712 1314 766 1338 est.

397 1352 451 1382 vl.
477 1351 568 1382 Circa
590 1351 813 1391 probationem
836 1351 956 1391 primae
980 1351 1239 1392 consequentiae,
1269 1362 1333 1392 qua
1356 1352 1408 1382 de-

344 1395 470 1426 ducitur
493 1396 630 1426 secunda
654 1395 825 1426 differentia
849 1402 880 1426 et
902 1395 990 1426 tertia
1013 1405 1050 1425 ex
1066 1395 1177 1435 prima,
1203 1405 1239 1426 ex
1257 1395 1316 1426 ista
1335 1406 1410 1436 pro-

343 1439 518 1480 positione,
547 1439 679 1479 effectus
706 1440 908 1470 assimilatur
926 1439 1061 1480 formae
1083 1441 1211 1480 agentis
1227 1449 1291 1480 per
1313 1450 1408 1481 quam

344 1484 414 1524 agit
433 1482 465 1519 ἦ,
491 1483 625 1514 dubium
653 1483 796 1514 occurrit.
826 1486 892 1514 Aut
914 1483 973 1514 ista
1000 1483 1179 1524 propositio
1203 1490 1249 1514 est
1271 1494 1344 1514 vera
1371 1485 1410 1514 de

344 1527 566 1558 assimilatione
590 1528 629 1557 ad
654 1527 791 1558 formam
814 1534 845 1558 et
867 1527 1004 1558 modum
1023 1528 1145 1558 essendi
1168 1527 1252 1558 illius
1271 1527 1413 1559 formae:

345 1578 399 1602 aut
422 1572 460 1601 de
484 1571 708 1602 assimilatione
732 1572 771 1601 ad
788 1571 926 1601 formam
944 1578 1078 1602 tantum.
1099 1571 1132 1602 Si
1151 1572 1258 1612 quoad
1273 1572 1410 1603 formam

344 1622 479 1651 tantum,
504 1625 578 1655 ergo
602 1626 681 1646 vane
705 1615 830 1646 affertur
852 1615 885 1646 in
907 1615 1009 1646 littera
1032 1616 1071 1646 ad
1094 1617 1293 1656 probandam
1317 1622 1409 1647 natu-

345 1670 416 1690 ram
439 1659 649 1690 determinari
671 1660 713 1690 ad
737 1669 856 1698 unum,
881 1666 911 1690 et
934 1660 1029 1700 quale
1051 1665 1099 1690 est
1121 1661 1272 1691 naturale
1294 1670 1407 1701 agens,

345 1705 410 1735 tale
431 1713 543 1744 agere,
567 1713 604 1734 ex
627 1703 688 1734 hoc
712 1704 800 1744 quod
820 1703 914 1734 unius
930 1704 974 1734 rei
990 1704 1139 1734 naturalis
1167 1710 1214 1735 est
1229 1714 1292 1734 una
1307 1704 1409 1735 forma

345 1757 401 1788 per
416 1757 514 1788 quarn
537 1757 584 1777 res
609 1748 811 1778 constituitur
826 1747 859 1778 in
875 1757 934 1778 suo
951 1758 1017 1778 esse
1032 1748 1176 1784 naturali,
1193 1748 1267 1789 quia
1283 1748 1409 1780 effectus

346 1791 535 1822 assimilatur
562 1791 683 1821 formae
711 1792 840 1832 agentis.
865 1809 883 1814 -
907 1792 948 1822 Et
978 1791 1195 1822 manifestatur
1223 1793 1350 1833 sequela
1374 1803 1411 1823 ex

346 1835 516 1866 differentia
538 1835 618 1866 inter
641 1836 814 1866 secundam
834 1842 864 1866 et
879 1836 1002 1866 tertiam
1018 1835 1232 1867 differentiam.
1257 1837 1340 1867 Nam
1364 1847 1410 1867 se-

346 1880 459 1916 cunda,
480 1879 596 1910 scilicet
615 1885 765 1910 naturam
784 1880 996 1910 determinari
1013 1880 1057 1910 ad
1075 1881 1272 1911 causandum
1298 1891 1408 1919 unum,

345 1930 464 1964 spectat
479 1923 519 1953 ad
535 1923 794 1954 assimilationem
810 1924 850 1954 ad
866 1923 1016 1954 formam:
1042 1934 1117 1954 nam
1133 1924 1158 1954 si
1174 1934 1268 1964 agens
1283 1924 1411 1956 unicam

344 1968 438 1998 habet
461 1967 607 2004 formam,
632 1974 662 1998 et
684 1968 831 2008 producit
854 1967 970 2005 simile,
995 1975 1121 2008 oportet
1143 1969 1233 2009 quod
1256 1969 1412 2009 producat

346 2012 447 2042 simile
471 2011 526 2042 uni
550 2011 685 2048 formae,
710 2018 741 2042 et
764 2018 993 2053 consequenter
1017 2022 1119 2043 unum
1142 2019 1276 2044 tantum.
1305 2013 1413 2044 Tertia

346 2063 468 2092 autem,
494 2055 610 2087 scilicet
632 2066 733 2097 agere
752 2057 817 2087 tale
838 2057 934 2097 quale
957 2057 1058 2096 ipsum
1083 2058 1115 2086 in
1139 2066 1174 2087 se
1197 2062 1252 2095 est,
1278 2057 1412 2097 peru‘net

346 2100 385 2130 ad
408 2099 666 2130 assimilationem
691 2100 730 2130 ad
750 2100 887 2131 formam
908 2107 938 2131 et
953 2101 1090 2131 modurn
1113 2101 1235 2131 essendi
1258 2101 1352 2138 illius,
1377 2109 1413 2133 ut

346 2150 440 2185 patet.
465 2145 506 2175 Et
529 2150 575 2175 est
597 2144 648 2175 hic
667 2144 879 2185 principaliter
901 2145 1037 2175 intenta:
1061 2145 1216 2186 quoniam
1232 2156 1268 2176 ex
1285 2145 1343 2176 hac
1366 2156 1412 2177 se-

347 2189 455 2229 quitur
478 2195 606 2229 quarta,
635 2198 717 2229 quae
740 2189 924 2229 proximum
947 2189 1090 2219 medium
1114 2196 1160 2220 est
1188 2190 1412 2221 conclusionis.

347 2233 380 2263 Si
402 2233 497 2272 igitur
512 2232 690 2272 propositio
707 2232 760 2263 illa
783 2243 849 2263 non
873 2239 957 2264 tenet
975 2233 1084 2274 quoad
1100 2233 1358 2264 assimilationem
1374 2235 1413 2265 ad

347 2277 484 2307 modum
499 2276 632 2313 essendi,
649 2287 714 2307 non
731 2277 882 2316 probatur
899 2277 1067 2308 intentum.
1084 2294 1102 2300 -
1119 2277 1151 2308 Si
1171 2284 1278 2308 autem
1293 2278 1413 2309 dicatur

348 2321 437 2361 quod
453 2326 499 2351 est
511 2330 584 2351 vera
603 2321 710 2361 quoad
729 2320 953 2351 similationem
969 2321 1143 2362 utriusque,
1160 2321 1277 2352 scilicet
1292 2322 1413 2352 formae

349 2371 379 2396 et
393 2364 492 2401 modi,
509 2365 649 2405 sequitur
666 2371 775 2395 contra
789 2365 923 2395 alterum
939 2365 1130 2395 membrum.
1154 2366 1238 2396 Nam
1261 2366 1412 2407 sequitur,

349 2418 428 2450 ergo
451 2408 583 2448 effectus
606 2409 779 2440 voluntatis
807 2409 1007 2440 assimilatur
1025 2409 1161 2450 formae
1191 2411 1223 2440 in
1247 2415 1351 2441 mente
1380 2412 1412 2441 in

349 2453 441 2484 modo
457 2453 601 2484 essendi:
619 2453 707 2494 quod
721 2459 807 2493 patet
819 2463 885 2484 esse
902 2453 1027 2490 falsum,
1041 2463 1114 2484 narn
1128 2453 1244 2485 domus
1260 2453 1293 2484 in
1307 2461 1413 2486 mente

349 2503 396 2528 est
419 2497 486 2527 sine
508 2496 647 2528 materia.

403 2541 470 2572 VII.
495 2541 547 2571 Ad
569 2541 631 2571 hoc
663 2540 813 2578 dubium,
843 2540 988 2582 quamvis
1017 2541 1057 2571 ad
1085 2551 1186 2581 pauca
1215 2541 1414 2582 respicientes

349 2585 574 2625 distinguerent
601 2585 640 2615 de
670 2591 781 2625 agente
809 2585 944 2616 naturali
972 2591 1003 2616 et
1029 2585 1229 2622 voluntario;
1259 2586 1285 2617 si
1307 2593 1415 2618 tamen

349 2629 540 2660 attendimus
556 2629 645 2670 quod
660 2628 719 2660 hac
734 2629 954 2670 propositione
969 2629 1071 2660 littera
1088 2630 1301 2662 communiter
1316 2631 1414 2662 utitur

350 2674 389 2704 ad
413 2674 554 2704 naturale
578 2673 846 2710 etvoluntarium‚
872 2673 1010 2704 etinfert
1024 2684 1061 2704 ex
1084 2684 1120 2705 ea
1143 2675 1232 2717 quod
1255 2675 1335 2706 illud
1351 2675 1415 2716 agit

349 2717 444 2759 quale
465 2718 573 2757 ipsum
597 2724 657 2754 est,
682 2717 744 2748 hoc
767 2725 874 2748 autem
898 2718 991 2759 quale
1019 2718 1102 2755 vult,
1134 2728 1200 2749 non
1228 2719 1322 2760 quale
1350 2726 1412 2756 est;

351 2761 438 2792 aliter
461 2767 587 2802 oportet
610 2761 720 2792 dicere.

403 2805 507 2836 Dicito
532 2815 606 2846 ergo
629 2805 882 2846 propositionem
905 2806 994 2836 illam
1017 2816 1084 2837 esse
1104 2816 1211 2837 veram
1227 2807 1336 2848 quoad
1352 2807 1413 2838 for·

351 2859 439 2879 mam
462 2856 492 2880 et
515 2849 642 2880 modum
661 2859 724 2890 per
746 2859 781 2881 se
803 2850 890 2881 illius
913 2851 1102 2891 inquantum
1119 2856 1166 2882 est
1185 2852 1268 2883 ratio
1283 2852 1413 2893 agendi.

351 2893 457 2925 Omne
471 2903 610 2934 namque
630 2903 734 2934 agens,
753 2894 817 2924 sive
831 2895 971 2925 naturale
991 2894 1055 2925 sive
1071 2895 1297 2933 voluntarium,
1315 2906 1414 2938 quan-

350 2945 420 2968 tum
443 2944 556 2979 potest,
581 2937 656 2969 facit
678 2937 780 2968 simile
803 2938 861 2969 sibi
884 2939 1060 2970 secundum
1088 2939 1226 2970 formam
1249 2946 1280 2971 et
1302 2950 1359 2981 per
1381 2950 1414 2971 se

351 2981 547 3013 conditiones
571 2992 627 3013 seu
650 2981 786 3013 modum
810 2982 885 3014 eius.
910 2983 1052 3014 Vocatur
1067 2990 1175 3014 autem
1191 2991 1222 3015 et
1237 2990 1284 3016 est
1301 2984 1414 3016 modus

345 3035 409 3066 per
430 3035 465 3057 se
487 3026 632 3063 alicuius,
657 3026 713 3067 qui
736 3026 898 3058 modificat
921 3037 992 3058 eam
1015 3027 1096 3058 infra
1123 3028 1285 3069 propriam
1313 3028 1415 3060 latitu-

352 3070 474 3100 dinem:
499 3071 615 3101 modus
639 3070 724 3101 enim
747 3080 803 3111 per
826 3081 858 3101 se
881 3071 1014 3102 docendi
1031 3071 1112 3103 infra
1136 3072 1296 3104 doctrinae
1310 3072 1414 3104 latitu-

352 3113 458 3144 dinem
482 3121 537 3151 est,
562 3121 593 3145 et
615 3114 659 3145 sic
683 3114 721 3145 de
745 3114 820 3146 aliis.
846 3115 928 3146 Inter
951 3116 1093 3147 naturale
1117 3123 1224 3148 autem
1248 3123 1278 3148 et
1299 3116 1415 3148 volun-

351 3158 467 3189 tarium
491 3168 585 3198 agens
614 3158 675 3189 hoc
702 3158 842 3195 interest,
872 3160 960 3200 quod
988 3160 1130 3191 naturale
1159 3161 1223 3202 agit
1251 3161 1326 3202 quia
1350 3168 1414 3198 est,

351 3201 566 3233 voluntarium
588 3212 664 3233 vero
687 3203 763 3244 quia
785 3203 869 3234 vult:
894 3213 929 3234 ac
952 3213 1008 3244 per
1030 3204 1109 3241 hoc,
1139 3204 1243 3236 forma
1265 3205 1416 3236 naturalis

353 3252 399 3276 est
421 3246 500 3277 ratio
525 3246 636 3287 agendi
659 3247 735 3287 quia
759 3252 819 3285 est,
846 3246 948 3278 forma
970 3258 1045 3278 vero
1064 3248 1243 3280 voluntaria
1266 3255 1313 3280 est
1335 3249 1414 3280 ratio

354 3290 465 3329 agendi
488 3291 563 3331 quia
587 3291 694 3322 volita.
718 3291 759 3322 Et
774 3299 940 3332 propterea
963 3292 1080 3323 modus
1099 3303 1155 3333 per
1172 3303 1204 3324 se
1224 3293 1345 3324 formae
1361 3303 1414 3324 na-

354 3333 461 3364 turalis
489 3341 535 3365 est
561 3335 608 3366 είε
631 3335 681 3366 vel
702 3336 748 3366 sic
771 3343 859 3366 esse:
881 3345 957 3366 nam
985 3336 1029 3367 sic
1057 3346 1123 3368 esse
1154 3338 1194 3368 ad
1216 3336 1415 3369 latitudinem

355 3378 475 3408 essendi
499 3385 627 3418 spectat.
652 3379 769 3410 Modus
792 3389 866 3410 vero
891 3389 947 3420 per
962 3390 994 3410 se
1010 3380 1131 3412 formae
1153 3381 1350 3412 voluntariae
1370 3384 1418 3412 est

354 3422 400 3451 sic
423 3422 474 3452 vel
493 3423 540 3453 sic
563 3423 704 3461 volitum,
722 3430 753 3454 et
771 3433 837 3454 non
857 3424 900 3454 sic
920 3433 1002 3454 esse:
1028 3434 1103 3455 nam
1121 3418 1176 3456 εἰς’
1190 3426 1321 3457 volitum
1345 3435 1416 3466 spe-

356 3466 471 3538 cltlatdad
487 3465 684 3497 latitudinem
700 3467 798 3504 voliti,
816 3467 859 3498 sic
876 3474 984 3499 autem
997 3478 1063 3499 esse
1083 3468 1285 3510 distinguitur
1307 3475 1416 3501 contra

355 3517 364 3537 1
390 3518 409 3538 u
436 3531 443 3539 .

411 3551 458 3582 Ex
471 3552 519 3583 his
532 3560 639 3585 autem
654 3554 784 3586 ulterius
799 3562 975 3597 sequuntur
988 3556 1064 3588 duo.
1080 3557 1197 3594 Primo,
1209 3558 1298 3599 quod
1313 3556 1417 3588 forma

354 3595 533 3627 voluntaria
548 3597 641 3628 habet
660 3598 818 3639 duplicem
838 3600 959 3630 essendi
974 3601 1126 3632 modum:
1151 3611 1263 3638 unum,
1283 3601 1417 3643 inquan-

1035 262 1302 309 QUAESTIO
1331 262 1435 309 XLI,
1464 261 1760 298 ARTICULUS
1790 261 1822 296 II

1454 347 1524 371 tum
1548 347 1594 370 est
1618 349 1720 370 unum
1744 338 1865 369 entium
1886 338 1918 368 in
1934 338 2071 374 mundo,
2097 344 2127 368 et
2151 337 2200 368 hic
2225 344 2272 369 est
2294 348 2360 369 esse
2377 338 2522 369 immate-

1454 384 1569 414 rialiter
1591 383 1624 413 in
1648 389 1769 419 mente;
1795 389 1825 413 et
1848 382 1990 418 alterum,
2015 382 2208 422 inquantum
2231 388 2278 412 est
2300 382 2379 413 ratio
2399 382 2521 422 agendi,

1456 434 1486 458 et
1508 428 1559 458 hic
1583 434 1628 458 est
1652 437 1718 457 esse
1742 426 1786 457 sic
1809 427 1859 457 vel
1882 426 1925 457 sic
1944 425 2091 456 volitum.
2116 425 2235 456 Forma
2250 432 2358 456 autem
2371 426 2522 456 naturalis

1456 472 1594 502 eundem
1613 471 1735 502 essendi
1759 471 1894 501 modum
1918 470 2012 500 habet
2039 470 2232 510 inquantum
2260 476 2307 500 est
2329 480 2398 507 ens,
2424 477 2454 500 et
2476 470 2523 500 in-

1456 523 1614 556 quantum
1630 522 1676 546 est
1698 514 1778 545 ratio
1795 514 1917 554 agendi.
1942 514 1983 544 Et
1998 513 2078 544 ratio
2095 520 2142 544 est
2157 523 2257 554 quam
2276 513 2421 550 diximus,
2448 514 2524 555 quia

1455 560 1515 590 ista
1538 560 1603 600 agit
1625 559 1700 600 quia
1724 565 1780 595 est,
1803 559 1858 589 illa
1881 558 1956 599 quia
1978 558 2091 588 volita:
2115 558 2195 588 velle
2219 558 2305 588 enim
2321 565 2367 589 est
2382 558 2468 588 aliud
2485 558 2523 588 ab

1457 614 1534 635 esse.
1547 621 1566 627 -
1578 603 1735 640 Secundo,
1753 603 1843 644 quod
1862 613 1958 643 agens
1974 601 2116 633 naturale
2132 601 2283 633 assimilat
2298 602 2357 633 sibi
2367 602 2401 632 in
2417 602 2524 633 forma.

1457 654 1488 678 et
1510 647 1610 678 modo
1634 647 1765 684 formae,
1786 654 1944 688 quantum
1959 653 2073 687 potest,
2093 645 2249 682 effectum,
2274 647 2394 687 absque
2417 646 2524 676 distin·

1458 691 1562 722 ctione
1586 691 1706 732 aliqua:
1725 698 1755 722 et
1778 698 1944 731 propterea
1962 689 2045 721 filius
2065 690 2255 721 assimilatur
2269 690 2350 730 patri
2374 690 2469 721 etiam
2490 690 2524 720 in

1457 735 1704 766 individualibus
1728 735 1972 771 conditionibus,
1998 734 2023 764 si
2046 734 2144 765 virtus
2167 734 2347 774 generativa
2363 733 2402 764 sit
2425 734 2524 765 fortis.

1458 779 1499 809 Et
1521 779 1594 809 inde
1617 778 1763 819 provenit
1790 779 1886 809 etiam
1909 778 1998 819 quod
2021 785 2147 809 tantum
2175 778 2367 809 substantiae
2396 787 2526 818 compo-

1459 822 1535 853 sitae
1558 828 1694 862 possunt
1715 822 1898 853 immediate
1929 823 2103 863 producere
2126 822 2315 853 substantias
2340 822 2524 858 materiales,

1459 867 1546 906 apud
1569 866 1802 906 Peripateticos.
1826 869 1932 906 Agens
1948 876 2023 897 vero
2042 866 2259 905 voluntarium
2281 866 2433 897 assimilat
2455 866 2526 897 effe·

1461 917 1547 941 ctum
1575 910 1697 940 formae
1729 920 1794 951 qua
1824 910 1908 950 agit,
1939 917 1970 941 et
1998 910 2097 940 modo
2129 910 2196 941 eius
2224 912 2413 951 inquantum
2442 911 2527 942 ratio

1459 954 1602 996 agendi:
1626 964 1692 984 non
1715 961 1823 984 autem
1846 953 1945 984 modo
1970 953 2036 984 eius
2059 954 2250 995 inquantum
2274 965 2339 986 ens.
2410 978 2413 981 -

1513 998 1596 1029 VIII.
1624 998 1665 1028 Et
1687 997 1760 1028 hinc
1783 1003 1869 1038 patet
1899 997 2017 1028 solutio
2041 997 2081 1028 ad
2105 998 2227 1029 obiecta
2247 998 2274 1029 *.
2299 999 2384 1036 Quia
2412 998 2528 1030 scilicet

1461 1042 1543 1073 male
1568 1041 1764 1072 subsumitur
1787 1042 1876 1083 quod
1900 1041 2017 1072 modus
2041 1042 2163 1072 essendi
2186 1041 2308 1072 formae
2330 1042 2528 1073 voluntariae

1461 1086 1500 1118 sit
1523 1087 1640 1117 modus
1663 1086 1786 1116 formae
1810 1085 1849 1116 de
1872 1095 1939 1126 quo
1963 1092 2011 1116 est
2025 1095 2129 1116 sermo
2153 1085 2186 1116 in
2204 1085 2258 1116 illa
2276 1086 2429 1117 maxima:
2453 1097 2529 1117 nam

1460 1131 1494 1162 in
1518 1141 1554 1161 ea
1577 1137 1624 1161 est
1650 1140 1756 1161 sermo
1784 1130 1823 1160 de
1846 1129 1946 1160 modo
1975 1139 2031 1170 per
2054 1139 2086 1160 se
2114 1129 2237 1161 formae
2265 1131 2453 1170 inquantum
2482 1136 2529 1162 est

1461 1176 1545 1206 ratio
1568 1175 1697 1216 agendi.
1722 1174 1763 1205 Et
1783 1180 1828 1204 est
1844 1173 2060 1204 universaliter
2082 1182 2171 1204 vera:
2197 1184 2291 1215 agens
2315 1174 2401 1205 enim
2414 1174 2528 1206 volun-

1461 1219 1578 1250 tarium
1602 1225 1734 1255 conatur
1757 1224 1914 1259 quantum
1937 1224 2051 1257 potest,
2071 1225 2108 1248 ut
2130 1217 2224 1249 faciat
2238 1218 2327 1259 quod
2342 1218 2420 1255 vult,
2436 1219 2528 1256 sicut,

1462 1263 1601 1304 quando,
1620 1263 1672 1293 ubi
1695 1269 1726 1293 et
1748 1262 1904 1303 quomodo
1920 1261 1997 1298 vult,
2015 1268 2051 1292 ut
2066 1268 2161 1302 patet.
2178 1279 2196 1285 -
2212 1260 2254 1293 Et
2269 1261 2313 1293 sic
2327 1262 2414 1293 vides
2431 1273 2530 1304 quam

1462 1307 1627 1348 perspicue
1651 1317 1688 1337 ex
1710 1307 1764 1337 illa
1787 1306 1925 1336 maxima
1943 1308 2065 1336 Auctor
2079 1306 2203 1336 tertiam
2218 1306 2424 1337 differentiam
2446 1306 2530 1338 intu-

1462 1351 1541 1388 lerit,
1565 1351 1654 1392 quod
1670 1350 1786 1381 scilicet
1801 1350 1944 1381 naturale
1967 1350 2031 1390 agit
2046 1350 2139 1391 quale
2162 1350 2270 1391 ipsum
2294 1357 2358 1387 est,
2381 1351 2530 1383 volunta-

1463 1396 1547 1427 rium
1562 1405 1637 1426 vero
1654 1395 1749 1435 quale
1764 1395 1842 1431 vult,
1860 1404 1926 1425 non
1942 1394 2035 1435 quale
2052 1400 2106 1425 est.
2132 1395 2174 1425 Et
2202 1394 2279 1426 haec
2304 1395 2384 1426 bene
2408 1401 2529 1433 notato,

1465 1447 1496 1472 et
1518 1440 1676 1480 applicato
1699 1439 1830 1480 quando
1854 1445 1990 1479 oportet.

1520 1484 1573 1515 IX.
1605 1483 1697 1515 Circa
1719 1483 1776 1514 has
1805 1482 1991 1513 differentias
2006 1481 2024 1501 *
2047 1482 2134 1513 aliud
2157 1482 2293 1515 occurrit
2315 1483 2469 1518 dubium.
2493 1493 2531 1516 ex

1464 1535 1550 1569 parte
1565 1527 1750 1558 voluntatis:
1775 1537 1815 1557 an
1844 1526 1962 1558 scilicet
1976 1526 2175 1557 verificentur
2189 1528 2227 1557 de
2243 1537 2280 1558 ea
2294 1533 2329 1558 ut
2345 1526 2532 1568 productiva

1465 1573 1504 1603 ad
1520 1579 1604 1603 extra
1627 1578 1761 1607 tanturn,
1786 1581 1826 1601 an
1850 1571 1945 1602 etiam
1968 1578 2004 1601 ut
2026 1571 2213 1611 productiva
2228 1572 2267 1602 ad
2286 1571 2378 1603 intra.
2402 1572 2486 1603 Nam
2504 1572 2530 1603 si

1465 1617 1504 1647 ad
1519 1623 1603 1647 extra
1626 1622 1760 1651 tanturn,
1775 1625 1876 1646 vanus
1893 1622 1939 1646 est
1956 1614 2008 1646 hic
2026 1615 2125 1651 labor,
2142 1615 2197 1646 ubi
2211 1616 2251 1646 de
2265 1616 2530 1656 productionibus

1465 1661 1504 1691 ad
1527 1661 1607 1691 intra
1637 1666 1684 1690 est
1713 1659 1867 1700 quaestio.
1884 1676 1902 1682 -
1919 1659 1951 1690 Si
1974 1669 2049 1690 vero
2074 1659 2169 1690 etiam
2199 1659 2239 1690 ad
2267 1659 2364 1696 intra,
2389 1659 2532 1702 sequitur

1464 1705 1554 1746 quod
1576 1704 1655 1734 nihil
1678 1703 1735 1734 erit
1758 1703 1950 1744 productum
1974 1713 1992 1733 a
2013 1703 2177 1734 voluntate
2200 1703 2295 1740 intus,
2320 1703 2380 1735 nisi
2402 1704 2436 1735 in
2459 1711 2531 1736 actu

1464 1749 1589 1780 reflexo.
1613 1748 1654 1778 Et
1676 1754 1762 1778 tenet
1777 1747 1914 1788 sequela,
1930 1747 2014 1788 quia,
2032 1757 2068 1778 ex
2084 1747 2250 1787 praedictis
2263 1747 2291 1784 *‚
2308 1758 2406 1779 omne
2419 1749 2532 1780 volun-

1463 1793 1539 1824 tarie
1558 1792 1760 1833 productum,
1776 1798 1823 1822 est
1840 1791 2035 1831 productum
2058 1798 2093 1822 ut
2115 1791 2266 1822 volitum:
2291 1792 2369 1823 nihil
2385 1799 2432 1824 est
2446 1793 2533 1824 enim

1464 1837 1497 1867 in
1519 1837 1683 1867 voluntate
1706 1835 1842 1866 volitum
1865 1835 1924 1865 nisi
1948 1834 2069 1871 reflexe,
2094 1842 2151 1866 etc.

1520 1880 1572 1911 Ad
1594 1880 1656 1910 hoc
1679 1879 1812 1910 breviter
1836 1878 1958 1915 dicitur,
1978 1879 2067 1920 quod
2090 1879 2210 1920 aliquid
2235 1889 2301 1911 esse
2317 1879 2351 1910 in
2368 1880 2533 1917 voluntate

1465 1924 1611 1960 volitum,
1629 1923 1783 1964 contingit
1799 1923 1975 1964 dupliciter.
1996 1923 2070 1954 Uno
2087 1924 2197 1960 modo,
2215 1929 2252 1955 ut
2265 1934 2334 1955 rem
2349 1925 2533 1966 quandam:

1467 1975 1497 2000 et
1524 1968 1568 2000 sic
1595 1967 1707 1999 reflexe
1737 1974 1784 1998 est
1806 1967 1953 1998 volitum.
1978 1967 2053 1998 Alio
2077 1968 2194 2004 modo,
2224 1974 2260 1999 ut
2283 1969 2475 2000 tendentium
2498 1969 2532 2000 in

1466 2013 1627 2044 obiectum
1650 2019 1808 2042 amatum:
1834 2018 1865 2042 et
1887 2011 1931 2042 sic
1955 2018 2001 2042 est
2023 2011 2139 2043 directe
2161 2011 2298 2043 volitum
2321 2013 2432 2044 eadem
2453 2013 2533 2044 voli-

1466 2057 1552 2088 tione
1581 2066 1644 2098 qua
1666 2056 1812 2087 volitum.
1829 2073 1848 2078 -
1864 2056 1972 2086 Potest
1994 2065 2125 2097 quoque
2148 2062 2180 2087 et
2202 2056 2290 2088 aliter
2311 2057 2449 2088 volitum
2471 2057 2533 2089 dis·

1465 2101 1567 2142 tingui
1589 2101 1622 2131 in
1645 2100 1781 2131 volitum
1806 2105 1842 2130 ut
1864 2101 2020 2131 rationem
2045 2100 2180 2138 volendi,
2198 2106 2229 2132 et
2247 2107 2283 2132 ut
2305 2101 2459 2133 obiectum
2475 2110 2533 2134 ro·

1467 2146 1568 2177 litum.
1593 2162 1612 2168 —
1635 2145 1676 2176 Et
1699 2145 1785 2175 iuxta
1812 2151 1979 2185 utramque
2008 2144 2261 2182 distinctionem,
2286 2145 2372 2177 intus
2395 2152 2426 2177 et
2448 2145 2533 2178 entra

1467 2190 1603 2221 salvatur
1625 2189 1658 2219 id
1681 2189 1776 2230 quod,
1794 2188 1832 2219 de
1854 2189 2017 2219 voluntate
2040 2188 2091 2219 hic
2114 2189 2236 2221 dicitur.
2260 2190 2317 2221 Est
2340 2189 2426 2221 enim
2447 2189 2534 2222 intus

1467 2233 1674 2274 productum,
1700 2232 1774 2274 quia
1796 2232 1934 2263 volitum
1957 2239 2027 2264 actu
2051 2239 2136 2264 recto
2159 2233 2209 2264 vel
2231 2240 2268 2265 ut
2290 2234 2370 2265 ratio
2394 2234 2533 2273 volendi,

1466 2278 1516 2308 vel
1536 2284 1572 2308 ut
1587 2276 1747 2308 tendentia
1769 2276 1802 2306 in
1825 2276 1921 2307 aliud.
1946 2277 1987 2307 Et
2010 2276 2072 2307 hoc
2090 2276 2217 2308 sufficit:
2243 2278 2287 2309 sic
2310 2277 2397 2309 enim
2417 2278 2533 2310 volun—

1467 2321 1583 2353 tarium
1606 2327 1652 2351 est
1675 2321 1782 2361 ipsum
1804 2320 1893 2356 velle,
1918 2326 1949 2351 et
1971 2320 2050 2351 liber
2072 2320 2139 2361 ipse
2163 2331 2264 2353 amor.

1522 2366 1561 2396 X.
1586 2365 1622 2395 In
1645 2364 1852 2405 responsione
1871 2364 1911 2394 ad
1925 2364 2062 2401 tertium,
2087 2371 2163 2396 nota
2187 2365 2423 2397 distinctionem
2440 2373 2472 2398 et
2486 2377 2534 2398 re-

1468 2409 1685 2450 sponsionem.
1709 2407 1876 2439 Distinctio
1901 2414 1947 2439 est
1970 2408 2009 2439 de
2023 2408 2187 2440 voluntate
2205 2409 2238 2440 in
2253 2411 2428 2447 communi,
2444 2411 2534 2452 quod

1467 2460 1573 2495 potest
1588 2452 1777 2484 considerari
1801 2452 1975 2493 dupliciter,
1999 2452 2117 2484 scilicet
2135 2459 2171 2484 ut
2185 2459 2297 2485 natura
2319 2454 2487 2495 quaedam,
2504 2461 2535 2486 et

1467 2505 1504 2529 ut
1527 2508 1560 2528 se
1583 2497 1677 2528 habet
1692 2497 1731 2527 ad
1745 2503 1936 2538 utrumque:
1961 2503 1992 2528 et
2008 2497 2098 2538 quod
2116 2497 2221 2538 primo
2237 2498 2337 2529 modo
2353 2498 2536 2531 naturaliter

1467 2542 1552 2579 vult,
1577 2541 1718 2572 secundo
1746 2547 1853 2572 autem
1882 2541 1982 2571 modo
2012 2541 2117 2573 libere.
2147 2542 2189 2573 Et
2215 2542 2390 2573 declaratur
2411 2542 2534 2584 prirnus

1468 2587 1585 2617 modus
1614 2585 1647 2616 in
1669 2585 1919 2616 voluntate²Dei
1949 2592 2092 2626 respectu
2116 2585 2180 2623 sui,
2209 2593 2239 2617 et
2262 2592 2370 2617 nostra
2392 2593 2535 2630 respectu

1468 2629 1686 2661 beatitudinis:
1711 2629 1868 2660 secundus
1890 2639 1966 2660 vero
1982 2629 2014 2659 in
2031 2629 2192 2661 voluntate
2215 2630 2275 2661 Dei
2297 2638 2440 2671 respectu
2459 2631 2537 2662 alio-

1469 2685 1541 2706 rum
1555 2685 1573 2705 a
1588 2684 1630 2705 se.
1646 2691 1665 2697 -
1680 2673 1858 2714 Responsio
1883 2680 1990 2704 autem
2006 2674 2148 2705 consistit
2161 2673 2196 2705 in
2211 2674 2423 2715 applicatione
2437 2675 2533 2716 primi

1469 2718 1613 2755 membri,
1630 2718 1719 2759 quod
1742 2717 1859 2748 scilicet
1877 2717 2011 2758 Spiritus
2030 2718 2163 2749 Sanctus
2182 2718 2324 2759 procedit
2342 2719 2532 2757 naturaliter,

1468 2773 1524 2805 per
1547 2763 1683 2793 modum
1705 2769 1811 2793 tamen
1834 2762 2015 2794 voluntatis.

1522 2807 1576 2838 XI.
1593 2806 1685 2838 Circa
1702 2806 1937 2837 distinctionem
1951 2805 2122 2837 voluntatis
2138 2806 2274 2838 dubium
2289 2806 2434 2839 occurrit.
2459 2806 2534 2839 Sco-

1469 2858 1520 2883 tus
1543 2851 1642 2888 enim,
1667 2851 1699 2881 in
1716 2851 1738 2887 Ι,
1761 2850 1830 2882 dist.
1850 2861 1889 2887 11,
1913 2850 1946 2881 in
1970 2860 2024 2892 qu.
2049 2850 2088 2881 de
2111 2850 2254 2882 Numero
2277 2851 2533 2883 Productionum

1469 2895 1657 2932 divinarum,
1683 2901 1713 2926 et
1731 2895 1764 2925 in
1782 2894 1852 2925 dist.
1870 2905 1889 2925 x
1911 2894 2063 2932 eiusdem,
2079 2901 2110 2926 et
2124 2895 2157 2925 in
2176 2895 2384 2934 Quodlibete‘s,
2401 2905 2456 2937 qu.
2471 2905 2534 2933 xvr,

1468 2947 1578 2972 tenens
1601 2939 1754 2980 Spiritum
1770 2939 1922 2970 Sanctum
1944 2939 2112 2980 procedere
2135 2939 2245 2976 libere,
2270 2945 2402 2970 conatur
2424 2939 2534 2970 infrin-

1467 2993 1540 3025 gere
1556 2984 1636 3014 hanc
1653 2983 1895 3020 distinctionem,
1916 2990 1947 3014 et
1962 2983 2127 3014 ostendere
2142 2983 2231 3024 quod
2245 2983 2393 3015 voluntas
2408 2983 2536 3015 nullum

1469 3035 1575 3060 actum
1598 3028 1692 3059 habet
1715 3037 1800 3058 mere
1825 3027 2016 3059 naturaliter.

1527 3072 1640 3112 Arguit
1662 3082 1736 3112 ergo
1760 3071 1864 3113 primo
1889 3071 1942 3102 sic.
1967 3071 2123 3103 Voluntas
2147 3077 2177 3102 et
2200 3077 2310 3102 natura
2338 3071 2455 3103 habent
2476 3080 2534 3114 op—

1469 3117 1592 3157 positos
1615 3116 1730 3147 modos
1754 3115 1972 3157 principiandi,
1992 3115 2034 3147 ita
2050 3115 2139 3157 quod
2155 3125 2213 3146 nec
2229 3115 2325 3146 ambo
2341 3116 2537 3147 reducuntur

1469 3160 1501 3191 in
1525 3160 1662 3197 tertium,
1687 3170 1745 3191 nec
1772 3160 1848 3198 alter
1870 3160 1903 3190 in
1927 3160 2078 3191 alterum:
2103 3165 2134 3190 et
2160 3166 2271 3191 neuter
2293 3159 2367 3191 dicit
2384 3159 2534 3201 imperfe-

1470 3205 1625 3236 ctionem:
1650 3214 1725 3245 ergo
1747 3204 1895 3235 voluntas
1914 3214 1981 3235 non
1997 3209 2101 3245 potest
2123 3204 2304 3235 naturaliter
2326 3203 2460 3244 operari,
2476 3212 2536 3236 nec

1470 3255 1580 3280 natura
1596 3248 1701 3279 libere.
1716 3265 1735 3271 —
1750 3249 1958 3285 Antecedens‚
1976 3247 2084 3289 quoad
2099 3247 2236 3288 primam
2254 3255 2386 3289 partem,
2405 3247 2536 3279 manife-

1470 3299 1582 3324 statur:
1607 3292 1681 3334 quia
1697 3299 1807 3324 natura
1831 3299 1877 3324 est
1893 3292 1932 3323 de
1950 3302 1982 3323 se
1999 3292 2203 3323 determinata
2219 3292 2259 3323 ad
2277 3291 2452 3333 agendmm
2475 3301 2534 3323 vo-

1470 3337 1574 3368 luntas
1598 3344 1705 3368 autem
1729 3347 1795 3367 non
1818 3347 1855 3367 ex
1874 3346 1906 3367 se
1925 3335 2105 3367 naturaliter
2127 3336 2304 3374 inclinatur,
2325 3336 2380 3367 sed
2398 3335 2535 3376 seipsam

1470 3381 1657 3412 determinat
1672 3381 1712 3411 ad
1728 3381 1909 3412 exercitium
1921 3380 2034 3421 operis.
2047 3397 2066 3403 -
2078 3380 2196 3418 Quoad
2210 3380 2299 3411 illam
2309 3389 2385 3411 vero
2401 3386 2533 3421 partem,

1471 3425 1560 3466 quod
1583 3435 1666 3456 unus
1690 3435 1756 3456 non
1780 3425 1940 3455 reducitur
1961 3424 1994 3454 in
2013 3423 2156 3461 alterum,
2177 3425 2343 3465 probatur:
2363 3423 2439 3465 quia
2458 3430 2534 3455 tunc

1472 3469 1606 3500 alterum
1625 3469 1801 3500 secundum
1820 3475 1925 3500 totum
1947 3478 2047 3508 genus
2062 3478 2158 3499 suum
2174 3475 2254 3499 esset
2268 3467 2499 3510 imperfectum.
2513 3482 2533 3490 —

1471 3513 1588 3551 Quoad
1611 3513 1740 3554 reliqua,
1765 3512 1922 3543 brevitatis
1945 3511 2042 3553 gratia
2065 3519 2256 3553 pertranseo.

1524 3557 1565 3588 Et
1581 3555 1793 3588 confirmatur.
1818 3556 1902 3594 Quia
1919 3555 2059 3597 oppositi
2074 3551 2162 3587 modi
2178 3556 2290 3597 agendi
2306 3555 2410 3597 primo
2426 3554 2533 3599 distin-

1471 3607 1601 3641 guentes
1632 3599 1807 3640 potentiam
1835 3600 1984 3637 activam,
2014 3611 2080 3631 non
2108 3607 2183 3632 sunt
2205 3600 2346 3631 eiusdem
2375 3598 2534 3639 potentiae

2555 1007 2564 1017 ²
2580 1005 2618 1028 Cf.
2632 1011 2698 1028 aum.
2710 1011 2745 1028 vr.

2557 1493 2569 1505 ⁸
2583 1492 2620 1516 et.
2637 1498 2702 1516 nam.
2716 1499 2745 1515 u.

2559 1753 2569 1764 ·
2582 1752 2655 1776 Nun.
2669 1758 2748 1782 praee.
