2768 4178
19 1552 235 1582 *Qu-umm-

18 1579 126 1610 2¹¹4·

36 1695 39 1699 .
121 1658 138 1705 Ρ

25 2983 37 2995 ¹
43 2982 104 3005 Vide
111 2988 190 3010 supra,
215 2988 238 3003 u.

25 3015 90 3037 mx,
99 3012 142 3032 ιη.
147 3015 168 3038 3,
213 3014 238 3035 4.

124 3049 140 3074 η

26 3079 239 3115 *videmini-m.

934 269 1200 316 QUAESTIO
1230 269 1357 316 XXX,
1387 268 1682 306 ARTICULUS
1713 269 1763 305 IV

259 359 530 389 unamquamque,
555 349 720 389 dupliciter
742 349 873 388 intelligi
896 354 1008 388 potest.
1032 347 1155 383 Primo,
1180 347 1269 388 quod
1292 347 1324 387 ly

260 393 340 423 nihil
356 400 517 433 supponat
531 403 590 433 pro
600 395 747 433 positivo.
772 393 921 423 Praesens
938 392 1022 422 enim
1039 391 1192 422 discussio
1209 390 1248 420 ad
1262 390 1324 420 hoc

259 436 308 473 fit,
332 443 368 467 ut
391 436 505 467 sciatur
528 447 568 467 an
591 437 764 477 positivum
794 436 926 476 aliquod
952 436 1046 466 addat
1069 441 1123 465 aut
1146 435 1248 465 solam
1271 444 1324 464 ne-

260 481 438 520 gationem,
464 491 530 511 non
561 481 700 511 curando
724 487 833 511 utrum
856 489 955 510 unam
977 479 1027 509 vel
1050 479 1165 519 plures·
1191 478 1322 509 Certum

261 531 307 555 est
323 525 408 555 enim
426 524 665 556 multitudinem
687 523 847 555 includere
866 523 972 563 plures
992 522 1188 562 negationes:
1209 521 1324 552 scilicet

261 578 331 599 eam
347 579 444 610 quam
462 568 578 603 claudit
592 567 705 604 unitas,
730 577 811 608 quae
835 573 882 598 est
903 566 1050 597 indivisio
1074 565 1107 596 in
1131 574 1181 602 se;
1207 572 1237 596 et
1253 575 1323 596 eam

2365 268 2436 314 341

1378 357 1476 387 quam
1491 347 1578 377 addit
1595 347 1778 383 multitudo,
1799 357 1880 388 quae
1904 354 1950 378 est
1973 347 2130 378 distinctio
2146 347 2240 377 unius
2257 346 2384 377 unitatis
2401 346 2439 376 ab

1378 390 1446 422 alia.
1463 408 1483 413 ·—
1498 391 1660 427 Secundo,
1686 391 1775 432 quod
1798 391 1990 431 ponderetur
2012 391 2045 432 ly
2068 400 2120 422 res
2143 391 2227 428 illas,
2252 390 2285 420 in
2305 400 2440 420 numero

1378 435 1501 474 plurali.
1527 434 1687 474 Significat
1710 435 1795 465 enim
1817 435 1850 465 in
1874 442 1944 465 actu
1969 435 2101 465 exercito
2135 434 2322 464 divisionem
2346 434 2441 464 unius

1378 479 1416 508 ab
1440 479 1517 508 alia:
1542 486 1573 509 et
1596 479 1639 509 sic
1663 489 1757 518 supra
1781 488 1833 509 res
1855 479 1974 509 divisas
1997 478 2170 509 multitudo
2193 488 2260 508 non
2277 477 2362 508 addit
2380 478 2440 508 nisi

1378 522 1578 562 negationem
1602 522 1764 553 divisionis
1789 522 1868 553 circa
1891 532 2160 563 unamquamque.
2191 522 2232 552 Et
2254 521 2316 552 hoc
2339 521 2438 552 modo

1377 566 1409 607 ly
1434 567 1513 596 nihil
1535 573 1594 597 stat
1617 573 1683 597 tam
1706 576 1763 607 pro
1782 566 1930 607 positivo,
1955 576 2054 606 quam
2076 576 2134 606 pro
2158 565 2313 606 negativo.

1045 744 1360 787 ARTICULUS
1391 745 1661 797 QUARTUS

543 849 699 880 UTRUM
722 848 814 879 Hoc
838 847 994 879 NOMEN
1017 846 1220 878 PERSONA
1243 847 1390 878 POSSIT
1414 847 1515 878 ESSE
1540 847 1757 878 COMMUNE
1780 847 1934 878 Tmssus
1957 847 2159 878 PERSONIS

910 926 919 951 l
939 926 1021 956 Sent„
1042 926 1100 951 dist.
1119 933 1174 955 xxv,
1194 931 1241 951 art.
1262 925 1289 955 3;
1310 926 1352 950 De
1370 926 1436 955 Por„
1457 933 1500 958 qu.
1515 933 1569 955 vm,
1587 931 1634 951 art.
1655 925 1678 955 3,
1698 926 1729 950 ad
1752 933 1791 951 11.

378 1053 416 1071 ,μ
473 1037 495 1062 D
516 1036 689 1067 QUARTUM
708 1035 761 1061 stc
780 1034 1020 1060 PROCEDITUR.
1040 1022 1200 1059 Videtur
1219 1022 1324 1070 quod

581 1089 726 1115 nomen
756 1088 923 1125 persona
963 1088 1042 1112 non
1077 1076 1198 1124 possit
1241 1087 1324 1112 esse

261 1236 392 1274 sentia.
433 1237 511 1274 Sed
543 1237 619 1274 hoc
655 1248 800 1273 nomen
824 1247 988 1283 persona
1021 1246 1100 1270 non
1141 1233 1325 1280 significat

261 1290 484 1329 essentiam>
512 1289 551 1326 in
594 1296 709 1326 recto.
751 1289 852 1336 Ergo
895 1299 975 1324 non
1019 1294 1074 1323 est
1117 1297 1324 1322 commune

259 1340 390 1380 tribus.
1236 1379 1240 1384 ,

316 1407 351 1432 2.
376 1396 610 1441 PRAETEREA,
641 1405 848 1430 commune
877 1392 1084 1441 opponitur
1111 1391 1325 1428 incommu-

261 1447 423 1486 nicabili.
463 1446 541 1484 Sed
570 1446 617 1484 de
651 1445 796 1483 ratione
830 1457 1019 1494 personae
1054 1452 1110 1481 est
1146 1444 1252 1492 quod
1281 1443 1326 1480 sit

261 1499 642 1546 incommunicabilis,
662 1506 704 1536 ut
727 1506 829 1547 patet
848 1510 894 1535 ex
922 1497 1143 1535 definitione
1172 1496 1325 1534 Ricardi

262 1553 310 1591 de
344 1565 374 1591 s.
393 1552 546 1590 Victore
584 1564 699 1600 supra
717 1551 737 1573 ’⁸‘
763 1551 897 1600 posita.
937 1552 1039 1599 Ergo
1074 1550 1150 1587 hoc
1181 1562 1326 1587 nomen

255 1611 422 1655 persona
450 1617 530 1642 non
558 1611 614 1641 est
642 1616 850 1641 commune
878 1603 1008 1641 tribus.

267 1703 270 1706 ,
316 1659 350 1696 3.
372 1659 606 1705 PRAETEREA,
627 1657 658 1694 si
677 1664 733 1694 est
761 1669 969 1694 commune
987 1656 1106 1694 tribus
1124 1654 1154 1704 Ρ,
1174 1663 1238 1693 aut
1256 1655 1326 1692 ista

262 1710 517 1750 communitas
537 1710 740 1747 attenditur
759 1710 972 1747 secundum
994 1722 1088 1757 rem,
1109 1716 1174 1746 aut
1192 1721 1326 1746 secun-

262 1764 356 1802 dum
375 1764 574 1802 rationem.
602 1763 679 1800 Sed
698 1775 777 1800 non
797 1763 1010 1800 secundum
1035 1775 1135 1799 rem:
1165 1762 1254 1811 quia
1274 1761 1327 1798 sic

261 1825 336 1855 tres
354 1829 544 1866 personae
564 1823 690 1853 essent
706 1828 784 1852 una
801 1828 980 1864 persona.
1009 1816 1094 1852 Nec
1112 1815 1247 1852 iterum
1269 1826 1326 1851 se-

262 1869 432 1907 cundum
461 1869 647 1906 rationem
671 1876 839 1905 tantum:
869 1868 958 1917 quia
977 1868 1030 1905 sic
1042 1880 1209 1916 persona
1230 1875 1327 1904 esset

260 1922 498 1969 universale,
527 1922 567 1958 in
595 1921 731 1959 divinis
766 1928 893 1958 autem
921 1933 1000 1958 non
1029 1928 1085 1958 est
1111 1921 1325 1958 universale

263 1983 300 2012 et
326 1975 550 2024 particulare
575 1979 610 2022 ⁷,
640 1986 765 2023 neque
793 1986 912 2022 genus
940 1986 1065 2022 neque
1095 1973 1255 2022 species,
1285 1981 1327 2009 ut

262 2040 378 2077 supra
395 2027 416 2050 ³¹⁹
444 2035 642 2064 ostensum
671 2034 736 2064 est.
767 2027 860 2064 Non
881 2039 970 2075 ergo
989 2028 1064 2064 hoc
1083 2038 1225 2063 nomen
1238 2037 1326 2074 per-

261 2093 355 2118 sona
385 2088 440 2117 est
468 2092 676 2117 commune
703 2079 832 2116 tribus.

317 2135 392 2171 SED
421 2145 567 2170 CONTRA
594 2145 660 2170 EST
688 2132 794 2181 quod
822 2131 910 2169 dicit
928 2131 1172 2179 Augustinus,
1192 2132 1261 2169 VII
1282 2131 1328 2167 de

201 2199 235 2236 -ζ
267 2188 303 2224 T
298 2187 370 2224 rin.
382 2186 414 2234 ³¹⁸,
430 2185 534 2235 quod
551 2198 639 2222 cum
659 2192 916 2234 quaereretur,
938 2185 1037 2227 Quid
1053 2183 1153 2221 tres?
1172 2196 1328 2233 respon-

263 2251 350 2277 sum
379 2246 451 2287 est,
483 2240 575 2275 Tres
601 2239 809 2282 Personae,·
837 2237 926 2285 quia
955 2249 1162 2274 commune
1191 2245 1246 2273 est
1275 2236 1328 2272 eis

262 2292 302 2329 id
330 2292 435 2341 quod
463 2299 518 2328 est
543 2303 719 2340 persona.

316 2345 542 2382 RESPONDEO
562 2349 746 2381 D1CENDUM
766 2341 871 2392 quod
889 2341 970 2391 ipse
986 2341 1126 2379 modus
1146 2341 1328 2389 loquendi

263 2397 428 2434 ostendit
454 2397 530 2434 hoc
557 2408 700 2434 nomen
727 2407 894 2444 persona
922 2395 1040 2432 tribus
1069 2407 1151 2431 esse
1181 2392 1194 2416 ὃ
1223 2406 1328 2430 com-

264 2462 394 2498 mune,
416 2462 504 2486 cum
523 2449 684 2487 dicimus
712 2455 785 2485 tres
807 2460 1013 2497 personas:
1042 2447 1137 2484 sicut
1166 2459 1253 2484 cum
1275 2447 1328 2484 di-

265 2502 386 2540 cimus
423 2509 496 2539 tres
522 2502 711 2547 homines,
749 2500 986 2538 ostendimus
1022 2498 1211 2546 hominem
1245 2512 1328 2536 esse

265 2567 473 2592 commune
501 2555 620 2592 tribus
639 2560 661 2591 ¹.
692 2553 938 2591 Manifestum
976 2560 1032 2590 est
1059 2561 1185 2590 autem
1222 2552 1328 2600 quod

264 2620 344 2645 non
372 2616 428 2644 est
447 2607 702 2644 communitas
730 2606 795 2653 rei,
817 2606 913 2643 sieut
930 2618 1008 2642 una
1037 2606 1198 2643 essentia
1223 2618 1327 2642 com-

265 2660 392 2697 munis
429 2667 485 2697 est
519 2659 659 2696 tribus:
699 2659 787 2708 quia
824 2658 877 2695 sic
906 2658 919 2684 ζ
952 2665 1173 2707 sequeretur
1208 2671 1326 2695 unam

265 2725 348 2750 esse
374 2725 581 2762 personam
608 2712 733 2759 trium,
755 2711 850 2748 sicut
877 2711 1038 2748 essentia
1066 2719 1123 2748 est
1148 2724 1236 2748 una.

319 2765 451 2812 Qualis
480 2773 607 2802 autem
629 2765 675 2802 sit
703 2764 965 2811 communitas,
985 2764 1253 2812 investigantes
1274 2764 1326 2801 di-

263 2818 484 2856 versimode
518 2818 633 2855 locuti
670 2825 767 2854 sunt.
803 2817 971 2864 Quidam
1013 2817 1115 2854 enim
1157 2817 1329 2854 dixerunt

264 2871 370 2920 quod
399 2878 455 2908 est
483 2870 738 2908 communitas
775 2870 1009 2917 negationis;
1044 2877 1200 2918 propter
1231 2870 1326 2916 hoc,

265 2924 371 2972 quod
390 2924 429 2961 in
449 2923 668 2961 definitione
688 2934 875 2972 personae
902 2922 1056 2971 ponitur
1083 2923 1328 2959 incommuni-

266 2977 384 3014 cabile
401 2977 433 3014 *.
459 2977 629 3024 Quidam
655 2983 783 3012 autern
808 2975 980 3012 dixerunt
1007 2976 1112 3024 quod
1141 2982 1196 3011 est
1224 2987 1328 3011 com-

267 3029 432 3066 munitas
451 3029 679 3075 intentionis,
703 3041 749 3065 eo
770 3028 902 3077 quod”
929 3028 968 3065 in
996 3027 1215 3065 definitione
1243 3040 1327 3077 per-

267 3094 385 3119 sonae
403 3082 557 3131 ponitur
585 3082 816 3119 individuum
830 3080 868 3127 *3
889 3080 983 3117 sicut
1002 3081 1032 3117 si
1053 3080 1197 3117 dicatur
1223 3081 1328 3129 quod

269 3147 351 3172 esse
371 3135 538 3183 speciem
566 3142 622 3171 est
650 3145 856 3171 commune
877 3146 975 3182 equo
997 3141 1032 3170 et
1051 3133 1153 3171 bovi.
1174 3154 1198 3161 -
1221 3133 1298 3170 Sed
1317 3131 1329 3154 ⁰

267 3195 473 3236 utrumque
500 3188 640 3224 horum
670 3186 877 3224 excluditur
902 3198 972 3235 per
998 3187 1093 3234 hoc,
1123 3186 1227 3236 quod
1255 3187 1329 3223 hoc

322 3318 349 3351 α)
364 3318 496 3350 personis.
512 3332 533 3337 -
552 3317 614 3343 Om.
633 3318 734 3342 codices
753 3322 778 3342 et
797 3317 838 3343 ed.
852 3325 878 3342 a.

321 3352 349 3422 φ)
368 3353 583 3420 ἓῖιζνηαῗεὶειιῗιῗε..
594 3353 783 3413 λῖ(ἶνιιῖειὲΐεςὲιῗιινη
798 3388 966 3420 particulare
984 3388 1032 3417 Pb,
1052 3395 1106 3412 om.
1120 3388 1151 3413 D.

322 3423 347 3456 δ)
366 3423 514 3448 ostendit...
529 3423 613 3448 tribus
631 3429 696 3448 esse.
712 3436 732 3442 -
749 3423 866 3448 ostendit
884 3423 988 3456 quod...
1003 3427 1042 3448 est
1060 3423 1144 3448 tribus
1163 3424 1193 3448 B.

323 3460 344 3491 ε)
364 3458 496 3484 hominem
514 3465 570 3483 esse
586 3465 723 3483 commune
741 3459 834 3483 tribus.
852 3472 871 3477 -
888 3465 1025 3484 commune
1043 3465 1098 3483 esse
1117 3459 1202 3483 tribus
1215 3465 1270 3483 esse
1284 3459 1330 3484 ho-

269 3494 366 3519 minem
385 3493 536 3524 ABCDEG,
560 3500 614 3518 esse
632 3500 769 3518 commune
788 3494 872 3518 tribus
891 3494 1039 3519 hominibus
1064 3494 1194 3519 hominem
1214 3494 1242 3523 F.
1260 3501 1330 3519 com-

269 3537 347 3555 mune
366 3529 450 3554 tribus
468 3535 524 3553 esse
542 3527 673 3553 hominem
692 3528 732 3552 ed.
751 3535 776 3552 a.

322 3564 347 3596 ζ)
366 3564 412 3589 sic.
429 3577 449 3584 -·
467 3564 527 3588 Om.
547 3563 647 3588 codices
667 3568 692 3588 et
709 3563 761 3588 ab.

323 3599 350 3632 η)
369 3607 399 3625 eo
417 3599 496 3632 quod.
514 3612 533 3618 -
550 3598 613 3631 quia
631 3598 777 3623 ABCDEG.

1380 1034 1523 1059 nomen
1544 1034 1711 1070 persona
1725 1029 1733 1042 ⁴
1754 1035 1832 1059 non
1852 1030 1908 1059 est
1926 1035 2067 1059 nomen
2086 1022 2296 1071 negationis
2315 1035 2439 1072 neque

1379 1075 1605 1123 intentionis,
1636 1075 1704 1112 sed
1733 1083 1789 1112 est
1816 1087 1959 1112 nomen
1988 1076 2052 1113 rei.

1433 1129 1482 1164 Et
1514 1128 1599 1165 ideo
1638 1128 1843 1165 dicendum
1877 1136 1932 1165 est
1968 1128 2073 1176 quod
2106 1129 2218 1166 etiam
2255 1129 2294 1166 in
2326 1130 2440 1167 rebus

1379 1180 1556 1217 humanis
1574 1181 1650 1217 hoc
1669 1193 1813 1218 nomen
1835 1193 2000 1229 persona
2024 1189 2080 1218 est
2103 1194 2310 1219 commune
2335 1195 2439 1220 com-

1380 1233 1562 1270 munitate
1595 1233 1766 1280 rationis,
1796 1246 1874 1270 non
1903 1234 1998 1270 sicut
2031 1246 2150 1281 genus
2177 1236 2239 1272 vel
2274 1236 2438 1284 species,

1380 1286 1448 1323 sed
1476 1286 1570 1322 sicut
1597 1286 1828 1322 individuum
1856 1297 2010 1335 vagum.
2050 1287 2220 1324 Nomina
2248 1288 2350 1324 enim
2378 1301 2440 1336 ge-

1380 1351 1516 1376 nerum
1537 1339 1599 1375 vel
1627 1338 1853 1387 specierum,
1873 1346 1914 1375 ut
1941 1340 2053 1375 homo
2081 1340 2143 1376 vel
2171 1341 2325 1387 animal,
2356 1349 2442 1378 sunt

1379 1391 1555 1440 imposita
1584 1391 1633 1428 ad
1652 1391 1943 1439 significandum
1971 1391 2071 1440 ipsas
2090 1399 2243 1430 naturas
2268 1406 2441 1430 commu-

1380 1457 1469 1491 nes;
1499 1457 1578 1481 non
1606 1451 1735 1481 autem
1762 1443 1989 1481 intentiones
2021 1451 2241 1482 naturarum
2271 1458 2442 1484 commu-

1381 1498 1500 1545 nium,
1522 1510 1620 1546 quae
1640 1497 1896 1545 significantur
1915 1497 1971 1533 his
2000 1498 2218 1535 nominibus
2241 1511 2361 1548 genus
2378 1501 2441 1537 vel

1379 1551 1528 1600 species.
1560 1550 1636 1587 Sed
1664 1549 1905 1587 individuum
1930 1562 2084 1598 vagum,
2104 1558 2146 1588 ut
2164 1551 2297 1600 aliquis
2315 1554 2440 1599 homo,

1381 1604 1566 1652 significat
1593 1610 1768 1640 naturam
1798 1615 2045 1650 communem
2075 1616 2163 1640 cum
2192 1605 2440 1643 determinato

1381 1658 1500 1694 modo
1522 1656 1702 1693 existendi
1723 1664 1738 1680 κ
1758 1655 1824 1704 qui
1843 1656 2022 1705 competit
2041 1656 2300 1705 singularibus,
2316 1666 2358 1695 ut
2372 1658 2440 1695 sci—

1381 1710 1466 1747 licet
1485 1709 1530 1746 sit
1557 1721 1626 1758 per
1645 1722 1685 1746 se
1715 1708 1920 1745 subsistens
1941 1709 2155 1746 distinctum
2176 1710 2223 1746 ab
2243 1710 2333 1748 aliis.
2365 1712 2442 1749 Sed

1381 1763 1420 1800 in
1447 1762 1605 1799 nomine
1632 1762 1836 1811 singularis
1859 1762 2054 1811 designati,
2075 1762 2304 1810 significatur
2322 1764 2442 1801 deter-

1382 1815 1568 1853 minatum
1606 1815 1858 1862 distinguens:
1897 1814 1991 1851 sicut
2023 1815 2061 1851 in
2089 1816 2245 1852 nomine
2278 1817 2442 1854 Socratis

1381 1869 1476 1905 haec
1501 1880 1589 1905 caro
1611 1875 1646 1904 et
1665 1868 1740 1905 hoc
1759 1880 1802 1904 os
1821 1867 1852 1904 ³¹².
1883 1868 1969 1903 Hoc
1996 1874 2125 1905 tamen
2153 1868 2317 1917 interest,
2338 1871 2442 1919 quod

1381 1921 1515 1969 aliquis
1532 1922 1645 1957 homo
1674 1920 1859 1967 significat
1885 1927 2071 1968 naturam,
2091 1921 2153 1958 vel
2172 1920 2184 1941 λ
2203 1919 2442 1960 individuum

1383 1986 1427 2011 ex
1454 1981 1559 2022 parte
1587 1981 1754 2020 naturae,
1777 1985 1864 2009 cum
1894 1973 2013 2010 modo
2034 1973 2215 2010 existendi
2244 1975 2308 2023 qui
2338 1988 2442 2013 corn-

1381 2026 1474 2075 petit
1493 2026 1762 2074 singularibus:
1783 2026 1858 2062 hoc
1877 2033 2004 2062 autem
2023 2038 2166 2063 nornen
2179 2039 2345 2075 persona
2364 2041 2443 2065 non

1383 2087 1438 2116 est
1465 2079 1687 2128 impositum
1723 2079 1773 2115 ad
1806 2078 2096 2126 significandum
2133 2079 2368 2118 individuum
2399 2094 2443 2118 ex

1382 2140 1488 2181 parte
1516 2139 1692 2178 naturae,
1727 2132 1794 2168 sed
1822 2131 1870 2168 ad
1899 2131 2187 2179 significandum
2216 2145 2297 2170 rem
2326 2134 2444 2171 subsi-

1382 2193 1543 2222 stentem
1572 2185 1611 2221 in
1638 2184 1701 2221 tali
1728 2192 1873 2221 natura.

1437 2239 1523 2274 Hoc
1542 2244 1670 2274 autem
1699 2245 1754 2273 est
1783 2248 1988 2273 commune
2017 2237 2229 2274 secundum
2258 2238 2443 2276 rationem

1385 2290 1563 2327 omnibus
1583 2296 1601 2317 μ
1620 2289 1792 2338 personis
1813 2289 1960 2335 divinis,
1980 2296 2021 2325 ut
2039 2302 2291 2339 unaquaeque
2313 2303 2443 2329 earum

1384 2343 1558 2380 subsistat
1576 2343 1614 2380 in
1632 2350 1766 2379 natura
1786 2342 1914 2379 divina
1943 2341 2113 2379 distincta
2135 2344 2182 2380 ab
2203 2343 2293 2380 aliis.
2323 2345 2372 2381 Et
2391 2345 2443 2382 sic

1382 2397 1458 2433 hoc
1472 2408 1616 2433 nomen
1624 2407 1802 2443 persona,
1818 2395 2030 2432 secundum
2051 2396 2248 2444 rationem,
2266 2404 2321 2433 est
2340 2409 2443 2434 com-

1383 2461 1499 2486 mune
1527 2448 1645 2485 tribus
1664 2454 1675 2468 ⁹
1693 2449 1867 2496 personis
1897 2447 2042 2484 divinis.

1435 2503 1494 2538 AD
1524 2513 1661 2538 PR1MUM
1689 2512 1786 2537 ERGO
1815 2512 1998 2537 mCENDUM
2022 2500 2126 2548 quod
2155 2501 2247 2538 ratio
2267 2501 2328 2538 illa
2355 2514 2443 2550 pro-

1384 2554 1482 2591 cedit
1510 2554 1557 2590 de
1586 2553 1857 2595 communitate
1887 2553 1950 2589 rei.

1435 2608 1494 2643 AD
1522 2617 1712 2643 SECUNDUM
1739 2617 1922 2642 DICENDUM
1947 2606 2063 2654 quod,
2093 2605 2178 2642 licet
2205 2618 2368 2654 persona
2397 2607 2442 2644 sit

1382 2658 1762 2705 incommunicabilis,
1783 2666 1912 2695 tamen
1930 2657 2010 2706 ipse
2030 2658 2170 2695 modus
2190 2659 2370 2696 existendi
2388 2659 2441 2696 in-

1383 2711 1759 2757 communicabiliter,
1776 2718 1901 2759 potest
1919 2723 2002 2747 esse
2020 2711 2192 2759 pluribus
2212 2713 2439 2750 communis.

1435 2761 1493 2801 An
1522 2776 1680 2800 TERTNJM
1709 2775 1891 2800 mcENDUM
1910 2763 2027 2812 quod,
2057 2764 2142 2801 licet
2163 2764 2210 2813 sit
2228 2766 2440 2802 communi-

1381 2825 1437 2854 tas
1466 2817 1620 2853 rationis
1645 2824 1680 2852 et
1698 2829 1777 2852 non
1796 2816 1860 2864 rei,
1880 2824 2009 2853 tamen
2036 2829 2114 2853 non
2142 2817 2309 2866 sequitur
2336 2818 2441 2866 quod

1382 2870 1420 2906 in
1440 2869 1576 2907 divinis
1596 2868 1642 2905 sit
1659 2869 1871 2906 universale
1892 2876 1927 2906 et
1942 2867 1955 2892 ⁶
1973 2869 2208 2918 particulare,
2236 2871 2298 2907 vel
2322 2879 2441 2918 genus

1381 2923 1444 2959 vel
1473 2921 1629 2971 species.
1660 2922 1764 2958 Tum
1793 2922 1882 2970 quia
1909 2934 2033 2971 neque
2061 2922 2100 2959 in
2128 2924 2240 2959 rebus
2263 2924 2440 2960 humanis

1375 2974 1635 3012 ,communitas
1655 2986 1842 3023 personae
1863 2981 1919 3011 est
1937 2975 2189 3012 communitas
2214 2976 2359 3023 generis
2378 2977 2440 3014 vel

1383 3027 1533 3077 speciei.
1555 3028 1658 3063 Tum
1678 3027 1765 3076 quia
1783 3039 1972 3076 personae
1993 3028 2142 3065 divinae
2161 3028 2302 3065 habent
2319 3041 2440 3066 unum

1384 3093 1486 3117 esse:
1517 3092 1635 3128 genus
1664 3087 1792 3116 autem
1821 3087 1858 3116 et
1884 3081 2043 3129 species,
2074 3088 2109 3117 et
2136 3081 2332 3129 quodlibet
2358 3082 2442 3119 uni-

1382 3133 1541 3180 versale,
1570 3132 1808 3181 praedicatur
1826 3133 1874 3170 de
1901 3133 2071 3182 pluribus
2090 3133 2300 3170 secundum
2328 3147 2410 3171 esse
2428 3140 2442 3155 ⁰

1385 3185 1653 3223 differentibus.

1438 3317 1461 3350 θ)
1482 3318 1543 3342 Sed.
1562 3331 1581 3336 —
1599 3318 1635 3342 Et
1654 3317 1716 3342 Pab.
1734 3331 1754 3336 —
1771 3317 1843 3350 quod
1861 3318 1909 3343 hoc
1926 3325 1980 3343 om.
1994 3319 2024 3343 B.

1439 3354 1456 3386 ι)
1471 3359 1598 3385 persona.
1616 3366 1635 3371 -
1647 3359 1780 3384 personae
1799 3353 1827 3378 P.
1845 3367 1864 3372 -
1882 3354 1944 3378 Post
1963 3361 2014 3378 non
2035 3357 2074 3378 est
2087 3354 2156 3378 addit
2167 3355 2236 3379 enim
2255 3355 2288 3386 B;
2311 3355 2342 3380 cf.
2355 3359 2443 3380 notam

1385 3396 1470 3422 praec.
1487 3402 1506 3407 —
1524 3395 1605 3420 neque
1624 3388 1777 3413 intentionis
1795 3396 1849 3413 om.
1864 3388 1898 3418 D;
1918 3391 2022 3413 tantum
2041 3389 2137 3413 addunt
2155 3390 2240 3415 ceteri.

1438 3424 1463 3456 κ)
1482 3423 1624 3448 existendi.
1641 3437 1660 3442 —
1678 3423 1782 3448 essendi
1799 3424 1843 3448 Pb.

1437 3458 1466 3490 λ)
1486 3462 1619 3487 naturam,
1640 3459 1688 3483 vel.
1705 3472 1724 3477 -
1742 3458 1804 3483 Om.
1823 3459 1933 3484 codices.

1439 3494 1466 3527 μ)
1482 3493 1615 3553 tonznibus.
1628 3506 1652 3553 ὅ
1668 3493 1848 3553 Onxcquices
1868 3499 1893 3519 et
1911 3494 1951 3519 ed.
1964 3500 1990 3518 a.

1437 3538 1450 3553 ν
1494 3537 1516 3553 ri
1535 3536 1574 3553 us.
1591 3542 1610 3547 —
1655 3536 1689 3552 m.
1777 3546 1783 3553 .

1439 3530 1461 3595 E}
1481 3567 1515 3589 et.
1533 3577 1551 3582 -
1569 3564 1610 3588 vel
1628 3564 1679 3587 PD.
1697 3576 1716 3583 -
1734 3564 1784 3588 Pro
1803 3564 1843 3589 vel
1861 3569 1918 3589 ante
1937 3564 2048 3596 species,
2067 3568 2115 3590 aut
2134 3564 2244 3591 codices.

1438 3600 1463 3631 o)
1483 3606 1546 3624 esse.
1563 3612 1583 3618 -
1600 3605 1627 3623 se
1646 3598 1699 3623 FG.

2469 1874 2478 1884 ·
2493 1874 2521 1896 D.
2537 1879 2587 1902 730.
