2768 4178
87 388 95 396 ·
116 387 183 410 Vers.
198 388 232 409 16.

85 949 95 959 ⁴*
111 947 146 969 Cf.
179 954 201 969 u.
216 954 297 975 xxxin,

85 978 158 1000 arta,
185 978 297 996 omment.

85 1007 108 1022 n.
123 1007 142 1026 1;
174 1007 196 1022 u.
211 1007 294 1026 xxxiv,

85 1031 126 1049 art.
135 1033 155 1054 2,
174 1027 295 1049 ‘ommenn

84 1060 108 1075 n.
123 1060 138 1075 1.

81 1827 91 1835 '
99 1826 184 1848 Contra
192 1826 266 1847 conci.
272 1831 292 1854 3.

77 1905 281 1936 “Aust-3⁷*-

338 248 414 294 394

329 444 439 468 suum
469 431 703 480 unigenitum
731 431 848 468 daret.

382 486 440 521 AD
470 496 659 521 SECUNDUM
693 496 876 521 mcaNDUM
905 482 1010 532 quod
1041 482 1080 519 in
1117 481 1274 518 nornine
1305 481 1396 519 doni

328 537 552 585 importatur
583 537 688 586 quod
717 537 762 573 sit
791 536 913 574 dantis
941 548 1010 584 per
1038 534 1234 582 originem.
1266 535 1316 571 Et
1343 534 1396 571 sic

327 590 552 639 importatur
584 590 796 639 proprietas
834 588 986 637 originis
1015 588 1028 614 s:
1057 587 1215 636 Spiritus
1246 587 1393 635 Sancti,

328 655 425 691 quae
456 651 511 680 est
538 655 745 691 processm.

976 245 1242 293 QUAESTIO
1273 245 1489 293 xxxvnl,
1519 245 1816 282 ARTICULUS
1847 247 1878 282 11

334 326 449 363 Filius
470 326 589 372 datur,
613 332 668 362 est
695 337 740 361 ex
768 325 888 362 Patris
908 337 1051 372 amore,
1074 324 1287 361 secundum
1308 323 1399 361 illud

333 380 435 416 Ioan.
459 378 548 415 111*:
579 379 640 415 Sic
667 379 771 414 Deus
799 379 931 415 dilexit
955 377 1160 422 mundum,
1191 382 1231 412 ut
1257 376 1398 413 Filium

1507 326 1566 360 AD
1599 336 1759 361 TERTIUM
1788 337 1973 362 mcENDUM
2002 326 2107 374 quod
2132 327 2291 373 donum,
2313 334 2519 377 antequam

1454 376 1574 424 detur,
1597 384 1652 414 est
1670 384 1818 414 tanturn
1839 378 1980 415 dantis:
2010 379 2076 416 sed
2096 386 2302 428 postquam
2323 380 2443 428 datur,
2465 388 2521 418 est

1453 429 1533 466 eius
1563 430 1622 466 cui
1652 430 1771 467 datur.
1803 431 1905 477 Quia
1930 432 2040 479 igitur
2063 433 2222 468 Donum
2242 444 2321 470 non
2340 433 2521 482 importat

1452 482 1646 519 dationem
1675 483 1714 520 in
1742 491 1848 531 actu,
1879 497 1971 521 nom
1986 492 2112 534 potest
2145 485 2217 522 dici
2246 486 2351 534 quod
2379 486 2425 523 sit
2452 487 2519 523 do-

1450 548 1544 572 num
1581 536 1769 582 hominis;
1809 538 1877 575 sed
1909 539 2067 575 Donum
2105 538 2177 575 Dei
2199 544 2213 560 '¹
2246 539 2380 577 dantis.
2417 539 2518 576 Cum

1449 596 1578 625 autem
1606 588 1684 626 iam
1715 589 1846 627 datum
1874 598 1944 638 est,
1974 598 2064 628 tunc
2083 591 2250 629 hominis
2277 600 2333 629 est
2358 593 2421 629 vel
2444 592 2520 641 spi-

1449 641 1538 678 ritus
1566 643 1628 678 vel
1657 643 1800 680 datum.

378 761 403 794 ζ)
423 762 543 795 originis.
563 776 580 779 -
599 761 729 786 Omittunt
748 761 857 785 codices.

1500 758 1526 790 η)
1548 758 1607 783 Dei.
1627 773 1646 777 —
1665 760 1797 784 omittunt
1815 762 1844 785 Β.

1007 845 1338 878 Commentaria
1361 844 1611 878 Cardinalis
1634 846 1833 881 Caietam

386 950 491 969 1TULus
515 949 551 969 ex
575 938 738 979 praedictis
758 938 775 956 *
798 944 844 968 est
869 937 979 967 clarus.
1000 954 1020 958 —
1040 936 1075 966 In
1100 945 1232 975 corpore
1255 941 1302 965 est
1326 944 1390 965 una

327 951 557 1019 Tconclusio,
581 982 761 1022 responsiva
780 981 924 1022 quaesito
945 980 1142 1010 affirmative:
1158 979 1298 1021 gDonum
1318 989 1390 1019 per-

325 1028 472 1058 sonaliter
496 1034 661 1067 sumptum
688 1026 720 1055 in
745 1025 874 1061 divinis,
904 1028 950 1055 est·
982 1023 1149 1064 proprium
1177 1024 1296 1053 nomen
1320 1022 1389 1063 Spi-

324 1072 401 1102 ritus
432 1071 546 1102 Sancti.
564 1089 582 1093 —
600 1071 639 1100 Et
663 1070 823 1110 probatur.
849 1070 981 1099 Donum
1006 1075 1051 1098 est
1075 1068 1160 1098 datio
1184 1067 1388 1097 irreddibilis:

324 1126 398 1156 ergo
416 1115 531 1146 claudit
554 1115 585 1144 in
602 1125 633 1144 se
650 1114 803 1144 rationem
821 1113 971 1153 gratuitae
988 1112 1183 1143 donationis:
1209 1121 1284 1152 ergo
1300 1122 1389 1142 amo-

323 1169 405 1190 rem:
431 1169 505 1199 ergo
521 1169 610 1189 amor
630 1165 675 1188 est
694 1158 834 1198 primum
855 1158 991 1187 donum:
1013 1167 1087 1196 ergo
1105 1155 1239 1196 Spiritus
1256 1155 1389 1187 Sanctus

323 1204 465 1244 procedit
489 1210 524 1233 ut
546 1203 687 1243 primum
711 1202 850 1234 donum:
876 1209 906 1232 et
930 1201 973 1231 sic
997 1201 1129 1231 Donum
1153 1208 1200 1231 est
1223 1200 1290 1231 eius
1313 1210 1388 1240 pro-

323 1248 429 1289 prium
452 1257 580 1278 nomen.

379 1291 576 1323 Antecedens
609 1297 694 1331 patet
726 1289 909 1321 auctoritate
941 1289 1139 1330 Philosophi.
1175 1288 1281 1319 Prima
1312 1299 1387 1319 vero

322 1335 547 1377 consequentia
566 1335 764 1375 explanatur:
789 1334 864 1375 quia
882 1333 1068 1365 irreddibilis
1084 1333 1169 1364 datio
1190 1340 1236 1364 est
1254 1333 1389 1374 gratuita

323 1380 463 1411 donatio.
489 1380 634 1411 Secunda
656 1386 781 1409 autem:
811 1379 887 1418 quia
914 1378 987 1408 ideo
1014 1377 1109 1418 gratis
1137 1377 1250 1408 damus
1274 1377 1386 1414 alicui,

322 1425 397 1466 quia
419 1425 542 1455 bonum
565 1423 610 1453 illi
632 1423 794 1454 volumus.
817 1423 925 1454 Tertia
948 1429 1074 1453 autem:
1098 1422 1174 1463 quia
1192 1432 1292 1458 amor,
1313 1432 1388 1452 cum

321 1469 382 1499 hoc
398 1469 487 1510 quod
506 1475 552 1498 est
574 1467 653 1498 ratio
678 1467 782 1504 dandi,
807 1474 853 1498 est
870 1467 964 1498 etiam
981 1467 1100 1497 datum.
1126 1466 1246 1504 Quarta
1262 1473 1386 1497 autem:

320 1513 396 1564 ¹quia
419 1513 506 1543 solus
530 1511 663 1552 Spiritus
686 1512 818 1542 Sanctus
838 1511 980 1552 procedit
999 1518 1034 1542 ut
1050 1513 1162 1542 Amor.
1179 1529 1199 1533 —
1214 1510 1255 1542 Et
1275 1510 1387 1542 confir-

321 1564 425 1592 matur
449 1556 611 1587 conclusio
636 1555 819 1587 auctoritate
842 1555 1022 1596 Augustini.

378 1601 416 1632 ΙΙ.
442 1601 533 1632 Circa
556 1600 712 1640 praedicta
736 1600 871 1631 occurrit
899 1600 1005 1640 primo
1030 1610 1203 1631 commune
1234 1598 1386 1636 dubium,

321 1656 360 1676 an
383 1646 511 1676 Donum
537 1644 689 1685 significet
712 1645 816 1684 primo
845 1644 1070 1685 proprietatem
1094 1644 1294 1684 personalem
1318 1643 1386 1684 Spi-

320 1690 397 1721 ritus
414 1690 533 1726 Sancti;
558 1689 608 1719 vel
632 1696 810 1729 respectum
833 1688 1074 1730 aptitudinalem
1098 1689 1137 1719 ad
1161 1695 1316 1720 creaturas
1339 1698 1388 1718 ra-

319 1734 468 1770 tionales;
492 1733 542 1764 vel
565 1733 684 1774 aliquid
711 1734 806 1764 aliud.

379 1779 430 1809 111.
455 1778 599 1809 Occurrit
618 1787 748 1818 quoque
765 1778 899 1808 dubium
919 1788 955 1808 ex
973 1777 1126 1814 Aureolo,
1143 1777 1230 1818 apud
1246 1776 1386 1817 Capreo-

320 1823 405 1859 lum,
430 1823 464 1853 in
486 1833 560 1852 xv111
591 1821 790 1852 distinctione
819 1822 916 1852 Primi
932 1822 963 1858 *‚
993 1822 1167 1862 multiplex.
1200 1822 1288 1852 Tum
1312 1822 1387 1862 quia

320 1868 397 1898 haec
414 1867 515 1897 littera
534 1866 718 1897 contradicit
736 1866 914 1907 quaestioni
933 1866 1141 1906 praecedenti.
1166 1866 1212 1897 Ibi
1228 1866 1387 1908 siquidem

283 1906 290 1910 ’
323 1912 442 1942 dictum
466 1918 511 1942 est
526 1911 543 1930 *
566 1910 655 1951 quod
679 1911 812 1951 Spiritus
829 1911 961 1941 Sanctus
985 1910 1128 1950 procedit
1151 1917 1187 1942 ut
1202 1911 1388 1951 impressio:

321 1956 372 1986 hic
387 1962 494 1986 autem
513 1955 602 1996 quod
625 1955 768 1994 procedit
783 1962 818 1986 ut
833 1965 935 1986 amor.
953 1973 972 1977 —
988 1955 1077 1985 Tum
1093 1955 1168 1996 quia
1184 1955 1245 1986 hoc
1266 1955 1387 1986 dictum

322 2008 367 2031 est
390 1999 515 2030 falsum.
548 1999 579 2029 Si
608 2000 694 2030 enirn
717 1999 850 2040 Spiritus
879 1999 1012 2030 Sanctus
1042 1999 1186 2040 procedit
1214 2006 1250 2030 ut
1279 2009 1384 2036 amor,

320 2045 415 2085 igitur
438 2054 504 2085 quo
528 2043 674 2083 Spiritus,
700 2054 739 2081 eo
768 2053 876 2074 amor:
904 2044 999 2084 igitur
1029 2054 1067 2074 eo
1092 2044 1196 2081 Deus,
1228 2045 1332 2075 bonus
1357 2052 1387 2076 et

320 2089 459 2129 sapiens,
484 2095 560 2119 etc.:
585 2089 738 2128 quoniam
765 2098 856 2119 amor
885 2088 1047 2119 essentiale
1077 2089 1155 2129 quid
1179 2096 1234 2120 est.
1259 2107 1279 2111 —
1298 2089 1387 2120 Tum

321 2133 406 2174 quia,
431 2143 504 2163 cum
528 2131 649 2170 dicitur,
675 2133 814 2174 Spiritus
832 2132 971 2163 Sanctus
980 2133 1128 2173 procedit
1151 2138 1185 2164 ut
1208 2143 1313 2172 amor,
1333 2141 1388 2166 aut

320 2178 353 2218 ly
376 2187 469 2208 amor
489 2176 624 2207 sumitur
647 2177 860 2213 essentialiter,
880 2183 934 2207 aut
953 2177 1167 2217 personaliter.
1191 2177 1224 2208 Si
1240 2178 1386 2209 essentia-

320 2222 399 2259 liter,
416 2231 483 2252 non
498 2227 544 2251 est
561 2220 600 2250 ad
617 2221 827 2262 propositum.
848 2221 889 2251 Et
905 2220 999 2252 etiam
1015 2228 1197 2262 sequeretur
1213 2223 1302 2263 quod
1318 2223 1387 2263 Spi-

321 2265 399 2305 ritus
418 2266 560 2300 Sanctus‚
585 2274 622 2296 ex
643 2266 675 2296 vi
698 2265 908 2306 processionis
932 2275 1016 2302 suae,
1037 2266 1206 2305 specialem
1229 2266 1388 2298 clauderet

322 2310 535 2341 causalitatem
550 2316 693 2350 respectu
713 2315 881 2345 creaturae,
905 2308 993 2339 illam
1016 2309 1132 2340 scilicet
1150 2320 1248 2350 quam
1271 2310 1387 2342 claudit

321 2364 412 2385 amor
428 2352 630 2385 essentialiter
645 2354 757 2385 dictus.
782 2353 815 2384 Si
833 2353 1047 2393 personaliter,
1066 2354 1292 2395 consequentia
1308 2354 1386 2385 nihil

320 2399 418 2435 valet,
443 2408 522 2439 ergo
544 2399 691 2437 procedit
722 2403 758 2428 ut
779 2397 898 2428 donum
925 2398 1092 2438 primum:
1121 2398 1276 2439 quoniam
1306 2399 1385 2430 ratio

321 2442 415 2483 primi
435 2442 511 2473 doni
527 2444 659 2482 probata
674 2449 720 2473 est
735 2442 775 2472 de
794 2451 901 2472 amore
918 2442 1121 2473 essentialiter
1136 2442 1234 2473 dicto:
1259 2443 1285 2473 is
1300 2443 1386 2474 enim

322 2493 368 2518 est
389 2487 469 2518 ratio
494 2487 599 2517 omnis
622 2486 774 2527 gratuitae
797 2486 984 2517 collationis.

379 2532 430 2563 IV.
448 2531 498 2562 Ad
514 2531 631 2563 horum
651 2530 850 2566 evidentiam,
872 2530 1036 2561 sciendum
1053 2537 1099 2561 est
1115 2531 1202 2572 quod
1217 2531 1336 2562 donum
1353 2533 1385 2563 in

321 2576 480 2606 communi
503 2576 559 2607 tria
583 2574 747 2606 manifeste
766 2574 930 2615 importat:
956 2574 1072 2605 scilicet
1095 2585 1162 2605 rem
1186 2575 1384 2614 donabilem;

320 2627 498 2660 respectum
523 2619 750 2655 donabilitatis3
776 2625 806 2649 et
828 2625 1007 2659 respectum
1038 2619 1128 2660 quasi
1159 2620 1385 2660 possessionis,

320 2663 400 2695 idest
418 2665 507 2704 quod
530 2671 576 2695 est
597 2663 682 2694 illius
705 2663 762 2704 qui
786 2669 890 2703 potest
913 2663 992 2694 illud
1012 2663 1139 2694 donare.
1165 2663 1226 2695 Sed
1242 2674 1308 2704 rem
1328 2665 1385 2696 do-

321 2708 459 2739 nabilem
476 2709 627 2749 importat
642 2707 886 2744 denominative,
911 2707 986 2748 quia
1004 2708 1190 2739 denominat
1203 2709 1300 2740 illam.
1325 2710 1384 2740 Re-

321 2759 465 2794 spectum
480 2763 555 2784 vero
575 2752 796 2788 donabilitatis,
820 2752 901 2782 idest
924 2758 959 2782 ut
978 2759 1089 2792 aptum
1105 2752 1145 2784 sit
1159 2753 1247 2784 alteri
1263 2754 1383 2791 donari,

320 2796 474 2837 significat
501 2797 623 2837 primo,
648 2803 684 2827 ut
707 2806 743 2827 ex
765 2796 867 2827 littera
889 2796 1026 2827 sumitur
1056 2796 1221 2838 utriusque
1245 2798 1383 2829 articuli:

321 2851 358 2872 ex.
380 2841 438 2872 hac
462 2841 547 2872 enirn
570 2847 657 2882 parte
680 2840 714 2871 in
737 2847 873 2881 utroque
895 2841 1047 2881 processit
1070 2841 1217 2879 articulo,
1243 2849 1278 2873 ut
1301 2850 1386 2883 patet

320 2885 464 2916 intuenti.
485 2886 677 2926 Respectum
687 2894 763 2915 vero
780 2884 820 2914 ad
835 2884 1024 2916 donatorem
1037 2886 1259 2927 consignificat
1274 2887 1384 2927 magis,

320 2929 438 2960 iudicio
462 2939 552 2966 meo,
576 2931 675 2971 quam
694 2928 873 2969 significet:
897 2929 947 2960 vel
970 2929 1092 2960 dicatur
1115 2929 1205 2971 quod
1233 2930 1386 2972 significat

320 2974 411 3004 illum
435 2972 631 3005 secundario.
669 2984 674 2987 ’
874 2984 876 2986 ’

372 3019 502 3049 Donum
522 3024 630 3049 autern
648 3018 680 3048 in
699 3017 816 3049 divinis
832 3018 1061 3058 personaliter,
1078 3019 1154 3059 quia
1172 3019 1314 3060 primum
1328 3013 1401 3051 do-'

320 3072 408 3099 num,
429 3062 614 3093 denominat
632 3071 775 3092 amorem
791 3068 826 3092 ut
845 3071 911 3092 rem
928 3062 1125 3093 donabilem:
1145 3063 1220 3104 quia
1239 3064 1385 3096 donantis

320 3116 375 3147 per
398 3106 554 3147 originem
573 3113 628 3142 est,
648 3105 833 3136 relationem
848 3106 1057 3147 processionis
1077 3108 1296 3139 constitutivae
1315 3108 1385 3149 spi-

320 3150 396 3181 ritus
416 3150 519 3182 Sancti
539 3149 706 3191 significat:
730 3150 805 3190 quia
819 3159 895 3180 vero
919 3151 1066 3182 donabile
1090 3152 1236 3184 creaturis
1261 3159 1385 3184 tantum

321 3194 565 3231 rationabilibus,
586 3200 764 3235 respectum
787 3194 916 3225 rationis
939 3195 979 3225 ad
995 3205 1047 3226 eas
1066 3196 1234 3236 significat:
1260 3196 1384 3234 eodem,

321 3239 437 3270 iudicio
460 3249 544 3276 meo,
562 3239 682 3275 ordine,
707 3237 804 3279 quem
828 3238 964 3270 diximus
987 3239 1019 3270 in
1044 3240 1130 3271 dono
1154 3241 1187 3272 in
1208 3242 1383 3272 communi.

379 3282 417 3314 V.
441 3283 657 3314 Veruntamen
685 3292 751 3313 non
775 3289 821 3313 est
843 3283 929 3313 idem
958 3284 1038 3314 ordo
1062 3284 1094 3315 in
1119 3295 1167 3322 re,
1197 3285 1251 3326 qui
1277 3292 1330 3317 >est
1351 3285 1385 3316 in

321 3326 495 3367 significari.
516 3327 645 3368 Spiritui
662 3337 799 3368 namque
817 3327 932 3358 Sancto
952 3328 1056 3368 primo
1074 3330 1221 3360 convenit
1236 3340 1293 3361 sua
1312 3340 1384 3370 pro-

321 3370 434 3410 prietas
457 3371 787 3411 personalis‚·ratione
811 3371 900 3402 cuius
924 3378 970 3402 est
992 3372 1091 3403 Patn‘s
1115 3380 1145 3404 et
1167 3373 1239 3404 Filii
1263 3373 1383 3405 donan-

320 3414 417 3450 tium;
442 3416 581 3446 secundo
597 3425 695 3451 amor,
716 3415 836 3446 ratione
854 3415 943 3446 cuius
960 3415 1074 3447 dicitur
1089 3418 1194 3458 primo
1212 3418 1382 3455 donabilis;

321 3465 352 3488 et
365 3459 456 3489 tertio
475 3466 632 3499 respectus
648 3459 869 3490 donabilitatis.
895 3460 993 3497 Quod
1008 3460 1093 3491 enirn
1112 3469 1271 3503 respectus
1286 3463 1384 3493 dona-

320 3502 446 3533 bilitatis
470 3503 635 3534 conveniat
657 3503 787 3544 Spiritui
809 3504 924 3535 Sancto
944 3504 1064 3536 ratione
1080 3506 1197 3538 amoris
1213 3506 1384 3538 essentialis

320 3546 441 3583 inclusi,
467 3554 496 3578 et
518 3547 638 3578 ratione
658 3548 817 3588 probatur,
837 3547 912 3589 quia
931 3548 1046 3580 scilicet
1066 3549 1192 3581 nullum
1208 3550 1382 3591 personale,

322 3596 356 3621 ut
380 3589 431 3626 sic,
456 3590 588 3622 includit
611 3598 787 3632 respectum
803 3592 843 3622 ad
863 3599 1033 3623 creaturas:
1058 3600 1089 3624 et
1107 3594 1226 3626 litterae
1242 3595 1384 3626 testimo-

1446 934 1500 964 nio
1530 935 1739 973 convincitur,
1770 937 1803 967 in
1826 938 2034 978 responsione
2062 940 2102 969 ad
2125 950 2147 979 4
2170 940 2263 980 primi
2292 942 2429 981 articuli,
2461 942 2515 973 ubi

1446 988 1589 1019 expresse
1613 980 1768 1011 docemur
1790 982 1889 1022 quod,
1915 982 1997 1013 sicut
2011 983 2044 1013 in
2061 983 2245 1015 definitione
2261 995 2414 1025 personae
2431 987 2515 1017 clau>

1446 1023 1529 1054 ditur
1545 1023 1665 1065 aliquid
1680 1025 1853 1062 essentiale,
1873 1026 1917 1057 ita
1934 1026 1967 1056 in
1986 1026 2106 1057 ratione
2122 1028 2220 1064 Doni;
2246 1035 2276 1059 et
2291 1030 2380 1070 quod
2393 1030 2523 1068 ratione,

1444 1067 1528 1098 illius
1552 1068 1724 1099 essentialis
1747 1069 1938 1110 importatur
1960 1078 2120 1111 respectus
2143 1072 2183 1101 ad
2202 1079 2390 1110 creaturam,
2415 1081 2446 1105 et
2468 1085 2514 1105 ra-

1444 1112 1531 1143 tione
1559 1112 1730 1143 notionalis
1754 1120 1801 1144 est
1823 1124 1943 1144 nomen
1967 1116 2142 1155 personale.
2173 1116 2271 1153 Quod
2295 1124 2402 1148 autem
2425 1128 2515 1149 amor

1445 1155 1617 1187 essentialis
1637 1157 1800 1188 claudatur
1816 1158 1849 1188 in
1864 1158 1950 1188 Doni
1969 1159 2110 1196 nomine,
2135 1170 2171 1190 ex
2195 1161 2310 1191 eodem
2333 1169 2418 1202 patet
2442 1162 2514 1193 fun-

1444 1201 1608 1234 damento:
1634 1201 1708 1242 quia
1727 1201 1844 1233 scilicet
1859 1210 2019 1243 respectus
2039 1204 2079 1234 ad
2095 1211 2269 1235 creaturam
2285 1206 2379 1246 exigit
2393 1206 2516 1247 aliquid

1444 1245 1606 1276 essentiale
1630 1245 1733 1276 claudi
1755 1246 1789 1276 in
1813 1245 2007 1286 significante
2030 1247 2148 1288 ipsum.

1456 1326 1458 1329 7
1498 1289 1601 1326 Unde,
1627 1290 1804 1321 secundum
1828 1301 1896 1321 rem
1911 1298 1942 1322 et
1960 1292 2138 1323 secundum
2161 1303 2290 1331 nomen,
2315 1302 2446 1335 excepto
2463 1304 2514 1326 or-

1443 1333 1516 1364 dine
1539 1333 1745 1374 significandi,
1770 1334 1903 1366 Donum
1927 1346 1959 1366 se
1978 1336 2072 1367 habet
2087 1344 2123 1368 ut
2138 1337 2290 1369 Verbum.
2316 1338 2405 1370 Sicut
2427 1339 2514 1370 enim

1443 1378 1585 1408 Verbum
1608 1378 1666 1409 tria
1690 1378 1774 1416 dicit,
1799 1379 1916 1410 scilicet
1939 1387 2115 1421 respectum
2140 1381 2279 1422 originis,
2304 1383 2460 1420 notitiam,
2483 1390 2515 1421 et

1442 1429 1620 1462 respectum
1637 1422 1677 1453 ad
1692 1433 1740 1453 res
1760 1422 1857 1454 dictas
1873 1431 1904 1454 et
1920 1424 2014 1455 etiam
2030 1425 2204 1462 faciendas;
2224 1425 2267 1457 ita
2285 1427 2419 1458 Donum
2438 1425 2514 1459 die'it

1442 1473 1620 1507 respectum
1645 1466 1783 1507 originis,
1809 1478 1961 1505 amorem,
1985 1476 2166 1509 respectum
2184 1470 2223 1500 ad
2240 1477 2344 1502 amata
2360 1478 2390 1502 et
2409 1482 2513 1503 susce—

1442 1510 1528 1551 ptiva
1551 1510 1638 1542 doni.
1667 1512 1708 1542 Et
1731 1511 1812 1543 sicut
1834 1512 1954 1543 ibidem
1980 1521 2206 1554 argumentum
2228 1525 2247 1544 a
2269 1515 2363 1546 rebus
2391 1516 2432 1546 ad
2454 1526 2512 1547 no-

1442 1554 1538 1592 mina,
1563 1562 1594 1586 et
1617 1565 1634 1585 e
1658 1565 1821 1592 converso,
1846 1567 1912 1587 non
1929 1564 2031 1588 tenet:
2057 1558 2211 1599 quoniam
2235 1569 2301 1590 non
2324 1557 2415 1597 valet,
2438 1561 2511 1598 Ver-

1442 1599 1526 1636 bum,
1553 1600 1742 1640 inquantum
1773 1601 1925 1639 Verbum,
1949 1601 2026 1633 dicit
2049 1608 2226 1643 respectum
2250 1604 2294 1634 ad
2315 1613 2369 1635 res
2391 1604 2511 1644 dictas,

1442 1653 1522 1684 ergo
1539 1645 1726 1684 proprietas
1752 1645 1828 1675 Filii
1856 1645 1932 1676 dicit
1960 1646 2056 1677 talem
2086 1653 2282 1687 respectum,
2313 1658 2370 1679 nec
2394 1659 2411 1679 e
2435 1659 2510 1680 con-

1441 1697 1542 1724 verso,
1561 1689 1836 1728 proprietasFilii
1852 1699 1914 1720 non
1938 1690 2014 1721 dicit
2037 1697 2214 1731 respectum
2233 1692 2341 1731 talem,
2357 1690 2437 1734 ergo
2453 1691 2512 1724 ne'c

1447 1731 1581 1763 Verbum
1598 1733 1787 1773 inquantum
1818 1733 1962 1770 Verbum,
1987 1735 2142 1775 quoniam
2158 1736 2230 1776 plus
2248 1736 2401 1777 importat
2414 1737 2511 1769 Verbi

1441 1786 1560 1806 nomen
1583 1787 1682 1817 quam
1705 1777 1880 1817 proprietas
1903 1778 1968 1808 illa:
1994 1778 2036 1809 ita
2056 1779 2335 1819 proportionaliter
2355 1781 2393 1811 de
2413 1781 2509 1812 Dono

1442 1821 1636 1851 censendum
1661 1828 1716 1852 est.
1741 1822 1815 1852 Non
1845 1822 1931 1852 enim
1960 1822 2043 1853 valet
2066 1833 2084 1853 a
2107 1823 2193 1854 Doni
2221 1824 2352 1855 nomine
2380 1835 2511 1865 arguere

1441 1865 1480 1895 ad
1504 1865 1729 1905 proprietatem
1753 1866 1887 1906 Spiritus
1907 1867 2022 1903 Sancti,
2046 1874 2101 1898 aut
2125 1877 2141 1897 e
2162 1877 2330 1899 converso:
2356 1869 2511 1910 quoniam

1440 1909 1513 1949 plus
1537 1908 1671 1940 includit
1693 1909 1779 1940 Doni
1804 1920 1932 1947 nomen,
1959 1918 1994 1942 ut
2017 1918 2102 1951 patet
2126 1922 2162 1942 ex
2185 1912 2284 1944 dictis.

1496 1954 1574 1984 Esto
1598 1953 1692 1993 igitur
1711 1961 1831 1990 cautus,
1849 1954 2003 1985 intuendo
2020 1966 2059 1986 an
2076 1956 2114 1986 de
2131 1956 2224 1987 rebus
2240 1967 2319 1997 pure
2338 1957 2377 1988 sit
2393 1967 2508 1995 sermo,

1439 2007 1480 2028 an
1511 1997 1702 2037 digrediatur
1725 1998 1764 2028 ad
1792 2009 1840 2029 res
1866 1999 1925 2030 sub
1952 2000 2139 2031 nominibus.
2174 2000 2206 2031 Si
2236 2001 2321 2031 enim
2350 2002 2389 2032 de
2416 2002 2509 2033 rebus

1440 2052 1519 2082 pure
1539 2049 1585 2073 est
1604 2052 1718 2079 sermo,
1743 2043 1830 2073 nulla
1847 2053 1982 2083 persona
1997 2045 2185 2084 procedens,
2198 2055 2234 2076 ex
2250 2045 2281 2076 vi
2298 2046 2509 2086 processionis

1435 2096 1532 2123 suae,
1562 2086 1656 2117 habet
1686 2087 1826 2128 aliquam
1855 2098 1922 2118 rem
1952 2088 2068 2119 realem
2092 2095 2147 2119 aut
2175 2089 2304 2120 rationis
2328 2090 2508 2131 propriam,

1441 2131 1500 2162 nisi
1523 2131 1709 2162 relationem
1735 2131 1880 2172 originis,
1905 2142 1987 2173 quae
2011 2140 2057 2164 est
2079 2133 2164 2164 idem
2188 2134 2277 2174 quod
2300 2134 2377 2175 ipsa.
2402 2135 2443 2166 Et
2465 2134 2510 2166 sic

1440 2185 1544 2217 neque
1567 2185 1721 2216 personae
1735 2176 1831 2207 Verbi
1850 2177 1998 2207 convenit
2016 2177 2137 2214 notitia,
2159 2188 2214 2209 seu
2230 2185 2390 2219 respectus
2405 2178 2447 2210 ad
2460 2188 2510 2211 res

1441 2220 1551 2256 dictas;
1577 2230 1680 2260 neque
1704 2230 1857 2260 personae
1873 2220 2008 2261 Spiritus
2024 2221 2129 2252 Sancti
2145 2232 2245 2259 amor,
2268 2233 2324 2255 seu
2348 2222 2458 2255 relatio
2474 2229 2511 2255 ut

1441 2264 1585 2294 donetur.
1611 2263 1673 2294 Sed
1696 2263 1721 2294 si
1746 2264 1785 2294 de
1805 2264 1924 2295 eisdem
1946 2265 2089 2305 personis
2105 2273 2142 2297 ut
2156 2266 2372 2307 significantur
2385 2267 2434 2299 hi·
2450 2273 2511 2300 ter-

1427 2306 1552 2344 'minis‚
1577 2307 1693 2338 scilicet
1717 2308 1822 2338 Verbo
1852 2315 1882 2339 et
1909 2309 2022 2346 Dono,
2048 2317 2094 2341 est
2122 2320 2244 2348 sermo;
2269 2318 2346 2343 tunc
2373 2311 2515 2344 dicimus*

1441 2351 1535 2384 Verbi
1559 2361 1713 2392 personae
1737 2362 1803 2383 esse
1827 2353 1994 2393 proprium
2017 2360 2196 2394 respectum
2220 2355 2260 2385 ad
2283 2365 2331 2386 res
2355 2355 2462 2394 dictas,
2476 2362 2511 2388 et

1441 2395 1526 2426 Doni
1550 2405 1704 2436 personae
1728 2403 1906 2437 respectum
1930 2397 1970 2427 ad
1994 2407 2042 2428 res
2065 2398 2142 2428 doni
2166 2409 2304 2439 capaces,
2329 2406 2386 2431 etc.

1500 2440 1553 2471 Vl.
1579 2441 1620 2471 Et
1643 2451 1698 2481 per
1716 2441 1793 2471 haec
1813 2448 1898 2481 patet
1918 2442 2036 2473 solutio
2053 2449 2315 2482 argumentorum
2331 2444 2521 2475 multorum-

1441 2485 1528 2525 apu'd
1551 2484 1763 2525 Capreolum,
1792 2485 1847 2521 ubi
1871 2496 1966 2526 supra
1983 2485 2012 2523 ὓ,
2036 2487 2214 2518 volentium
2236 2488 2326 2528 quod
2348 2495 2509 2529 respectus

1441 2528 1653 2560 donabilitatis
1676 2539 1742 2560 non
1766 2536 1812 2560 est
1834 2530 1984 2571 proprius
2007 2530 2100 2562 alicui
2126 2531 2293 2563 Personae.
2322 2533 2395 2564 Hoc
2422 2532 2510 2564 enim

1441 2580 1487 2604 est
1504 2583 1616 2604 verum
1640 2573 1760 2604 ratione
1783 2574 1982 2615 proprietatis
2006 2575 2181 2615 personalis
2205 2575 2388 2616 simpliciter
2406 2577 2510 2609 consi-

1440 2617 1579 2648 deratae:
1600 2617 1716 2648 falsum
1732 2625 1839 2649 autem
1854 2618 1975 2650 ratione
1990 2619 2127 2650 absoluti
2142 2619 2256 2651 inclusi
2271 2630 2337 2651 non
2354 2623 2508 2659 extranee,

1440 2662 1495 2692 sed
1518 2669 1554 2693 ut
1576 2661 1610 2692 in
1629 2661 1762 2704 obliquo
1787 2662 1925 2694 cadentis
1941 2663 1973 2693 in
1990 2663 2058 2694 eius
2081 2662 2211 2695 ratione.
2236 2664 2325 2696 Sicut
2347 2664 2380 2696 in
2399 2661 2509 2696 defini-

1438 2706 1525 2737 tione
1548 2716 1702 2747 personae
1726 2707 1857 2747 ponitur
1883 2707 2044 2739 rationalis
2068 2714 2196 2739 natura:
2225 2715 2256 2740 et
2278 2709 2304 2739 si
2327 2709 2510 2741 definiretur

1440 2760 1575 2791 persona
1589 2750 1719 2788 divina,
1750 2752 1873 2782 caderet
1895 2751 1928 2782 in
1951 2752 2019 2783 eius
2042 2752 2164 2784 ratione
2187 2759 2298 2785 natura
2327 2753 2443 2786 divina.
2466 2754 2509 2786 Et

1439 2794 1598 2832 similiter,
1626 2795 1653 2826 si
1676 2794 1858 2827 definiretur
1880 2796 2023 2827 Verbum
2053 2796 2213 2834 divinum,
2244 2796 2426 2830 definiretur
2452 2805 2509 2840 per

1439 2839 1585 2870 notitiam
1613 2839 1769 2870 divinam:
1794 2847 1825 2872 et
1847 2839 1990 2871 similiter
2017 2841 2151 2872 Donum
2180 2851 2236 2882 per
2263 2852 2407 2874 amorem
2431 2842 2508 2887 divi-

1439 2893 1528 2921 num,
1553 2889 1610 2915 etc.

1491 2928 1561 2960 VII.
1574 2928 1625 2959 Ad
1642 2935 1826 2968 argumenta
1838 2939 1913 2970 ergo
1924 2929 2055 2960 Aureoli
2067 2930 2087 2949 '⁸‘
2099 2929 2266 2967 veniendo,
2279 2929 2393 2961 dicitur
2406 2930 2506 2972 quod,

1439 2983 1476 3003 ex
1498 2972 1607 3013 inopia
1630 2973 1875 3010 vocabulorum,
1899 2974 1999 3005 modo
2024 2974 2138 3005 dicitur
2159 2974 2248 3015 quod
2271 2974 2406 3015 Spiritus
2429 2974 2519 3013 San--

1439 3024 1508 3048 ctus
1531 3017 1674 3058 procedit
1697 3022 1734 3049 ut
1756 3019 1939 3058 impressio,
1965 3018 2065 3050 modo
2088 3025 2125 3050 ut
2147 3019 2304 3059 impulsus
2311 3042 2322 3057 ‚
2346 3019 2448 3052 modo
2471 3026 2508 3051 ut

1439 3071 1542 3099 amor,
1568 3067 1642 3098 etc.;
1666 3068 1702 3093 ut
1716 3062 1766 3093 vel
1782 3068 1830 3093 tot
1852 3062 2038 3093 nominibus
2060 3072 2127 3094 rem
2151 3063 2321 3094 obscuram
2343 3069 2439 3105 atque
2458 3063 2517 3105 im·

1439 3106 1636 3137 nominatam
1659 3104 1832 3146 significare
1856 3107 2026 3148 possimus·

1495 3150 1593 3187 Quod
1616 3156 1724 3181 autem
1747 3150 1875 3182 additur
1892 3150 2009 3182 salsum
2029 3160 2095 3181 esse
2114 3151 2203 3192 quod
2223 3150 2357 3192 Spiritus
2373 3151 2507 3194 Sanctus

1439 3195 1582 3235 procedit
1600 3201 1636 3226 ut
1653 3204 1754 3231 amor,
1771 3202 1918 3235 negatur:
1943 3194 2098 3237 quoniam
2116 3194 2178 3226 hoc
2194 3205 2367 3227 commune
2386 3195 2508 3228 dictum

1439 3239 1630 3270 Sanctorum
1645 3248 1713 3270 esse
1728 3239 1862 3270 videtur.
1879 3258 1899 3262 —
1914 3240 1956 3270 Et
1969 3239 2009 3270 ad
2024 3238 2160 3280 primam
2179 3239 2211 3270 in
2229 3240 2416 3280 oppositum
2432 3249 2507 3281 pro-

1439 3283 1617 3321 bationem,
1648 3284 1791 3324 neganda
1814 3290 1861 3315 est
1889 3283 2034 3325 sequela,
2064 3283 2103 3314 de
2133 3294 2241 3315 amore
2272 3284 2428 3316 essentiali
2457 3284 2521 3318 lor

1438 3328 1578 3368 quendo.
1610 3328 1775 3366 Quoniam
1805 3338 1871 3359 non
1898 3338 1937 3359 eo
1968 3327 2103 3368 Spiritus
2133 3328 2266 3359 Sanctus
2297 3338 2363 3370 quo
2395 3337 2504 3366 amor;

1438 3371 1583 3412 quamvis
1606 3372 1718 3403 eadem
1741 3371 1943 3413 processione
1966 3371 2005 3402 sit
2028 3371 2163 3412 Spiritus
2186 3371 2329 3409 Sanctus,
2354 3379 2385 3404 et
2407 3373 2504 3410 Deus,

1439 3423 1469 3447 et
1487 3426 1587 3453 amor,
1605 3423 1635 3447 et
1649 3418 1769 3453 beatus,
1794 3423 1869 3453 etc.;
1895 3423 1930 3447 ut
1949 3422 2034 3456 patet
2057 3426 2112 3456 per
2135 3416 2353 3457 Augustinum
2369 3424 2400 3448 et
2418 3417 2504 3448 Hila-

1438 3460 1531 3497 rium,
1555 3460 1588 3491 in
1610 3471 1685 3494 xvm
1708 3460 1907 3492 distinctione
1930 3459 2037 3491 Primi.
2276 3473 2279 3476 >

1495 3505 1547 3535 Ad
1570 3505 1742 3536 secundam
1765 3514 1840 3536 vero
1860 3504 2095 3546 dicitur‚'quod
2117 3504 2150 3547 ly
2173 3514 2267 3536 amor
2285 3504 2421 3536 sumitur
2435 3513 2504 3545 per-

1438 3545 1603 3585 sonaliter;
1636 3556 1667 3580 et
1696 3547 1785 3590 quod
1812 3546 1896 3580 valet
1923 3549 2166 3590 consequentia,
2197 3549 2337 3590 Spiritus
2358 3548 2505 3580 *Sanctus

1426 3626 1430 3630 .
1433 3593 1579 3634 procedit
1602 3599 1638 3624 ut
1660 3603 1772 3631 amor,
1796 3593 1875 3624 idest
1898 3597 1933 3624 ut
1957 3594 2123 3634 impressio
2149 3593 2290 3624 amando
2307 3592 2501 3634 procedens,

2537 2499 2546 2508 ·
2561 2497 2598 2520 Cf.
2613 2496 2678 2520 mub-
2693 2503 2730 2522 ιιι.

2532 2938 2543 2949 “
2559 2937 2595 2961 Cf.
2609 2937 2666 2960 ibid.
