2768 4178
61 1717 70 1725 ¹
85 1715 109 1737 S.
120 1715 165 1736 Tb.
181 1716 232 1737 lect.
244 1722 270 1736 ιι.

60 1754 70 1758 -
86 1742 139 1763 Did.
155 1742 195 1763 nb.
211 1742 268 1768 um

59 1775 111 1796 cap.
127 1775 143 1795 1,
158 1774 181 1790 n.
192 1776 214 1795 4.

56 1834 67 1845 ⁸
83 1833 148 1855 Vers.
164 1839 197 1854 22.

61 2990 69 2999 ·
87 2989 143 3016 Cap.
159 2995 183 3015 n,
198 2995 220 3010 n.
233 2996 247 3010 1.

62 3123 73 3134 ¹·
88 3122 124 3144 Cf.
139 3128 202 3144 num.
218 3128 248 3143 vi

307 283 353 318 14
1033 270 1302 317 QUAESTIO
1333 271 1365 318 1,
1395 270 1693 308 ARTICULUS
1724 270 1775 306 iv

301 352 456 389 metriam,
475 362 540 383 non
564 358 731 392 propterea
750 358 831 382 esset
854 361 918 381 una
933 350 1078 382 scientia:
1104 361 1178 391 ergo
1199 361 1235 381 ex
1254 350 1373 382 unitate

302 397 500 428 revelationis
524 406 590 427 non
614 396 757 436 sequitur
780 395 884 426 unitas
908 395 1064 432 scientiae,
1081 402 1139 426 etc.

346 442 430 472 XIV.
443 443 505 472 Pro
519 440 673 471 evidentia
685 440 934 481 responsionum
949 440 990 470 ad
1001 440 1058 470 has
1074 439 1278 475 obiectiones‚
1294 439 1374 470 ultra

302 486 468 527 praedicta,
490 486 569 516 scito
591 485 680 526 quod
703 485 814 515 lumen
838 484 962 515 divinae
985 483 1184 515 revelationis
1208 483 1374 523 dupliciter

302 531 478 571 comparari
495 536 600 570 potest
615 529 654 559 ad
671 529 812 572 aliquam
828 529 1001 560 scientiam.
1014 529 1131 564 Primo,
1149 534 1185 558 ut
1198 527 1374 568 infundens

302 575 346 606 ad
361 575 517 616 infusum,
535 584 591 604 seu
607 583 702 604 causa
726 573 863 605 efficiens
887 574 927 604 ad
942 573 1096 604 effectum.
1117 573 1159 603 Et
1174 572 1218 602 sic
1237 582 1304 602 non
1321 572 1374 602 dat

302 620 457 650 unitatem
480 619 645 650 scientiae:
671 619 824 659 quoniam
849 625 955 659 potest
970 627 1083 648 omnes
1100 616 1254 652 scientias,
1268 626 1375 667 'quan-

301 671 513 704 tumcumque
537 663 687 699 diversas,
712 663 889 694 infundere.
916 662 989 693 Alio
1014 662 1124 697 modo,
1149 667 1185 691 ut
1208 661 1293 691 ratio
1316 670 1373 692 seu

301 709 415 739 modus
439 708 652 749 cognoscendi
675 708 802 745 obiecti,
828 708 888 737 sub
912 717 994 748 quo,
1021 716 1076 736 seu
1100 715 1180 746 qua,
1205 705 1375 755 attingatur

301 762 350 783 res
374 753 509 783 revelata
532 762 550 782 a
573 759 794 792 cognoscente.
819 752 861 782 Et
884 751 928 782 sic
960 751 1013 782 dat
1036 749 1192 781 unitatem
1215 748 1373 780 scientiae.

300 797 341 828 Et
364 797 510 838 quamvis
533 797 593 827 ista
622 797 739 836 duplex
763 796 960 849 comparatio
993 800 1160 826 concurrat
1181 793 1233 824 hic
1257 793 1372 829 simul,

300 851 367 872 non
383 849 489 872 tamen
509 848 641 882 oportet
657 851 781 881 semper
790 840 899 871 simul
915 849 1111 871 concurrere.
1136 838 1168 868 Si
1184 837 1271 868 enim
1287 838 1374 868 Deus

300 886 450 917 revelaret
471 886 551 916 mihi
574 886 801 926 geometriam,
827 895 893 915 non
917 891 1084 925 propterea
1112 881 1260 913 revelatio
1294 889 1374 912 esset

300 930 380 961 ratio
399 931 457 961 sub
480 941 543 971 qua
569 931 682 961 obiecti
706 929 897 970 geometriae
920 937 1027 959 meae:
1052 927 1207 969 quoniam
1232 936 1292 966 ego
1317 926 1374 956 sci-

299 984 367 1005 rem
390 975 624 1016 geometricalia
638 975 697 1005 sub
713 974 833 1005 illamet
855 973 976 1004 ratione
995 972 1131 1008 formali,
1149 981 1214 1012 qua
1229 971 1281 1001 alii
1297 980 1373 1010 geo-

300 1026 418 1050 metrae
442 1020 564 1050 scirent.
582 1019 644 1050 Sed
667 1019 699 1049 in
723 1018 885 1058 theologia
909 1017 1067 1048 concurrit
1089 1023 1224 1056 utraque
1244 1025 1374 1055 compa-

299 1064 398 1095 ratio:
427 1064 581 1104 quoniam
605 1071 636 1095 et
658 1064 735 1094 haec
768 1062 897 1094 scientia
921 1072 986 1092 non
1011 1061 1070 1091 nisi
1099 1070 1156 1101 per
1177 1059 1374 1090 infusionem

299 1108 405 1139 habita
421 1116 482 1144 est;
499 1115 530 1139 et
552 1118 600 1138 res
625 1108 719 1138 scitae
741 1107 774 1137 in
799 1117 834 1137 ea
850 1116 962 1137 omnes
982 1105 1188 1145 attinguntur,
1210 1112 1240 1135 et
1262 1104 1307 1135 eis
1326 1114 1374 1135 as-

1428 350 1570 387 sentitur,
1588 357 1624 381 ut
1642 350 1778 381 subsunt
1802 349 1910 380 divino
1927 349 2051 385 lumini,
2070 355 2106 379 ut
2125 349 2225 379 modo
2249 348 2503 389 cognoscibilita-

1427 394 1466 425 tis
1490 405 1609 427 earum.
1626 395 1667 425 Et
1682 402 1849 435 propterea
1865 394 1968 425 unitas
1991 392 2172 433 theologiae
2190 392 2323 424 infertur
2346 393 2379 423 in
2402 392 2503 424 littera

1429 449 1465 469 ex
1489 439 1610 470 unitate
1634 439 1731 469 divini
1755 438 1896 475 luminis,
1913 447 1979 468 non
2003 445 2039 468 ut
2061 437 2234 468 infundens
2250 443 2306 473 est,
2323 437 2379 468 sed
2398 443 2434 468 ut
2457 443 2504 468 est

1428 483 1508 514 ratio
1533 483 1675 515 formalis
1697 483 1756 514 sub
1774 493 1850 524 qua,
1869 483 1969 513 modo
1993 481 2139 522 superius
2163 481 2320 522 exposito.

1482 528 1551 559 XV.
1577 528 1617 558 Et
1641 538 1678 559 ex
1701 527 1750 558 his
1773 534 1860 568 patet
1874 527 1965 558 facile
1982 526 2149 567 responsio
2166 526 2206 556 ad
2230 525 2354 556 obiecta
2375 525 2404 556 *.
2419 525 2503 556 Nam

1429 572 1508 603 ratio
1524 572 1645 603 Alberti
1661 571 1849 612 aequivocat
1871 572 1911 602 de
1925 571 2046 602 ratione
2063 570 2188 606 obiecti,
2210 580 2246 601 ex
2266 569 2504 600 conditionibus

1428 616 1559 647 rationis
1575 616 1718 647 formalis
1735 616 1851 647 obiecti
1866 622 1903 647 ut
1917 626 1976 652 res,
1997 615 2195 646 excludendo
2212 614 2369 646 rationem
2386 613 2504 644 forma-

1427 661 1493 691 lem
1517 661 1633 691 obiecti
1656 667 1692 692 ut
1716 660 1888 696 obiectum,
1909 666 1966 691 etc.
1981 677 1999 683 -
2012 660 2119 691 Prima
2142 666 2251 690 autem
2267 659 2347 690 ratio
2371 658 2504 689 Aureoli

1429 704 1547 736 deficit:
1573 705 1649 746 quia
1672 705 1782 736 lumen
1802 704 1948 735 divinum
1972 715 2005 735 se
2028 704 2123 735 habet
2142 711 2178 735 ut
2200 703 2378 735 intellectus
2397 712 2503 743 agens,

1429 750 1483 780 sed
1517 759 1584 779 non
1607 755 1749 785 tantum;
1774 749 1830 779 sed
1862 749 1959 780 etiam
1982 755 2018 779 ut
2041 748 2121 779 ratio
2154 748 2297 779 formalis
2329 747 2446 778 obiecti
2470 753 2506 778 ut

1428 793 1593 824 obiectum
1605 801 1662 824 est.
1674 810 1692 816 -
1703 793 1849 824 Secunda
1860 803 1936 824 vero
1950 793 2066 824 eodem
2078 793 2179 824 modo
2192 792 2312 823 deficit:
2330 792 2406 833 quia
2418 801 2505 832 prae—

1429 838 1565 878 ceptoris
1597 837 1790 873 illuminatio
1814 837 1865 869 hic
1888 847 1954 868 non
1978 838 2086 868 solum
2110 844 2156 868 est
2179 836 2319 873 infusio,
2346 837 2402 867 sed
2424 836 2504 867 ratio

1428 882 1472 912 rei
1495 881 1620 912 infusae
1642 882 1702 913 sub
1724 891 1798 922 qua.
1827 882 1868 913 Et
1891 892 2019 918 rursus,
2044 881 2162 912 falsum
2186 889 2232 912 est
2255 881 2344 922 quod
2373 881 2413 911 ab
2436 891 2504 911 uno

1427 933 1632 966 praeceptore
1655 933 1692 956 ut
1715 926 1773 962 sic,
1795 926 1919 967 possint
1939 927 2046 967 plures
2069 926 2216 957 scientiae
2237 925 2414 966 provenire.

1481 971 1533 1001 Ad
1548 970 1701 1001 ultimum
1724 977 1833 1001 autem
1846 971 1988 1007 Aureoli,
2012 970 2077 1001 iam
2097 978 2183 1011 patet
2201 970 2291 1011 quod
2307 979 2505 1010 consequen-

1427 1015 1471 1046 tia
1486 1014 1565 1045 nihil
1583 1014 1680 1045 valet:
1702 1014 1778 1055 quia
1800 1015 1912 1045 lumen
1935 1015 2091 1051 divinum,
2115 1014 2316 1046 infundendo
2339 1014 2505 1055 physicam

1427 1059 1524 1090 simul
1548 1065 1579 1090 et
1602 1058 1869 1094 mathematicam,
1890 1069 1956 1089 non
1980 1059 2140 1090 concurrit
2162 1066 2198 1090 ut
2221 1059 2301 1090 ratio
2326 1058 2442 1090 obiecti
2470 1065 2507 1089 ut

1429 1104 1592 1135 obiectum
1615 1110 1672 1139 est,
1699 1103 1753 1134 sed
1777 1110 1812 1135 ut
1835 1103 2008 1134 infundens
2031 1110 2166 1140 tantum,
2184 1110 2242 1135 etc.

1086 1276 1407 1319 ARTICULUS
1438 1276 1713 1328 QUARTUS

839 1375 996 1406 UTRUM
1021 1373 1161 1405 SACRA
1185 1373 1413 1405 DochNA
1436 1373 1504 1404 srr
1528 1372 1729 1404 SC1ENT1A
1753 1372 1972 1404 PRAcrch

1180 1467 1189 1491 1
1210 1467 1293 1496 Sent.,
1314 1466 1393 1497 Prot,
1413 1471 1460 1491 art.
1481 1465 1503 1495 3.
1523 1467 1570 1498 qu·
1586 1474 1603 1491 1.

337 1594 345 1603 s
383 1594 392 1605 ἶ
417 1596 431 1609 ‚s
447 1584 467 1597 2-
511 1571 533 1596 D
554 1570 727 1601 QUARTUM
747 1570 800 1595 sm
825 1569 1064 1594 PRocizmTUR.
1086 1557 1246 1593 Videtur
1265 1555 1370 1604 quod

326 1604 373 1633 '¹⁷‘
511 1624 619 1650 sacra
639 1611 810 1671 doctrina
830 1611 876 1647 sit
895 1609 1082 1647 scientia*
1101 1610 1278 1710 pract’ica.
1308 1609 1370 1646 Fi—

298 1777 414 1813 Sacra
442 1781 572 1810 autem
602 1772 775 1810 doctrina
800 1771 849 1808 ad
869 1771 1133 1820 operationem
1163 1770 1371 1817 ordinatur,

297 1828 521 1873 secundum,
551 1827 642 1863 illud
667 1825 828 1863 Iac.1*.
859 1831 971 1862 estote
986 1826 1160 1874 factores
1187 1824 1308 1869 verbi,
1338 1829 1375 1860 et

297 1895 371 1921 non
392 1881 581 1918 auditores
601 1885 756 1917 tantum.
779 1879 882 1927 Ergo
902 1891 1010 1916 sacra
1029 1878 1200 1916 doctrina
1217 1884 1273 1914 est
1286 1889 1371 1926 pra-

297 1937 391 1974 ctica
419 1934 584 1971 scientia.

351 2002 386 2026 2.
422 1989 664 2032 PRAETEREA,
699 1998 806 2023 sacra
845 1985 1016 2022 doctrina
1052 1983 1232 2022 dividitur
1265 1996 1335 2032 per
1355 1981 1372 2011 Ρ

296 2045 419 2090 legem
462 2049 635 2078 veterem
684 2047 719 2076 et
763 2051 921 2076 novam.
967 2039 1047 2075 Lex
1085 2045 1213 2074 autem
1257 2037 1371 2086 perti-

274 2104 360 2133 >net
397 2095 446 2132 ad
483 2093 679 2131 scientiam
717 2093 929 2139 moralem,
977 2103 1077 2140 quae
1116 2098 1172 2127 est
1214 2090 1371 2127 scientia

295 2149 474 2199 practica.
514 2149 616 2195 Ergo
651 2159 757 2184 sacra
797 2145 967 2183 doctrina
1006 2152 1062 2182 est
1095 2144 1250 2181 scientia
1285 2155 1370 2193 pra·

297 2203 403 2240 ctica.

351 2257 426 2293 SED
456 2266 614 2300 CONTRA,
645 2253 771 2290 omnis
801 2251 956 2289 scientia
974 2250 1141 2300 practica
1162 2259 1217 2287 est
1245 2250 1370 2288 dere-

297 2311 369 2347 bus
399 2307 656 2357 operabilibus
685 2307 733 2343 ab
763 2305 936 2350 homine;
958 2313 999 2341 ut
1027 2304 1184 2342 moralis
1214 2304 1261 2342 de
1282 2304 1371 2341 acti-

297 2364 369 2400 bus
393 2362 607 2407 hominum,
639 2368 674 2397 et
694 2359 933 2398 aedificativa
960 2359 1007 2395 de
1028 2357 1222 2395 aedificiis.
1254 2358 1370 2395 Sacra

298 2424 427 2454 autern
457 2414 627 2452 doctrina
666 2421 721 2450 est
757 2412 1013 2462 principaliter
1050 2412 1097 2448 de
1127 2413 1233 2458 Deo,
1265 2411 1371 2448 cuius

352 2556 379 2587 α)
398 2556 518 2580 scientia.
537 2569 554 2573 -
573 2555 634 2579 Om.
649 2554 759 2579 codices.

353 2591 377 2624 β)
394 2599 454 2623 per.
472 2605 489 2610 -
509 2591 534 2615 in
555 2591 584 2615 F..

351 2629 377 2660 γ)
398 2627 530 2651 doctrina.
548 2640 566 2644 -
585 2626 720 2658 scriptura
737 2627 766 2650 A.
785 2639 803 2644 -
817 2629 845 2650 ut
860 2625 959 2649 dictum
975 2627 1014 2649 est
1026 2631 1079 2648 om.
1096 2624 1143 2656 pC.
1156 2637 1176 2642 —
1191 2631 1244 2648 una
1256 2631 1310 2648 om.
1324 2623 1372 2655 pB.

1425 1555 1544 1603 magis
1573 1555 1750 1592 homines
1771 1563 1857 1592 sunt
1876 1567 2006 1604 opera.
2036 1555 2129 1591 Non
2155 1565 2246 1602 ergo
2268 1561 2324 1590 est
2349 1553 2507 1591 scientia

1423 1608 1604 1658 practica,
1634 1609 1703 1646 sed
1732 1609 1855 1657 magis
1884 1607 2130 1658 speculativa.

1479 1663 1706 1699 RESPONDEO
1735 1674 1920 1699 mCENDUM
1944 1661 2051 1710 quod
2080 1673 2188 1698 sacra
2217 1661 2389 1699 doctrina
2407 1666 2435 1708 ⁷,
2465 1668 2507 1698 ut

1362 1747 1369 1753 .
1426 1715 1571 1753 dictum
1601 1723 1656 1753 est
1674 1716 1706 1763 ²¹²,
1736 1728 1813 1753 una
1833 1715 2010 1762 existens,
2031 1727 2071 1752 se
2093 1714 2262 1753 extendit
2276 1715 2324 1752 ad
2347 1727 2392 1753 ea
2407 1726 2507 1764 quae

1424 1769 1614 1818 pertinent
1634 1769 1684 1806 ad
1703 1769 1875 1807 diversas
1899 1768 2076 1807 scientias
2095 1768 2395 1818 philosophicas,
2416 1780 2507 1818 pro-

1425 1830 1508 1872 pter
1546 1823 1734 1860 rationem
1769 1822 1970 1860 formalem
2001 1819 2014 1844 '³
2041 1834 2160 1870 quam
2194 1822 2234 1860 in
2262 1822 2424 1859 diversis
2452 1829 2508 1860 at-

1424 1876 1561 1914 tendit:
1591 1876 1731 1924 scilicet
1750 1883 1865 1924 prout
1883 1883 1971 1913 sunt
1991 1875 2122 1912 divino
2142 1875 2286 1913 lumine
2307 1876 2507 1924 cognosci-

1425 1929 1524 1967 bilia.
1555 1929 1667 1967 Unde
1695 1929 1782 1966 licet
1810 1928 1848 1965 in
1876 1927 2041 1966 scientiis
2067 1928 2344 1978 philosophicis
2367 1929 2441 1968 alia
2460 1929 2508 1969 sit

1424 1982 1657 2033 speculativa
1686 1990 1722 2020 et
1741 1982 1813 2019 alia
1841 1981 2025 2031 practica,
2055 1994 2164 2019 sacra
2183 1990 2315 2020 tamen
2334 1982 2508 2022 doctrina

1425 2036 1719 2086 comprehendit
1752 2036 1824 2073 sub
1853 2048 1893 2073 se
1922 2043 2127 2085 utramque
2146 2041 2178 2081 '3
2209 2035 2306 2073 sicut
2334 2043 2372 2074 et
2398 2037 2507 2075 Deus

1424 2091 1561 2128 eadem
1591 2089 1747 2126 scientia
1776 2101 1816 2126 se
1847 2089 2052 2137 cognoscit,
2083 2097 2119 2126 et
2149 2101 2194 2126 ea
2224 2101 2322 2139 quae
2351 2089 2450 2127 facit.

1478 2143 1601 2191 Magis
1638 2151 1770 2180 tamen
1809 2150 1864 2179 est
1902 2142 2136 2191 speculativa
2169 2154 2287 2192 quam
2314 2143 2504 2192 practica:

1422 2197 1511 2247 quia
1539 2195 1784 2246 principalius
1813 2195 1888 2244 agit
1917 2197 1964 2234 de
1995 2195 2110 2233 rebus
2140 2195 2278 2234 divinis
2307 2208 2427 2245 quam
2457 2197 2505 2235 de

1422 2250 1569 2288 actibus
1597 2249 1798 2295 humanis;
1828 2249 1876 2287 de
1906 2249 2045 2299 quibus
2065 2249 2139 2298 agit
2157 2251 2372 2288 secundum
2398 2251 2505 2300 quod

1423 2316 1492 2353 per
1513 2316 1580 2341 eos
1600 2302 1800 2340 ordinatur
1827 2303 1947 2340 homo
1968 2303 2017 2340 ad
2037 2303 2246 2352 perfectam
2271 2304 2346 2341 Dei
2377 2305 2506 2353 cogni·

1421 2357 1581 2404 tionem,
1612 2357 1651 2394 in
1679 2369 1756 2404 qua
1785 2364 1939 2394 aeterna
1969 2357 2164 2394 beatitudo
2195 2357 2378 2395 consistit.

1477 2411 1526 2448 Et
1554 2423 1623 2460 per
1651 2411 1726 2447 hoc
1755 2417 1859 2459 patet
1888 2411 2088 2460 responsio
2118 2411 2166 2448 ad
2195 2411 2359 2449 obiecta.

1459 2550 1504 2611 όῥ)
1518 2551 1674 2584 formalem.
1684 2565 1702 2570 -
1715 2558 1879 2576 communem
1895 2550 2069 2576 BCDEFGsA
2084 2556 2108 2576 et
2123 2552 2170 2582 ab,
2186 2559 2240 2577 om.
2256 2553 2304 2584 pA.
2315 2567 2333 2571 -
2347 2553 2448 2578 scilicet
2457 2560 2503 2578 om

1427 2595 1458 2612 co
1477 2594 1671 2654 ¹ec)esiitra,›nque.
1690 2636 1709 2641 -
1727 2626 1870 2655 utrumque
1889 2622 2000 2647 codices.
2017 2635 2037 2642 —
2056 2622 2107 2648 Pro
2118 2623 2200 2656 facit,
2211 2624 2283 2656 fecit
2300 2623 2332 2649 E.

977 2712 1313 2746 Commentario.
1336 2710 1588 2745 cardinalis
1611 2710 1814 2744 Caietam

329 2815 348 2835 N
372 2803 482 2839 titulo,
512 2802 690 2832 notandum
719 2808 764 2831 cst
793 2801 869 2841 quid
892 2801 1029 2831 nominis
1053 2800 1200 2831 scientiae
1229 2800 1369 2840 specula-

302 2817 410 2879 Itivae
439 2854 469 2878 et
498 2846 661 2887 practicae.
698 2844 831 2876 Scientia
864 2845 1061 2885 speculativa
1094 2852 1244 2881 vocatur,
1279 2844 1370 2876 cuius

299 2893 369 2923 finis
393 2891 540 2932 proprius
568 2900 634 2920 non
663 2896 709 2920 est
732 2889 791 2919 nisi
815 2889 909 2920 scire:
935 2889 1062 2920 scientia
1086 2896 1193 2920 autem
1220 2890 1367 2930 practica

300 2944 355 2973 est,
377 2936 466 2967 cuius
482 2935 629 2975 proprius
646 2933 717 2964 finis
734 2941 779 2964 est
796 2933 929 2973 operari,
946 2933 995 2964 vel
1011 2943 1107 2974 opere
1131 2934 1300 2974 appetitus,
1320 2934 1369 2964 vel

300 2981 460 3022 potentiae
483 2979 675 3014 executivae‚
701 2978 823 3009 dicente
846 2977 1014 3009 Aristotele
1035 2978 1060 3008 ll
1082 2978 1185 3009 Ethic.
1202 2978 1234 3007 *ἰ
1259 2979 1368 3009 huius-

300 3026 386 3057 modi
400 3034 579 3056 sermonem
596 3023 803 3063 suscipimus,
827 3032 889 3053 non
907 3028 941 3053 ut
965 3024 1098 3053 scientes
1121 3024 1238 3060 simus,
1262 3023 1319 3054 sed
1335 3022 1386 3054 ut*

301 3075 481 3111 operantes,
502 3075 559 3099 etc.

355 3114 443 3145 11.1n
460 3122 593 3154 corpore
617 3112 698 3142 duae
715 3111 974 3148 conclusioneS.
949 3109 964 3126 *
994 3111 1097 3142 Prima
1113 3118 1174 3142 est:
1191 3110 1371 3151 Theologia

301 3169 359 3190 nec
375 3165 421 3189 est
437 3167 515 3198 pure
530 3156 674 3207 practica,
692 3166 749 3186 nec
766 3165 844 3196 pure
864 3134 1068 3196 speculativa;
1090 3156 1145 3186 sed
1161 3155 1262 3191 altior,
1283 3165 1370 3186 com-

302 3202 520 3244 prehendens*
514 3212 545 3232 in
563 3211 594 3232 se
611 3201 801 3231 eminentius
818 3200 972 3230 rationem
989 3200 1115 3240 practici
1131 3207 1161 3231 et
1176 3199 1368 3240 speculativi.

356 3248 407 3278 111.
424 3250 607 3287 Antequam
627 3245 789 3276 conclusio
814 3245 974 3285 probetur,
992 3244 1030 3274 ad
1050 3244 1240 3275 evidentiam
1260 3253 1371 3275 sensus

303 3291 526 3327 conclusionis,
550 3290 628 3321 scito
645 3289 734 3330 quod
750 3290 930 3329 practicam
956 3296 986 3320 et
1008 3289 1239 3329 speculativum
1266 3298 1370 3329 neque

304 3343 377 3367 sunt
400 3335 588 3366 differentiae
611 3333 808 3369 essentiales,
834 3343 937 3374 neque
961 3333 1051 3373 quasi
1075 3333 1237 3373 passiones
1261 3342 1370 3364 conse-

303 3387 436 3421 quentes
459 3379 644 3410 differentias
668 3378 856 3413 essentiales,
882 3377 986 3418 primo
1011 3377 1184 3408 dividentes
1208 3377 1371 3408 scientiam

304 3425 336 3455 in
360 3423 541 3454 communi:
566 3423 646 3454 sicut
666 3433 722 3453 nec
746 3422 882 3453 visivum
902 3429 932 3453 et
949 3422 1126 3452 auditivum
1142 3429 1217 3453 sunt
1232 3421 1372 3452 differen-

305 3469 365 3500 tiae
388 3468 492 3508 primo
517 3467 688 3498 dividentes
720 3476 850 3497 sensum
873 3466 905 3496 in
938 3466 1113 3497 communi.
1133 3466 1195 3497 Sed
1218 3466 1371 3507 quemad-

306 3512 442 3544 modum
465 3521 575 3542 sensus
591 3511 677 3551 prius
693 3511 842 3542 dividitur
866 3510 898 3541 in
914 3520 1111 3543 communem
1136 3518 1166 3541 et
1185 3511 1369 3551 proprium,

307 3564 337 3588 et
353 3556 465 3587 deinde
481 3555 754 3596 sensusproprius
777 3555 926 3586 dividitur
941 3555 973 3585 in
997 3555 1111 3591 visum,
1128 3555 1284 3590 auditum,
1302 3561 1370 3590 etc.;

306 3602 348 3633 ita
364 3600 491 3632 scientia
514 3600 600 3640 prius
617 3599 765 3631 dividitur
783 3599 815 3630 in
835 3599 997 3630 scientiam
1014 3599 1171 3640 infinitam
1189 3606 1219 3630 et
1223 3599 1371 3641 finitam,

307 3652 337 3677 et
361 3645 473 3677 deinde
497 3643 623 3675 scientia
647 3643 734 3674 finita
766 3643 915 3675 dividitur
937 3643 969 3674 in
994 3643 1220 3684 speculativam
1253 3650 1283 3674 et
1306 3653 1373 3683 pra—

1424 2799 1546 2830 cticam.
1562 2800 1603 2830 Et
1621 2799 1701 2831 ratio
1725 2799 1822 2830 huius
1845 2806 1903 2836 est,
1924 2799 1999 2840 quia
2020 2809 2082 2830 una
2106 2799 2187 2831 ratio
2220 2799 2363 2830 formalis
2387 2799 2507 2832 obiecti

1424 2843 1512 2875 finita
1536 2854 1602 2875 non
1626 2850 1731 2885 potest
1755 2843 1870 2874 habere
1895 2850 2064 2884 utramque
2089 2843 2326 2880 conditionem,
2355 2851 2387 2875 et
2413 2845 2506 2886 quod

1424 2888 1464 2919 sit
1487 2898 1525 2919 ex
1547 2898 1612 2939 qua
1635 2894 1780 2920 sumatur
1803 2888 1911 2928 regula
1935 2888 2098 2928 operandi,
2117 2895 2147 2920 et
2169 2888 2260 2930 quod
2275 2888 2315 2919 sit
2337 2888 2371 2919 in
2394 2898 2427 2920 se
2443 2888 2503 2920 eei-

1424 2932 1504 2969 bilis,
1522 2933 1618 2964 etiam
1641 2933 1668 2964 si
1691 2933 1779 2964 nulla
1802 2939 1911 2973 posset
1934 2943 1971 2963 ex
1995 2943 2031 2963 ea
2054 2933 2163 2974 regula
2191 2932 2298 2973 operis
2320 2931 2422 2964 sumi:
2446 2933 2504 2964 aed

1424 2984 1552 3018 oportet
1576 2978 1632 3008 has
1655 2977 1735 3008 duas
1758 2977 1957 3008 conditiones
1981 2977 2014 3008 in
2031 2978 2155 3009 duabus
2178 2976 2304 3008 fundari
2325 2976 2503 3009 rationibus

1425 3021 1613 3053 formalibus
1636 3021 1742 3057 finitis,
1760 3028 1795 3052 ut
1818 3028 1904 3062 patet
1927 3022 2097 3053 inductive.
2117 3022 2180 3054 Sed
2203 3021 2230 3052 si
2253 3021 2334 3052 ratio
2358 3021 2503 3054 formalis

1425 3066 1558 3097 alicuius
1588 3066 1703 3098 obiecti
1735 3065 1851 3096 scibilis
1874 3072 1921 3097 est
1944 3065 2085 3102 infinita,
2111 3066 2175 3098 iam
2199 3075 2236 3097 ex
2259 3075 2317 3096 sua
2347 3065 2503 3098 infinimte

1425 3117 1594 3151 utramque
1618 3110 1651 3141 in
1674 3120 1707 3141 se
1740 3110 1958 3141 conditionem
1989 3110 2246 3151 comprehendit,
2271 3110 2375 3141 altiori
2399 3110 2502 3142 modo

1425 3165 1523 3196 quam
1543 3155 1652 3186 sintin
1673 3155 1766 3186 rebus
1782 3154 1891 3185 finitis:
1914 3165 1952 3186 eo
1972 3155 2061 3196 quod
2077 3154 2218 3196 dispersa
2235 3155 2268 3185 in
2288 3154 2500 3192 inferioribus,

1426 3199 1513 3230 unite
1530 3199 1812 3239 praeinveniuntur
1828 3199 1860 3230 in
1880 3199 2047 3240 superiori.
2061 3199 2103 3230 Et
2117 3205 2295 3240 propterea.
2317 3199 2397 3231 sicut
2413 3208 2502 3241 prae-

1425 3250 1471 3274 ter
1495 3253 1606 3274 sensus
1629 3243 1778 3284 proprios
1802 3244 1894 3275 datur
1917 3253 2028 3276 sensus
2051 3243 2170 3275 altioris
2194 3243 2329 3280 ordinis,
2353 3244 2410 3285 qui
2433 3253 2502 3277 non

1426 3295 1472 3319 est
1486 3288 1582 3324 visus,
1600 3298 1657 3319 nec
1674 3288 1811 3323 auditus,
1833 3294 1902 3324 etc.;
1919 3288 1962 3319 ita
1985 3294 2108 3328 praeter
2123 3287 2268 3320 scientias
2292 3287 2501 3329 speculativa

1426 3339 1456 3363 et
1479 3332 1640 3372 practices,
1657 3332 1749 3363 datur
1773 3332 1901 3364 scientia
1924 3331 2044 3363 altioris
2068 3332 2198 3368 ordinis,
2217 3342 2284 3363 non
2307 3332 2502 3374 speculativa

1427 3386 1483 3407 nec
1507 3377 1658 3417 practica,
1683 3377 1739 3408 sed
1762 3376 1937 3408 eminenter
1960 3376 2126 3407 continens
2150 3383 2330 3418 utramque.
2350 3377 2392 3409 Et
2412 3376 2501 3409 iuxta

1426 3421 1512 3452 hunc
1535 3431 1666 3452 sensum
1688 3420 1872 3461 intelligitur
1892 3420 2067 3451 conclusio.
2093 3421 2185 3452 Unde
2209 3421 2240 3452 in
2261 3421 2363 3453 littera
2385 3420 2501 3453 dieitur

1426 3465 1525 3506 quod,
1550 3465 1622 3496 licet
1646 3465 1678 3496 in
1703 3463 1840 3496 scientiis
1863 3464 2002 3506 physicis
2025 3465 2087 3496 alia
2109 3465 2149 3496 sit
2173 3465 2367 3506 speculativa
2388 3471 2420 3496 et
2438 3464 2500 3496 alin

1427 3509 1563 3550 practica
1582 3508 1676 3551 (idest
1699 3509 1875 3550 practicum
1894 3515 1924 3540 et
1940 3509 2171 3550 speculativum
2195 3509 2312 3542 faciant
2329 3509 2498 3545 alietatem,

1427 3563 1509 3595 quae
1525 3560 1572 3584 est
1587 3553 1759 3585 differentia
1778 3551 2022 3595 substantialis);
2040 3563 2126 3585 sacra
2141 3561 2249 3586 tamen
2265 3553 2417 3589 doctrina,
2435 3563 2500 3584 una

1427 3598 1570 3634 existens,
1596 3597 1836 3638 comprehendit
1861 3605 2052 3639 utrumque,
2084 3606 2196 3640 utpote
2223 3597 2352 3631 scientia
2380 3597 2500 3629 altioris

1428 3641 1557 3674 ordinis.

2533 522 2542 530 ·
2562 521 2598 543 Cf.
2613 526 2678 543 num.
2693 527 2746 543 xm.

2533 1714 2612 1763 :dAzn'
2628 1714 2753 1742 praeced„
