<?xml version="1.0" encoding="UTF-8"?>
<!DOCTYPE html PUBLIC "-//W3C//DTD XHTML 1.0 Transitional//EN"
    "http://www.w3.org/TR/xhtml1/DTD/xhtml1-transitional.dtd">
<html xmlns="http://www.w3.org/1999/xhtml" xml:lang="en" lang="en">
 <head>
  <title>
</title>
<meta http-equiv="Content-Type" content="text/html;charset=utf-8" />
  <meta name='ocr-system' content='tesseract 3.04.00' />
  <meta name='ocr-capabilities' content='ocr_page ocr_carea ocr_par ocr_line ocrx_word'/>
</head>
<body>
  <div class='ocr_page' id='page_1' title='image "./operaomniaiussui04thom_0496.png"; bbox 0 0 2768 4178; ppageno 0'>
   <div class='ocr_carea' id='block_1_1' title="bbox 91 841 304 890">
    <p class='ocr_par' dir='ltr' id='par_1_1' title="bbox 91 841 304 890">
     <span class='ocr_line' id='line_1_1' title="bbox 91 841 304 890; baseline -0.005 0"><span class='ocrx_word' id='word_1_1' title='bbox 91 841 179 890; x_wconf 50' lang='lat' dir='ltr'>Intffgh.</span> <span class='ocrx_word' id='word_1_2' title='bbox 180 847 219 870; x_wconf 60' lang='grc' dir='ltr'>φ’</span> <span class='ocrx_word' id='word_1_3' title='bbox 238 846 304 868; x_wconf 73' lang='lat' dir='ltr'>mv,</span> 
     </span>
    </p>
   </div>
   <div class='ocr_carea' id='block_1_2' title="bbox 194 2917 305 2961">
    <p class='ocr_par' dir='ltr' id='par_1_2' title="bbox 194 2917 305 2960">
     <span class='ocr_line' id='line_1_2' title="bbox 194 2917 305 2939; baseline 0.01 -7"><span class='ocrx_word' id='word_1_4' title='bbox 194 2917 217 2932; x_wconf 81' lang='lat' dir='ltr'>rx</span> <span class='ocrx_word' id='word_1_5' title='bbox 245 2918 268 2933; x_wconf 90' lang='lat' dir='ltr'>n.</span> <span class='ocrx_word' id='word_1_6' title='bbox 282 2919 305 2939; x_wconf 79' lang='lat'><strong>4</strong></span> 
     </span>
     <span class='ocr_line' id='line_1_3' title="bbox 208 2928 305 2961; baseline 0.014 -2"><span class='ocrx_word' id='word_1_7' title='bbox 208 2928 305 2961; x_wconf 80' lang='lat' dir='ltr'>le’ct.vx.</span> 
     </span>
    </p>
   </div>
   <div class='ocr_carea' id='block_1_3' title="bbox 95 2911 193 2986">
    <p class='ocr_par' dir='ltr' id='par_1_3' title="bbox 95 2911 193 2986">
     <span class='ocr_line' id='line_1_4' title="bbox 95 2911 193 2986; baseline -0.016 -52.571"><span class='ocrx_word' id='word_1_8' title='bbox 95 2911 193 2986; x_wconf 57' lang='lat' dir='ltr'>{.,h</span> 
     </span>
    </p>
   </div>
   <div class='ocr_carea' id='block_1_4' title="bbox 95 2964 306 3014">
    <p class='ocr_par' dir='ltr' id='par_1_4' title="bbox 95 2964 306 3014">
     <span class='ocr_line' id='line_1_5' title="bbox 95 2964 306 3014; baseline 0.011 -2"><span class='ocrx_word' id='word_1_9' title='bbox 95 2966 122 3012; x_wconf 78' lang='lat' dir='ltr'>&#39;s</span> <span class='ocrx_word' id='word_1_10' title='bbox 121 2964 178 3013; x_wconf 63' lang='lat' dir='ltr'>cxii:</span> <span class='ocrx_word' id='word_1_11' title='bbox 186 2971 306 3014; x_wconf 52' lang='grc' dir='ltr'>ἷὲέὶῨιι.</span> 
     </span>
    </p>
   </div>
   <div class='ocr_carea' id='block_1_5' title="bbox 1024 238 1832 286">
    <p class='ocr_par' dir='ltr' id='par_1_5' title="bbox 1024 238 1832 286">
     <span class='ocr_line' id='line_1_6' title="bbox 1024 238 1832 286; baseline -0.004 -9"><span class='ocrx_word' id='word_1_12' title='bbox 1024 240 1291 286; x_wconf 89' lang='lat' dir='ltr'>QUAESTIO</span> <span class='ocrx_word' id='word_1_13' title='bbox 1321 239 1460 286; x_wconf 89' lang='lat' dir='ltr'>XLVI,</span> <span class='ocrx_word' id='word_1_14' title='bbox 1490 238 1788 275; x_wconf 90' lang='lat' dir='ltr'>ARTICULUS</span> <span class='ocrx_word' id='word_1_15' title='bbox 1819 238 1832 274; x_wconf 90' lang='grc' dir='ltr'><strong>Ι</strong></span> 
     </span>
    </p>
   </div>
   <div class='ocr_carea' id='block_1_6' title="bbox 526 442 2333 605">
    <p class='ocr_par' dir='ltr' id='par_1_6' title="bbox 526 442 2333 605">
     <span class='ocr_line' id='line_1_7' title="bbox 733 442 2122 522; baseline -0.001 -22"><span class='ocrx_word' id='word_1_16' title='bbox 733 443 1144 522; x_wconf 81' lang='lat' dir='ltr'>QUAESTIO</span> <span class='ocrx_word' id='word_1_17' title='bbox 1184 442 2122 520; x_wconf 79' lang='lat' dir='ltr'>QUADRAGESIMASEXTA</span> 
     </span>
     <span class='ocr_line' id='line_1_8' title="bbox 526 562 2333 605; baseline -0.001 0"><span class='ocrx_word' id='word_1_18' title='bbox 526 564 619 605; x_wconf 87' lang='lat' dir='ltr'>DE</span> <span class='ocrx_word' id='word_1_19' title='bbox 660 563 1029 605; x_wconf 79' lang='lat' dir='ltr'>PRINCIPIO</span> <span class='ocrx_word' id='word_1_20' title='bbox 1073 562 1535 605; x_wconf 88' lang='lat' dir='ltr'>DURATIONIS</span> <span class='ocrx_word' id='word_1_21' title='bbox 1578 562 1831 605; x_wconf 78' lang='lat' dir='ltr'><strong>RERUM</strong></span> <span class='ocrx_word' id='word_1_22' title='bbox 1874 562 2333 604; x_wconf 86' lang='lat' dir='ltr'><strong>CREATARUM</strong></span> 
     </span>
    </p>
   </div>
   <div class='ocr_carea' id='block_1_7' title="bbox 1161 669 1695 696">
    <p class='ocr_par' dir='ltr' id='par_1_7' title="bbox 1161 669 1695 696">
     <span class='ocr_line' id='line_1_9' title="bbox 1161 669 1695 696; baseline 0 -1"><span class='ocrx_word' id='word_1_23' title='bbox 1161 670 1197 695; x_wconf 91' lang='lat' dir='ltr'>IN</span> <span class='ocrx_word' id='word_1_24' title='bbox 1225 669 1316 695; x_wconf 89' lang='lat' dir='ltr'>TRES</span> <span class='ocrx_word' id='word_1_25' title='bbox 1344 670 1549 695; x_wconf 84' lang='lat' dir='ltr'>ARTICULOS</span> <span class='ocrx_word' id='word_1_26' title='bbox 1577 671 1695 696; x_wconf 82' lang='lat' dir='ltr'>DIVISA</span> 
     </span>
    </p>
   </div>
   <div class='ocr_carea' id='block_1_8' title="bbox 331 772 1399 981">
    <p class='ocr_par' dir='ltr' id='par_1_8' title="bbox 414 772 1399 866">
     <span class='ocr_line' id='line_1_10' title="bbox 414 772 1399 822; baseline -0.003 -10"><span class='ocrx_word' id='word_1_27' title='bbox 414 786 678 818; x_wconf 82' lang='lat' dir='ltr'>ONSEQUENTER</span> <span class='ocrx_word' id='word_1_28' title='bbox 707 773 1027 811; x_wconf 91' lang='lat' dir='ltr'>considerandum</span> <span class='ocrx_word' id='word_1_29' title='bbox 1053 780 1108 810; x_wconf 91' lang='lat' dir='ltr'>est</span> <span class='ocrx_word' id='word_1_30' title='bbox 1137 772 1185 810; x_wconf 90' lang='lat' dir='ltr'>de</span> <span class='ocrx_word' id='word_1_31' title='bbox 1212 772 1399 822; x_wconf 89' lang='lat' dir='ltr'>principio</span> 
     </span>
     <span class='ocr_line' id='line_1_11' title="bbox 415 825 1069 866; baseline -0.006 0"><span class='ocrx_word' id='word_1_32' title='bbox 415 828 621 866; x_wconf 88' lang='lat' dir='ltr'>durationis</span> <span class='ocrx_word' id='word_1_33' title='bbox 650 840 777 865; x_wconf 91' lang='lat' dir='ltr'>rerum</span> <span class='ocrx_word' id='word_1_34' title='bbox 808 834 1019 864; x_wconf 87' lang='lat' dir='ltr'>creatarum</span> <span class='ocrx_word' id='word_1_35' title='bbox 1037 825 1069 863; x_wconf 68' lang='lat'>²¹⁵.</span> 
     </span>
    </p>

    <p class='ocr_par' dir='ltr' id='par_1_9' title="bbox 331 879 1277 981">
     <span class='ocr_line' id='line_1_12' title="bbox 331 879 979 930; baseline -0.005 -11"><span class='ocrx_word' id='word_1_36' title='bbox 331 883 381 919; x_wconf 88' lang='lat' dir='ltr'>Et</span> <span class='ocrx_word' id='word_1_37' title='bbox 409 881 507 919; x_wconf 90' lang='lat' dir='ltr'>circa</span> <span class='ocrx_word' id='word_1_38' title='bbox 534 882 610 918; x_wconf 91' lang='lat' dir='ltr'>hoc</span> <span class='ocrx_word' id='word_1_39' title='bbox 638 887 872 930; x_wconf 90' lang='lat' dir='ltr'>quaeruntur</span> <span class='ocrx_word' id='word_1_40' title='bbox 898 879 979 917; x_wconf 90' lang='lat' dir='ltr'>tria.</span> 
     </span>
     <span class='ocr_line' id='line_1_13' title="bbox 386 931 1277 981; baseline -0.004 -9"><span class='ocrx_word' id='word_1_41' title='bbox 386 935 536 972; x_wconf 88' lang='lat' dir='ltr'>Primo:</span> <span class='ocrx_word' id='word_1_42' title='bbox 566 942 695 971; x_wconf 89' lang='lat' dir='ltr'>utrum</span> <span class='ocrx_word' id='word_1_43' title='bbox 725 941 918 970; x_wconf 88' lang='lat' dir='ltr'>creaturae</span> <span class='ocrx_word' id='word_1_44' title='bbox 947 944 1101 981; x_wconf 87' lang='lat' dir='ltr'>semper</span> <span class='ocrx_word' id='word_1_45' title='bbox 1129 931 1277 969; x_wconf 88' lang='lat' dir='ltr'>fuerint.</span> 
     </span>
    </p>
   </div>
   <div class='ocr_carea' id='block_1_9' title="bbox 1511 772 2526 971">
    <p class='ocr_par' dir='ltr' id='par_1_10' title="bbox 1511 772 2526 932">
     <span class='ocr_line' id='line_1_14' title="bbox 1511 772 1715 810; baseline -0.005 0"><span class='ocrx_word' id='word_1_46' title='bbox 1511 772 1715 810; x_wconf 91' lang='lat' dir='ltr'>Secundo:</span> 
     </span>
     <span class='ocr_line' id='line_1_15' title="bbox 1563 825 1665 863; baseline 0.01 -1"><span class='ocrx_word' id='word_1_47' title='bbox 1563 825 1665 863; x_wconf 92' lang='lat' dir='ltr'>fidei.</span> 
     </span>
     <span class='ocr_line' id='line_1_16' title="bbox 1511 879 2526 932; baseline 0.004 -17"><span class='ocrx_word' id='word_1_48' title='bbox 1511 879 1666 916; x_wconf 86' lang='lat' dir='ltr'>Tertio:</span> <span class='ocrx_word' id='word_1_49' title='bbox 1705 879 1905 928; x_wconf 89' lang='lat' dir='ltr'>quomodo</span> <span class='ocrx_word' id='word_1_50' title='bbox 1939 880 2046 917; x_wconf 92' lang='lat' dir='ltr'>Deus</span> <span class='ocrx_word' id='word_1_51' title='bbox 2083 880 2228 918; x_wconf 90' lang='lat' dir='ltr'>dicatur</span> <span class='ocrx_word' id='word_1_52' title='bbox 2262 881 2302 920; x_wconf 90' lang='lat' dir='ltr'>in</span> <span class='ocrx_word' id='word_1_53' title='bbox 2337 881 2526 932; x_wconf 90' lang='lat' dir='ltr'>principio</span> 
     </span>
    </p>

    <p class='ocr_par' dir='ltr' id='par_1_11' title="bbox 1566 932 2142 971">
     <span class='ocr_line' id='line_1_17' title="bbox 1566 932 2142 971; baseline 0.003 -2"><span class='ocrx_word' id='word_1_54' title='bbox 1566 932 1716 969; x_wconf 90' lang='lat' dir='ltr'>caelum</span> <span class='ocrx_word' id='word_1_55' title='bbox 1747 940 1783 969; x_wconf 91' lang='lat' dir='ltr'>et</span> <span class='ocrx_word' id='word_1_56' title='bbox 1810 940 1951 970; x_wconf 90' lang='lat' dir='ltr'>terram</span> <span class='ocrx_word' id='word_1_57' title='bbox 1981 945 2142 971; x_wconf 87' lang='lat' dir='ltr'>creasse.</span> 
     </span>
    </p>
   </div>
   <div class='ocr_carea' id='block_1_10' title="bbox 1753 774 2527 825">
    <p class='ocr_par' dir='ltr' id='par_1_12' title="bbox 1753 774 2527 825">
     <span class='ocr_line' id='line_1_18' title="bbox 1753 774 2527 825; baseline 0.003 -15"><span class='ocrx_word' id='word_1_58' title='bbox 1753 781 1883 811; x_wconf 89' lang='lat' dir='ltr'>utrum</span> <span class='ocrx_word' id='word_1_59' title='bbox 1918 787 1981 811; x_wconf 92' lang='lat' dir='ltr'>eas</span> <span class='ocrx_word' id='word_1_60' title='bbox 2017 774 2232 825; x_wconf 89' lang='lat' dir='ltr'>incoepisse</span> <span class='ocrx_word' id='word_1_61' title='bbox 2267 775 2313 813; x_wconf 88' lang='lat' dir='ltr'>sit</span> <span class='ocrx_word' id='word_1_62' title='bbox 2347 774 2527 813; x_wconf 86' lang='lat' dir='ltr'>articulus</span> 
     </span>
    </p>
   </div>
   <div class='ocr_carea' id='block_1_11' title="bbox 828 1041 2030 1168">
    <p class='ocr_par' dir='ltr' id='par_1_13' title="bbox 828 1041 2030 1168">
     <span class='ocr_line' id='line_1_19' title="bbox 1149 1041 1709 1084; baseline 0 -1"><span class='ocrx_word' id='word_1_63' title='bbox 1149 1041 1469 1084; x_wconf 90' lang='lat' dir='ltr'>ARTICULUS</span> <span class='ocrx_word' id='word_1_64' title='bbox 1501 1041 1709 1084; x_wconf 88' lang='lat' dir='ltr'>PRIMUS</span> 
     </span>
     <span class='ocr_line' id='line_1_20' title="bbox 828 1136 2030 1168; baseline 0 0"><span class='ocrx_word' id='word_1_65' title='bbox 828 1137 986 1168; x_wconf 84' lang='lat' dir='ltr'>UTRUM</span> <span class='ocrx_word' id='word_1_66' title='bbox 1010 1136 1294 1168; x_wconf 82' lang='lat' dir='ltr'>UNIVERSITAS</span> <span class='ocrx_word' id='word_1_67' title='bbox 1319 1136 1653 1167; x_wconf 81' lang='lat' dir='ltr'>CREATURARUM</span> <span class='ocrx_word' id='word_1_68' title='bbox 1677 1136 1846 1167; x_wconf 86' lang='lat' dir='ltr'>SEMPER</span> <span class='ocrx_word' id='word_1_69' title='bbox 1869 1136 2030 1168; x_wconf 80' lang='lat' dir='ltr'>FUERrr</span> 
     </span>
    </p>
   </div>
   <div class='ocr_carea' id='block_1_12' title="bbox 536 1214 2318 1319">
    <p class='ocr_par' dir='ltr' id='par_1_14' title="bbox 536 1214 2305 1319">
     <span class='ocr_line' id='line_1_21' title="bbox 750 1214 2109 1251; baseline -0.001 -9"><span class='ocrx_word' id='word_1_70' title='bbox 750 1217 770 1241; x_wconf 91' lang='lat'>11</span> <span class='ocrx_word' id='word_1_71' title='bbox 791 1217 874 1245; x_wconf 74' lang='lat' dir='ltr'>Sent„</span> <span class='ocrx_word' id='word_1_72' title='bbox 895 1215 954 1241; x_wconf 79' lang='lat' dir='ltr'>dist.</span> <span class='ocrx_word' id='word_1_73' title='bbox 973 1214 1612 1251; x_wconf 72' lang='lat' dir='ltr'>1,qu.1,m.5;11c30nt.Gent.‚eap.xxx1</span> <span class='ocrx_word' id='word_1_74' title='bbox 1631 1222 1705 1248; x_wconf 84' lang='lat' dir='ltr'>sqq.;</span> <span class='ocrx_word' id='word_1_75' title='bbox 1726 1215 1768 1240; x_wconf 91' lang='lat' dir='ltr'>De</span> <span class='ocrx_word' id='word_1_76' title='bbox 1786 1215 1855 1245; x_wconf 73' lang='lat' dir='ltr'><em>Pot„</em></span> <span class='ocrx_word' id='word_1_77' title='bbox 1875 1222 1972 1248; x_wconf 85' lang='lat' dir='ltr'>qu.n1‚</span> <span class='ocrx_word' id='word_1_78' title='bbox 1992 1220 2038 1240; x_wconf 85' lang='lat' dir='ltr'>art.</span> <span class='ocrx_word' id='word_1_79' title='bbox 2062 1223 2109 1248; x_wconf 87' lang='lat'>17;</span> 
     </span>
     <span class='ocr_line' id='line_1_22' title="bbox 536 1245 2318 1319; baseline -0.001 -41"><span class='ocrx_word' id='word_1_80' title='bbox 536 1253 634 1283; x_wconf 80' lang='lat' dir='ltr'>Quodl.</span> <span class='ocrx_word' id='word_1_81' title='bbox 653 1252 692 1282; x_wconf 82' lang='lat'>111.</span> <span class='ocrx_word' id='word_1_82' title='bbox 712 1260 756 1285; x_wconf 88' lang='lat' dir='ltr'>qu.</span> <span class='ocrx_word' id='word_1_83' title='bbox 775 1260 825 1283; x_wconf 87' lang='lat' dir='ltr'>xxv,</span> <span class='ocrx_word' id='word_1_84' title='bbox 845 1257 892 1277; x_wconf 79' lang='lat' dir='ltr'>art.</span> <span class='ocrx_word' id='word_1_85' title='bbox 913 1258 943 1282; x_wconf 86' lang='lat'>2;</span> <span class='ocrx_word' id='word_1_86' title='bbox 965 1245 1110 1282; x_wconf 61' lang='grc' dir='ltr'>Εοηῴεηᾱ.</span> <span class='ocrx_word' id='word_1_87' title='bbox 1128 1250 1226 1281; x_wconf 64' lang='lat' dir='ltr'>Heol„</span> <span class='ocrx_word' id='word_1_88' title='bbox 1218 1258 1302 1311; x_wconf 54' lang='lat' dir='ltr'>,.qffi</span> <span class='ocrx_word' id='word_1_89' title='bbox 1315 1250 1625 1319; x_wconf 31' lang='lat' dir='ltr'>{leglgzasssslg&#39;chtyza</span> <span class='ocrx_word' id='word_1_90' title='bbox 1645 1251 1703 1276; x_wconf 86' lang='lat' dir='ltr'>lect.</span> <span class='ocrx_word' id='word_1_91' title='bbox 1722 1258 1756 1282; x_wconf 87' lang='lat'>11;</span> <span class='ocrx_word' id='word_1_92' title='bbox 1775 1250 1837 1275; x_wconf 86' lang='lat' dir='ltr'>Ide</span> <span class='ocrx_word' id='word_1_93' title='bbox 1858 1251 1929 1276; x_wconf 81' lang='lat' dir='ltr'>Cael.</span> <span class='ocrx_word' id='word_1_94' title='bbox 1948 1254 1975 1276; x_wconf 79' lang='lat' dir='ltr'>et</span> <span class='ocrx_word' id='word_1_95' title='bbox 1993 1251 2099 1281; x_wconf 71' lang='lat' dir='ltr'>Mund„</span> <span class='ocrx_word' id='word_1_96' title='bbox 2118 1251 2176 1277; x_wconf 82' lang='lat' dir='ltr'>lect.</span> <span class='ocrx_word' id='word_1_97' title='bbox 2195 1259 2230 1284; x_wconf 80' lang='lat' dir='ltr'>vx,</span> <span class='ocrx_word' id='word_1_98' title='bbox 2248 1260 2318 1284; x_wconf 66' lang='grc' dir='ltr'>ηας</span> 
     </span>
    </p>
   </div>
   <div class='ocr_carea' id='block_1_13' title="bbox 331 1375 1405 3396">
    <p class='ocr_par' dir='ltr' id='par_1_15' title="bbox 331 1375 1405 2173">
     <span class='ocr_line' id='line_1_23' title="bbox 370 1375 1402 1428; baseline -0.002 -13"><span class='ocrx_word' id='word_1_99' title='bbox 370 1416 379 1426; x_wconf 36' lang='grc' dir='ltr'><em>Ι</em></span> <span class='ocrx_word' id='word_1_100' title='bbox 420 1401 425 1413; x_wconf 58' lang='grc' dir='ltr'><strong>ι</strong></span> <span class='ocrx_word' id='word_1_101' title='bbox 452 1411 490 1428; x_wconf 40' lang='lat' dir='ltr'>„st</span> <span class='ocrx_word' id='word_1_102' title='bbox 546 1390 569 1415; x_wconf 91' lang='lat' dir='ltr'>D</span> <span class='ocrx_word' id='word_1_103' title='bbox 598 1389 736 1415; x_wconf 79' lang='lat' dir='ltr'>PRIMUM</span> <span class='ocrx_word' id='word_1_104' title='bbox 764 1388 818 1414; x_wconf 76' lang='lat' dir='ltr'>sm</span> <span class='ocrx_word' id='word_1_105' title='bbox 846 1388 1087 1414; x_wconf 82' lang='lat' dir='ltr'>PROCEDlTUR.</span> <span class='ocrx_word' id='word_1_106' title='bbox 1116 1376 1276 1414; x_wconf 91' lang='lat' dir='ltr'>Videtur</span> <span class='ocrx_word' id='word_1_107' title='bbox 1297 1375 1402 1425; x_wconf 92' lang='lat' dir='ltr'>quod</span> 
     </span>
     <span class='ocr_line' id='line_1_24' title="bbox 361 1427 1405 1478; baseline -0.002 -10"><span class='ocrx_word' id='word_1_108' title='bbox 361 1427 408 1453; x_wconf 80' lang='grc'>”’</span> <span class='ocrx_word' id='word_1_109' title='bbox 545 1430 772 1468; x_wconf 85' lang='lat' dir='ltr'>universitas</span> <span class='ocrx_word' id='word_1_110' title='bbox 802 1438 1078 1477; x_wconf 89' lang='lat' dir='ltr'>creaturarum,</span> <span class='ocrx_word' id='word_1_111' title='bbox 1107 1442 1207 1478; x_wconf 90' lang='lat' dir='ltr'>quae</span> <span class='ocrx_word' id='word_1_112' title='bbox 1226 1435 1243 1451; x_wconf 79' lang='lat'>&#39;²‘</span> <span class='ocrx_word' id='word_1_113' title='bbox 1271 1429 1405 1467; x_wconf 82' lang='lat' dir='ltr'>mundi</span> 
     </span>
     <span class='ocr_line' id='line_1_25' title="bbox 381 1468 1404 1533; baseline -0.003 -11"><span class='ocrx_word' id='word_1_114' title='bbox 381 1468 405 1494; x_wconf 88' lang='lat'>&#39;</span> <span class='ocrx_word' id='word_1_115' title='bbox 456 1486 534 1533; x_wconf 56' lang='lat' dir='ltr'>qs</span> <span class='ocrx_word' id='word_1_116' title='bbox 546 1484 702 1522; x_wconf 90' lang='lat' dir='ltr'>nomine</span> <span class='ocrx_word' id='word_1_117' title='bbox 722 1491 976 1532; x_wconf 88' lang='lat' dir='ltr'>nuncupatur,</span> <span class='ocrx_word' id='word_1_118' title='bbox 993 1495 1072 1520; x_wconf 91' lang='lat' dir='ltr'>non</span> <span class='ocrx_word' id='word_1_119' title='bbox 1091 1482 1313 1532; x_wconf 85' lang='lat' dir='ltr'>incoeperit,</span> <span class='ocrx_word' id='word_1_120' title='bbox 1335 1482 1404 1520; x_wconf 93' lang='lat' dir='ltr'>sed</span> 
     </span>
     <span class='ocr_line' id='line_1_26' title="bbox 446 1532 1403 1585; baseline -0.003 -9.817"><span class='ocrx_word' id='word_1_121' title='bbox 446 1532 534 1576; x_wconf 48' lang='grc' dir='ltr'>Χ</span> <span class='ocrx_word' id='word_1_122' title='bbox 547 1537 658 1575; x_wconf 84' lang='lat' dir='ltr'>fuerit</span> <span class='ocrx_word' id='word_1_123' title='bbox 676 1537 725 1574; x_wconf 89' lang='lat' dir='ltr'>ab</span> <span class='ocrx_word' id='word_1_124' title='bbox 741 1544 909 1574; x_wconf 89' lang='lat' dir='ltr'>aeterno.</span> <span class='ocrx_word' id='word_1_125' title='bbox 939 1537 1069 1574; x_wconf 89' lang='lat' dir='ltr'>Omne</span> <span class='ocrx_word' id='word_1_126' title='bbox 1091 1536 1193 1573; x_wconf 90' lang='lat' dir='ltr'>enim</span> <span class='ocrx_word' id='word_1_127' title='bbox 1222 1536 1328 1585; x_wconf 93' lang='lat' dir='ltr'>quod</span> <span class='ocrx_word' id='word_1_128' title='bbox 1346 1536 1403 1573; x_wconf 89' lang='lat' dir='ltr'>in-</span> 
     </span>
     <span class='ocr_line' id='line_1_27' title="bbox 333 1556 1403 1642; baseline -0.004 -12"><span class='ocrx_word' id='word_1_129' title='bbox 333 1556 458 1642; x_wconf 82' lang='lat' dir='ltr'>coepit</span> <span class='ocrx_word' id='word_1_130' title='bbox 478 1604 572 1639; x_wconf 91' lang='lat' dir='ltr'>esse,</span> <span class='ocrx_word' id='word_1_131' title='bbox 598 1598 804 1639; x_wconf 89' lang='lat' dir='ltr'>antequam</span> <span class='ocrx_word' id='word_1_132' title='bbox 830 1589 951 1637; x_wconf 85' lang='lat' dir='ltr'>fuerit,</span> <span class='ocrx_word' id='word_1_133' title='bbox 980 1589 1160 1639; x_wconf 90' lang='lat' dir='ltr'>possibile</span> <span class='ocrx_word' id='word_1_134' title='bbox 1180 1589 1249 1626; x_wconf 88' lang='lat' dir='ltr'>fuit</span> <span class='ocrx_word' id='word_1_135' title='bbox 1275 1589 1403 1638; x_wconf 91' lang='lat' dir='ltr'>ipsum</span> 
     </span>
     <span class='ocr_line' id='line_1_28' title="bbox 333 1643 1404 1693; baseline -0.005 -9"><span class='ocrx_word' id='word_1_136' title='bbox 333 1658 437 1683; x_wconf 88' lang='lat' dir='ltr'>esse:</span> <span class='ocrx_word' id='word_1_137' title='bbox 467 1644 636 1693; x_wconf 89' lang='lat' dir='ltr'>alioquin</span> <span class='ocrx_word' id='word_1_138' title='bbox 664 1643 898 1692; x_wconf 89' lang='lat' dir='ltr'>impossibile</span> <span class='ocrx_word' id='word_1_139' title='bbox 927 1643 1059 1680; x_wconf 84' lang='lat' dir='ltr'>fuisset</span> <span class='ocrx_word' id='word_1_140' title='bbox 1086 1643 1211 1692; x_wconf 88' lang='lat' dir='ltr'>ipsum</span> <span class='ocrx_word' id='word_1_141' title='bbox 1238 1643 1333 1680; x_wconf 90' lang='lat' dir='ltr'>fieri.</span> <span class='ocrx_word' id='word_1_142' title='bbox 1365 1643 1404 1680; x_wconf 91' lang='lat' dir='ltr'>Si</span> 
     </span>
     <span class='ocr_line' id='line_1_29' title="bbox 333 1696 1403 1747; baseline -0.004 -10"><span class='ocrx_word' id='word_1_143' title='bbox 333 1711 422 1747; x_wconf 89' lang='lat' dir='ltr'>ergo</span> <span class='ocrx_word' id='word_1_144' title='bbox 451 1699 619 1736; x_wconf 89' lang='lat' dir='ltr'>mundus</span> <span class='ocrx_word' id='word_1_145' title='bbox 646 1696 813 1746; x_wconf 91' lang='lat' dir='ltr'>incoepit</span> <span class='ocrx_word' id='word_1_146' title='bbox 841 1708 944 1743; x_wconf 87' lang='lat' dir='ltr'>esse,</span> <span class='ocrx_word' id='word_1_147' title='bbox 975 1704 1182 1744; x_wconf 90' lang='lat' dir='ltr'>antequam</span> <span class='ocrx_word' id='word_1_148' title='bbox 1210 1696 1403 1745; x_wconf 90' lang='lat' dir='ltr'>inciperet,</span> 
     </span>
     <span class='ocr_line' id='line_1_30' title="bbox 331 1748 1404 1802; baseline -0.004 -12"><span class='ocrx_word' id='word_1_149' title='bbox 331 1751 512 1802; x_wconf 91' lang='lat' dir='ltr'>possibile</span> <span class='ocrx_word' id='word_1_150' title='bbox 533 1751 602 1788; x_wconf 83' lang='lat' dir='ltr'>fuit</span> <span class='ocrx_word' id='word_1_151' title='bbox 619 1750 747 1799; x_wconf 89' lang='lat' dir='ltr'>ipsum</span> <span class='ocrx_word' id='word_1_152' title='bbox 767 1762 851 1789; x_wconf 90' lang='lat' dir='ltr'>esse</span> <span class='ocrx_word' id='word_1_153' title='bbox 869 1748 898 1786; x_wconf 71' lang='grc' dir='ltr'><strong><em>β.</em></strong></span> <span class='ocrx_word' id='word_1_154' title='bbox 925 1750 1003 1787; x_wconf 92' lang='lat' dir='ltr'>Sed</span> <span class='ocrx_word' id='word_1_155' title='bbox 1023 1750 1130 1799; x_wconf 92' lang='lat' dir='ltr'>quod</span> <span class='ocrx_word' id='word_1_156' title='bbox 1147 1749 1327 1798; x_wconf 90' lang='lat' dir='ltr'>possibile</span> <span class='ocrx_word' id='word_1_157' title='bbox 1348 1758 1404 1787; x_wconf 92' lang='lat' dir='ltr'>est</span> 
     </span>
     <span class='ocr_line' id='line_1_31' title="bbox 333 1802 1401 1852; baseline -0.003 -9"><span class='ocrx_word' id='word_1_158' title='bbox 333 1818 428 1852; x_wconf 91' lang='lat' dir='ltr'>esse,</span> <span class='ocrx_word' id='word_1_159' title='bbox 460 1812 515 1842; x_wconf 89' lang='lat' dir='ltr'>est</span> <span class='ocrx_word' id='word_1_160' title='bbox 542 1803 722 1851; x_wconf 87' lang='lat' dir='ltr'>materia,</span> <span class='ocrx_word' id='word_1_161' title='bbox 752 1815 851 1852; x_wconf 90' lang='lat' dir='ltr'>quae</span> <span class='ocrx_word' id='word_1_162' title='bbox 880 1811 936 1840; x_wconf 93' lang='lat' dir='ltr'>est</span> <span class='ocrx_word' id='word_1_163' title='bbox 963 1802 1002 1840; x_wconf 91' lang='lat' dir='ltr'>in</span> <span class='ocrx_word' id='word_1_164' title='bbox 1030 1802 1200 1852; x_wconf 88' lang='lat' dir='ltr'>potentia</span> <span class='ocrx_word' id='word_1_165' title='bbox 1228 1803 1278 1840; x_wconf 92' lang='lat' dir='ltr'>ad</span> <span class='ocrx_word' id='word_1_166' title='bbox 1307 1815 1401 1850; x_wconf 92' lang='lat' dir='ltr'>esse,</span> 
     </span>
     <span class='ocr_line' id='line_1_32' title="bbox 332 1855 1404 1908; baseline -0.003 -12"><span class='ocrx_word' id='word_1_167' title='bbox 332 1858 437 1908; x_wconf 90' lang='lat' dir='ltr'>quod</span> <span class='ocrx_word' id='word_1_168' title='bbox 466 1866 522 1895; x_wconf 93' lang='lat' dir='ltr'>est</span> <span class='ocrx_word' id='word_1_169' title='bbox 547 1870 617 1906; x_wconf 92' lang='lat' dir='ltr'>per</span> <span class='ocrx_word' id='word_1_170' title='bbox 644 1857 823 1903; x_wconf 89' lang='lat' dir='ltr'>formam,</span> <span class='ocrx_word' id='word_1_171' title='bbox 854 1864 891 1893; x_wconf 90' lang='lat' dir='ltr'>et</span> <span class='ocrx_word' id='word_1_172' title='bbox 918 1855 968 1893; x_wconf 92' lang='lat' dir='ltr'>ad</span> <span class='ocrx_word' id='word_1_173' title='bbox 997 1868 1075 1893; x_wconf 89' lang='lat' dir='ltr'>non</span> <span class='ocrx_word' id='word_1_174' title='bbox 1105 1868 1199 1903; x_wconf 92' lang='lat' dir='ltr'>esse,</span> <span class='ocrx_word' id='word_1_175' title='bbox 1221 1856 1328 1904; x_wconf 92' lang='lat' dir='ltr'>quod</span> <span class='ocrx_word' id='word_1_176' title='bbox 1348 1864 1404 1893; x_wconf 91' lang='lat' dir='ltr'>est</span> 
     </span>
     <span class='ocr_line' id='line_1_33' title="bbox 331 1909 1401 1962; baseline -0.003 -13"><span class='ocrx_word' id='word_1_177' title='bbox 331 1925 400 1962; x_wconf 93' lang='lat' dir='ltr'>per</span> <span class='ocrx_word' id='word_1_178' title='bbox 427 1911 693 1960; x_wconf 88' lang='lat' dir='ltr'>privationem.</span> <span class='ocrx_word' id='word_1_179' title='bbox 725 1909 765 1947; x_wconf 92' lang='lat' dir='ltr'>Si</span> <span class='ocrx_word' id='word_1_180' title='bbox 794 1921 884 1957; x_wconf 88' lang='lat' dir='ltr'>ergo</span> <span class='ocrx_word' id='word_1_181' title='bbox 914 1909 1083 1946; x_wconf 90' lang='lat' dir='ltr'>mundus</span> <span class='ocrx_word' id='word_1_182' title='bbox 1111 1909 1279 1958; x_wconf 91' lang='lat' dir='ltr'>incoepit</span> <span class='ocrx_word' id='word_1_183' title='bbox 1307 1922 1401 1957; x_wconf 90' lang='lat' dir='ltr'>esse,</span> 
     </span>
     <span class='ocr_line' id='line_1_34' title="bbox 332 1962 1402 2011; baseline -0.003 -8"><span class='ocrx_word' id='word_1_184' title='bbox 332 1973 420 2003; x_wconf 88' lang='lat' dir='ltr'>ante</span> <span class='ocrx_word' id='word_1_185' title='bbox 440 1964 631 2002; x_wconf 90' lang='lat' dir='ltr'>mundum</span> <span class='ocrx_word' id='word_1_186' title='bbox 657 1963 724 2000; x_wconf 85' lang='lat' dir='ltr'>fuit</span> <span class='ocrx_word' id='word_1_187' title='bbox 752 1962 923 2000; x_wconf 87' lang='lat' dir='ltr'>materia.</span> <span class='ocrx_word' id='word_1_188' title='bbox 953 1963 1031 2000; x_wconf 91' lang='lat' dir='ltr'>Sed</span> <span class='ocrx_word' id='word_1_189' title='bbox 1060 1975 1139 2000; x_wconf 91' lang='lat' dir='ltr'>non</span> <span class='ocrx_word' id='word_1_190' title='bbox 1166 1970 1292 2011; x_wconf 86' lang='lat' dir='ltr'>potest</span> <span class='ocrx_word' id='word_1_191' title='bbox 1320 1975 1402 2000; x_wconf 89' lang='lat' dir='ltr'>esse</span> 
     </span>
     <span class='ocr_line' id='line_1_35' title="bbox 333 2015 1402 2056; baseline -0.004 0"><span class='ocrx_word' id='word_1_192' title='bbox 333 2018 491 2056; x_wconf 89' lang='lat' dir='ltr'>materia</span> <span class='ocrx_word' id='word_1_193' title='bbox 519 2017 599 2054; x_wconf 91' lang='lat' dir='ltr'>sine</span> <span class='ocrx_word' id='word_1_194' title='bbox 628 2017 773 2053; x_wconf 86' lang='lat' dir='ltr'>forma:</span> <span class='ocrx_word' id='word_1_195' title='bbox 803 2015 963 2053; x_wconf 88' lang='lat' dir='ltr'>materia</span> <span class='ocrx_word' id='word_1_196' title='bbox 991 2022 1119 2052; x_wconf 85' lang='lat' dir='ltr'>autem</span> <span class='ocrx_word' id='word_1_197' title='bbox 1149 2016 1284 2053; x_wconf 90' lang='lat' dir='ltr'>mundi</span> <span class='ocrx_word' id='word_1_198' title='bbox 1313 2028 1402 2053; x_wconf 91' lang='lat' dir='ltr'>cum</span> 
     </span>
     <span class='ocr_line' id='line_1_36' title="bbox 332 2069 1402 2119; baseline -0.002 -10"><span class='ocrx_word' id='word_1_199' title='bbox 332 2073 468 2118; x_wconf 85' lang='lat' dir='ltr'>forma,</span> <span class='ocrx_word' id='word_1_200' title='bbox 499 2078 556 2108; x_wconf 89' lang='lat' dir='ltr'>est</span> <span class='ocrx_word' id='word_1_201' title='bbox 582 2070 762 2107; x_wconf 87' lang='lat' dir='ltr'>mundus.</span> <span class='ocrx_word' id='word_1_202' title='bbox 791 2069 878 2106; x_wconf 89' lang='lat' dir='ltr'>Fuit</span> <span class='ocrx_word' id='word_1_203' title='bbox 897 2082 987 2117; x_wconf 89' lang='lat' dir='ltr'>ergo</span> <span class='ocrx_word' id='word_1_204' title='bbox 1007 2069 1176 2106; x_wconf 91' lang='lat' dir='ltr'>mundus</span> <span class='ocrx_word' id='word_1_205' title='bbox 1195 2077 1402 2119; x_wconf 91' lang='lat' dir='ltr'>antequam</span> 
     </span>
     <span class='ocr_line' id='line_1_37' title="bbox 335 2122 1136 2173; baseline -0.004 -11"><span class='ocrx_word' id='word_1_206' title='bbox 335 2138 416 2162; x_wconf 91' lang='lat' dir='ltr'>esse</span> <span class='ocrx_word' id='word_1_207' title='bbox 445 2124 642 2173; x_wconf 88' lang='lat' dir='ltr'>inciperet:</span> <span class='ocrx_word' id='word_1_208' title='bbox 673 2123 778 2172; x_wconf 93' lang='lat' dir='ltr'>quod</span> <span class='ocrx_word' id='word_1_209' title='bbox 808 2130 864 2159; x_wconf 91' lang='lat' dir='ltr'>est</span> <span class='ocrx_word' id='word_1_210' title='bbox 891 2122 1136 2171; x_wconf 90' lang='lat' dir='ltr'>impossibile.</span> 
     </span>
    </p>

    <p class='ocr_par' dir='ltr' id='par_1_16' title="bbox 332 2175 1403 2810">
     <span class='ocr_line' id='line_1_38' title="bbox 389 2175 1403 2225; baseline -0.003 -10"><span class='ocrx_word' id='word_1_211' title='bbox 389 2190 424 2215; x_wconf 90' lang='lat'>2.</span> <span class='ocrx_word' id='word_1_212' title='bbox 453 2179 688 2223; x_wconf 75' lang='lat' dir='ltr'>PRAETEREA,</span> <span class='ocrx_word' id='word_1_213' title='bbox 717 2176 809 2213; x_wconf 90' lang='lat' dir='ltr'>nihil</span> <span class='ocrx_word' id='word_1_214' title='bbox 838 2176 943 2225; x_wconf 88' lang='lat' dir='ltr'>quod</span> <span class='ocrx_word' id='word_1_215' title='bbox 961 2176 1078 2212; x_wconf 92' lang='lat' dir='ltr'>habet</span> <span class='ocrx_word' id='word_1_216' title='bbox 1095 2175 1275 2213; x_wconf 90' lang='lat' dir='ltr'>virtutem</span> <span class='ocrx_word' id='word_1_217' title='bbox 1295 2183 1338 2213; x_wconf 91' lang='lat' dir='ltr'>ut</span> <span class='ocrx_word' id='word_1_218' title='bbox 1357 2175 1403 2213; x_wconf 92' lang='lat' dir='ltr'>sit</span> 
     </span>
     <span class='ocr_line' id='line_1_39' title="bbox 334 2228 1402 2280; baseline -0.002 -12"><span class='ocrx_word' id='word_1_219' title='bbox 334 2243 506 2280; x_wconf 89' lang='lat' dir='ltr'>semper,</span> <span class='ocrx_word' id='word_1_220' title='bbox 536 2230 770 2279; x_wconf 87' lang='lat' dir='ltr'>quandoque</span> <span class='ocrx_word' id='word_1_221' title='bbox 799 2236 855 2265; x_wconf 90' lang='lat' dir='ltr'>est</span> <span class='ocrx_word' id='word_1_222' title='bbox 883 2236 920 2265; x_wconf 89' lang='lat' dir='ltr'>et</span> <span class='ocrx_word' id='word_1_223' title='bbox 947 2228 1182 2277; x_wconf 90' lang='lat' dir='ltr'>quandoque</span> <span class='ocrx_word' id='word_1_224' title='bbox 1219 2240 1300 2265; x_wconf 90' lang='lat' dir='ltr'>non</span> <span class='ocrx_word' id='word_1_225' title='bbox 1329 2236 1402 2266; x_wconf 88' lang='lat' dir='ltr'>est:</span> 
     </span>
     <span class='ocr_line' id='line_1_40' title="bbox 334 2281 1402 2334; baseline -0.003 -13"><span class='ocrx_word' id='word_1_226' title='bbox 334 2284 423 2334; x_wconf 91' lang='lat' dir='ltr'>quia</span> <span class='ocrx_word' id='word_1_227' title='bbox 453 2283 502 2320; x_wconf 93' lang='lat' dir='ltr'>ad</span> <span class='ocrx_word' id='word_1_228' title='bbox 523 2289 716 2331; x_wconf 74' lang='lat' dir='ltr'>‘quantum</span> <span class='ocrx_word' id='word_1_229' title='bbox 746 2294 786 2319; x_wconf 92' lang='lat' dir='ltr'>se</span> <span class='ocrx_word' id='word_1_230' title='bbox 816 2281 982 2318; x_wconf 90' lang='lat' dir='ltr'>extendit</span> <span class='ocrx_word' id='word_1_231' title='bbox 1007 2281 1127 2318; x_wconf 91' lang='lat' dir='ltr'>virtus</span> <span class='ocrx_word' id='word_1_232' title='bbox 1156 2281 1313 2318; x_wconf 89' lang='lat' dir='ltr'>alicuius</span> <span class='ocrx_word' id='word_1_233' title='bbox 1338 2281 1402 2330; x_wconf 90' lang='lat' dir='ltr'>rei,</span> 
     </span>
     <span class='ocr_line' id='line_1_41' title="bbox 334 2333 1403 2384; baseline -0.002 -10"><span class='ocrx_word' id='word_1_234' title='bbox 334 2337 466 2374; x_wconf 91' lang='lat' dir='ltr'>tandiu</span> <span class='ocrx_word' id='word_1_235' title='bbox 496 2343 562 2373; x_wconf 93' lang='lat' dir='ltr'>est.</span> <span class='ocrx_word' id='word_1_236' title='bbox 593 2335 671 2373; x_wconf 92' lang='lat' dir='ltr'>Sed</span> <span class='ocrx_word' id='word_1_237' title='bbox 699 2347 815 2372; x_wconf 90' lang='lat' dir='ltr'>omne</span> <span class='ocrx_word' id='word_1_238' title='bbox 844 2333 1129 2384; x_wconf 88' lang='lat' dir='ltr'>incorruptibile</span> <span class='ocrx_word' id='word_1_239' title='bbox 1151 2334 1268 2371; x_wconf 91' lang='lat' dir='ltr'>habet</span> <span class='ocrx_word' id='word_1_240' title='bbox 1285 2333 1403 2372; x_wconf 91' lang='lat' dir='ltr'>virtu-</span> 
     </span>
     <span class='ocr_line' id='line_1_42' title="bbox 333 2387 1402 2438; baseline -0.003 -10"><span class='ocrx_word' id='word_1_241' title='bbox 333 2398 411 2428; x_wconf 91' lang='lat' dir='ltr'>tem</span> <span class='ocrx_word' id='word_1_242' title='bbox 439 2397 480 2427; x_wconf 91' lang='lat' dir='ltr'>ut</span> <span class='ocrx_word' id='word_1_243' title='bbox 508 2389 554 2426; x_wconf 93' lang='lat' dir='ltr'>sit</span> <span class='ocrx_word' id='word_1_244' title='bbox 581 2400 754 2438; x_wconf 90' lang='lat' dir='ltr'>semper:</span> <span class='ocrx_word' id='word_1_245' title='bbox 784 2400 863 2426; x_wconf 92' lang='lat' dir='ltr'>non</span> <span class='ocrx_word' id='word_1_246' title='bbox 892 2387 995 2425; x_wconf 91' lang='lat' dir='ltr'>enim</span> <span class='ocrx_word' id='word_1_247' title='bbox 1014 2388 1193 2426; x_wconf 89' lang='lat' dir='ltr'>virtutem</span> <span class='ocrx_word' id='word_1_248' title='bbox 1218 2388 1335 2425; x_wconf 86' lang='lat' dir='ltr'>habet</span> <span class='ocrx_word' id='word_1_249' title='bbox 1353 2388 1402 2425; x_wconf 88' lang='lat' dir='ltr'>ad</span> 
     </span>
     <span class='ocr_line' id='line_1_43' title="bbox 335 2441 1401 2490; baseline -0.004 -9"><span class='ocrx_word' id='word_1_250' title='bbox 335 2443 628 2481; x_wconf 89' lang='lat' dir='ltr'>determinatum</span> <span class='ocrx_word' id='word_1_251' title='bbox 657 2441 866 2479; x_wconf 89' lang='lat' dir='ltr'>durationis</span> <span class='ocrx_word' id='word_1_252' title='bbox 893 2449 1057 2490; x_wconf 90' lang='lat' dir='ltr'>tempus.</span> <span class='ocrx_word' id='word_1_253' title='bbox 1088 2441 1247 2478; x_wconf 89' lang='lat' dir='ltr'>Nullum</span> <span class='ocrx_word' id='word_1_254' title='bbox 1268 2445 1282 2467; x_wconf 85' lang='lat'>⁷</span> <span class='ocrx_word' id='word_1_255' title='bbox 1311 2453 1401 2489; x_wconf 89' lang='lat' dir='ltr'>ergo</span> 
     </span>
     <span class='ocr_line' id='line_1_44' title="bbox 333 2493 1402 2546; baseline -0.003 -12"><span class='ocrx_word' id='word_1_256' title='bbox 333 2495 616 2546; x_wconf 89' lang='lat' dir='ltr'>incorruptibile</span> <span class='ocrx_word' id='word_1_257' title='bbox 645 2494 877 2544; x_wconf 86' lang='lat' dir='ltr'>quandoque</span> <span class='ocrx_word' id='word_1_258' title='bbox 911 2502 967 2531; x_wconf 86' lang='grc' dir='ltr'>θεῖ</span> <span class='ocrx_word' id='word_1_259' title='bbox 996 2501 1032 2531; x_wconf 89' lang='grc' dir='ltr'>θῖ</span> <span class='ocrx_word' id='word_1_260' title='bbox 1060 2493 1294 2543; x_wconf 90' lang='lat' dir='ltr'>quandoque</span> <span class='ocrx_word' id='word_1_261' title='bbox 1322 2506 1402 2531; x_wconf 92' lang='lat' dir='ltr'>non</span> 
     </span>
     <span class='ocr_line' id='line_1_45' title="bbox 335 2545 1403 2598; baseline -0.003 -11"><span class='ocrx_word' id='word_1_262' title='bbox 335 2558 401 2588; x_wconf 90' lang='lat' dir='ltr'>est.</span> <span class='ocrx_word' id='word_1_263' title='bbox 433 2549 510 2587; x_wconf 88' lang='lat' dir='ltr'>Sed</span> <span class='ocrx_word' id='word_1_264' title='bbox 530 2561 646 2586; x_wconf 90' lang='lat' dir='ltr'>omne</span> <span class='ocrx_word' id='word_1_265' title='bbox 667 2548 772 2598; x_wconf 92' lang='lat' dir='ltr'>quod</span> <span class='ocrx_word' id='word_1_266' title='bbox 797 2545 955 2597; x_wconf 73' lang='lat' dir='ltr'>incipit⁶</span> <span class='ocrx_word' id='word_1_267' title='bbox 975 2559 1069 2594; x_wconf 92' lang='lat' dir='ltr'>esse,</span> <span class='ocrx_word' id='word_1_268' title='bbox 1090 2547 1326 2597; x_wconf 90' lang='lat' dir='ltr'>quandoque</span> <span class='ocrx_word' id='word_1_269' title='bbox 1347 2555 1403 2585; x_wconf 92' lang='lat' dir='ltr'>est</span> 
     </span>
     <span class='ocr_line' id='line_1_46' title="bbox 335 2600 1400 2663; baseline -0.003 -22"><span class='ocrx_word' id='word_1_270' title='bbox 335 2611 371 2641; x_wconf 89' lang='lat' dir='ltr'>et</span> <span class='ocrx_word' id='word_1_271' title='bbox 385 2603 620 2663; x_wconf 88' lang='lat' dir='ltr'>quandoque</span> <span class='ocrx_word' id='word_1_272' title='bbox 640 2614 719 2638; x_wconf 92' lang='lat' dir='ltr'>non</span> <span class='ocrx_word' id='word_1_273' title='bbox 739 2608 804 2638; x_wconf 91' lang='lat' dir='ltr'>est.</span> <span class='ocrx_word' id='word_1_274' title='bbox 826 2601 986 2638; x_wconf 90' lang='lat' dir='ltr'>Nullum</span> <span class='ocrx_word' id='word_1_275' title='bbox 1007 2612 1098 2649; x_wconf 88' lang='lat' dir='ltr'>ergo</span> <span class='ocrx_word' id='word_1_276' title='bbox 1118 2600 1400 2650; x_wconf 89' lang='lat' dir='ltr'>incorruptibile</span> 
     </span>
     <span class='ocr_line' id='line_1_47' title="bbox 334 2653 1401 2705; baseline -0.002 -11"><span class='ocrx_word' id='word_1_277' title='bbox 334 2656 465 2705; x_wconf 90' lang='lat' dir='ltr'>incipit</span> <span class='ocrx_word' id='word_1_278' title='bbox 493 2668 588 2693; x_wconf 89' lang='lat' dir='ltr'>esse.</span> <span class='ocrx_word' id='word_1_279' title='bbox 619 2654 697 2692; x_wconf 92' lang='lat' dir='ltr'>Sed</span> <span class='ocrx_word' id='word_1_280' title='bbox 724 2654 844 2692; x_wconf 87' lang='lat' dir='ltr'>multa</span> <span class='ocrx_word' id='word_1_281' title='bbox 873 2662 960 2691; x_wconf 90' lang='lat' dir='ltr'>sunt</span> <span class='ocrx_word' id='word_1_282' title='bbox 987 2653 1026 2692; x_wconf 92' lang='lat' dir='ltr'>in</span> <span class='ocrx_word' id='word_1_283' title='bbox 1053 2653 1201 2691; x_wconf 91' lang='lat' dir='ltr'>mundo</span> <span class='ocrx_word' id='word_1_284' title='bbox 1230 2653 1401 2692; x_wconf 91' lang='lat' dir='ltr'>incorru-</span> 
     </span>
     <span class='ocr_line' id='line_1_48' title="bbox 332 2707 1400 2759; baseline -0.003 -12"><span class='ocrx_word' id='word_1_285' title='bbox 332 2710 489 2759; x_wconf 91' lang='lat' dir='ltr'>ptibilia,</span> <span class='ocrx_word' id='word_1_286' title='bbox 508 2716 550 2746; x_wconf 91' lang='lat' dir='ltr'>ut</span> <span class='ocrx_word' id='word_1_287' title='bbox 570 2720 730 2758; x_wconf 89' lang='lat' dir='ltr'>corpora</span> <span class='ocrx_word' id='word_1_288' title='bbox 750 2707 935 2754; x_wconf 90' lang='lat' dir='ltr'>caelestia,</span> <span class='ocrx_word' id='word_1_289' title='bbox 955 2714 991 2744; x_wconf 92' lang='lat' dir='ltr'>et</span> <span class='ocrx_word' id='word_1_290' title='bbox 1010 2719 1148 2744; x_wconf 90' lang='lat' dir='ltr'>omnes</span> <span class='ocrx_word' id='word_1_291' title='bbox 1167 2707 1400 2745; x_wconf 86' lang='lat' dir='ltr'>substantiae</span> 
     </span>
     <span class='ocr_line' id='line_1_49' title="bbox 333 2760 1330 2810; baseline -0.003 -10"><span class='ocrx_word' id='word_1_292' title='bbox 333 2763 612 2800; x_wconf 88' lang='lat' dir='ltr'>intellectuales.</span> <span class='ocrx_word' id='word_1_293' title='bbox 640 2762 743 2809; x_wconf 84' lang='lat' dir='ltr'>Ergo</span> <span class='ocrx_word' id='word_1_294' title='bbox 763 2761 932 2798; x_wconf 90' lang='lat' dir='ltr'>mundus</span> <span class='ocrx_word' id='word_1_295' title='bbox 952 2773 1031 2798; x_wconf 91' lang='lat' dir='ltr'>non</span> <span class='ocrx_word' id='word_1_296' title='bbox 1050 2760 1217 2810; x_wconf 90' lang='lat' dir='ltr'>incoepit</span> <span class='ocrx_word' id='word_1_297' title='bbox 1236 2773 1330 2798; x_wconf 89' lang='lat' dir='ltr'>esse.</span> 
     </span>
    </p>

    <p class='ocr_par' dir='ltr' id='par_1_17' title="bbox 331 2813 1401 3078">
     <span class='ocr_line' id='line_1_50' title="bbox 389 2813 1398 2863; baseline -0.003 -9"><span class='ocrx_word' id='word_1_298' title='bbox 389 2818 423 2854; x_wconf 89' lang='lat'>3.</span> <span class='ocrx_word' id='word_1_299' title='bbox 454 2817 691 2862; x_wconf 77' lang='lat' dir='ltr'>PRAETEREA,</span> <span class='ocrx_word' id='word_1_300' title='bbox 721 2814 868 2851; x_wconf 88' lang='lat' dir='ltr'>nullum</span> <span class='ocrx_word' id='word_1_301' title='bbox 888 2813 1098 2862; x_wconf 88' lang='lat' dir='ltr'>ingenitum</span> <span class='ocrx_word' id='word_1_302' title='bbox 1117 2813 1284 2863; x_wconf 91' lang='lat' dir='ltr'>incoepit</span> <span class='ocrx_word' id='word_1_303' title='bbox 1303 2826 1398 2851; x_wconf 90' lang='lat' dir='ltr'>esse.</span> 
     </span>
     <span class='ocr_line' id='line_1_51' title="bbox 334 2867 1400 2918; baseline -0.003 -11"><span class='ocrx_word' id='word_1_304' title='bbox 334 2870 410 2907; x_wconf 90' lang='lat' dir='ltr'>Sed</span> <span class='ocrx_word' id='word_1_305' title='bbox 430 2869 687 2917; x_wconf 90' lang='lat' dir='ltr'>Philosophus</span> <span class='ocrx_word' id='word_1_306' title='bbox 705 2867 844 2917; x_wconf 90' lang='lat' dir='ltr'>probat</span> <span class='ocrx_word' id='word_1_307' title='bbox 857 2873 868 2888; x_wconf 73' lang='lat'><strong>³</strong></span> <span class='ocrx_word' id='word_1_308' title='bbox 887 2867 925 2905; x_wconf 89' lang='lat' dir='ltr'>in</span> <span class='ocrx_word' id='word_1_309' title='bbox 945 2867 1124 2918; x_wconf 70' lang='lat' dir='ltr'>IPhysic.</span> <span class='ocrx_word' id='word_1_310' title='bbox 1140 2867 1173 2915; x_wconf 70' lang='lat'>²¹⁸,</span> <span class='ocrx_word' id='word_1_311' title='bbox 1195 2867 1300 2916; x_wconf 94' lang='lat' dir='ltr'>quod</span> <span class='ocrx_word' id='word_1_312' title='bbox 1319 2880 1400 2904; x_wconf 91' lang='lat' dir='ltr'>ma-</span> 
     </span>
     <span class='ocr_line' id='line_1_52' title="bbox 331 2920 1398 2970; baseline -0.002 -10"><span class='ocrx_word' id='word_1_313' title='bbox 331 2923 425 2961; x_wconf 90' lang='lat' dir='ltr'>teria</span> <span class='ocrx_word' id='word_1_314' title='bbox 454 2930 509 2960; x_wconf 91' lang='lat' dir='ltr'>est</span> <span class='ocrx_word' id='word_1_315' title='bbox 535 2921 721 2970; x_wconf 86' lang='lat' dir='ltr'>ingenita;</span> <span class='ocrx_word' id='word_1_316' title='bbox 752 2928 788 2958; x_wconf 89' lang='lat' dir='ltr'>et</span> <span class='ocrx_word' id='word_1_317' title='bbox 816 2920 853 2958; x_wconf 87' lang='lat' dir='ltr'>in</span> <span class='ocrx_word' id='word_1_318' title='bbox 883 2922 896 2957; x_wconf 96' lang='lat' dir='ltr'>I</span> <span class='ocrx_word' id='word_1_319' title='bbox 925 2921 971 2958; x_wconf 86' lang='lat' dir='ltr'>de</span> <span class='ocrx_word' id='word_1_320' title='bbox 995 2920 1108 2958; x_wconf 89' lang='lat' dir='ltr'>Caelo</span> <span class='ocrx_word' id='word_1_321' title='bbox 1137 2926 1174 2958; x_wconf 88' lang='lat' dir='ltr'>et</span> <span class='ocrx_word' id='word_1_322' title='bbox 1197 2921 1348 2958; x_wconf 88' lang='lat' dir='ltr'>Mundo</span> <span class='ocrx_word' id='word_1_323' title='bbox 1367 2920 1398 2968; x_wconf 67' lang='lat'>³⁸,</span> 
     </span>
     <span class='ocr_line' id='line_1_53' title="bbox 332 2973 1401 3026; baseline -0.002 -13"><span class='ocrx_word' id='word_1_324' title='bbox 332 2977 438 3026; x_wconf 92' lang='lat' dir='ltr'>quod</span> <span class='ocrx_word' id='word_1_325' title='bbox 457 2976 606 3013; x_wconf 90' lang='lat' dir='ltr'>caelum</span> <span class='ocrx_word' id='word_1_326' title='bbox 627 2982 683 3012; x_wconf 93' lang='lat' dir='ltr'>est</span> <span class='ocrx_word' id='word_1_327' title='bbox 700 2973 922 3022; x_wconf 89' lang='lat' dir='ltr'>ingenitum.</span> <span class='ocrx_word' id='word_1_328' title='bbox 952 2975 1045 3011; x_wconf 91' lang='lat' dir='ltr'>Non</span> <span class='ocrx_word' id='word_1_329' title='bbox 1065 2985 1155 3022; x_wconf 85' lang='lat' dir='ltr'>ergo</span> <span class='ocrx_word' id='word_1_330' title='bbox 1174 2974 1401 3012; x_wconf 85' lang='lat' dir='ltr'>universitas</span> 
     </span>
     <span class='ocr_line' id='line_1_54' title="bbox 332 3028 776 3078; baseline -0.005 -12"><span class='ocrx_word' id='word_1_331' title='bbox 332 3041 460 3066; x_wconf 90' lang='lat' dir='ltr'>rerum</span> <span class='ocrx_word' id='word_1_332' title='bbox 489 3028 654 3078; x_wconf 91' lang='lat' dir='ltr'>incoepit</span> <span class='ocrx_word' id='word_1_333' title='bbox 682 3039 776 3064; x_wconf 90' lang='lat' dir='ltr'>esse.</span> 
     </span>
    </p>

    <p class='ocr_par' dir='ltr' id='par_1_18' title="bbox 333 3080 1402 3396">
     <span class='ocr_line' id='line_1_55' title="bbox 385 3080 1398 3131; baseline -0.002 -11"><span class='ocrx_word' id='word_1_334' title='bbox 385 3094 423 3130; x_wconf 89' lang='lat'>4.</span> <span class='ocrx_word' id='word_1_335' title='bbox 452 3083 691 3128; x_wconf 74' lang='lat' dir='ltr'>PRAETEREA,</span> <span class='ocrx_word' id='word_1_336' title='bbox 720 3093 888 3118; x_wconf 89' lang='lat' dir='ltr'>vacuum</span> <span class='ocrx_word' id='word_1_337' title='bbox 911 3088 968 3118; x_wconf 92' lang='lat' dir='ltr'>est</span> <span class='ocrx_word' id='word_1_338' title='bbox 985 3080 1052 3118; x_wconf 93' lang='lat' dir='ltr'>ubi</span> <span class='ocrx_word' id='word_1_339' title='bbox 1072 3092 1151 3117; x_wconf 92' lang='lat' dir='ltr'>non</span> <span class='ocrx_word' id='word_1_340' title='bbox 1172 3088 1228 3118; x_wconf 89' lang='lat' dir='ltr'>est</span> <span class='ocrx_word' id='word_1_341' title='bbox 1247 3093 1398 3131; x_wconf 88' lang='lat' dir='ltr'>corpus,</span> 
     </span>
     <span class='ocr_line' id='line_1_56' title="bbox 333 3133 1402 3185; baseline -0.001 -12"><span class='ocrx_word' id='word_1_342' title='bbox 333 3135 401 3173; x_wconf 90' lang='lat' dir='ltr'>sed</span> <span class='ocrx_word' id='word_1_343' title='bbox 428 3135 608 3185; x_wconf 89' lang='lat' dir='ltr'>possibile</span> <span class='ocrx_word' id='word_1_344' title='bbox 637 3142 693 3172; x_wconf 92' lang='lat' dir='ltr'>est</span> <span class='ocrx_word' id='word_1_345' title='bbox 722 3146 816 3172; x_wconf 90' lang='lat' dir='ltr'>esse.</span> <span class='ocrx_word' id='word_1_346' title='bbox 857 3134 934 3172; x_wconf 91' lang='lat' dir='ltr'>Sed</span> <span class='ocrx_word' id='word_1_347' title='bbox 968 3133 998 3171; x_wconf 93' lang='lat' dir='ltr'>si</span> <span class='ocrx_word' id='word_1_348' title='bbox 1032 3133 1200 3172; x_wconf 91' lang='lat' dir='ltr'>mundus</span> <span class='ocrx_word' id='word_1_349' title='bbox 1233 3133 1402 3184; x_wconf 90' lang='lat' dir='ltr'>incoepit</span> 
     </span>
     <span class='ocr_line' id='line_1_57' title="bbox 334 3187 1402 3236; baseline -0.002 -10"><span class='ocrx_word' id='word_1_350' title='bbox 334 3201 429 3236; x_wconf 90' lang='lat' dir='ltr'>esse,</span> <span class='ocrx_word' id='word_1_351' title='bbox 458 3189 524 3226; x_wconf 91' lang='lat' dir='ltr'>ubi</span> <span class='ocrx_word' id='word_1_352' title='bbox 543 3201 646 3225; x_wconf 92' lang='lat' dir='ltr'>nunc</span> <span class='ocrx_word' id='word_1_353' title='bbox 674 3195 730 3225; x_wconf 90' lang='lat' dir='ltr'>est</span> <span class='ocrx_word' id='word_1_354' title='bbox 758 3199 897 3236; x_wconf 89' lang='lat' dir='ltr'>corpus</span> <span class='ocrx_word' id='word_1_355' title='bbox 925 3187 1071 3235; x_wconf 89' lang='lat' dir='ltr'>mundi,</span> <span class='ocrx_word' id='word_1_356' title='bbox 1101 3187 1207 3236; x_wconf 92' lang='lat' dir='ltr'>prius</span> <span class='ocrx_word' id='word_1_357' title='bbox 1234 3200 1314 3226; x_wconf 91' lang='lat' dir='ltr'>non</span> <span class='ocrx_word' id='word_1_358' title='bbox 1333 3187 1402 3225; x_wconf 84' lang='lat' dir='ltr'>fuit</span> 
     </span>
     <span class='ocr_line' id='line_1_58' title="bbox 334 3240 1401 3290; baseline 0 -12"><span class='ocrx_word' id='word_1_359' title='bbox 334 3242 488 3290; x_wconf 91' lang='lat' dir='ltr'>aliquod</span> <span class='ocrx_word' id='word_1_360' title='bbox 517 3254 676 3290; x_wconf 89' lang='lat' dir='ltr'>corpus:</span> <span class='ocrx_word' id='word_1_361' title='bbox 707 3248 744 3278; x_wconf 93' lang='lat' dir='ltr'>et</span> <span class='ocrx_word' id='word_1_362' title='bbox 771 3248 901 3278; x_wconf 91' lang='lat' dir='ltr'>tamen</span> <span class='ocrx_word' id='word_1_363' title='bbox 928 3248 1076 3290; x_wconf 89' lang='lat' dir='ltr'>poterat</span> <span class='ocrx_word' id='word_1_364' title='bbox 1105 3240 1156 3277; x_wconf 90' lang='lat' dir='ltr'>ibi</span> <span class='ocrx_word' id='word_1_365' title='bbox 1185 3253 1280 3289; x_wconf 90' lang='lat' dir='ltr'>esse,</span> <span class='ocrx_word' id='word_1_366' title='bbox 1310 3241 1401 3279; x_wconf 84' lang='lat' dir='ltr'>alio-</span> 
     </span>
     <span class='ocr_line' id='line_1_59' title="bbox 334 3294 1401 3344; baseline 0 -12"><span class='ocrx_word' id='word_1_367' title='bbox 334 3295 425 3344; x_wconf 89' lang='lat' dir='ltr'>quin</span> <span class='ocrx_word' id='word_1_368' title='bbox 445 3307 547 3332; x_wconf 88' lang='lat' dir='ltr'>nunc</span> <span class='ocrx_word' id='word_1_369' title='bbox 566 3294 617 3332; x_wconf 93' lang='lat' dir='ltr'>ibi</span> <span class='ocrx_word' id='word_1_370' title='bbox 646 3306 725 3331; x_wconf 93' lang='lat' dir='ltr'>non</span> <span class='ocrx_word' id='word_1_371' title='bbox 749 3301 858 3331; x_wconf 91' lang='lat' dir='ltr'>esset.</span> <span class='ocrx_word' id='word_1_372' title='bbox 889 3294 991 3342; x_wconf 88' lang='lat' dir='ltr'>Ergo</span> <span class='ocrx_word' id='word_1_373' title='bbox 1014 3301 1100 3330; x_wconf 89' lang='lat' dir='ltr'>ante</span> <span class='ocrx_word' id='word_1_374' title='bbox 1121 3294 1312 3332; x_wconf 91' lang='lat' dir='ltr'>mundum</span> <span class='ocrx_word' id='word_1_375' title='bbox 1332 3294 1401 3332; x_wconf 83' lang='lat' dir='ltr'>fuit</span> 
     </span>
     <span class='ocr_line' id='line_1_60' title="bbox 333 3346 1022 3396; baseline -0.001 -12"><span class='ocrx_word' id='word_1_376' title='bbox 333 3360 521 3385; x_wconf 88' lang='lat' dir='ltr'>vacuum:</span> <span class='ocrx_word' id='word_1_377' title='bbox 557 3347 663 3396; x_wconf 93' lang='lat' dir='ltr'>quod</span> <span class='ocrx_word' id='word_1_378' title='bbox 693 3354 748 3384; x_wconf 90' lang='lat' dir='ltr'>est</span> <span class='ocrx_word' id='word_1_379' title='bbox 775 3346 1022 3396; x_wconf 90' lang='lat' dir='ltr'>impossibile.</span> 
     </span>
    </p>
   </div>
   <div class='ocr_carea' id='block_1_14' title="bbox 345 1395 535 1582">
    <p class='ocr_par' dir='ltr' id='par_1_19' title="bbox 345 1395 535 1582">
     <span class='ocr_line' id='line_1_61' title="bbox 345 1395 535 1582; baseline 0 -112"><span class='ocrx_word' id='word_1_380' title='bbox 345 1395 535 1582; x_wconf 95' lang='lat' dir='ltr'>   </span> 
     </span>
    </p>
   </div>
   <div class='ocr_carea' id='block_1_15' title="bbox 335 3460 1400 3642">
    <p class='ocr_par' dir='ltr' id='par_1_20' title="bbox 388 3460 854 3492">
     <span class='ocr_line' id='line_1_62' title="bbox 388 3460 854 3492; baseline 0.002 -8"><span class='ocrx_word' id='word_1_381' title='bbox 388 3460 414 3492; x_wconf 87' lang='grc' dir='ltr'>α)</span> <span class='ocrx_word' id='word_1_382' title='bbox 434 3467 510 3492; x_wconf 82' lang='lat' dir='ltr'>quae.</span> <span class='ocrx_word' id='word_1_383' title='bbox 528 3474 547 3479; x_wconf 96' lang='lat'><em>-</em></span> <span class='ocrx_word' id='word_1_384' title='bbox 566 3467 635 3486; x_wconf 84' lang='lat' dir='ltr'>nunc</span> <span class='ocrx_word' id='word_1_385' title='bbox 654 3460 750 3485; x_wconf 78' lang='lat' dir='ltr'>addunt</span> <span class='ocrx_word' id='word_1_386' title='bbox 770 3460 854 3485; x_wconf 74' lang='lat' dir='ltr'>PFab.</span> 
     </span>
    </p>

    <p class='ocr_par' dir='ltr' id='par_1_21' title="bbox 335 3493 1400 3598">
     <span class='ocr_line' id='line_1_63' title="bbox 388 3493 1400 3530; baseline 0.002 -10"><span class='ocrx_word' id='word_1_387' title='bbox 388 3493 414 3527; x_wconf 84' lang='grc' dir='ltr'>β)</span> <span class='ocrx_word' id='word_1_388' title='bbox 434 3495 465 3520; x_wconf 86' lang='lat' dir='ltr'>Si</span> <span class='ocrx_word' id='word_1_389' title='bbox 483 3503 548 3528; x_wconf 78' lang='lat' dir='ltr'>ergo</span> <span class='ocrx_word' id='word_1_390' title='bbox 604 3503 696 3521; x_wconf 84' lang='lat' dir='ltr'>esse.—</span> <span class='ocrx_word' id='word_1_391' title='bbox 708 3496 770 3520; x_wconf 90' lang='lat' dir='ltr'>Om.</span> <span class='ocrx_word' id='word_1_392' title='bbox 790 3495 928 3520; x_wconf 84' lang='lat' dir='ltr'>codices.—</span> <span class='ocrx_word' id='word_1_393' title='bbox 942 3495 996 3521; x_wconf 85' lang='lat' dir='ltr'>Sed</span> <span class='ocrx_word' id='word_1_394' title='bbox 1017 3496 1123 3528; x_wconf 79' lang='lat' dir='ltr'>quod</span> <span class='ocrx_word' id='word_1_395' title='bbox 1141 3497 1255 3530; x_wconf 76' lang='lat' dir='ltr'>incoepit</span> <span class='ocrx_word' id='word_1_396' title='bbox 1273 3503 1329 3523; x_wconf 78' lang='lat' dir='ltr'>esse</span> <span class='ocrx_word' id='word_1_397' title='bbox 1347 3505 1400 3522; x_wconf 91' lang='lat' dir='ltr'>om.</span> 
     </span>
     <span class='ocr_line' id='line_1_64' title="bbox 335 3530 1145 3598; baseline 0.002 -8"><span class='ocrx_word' id='word_1_398' title='bbox 335 3530 413 3598; x_wconf 37' lang='lat' dir='ltr'>Gpr</span> <span class='ocrx_word' id='word_1_399' title='bbox 433 3565 552 3591; x_wconf 89' lang='lat' dir='ltr'>Nullum.</span> <span class='ocrx_word' id='word_1_400' title='bbox 570 3579 589 3586; x_wconf 90' lang='lat'>·-</span> <span class='ocrx_word' id='word_1_401' title='bbox 607 3566 681 3590; x_wconf 81' lang='lat' dir='ltr'>Nihil</span> <span class='ocrx_word' id='word_1_402' title='bbox 700 3567 733 3596; x_wconf 86' lang='lat' dir='ltr'>P;</span> <span class='ocrx_word' id='word_1_403' title='bbox 753 3566 899 3591; x_wconf 84' lang='lat' dir='ltr'>Nullum...</span> <span class='ocrx_word' id='word_1_404' title='bbox 914 3573 965 3591; x_wconf 85' lang='lat' dir='ltr'>non</span> <span class='ocrx_word' id='word_1_405' title='bbox 985 3570 1025 3592; x_wconf 83' lang='lat' dir='ltr'>est</span> <span class='ocrx_word' id='word_1_406' title='bbox 1043 3575 1096 3592; x_wconf 90' lang='lat' dir='ltr'>om.</span> <span class='ocrx_word' id='word_1_407' title='bbox 1116 3567 1145 3592; x_wconf 89' lang='grc' dir='ltr'><strong><em>Β.</em></strong></span> 
     </span>
    </p>

    <p class='ocr_par' dir='ltr' id='par_1_22' title="bbox 388 3599 1220 3642">
     <span class='ocr_line' id='line_1_65' title="bbox 388 3599 1220 3642; baseline 0.004 -17"><span class='ocrx_word' id='word_1_408' title='bbox 388 3599 413 3633; x_wconf 83' lang='grc' dir='ltr'>δ)</span> <span class='ocrx_word' id='word_1_409' title='bbox 433 3601 532 3633; x_wconf 79' lang='lat' dir='ltr'>incipit.</span> <span class='ocrx_word' id='word_1_410' title='bbox 550 3614 569 3621; x_wconf 89' lang='lat'>-</span> <span class='ocrx_word' id='word_1_411' title='bbox 588 3601 700 3633; x_wconf 80' lang='lat' dir='ltr'>incoepit</span> <span class='ocrx_word' id='word_1_412' title='bbox 719 3602 814 3630; x_wconf 76' lang='lat' dir='ltr'>FGab5</span> <span class='ocrx_word' id='word_1_413' title='bbox 833 3607 858 3627; x_wconf 88' lang='lat' dir='ltr'>et</span> <span class='ocrx_word' id='word_1_414' title='bbox 876 3602 910 3627; x_wconf 81' lang='lat' dir='ltr'>ita</span> <span class='ocrx_word' id='word_1_415' title='bbox 928 3609 988 3627; x_wconf 87' lang='lat' dir='ltr'>mox</span> <span class='ocrx_word' id='word_1_416' title='bbox 1007 3603 1184 3628; x_wconf 81' lang='lat' dir='ltr'>ABCEFGab.</span> <span class='ocrx_word' id='word_1_417' title='bbox 1215 3637 1220 3642; x_wconf 41' lang='grc'><em>·</em></span> 
     </span>
    </p>
   </div>
   <div class='ocr_carea' id='block_1_16' title="bbox 1455 1374 2531 3399">
    <p class='ocr_par' dir='ltr' id='par_1_23' title="bbox 1455 1374 2531 1733">
     <span class='ocr_line' id='line_1_66' title="bbox 1515 1374 2531 1427; baseline 0.005 -15"><span class='ocrx_word' id='word_1_418' title='bbox 1515 1376 1547 1413; x_wconf 94' lang='grc'>5.</span> <span class='ocrx_word' id='word_1_419' title='bbox 1570 1376 1804 1422; x_wconf 58' lang='grc' dir='ltr'><strong>ΡΚΑΕΤΕΚΕΑ,</strong></span> <span class='ocrx_word' id='word_1_420' title='bbox 1825 1374 1916 1412; x_wconf 83' lang='lat' dir='ltr'>nihil</span> <span class='ocrx_word' id='word_1_421' title='bbox 1937 1376 1985 1413; x_wconf 93' lang='lat' dir='ltr'>de</span> <span class='ocrx_word' id='word_1_422' title='bbox 2005 1388 2110 1413; x_wconf 92' lang='lat' dir='ltr'>novo</span> <span class='ocrx_word' id='word_1_423' title='bbox 2131 1376 2260 1426; x_wconf 89' lang='lat' dir='ltr'>incipit</span> <span class='ocrx_word' id='word_1_424' title='bbox 2279 1378 2442 1427; x_wconf 83' lang='lat' dir='ltr'>moveri,</span> <span class='ocrx_word' id='word_1_425' title='bbox 2458 1379 2531 1417; x_wconf 87' lang='lat' dir='ltr'>nisi</span> 
     </span>
     <span class='ocr_line' id='line_1_67' title="bbox 1455 1428 2531 1478; baseline 0.005 -13"><span class='ocrx_word' id='word_1_426' title='bbox 1455 1441 1529 1478; x_wconf 70' lang='lat' dir='ltr'>per¹</span> <span class='ocrx_word' id='word_1_427' title='bbox 1543 1429 1619 1466; x_wconf 92' lang='lat' dir='ltr'>hoc</span> <span class='ocrx_word' id='word_1_428' title='bbox 1638 1428 1745 1478; x_wconf 94' lang='lat' dir='ltr'>quod</span> <span class='ocrx_word' id='word_1_429' title='bbox 1763 1440 1928 1465; x_wconf 91' lang='lat' dir='ltr'>movens</span> <span class='ocrx_word' id='word_1_430' title='bbox 1946 1430 2010 1466; x_wconf 89' lang='lat' dir='ltr'>vel</span> <span class='ocrx_word' id='word_1_431' title='bbox 2029 1429 2043 1456; x_wconf 66' lang='grc' dir='ltr'>ζ</span> <span class='ocrx_word' id='word_1_432' title='bbox 2067 1430 2209 1467; x_wconf 90' lang='lat' dir='ltr'>mobile</span> <span class='ocrx_word' id='word_1_433' title='bbox 2228 1430 2335 1468; x_wconf 89' lang='lat' dir='ltr'>aliter</span> <span class='ocrx_word' id='word_1_434' title='bbox 2353 1444 2394 1469; x_wconf 90' lang='lat' dir='ltr'>se</span> <span class='ocrx_word' id='word_1_435' title='bbox 2413 1433 2531 1470; x_wconf 85' lang='lat' dir='ltr'>habet</span> 
     </span>
     <span class='ocr_line' id='line_1_68' title="bbox 1457 1481 2530 1532; baseline 0.006 -14"><span class='ocrx_word' id='word_1_436' title='bbox 1457 1494 1560 1519; x_wconf 91' lang='lat' dir='ltr'>nunc</span> <span class='ocrx_word' id='word_1_437' title='bbox 1580 1494 1699 1530; x_wconf 91' lang='lat' dir='ltr'>quarn</span> <span class='ocrx_word' id='word_1_438' title='bbox 1726 1481 1844 1531; x_wconf 87' lang='lat' dir='ltr'>prius.</span> <span class='ocrx_word' id='word_1_439' title='bbox 1875 1482 1954 1519; x_wconf 89' lang='lat' dir='ltr'>Sed</span> <span class='ocrx_word' id='word_1_440' title='bbox 1979 1483 2085 1532; x_wconf 91' lang='lat' dir='ltr'>quod</span> <span class='ocrx_word' id='word_1_441' title='bbox 2105 1483 2212 1521; x_wconf 87' lang='lat' dir='ltr'>aliter</span> <span class='ocrx_word' id='word_1_442' title='bbox 2231 1497 2272 1521; x_wconf 92' lang='lat' dir='ltr'>se</span> <span class='ocrx_word' id='word_1_443' title='bbox 2290 1485 2408 1522; x_wconf 93' lang='lat' dir='ltr'>habet</span> <span class='ocrx_word' id='word_1_444' title='bbox 2425 1498 2530 1524; x_wconf 89' lang='lat' dir='ltr'>nunc</span> 
     </span>
     <span class='ocr_line' id='line_1_69' title="bbox 1458 1535 2529 1584; baseline 0.005 -13"><span class='ocrx_word' id='word_1_445' title='bbox 1458 1547 1576 1584; x_wconf 89' lang='lat' dir='ltr'>quam</span> <span class='ocrx_word' id='word_1_446' title='bbox 1595 1535 1712 1584; x_wconf 91' lang='lat' dir='ltr'>prius,</span> <span class='ocrx_word' id='word_1_447' title='bbox 1734 1542 1924 1572; x_wconf 89' lang='lat' dir='ltr'>movetur.</span> <span class='ocrx_word' id='word_1_448' title='bbox 1954 1536 2057 1584; x_wconf 88' lang='lat' dir='ltr'>Ergo</span> <span class='ocrx_word' id='word_1_449' title='bbox 2087 1545 2175 1574; x_wconf 91' lang='lat' dir='ltr'>ante</span> <span class='ocrx_word' id='word_1_450' title='bbox 2199 1550 2359 1575; x_wconf 90' lang='lat' dir='ltr'>ornnem</span> <span class='ocrx_word' id='word_1_451' title='bbox 2378 1547 2529 1576; x_wconf 88' lang='lat' dir='ltr'>motum</span> 
     </span>
     <span class='ocr_line' id='line_1_70' title="bbox 1459 1588 2530 1639; baseline 0.006 -14"><span class='ocrx_word' id='word_1_452' title='bbox 1459 1589 1506 1626; x_wconf 93' lang='lat' dir='ltr'>de</span> <span class='ocrx_word' id='word_1_453' title='bbox 1535 1600 1640 1626; x_wconf 90' lang='lat' dir='ltr'>novo</span> <span class='ocrx_word' id='word_1_454' title='bbox 1669 1588 1932 1637; x_wconf 87' lang='lat' dir='ltr'>incipientem,</span> <span class='ocrx_word' id='word_1_455' title='bbox 1961 1589 2030 1626; x_wconf 84' lang='lat' dir='ltr'>fuit</span> <span class='ocrx_word' id='word_1_456' title='bbox 2057 1590 2190 1639; x_wconf 87' lang='lat' dir='ltr'>aliquis</span> <span class='ocrx_word' id='word_1_457' title='bbox 2219 1599 2361 1629; x_wconf 88' lang='lat' dir='ltr'>motus.</span> <span class='ocrx_word' id='word_1_458' title='bbox 2397 1593 2530 1630; x_wconf 87' lang='lat' dir='ltr'>Motus</span> 
     </span>
     <span class='ocr_line' id='line_1_71' title="bbox 1458 1641 2531 1694; baseline 0.005 -15"><span class='ocrx_word' id='word_1_459' title='bbox 1458 1654 1549 1690; x_wconf 88' lang='lat' dir='ltr'>ergo</span> <span class='ocrx_word' id='word_1_460' title='bbox 1578 1654 1732 1691; x_wconf 89' lang='lat' dir='ltr'>semper</span> <span class='ocrx_word' id='word_1_461' title='bbox 1759 1641 1838 1679; x_wconf 86' lang='lat' dir='ltr'>fuit.</span> <span class='ocrx_word' id='word_1_462' title='bbox 1869 1642 1972 1690; x_wconf 90' lang='lat' dir='ltr'>Ergo</span> <span class='ocrx_word' id='word_1_463' title='bbox 2011 1650 2048 1680; x_wconf 87' lang='lat' dir='ltr'>et</span> <span class='ocrx_word' id='word_1_464' title='bbox 2080 1644 2245 1681; x_wconf 88' lang='lat' dir='ltr'>mobile:</span> <span class='ocrx_word' id='word_1_465' title='bbox 2280 1644 2371 1694; x_wconf 90' lang='lat' dir='ltr'>quia</span> <span class='ocrx_word' id='word_1_466' title='bbox 2399 1654 2531 1684; x_wconf 89' lang='lat' dir='ltr'>motus</span> 
     </span>
     <span class='ocr_line' id='line_1_72' title="bbox 1458 1695 1964 1733; baseline 0.002 -1"><span class='ocrx_word' id='word_1_467' title='bbox 1458 1707 1537 1733; x_wconf 91' lang='lat' dir='ltr'>non</span> <span class='ocrx_word' id='word_1_468' title='bbox 1566 1703 1622 1732; x_wconf 91' lang='lat' dir='ltr'>est</span> <span class='ocrx_word' id='word_1_469' title='bbox 1650 1695 1722 1732; x_wconf 89' lang='lat' dir='ltr'>nisi</span> <span class='ocrx_word' id='word_1_470' title='bbox 1750 1695 1789 1732; x_wconf 89' lang='lat' dir='ltr'>in</span> <span class='ocrx_word' id='word_1_471' title='bbox 1819 1695 1964 1733; x_wconf 90' lang='lat' dir='ltr'>mobili.</span> 
     </span>
    </p>

    <p class='ocr_par' dir='ltr' id='par_1_24' title="bbox 1455 1749 2531 2704">
     <span class='ocr_line' id='line_1_73' title="bbox 1512 1749 2528 1801; baseline 0.005 -16"><span class='ocrx_word' id='word_1_472' title='bbox 1512 1750 1548 1786; x_wconf 83' lang='lat'>6.</span> <span class='ocrx_word' id='word_1_473' title='bbox 1578 1749 1814 1795; x_wconf 64' lang='lat' dir='ltr'>PRAETER-EA,</span> <span class='ocrx_word' id='word_1_474' title='bbox 1844 1760 1962 1785; x_wconf 89' lang='lat' dir='ltr'>omne</span> <span class='ocrx_word' id='word_1_475' title='bbox 1990 1761 2156 1787; x_wconf 88' lang='lat' dir='ltr'>movens</span> <span class='ocrx_word' id='word_1_476' title='bbox 2184 1757 2249 1787; x_wconf 89' lang='lat' dir='ltr'>aut</span> <span class='ocrx_word' id='word_1_477' title='bbox 2269 1758 2325 1788; x_wconf 89' lang='lat' dir='ltr'>est</span> <span class='ocrx_word' id='word_1_478' title='bbox 2343 1752 2528 1801; x_wconf 86' lang='lat' dir='ltr'>naturale,</span> 
     </span>
     <span class='ocr_line' id='line_1_74' title="bbox 1458 1801 2530 1853; baseline 0.004 -14"><span class='ocrx_word' id='word_1_479' title='bbox 1458 1809 1523 1839; x_wconf 88' lang='lat' dir='ltr'>aut</span> <span class='ocrx_word' id='word_1_480' title='bbox 1543 1808 1598 1839; x_wconf 90' lang='lat' dir='ltr'>est</span> <span class='ocrx_word' id='word_1_481' title='bbox 1615 1801 1888 1839; x_wconf 86' lang='lat' dir='ltr'>voluntarium.</span> <span class='ocrx_word' id='word_1_482' title='bbox 1911 1802 1990 1840; x_wconf 92' lang='lat' dir='ltr'>Sed</span> <span class='ocrx_word' id='word_1_483' title='bbox 2008 1810 2187 1840; x_wconf 90' lang='lat' dir='ltr'>neutrum</span> <span class='ocrx_word' id='word_1_484' title='bbox 2206 1803 2336 1853; x_wconf 89' lang='lat' dir='ltr'>incipit</span> <span class='ocrx_word' id='word_1_485' title='bbox 2355 1817 2530 1853; x_wconf 87' lang='lat' dir='ltr'>movere,</span> 
     </span>
     <span class='ocr_line' id='line_1_75' title="bbox 1458 1854 2531 1904; baseline 0.005 -13"><span class='ocrx_word' id='word_1_486' title='bbox 1458 1854 1530 1892; x_wconf 88' lang='lat' dir='ltr'>nisi</span> <span class='ocrx_word' id='word_1_487' title='bbox 1549 1854 1677 1903; x_wconf 90' lang='lat' dir='ltr'>aliquo</span> <span class='ocrx_word' id='word_1_488' title='bbox 1698 1862 1807 1892; x_wconf 90' lang='lat' dir='ltr'>motu</span> <span class='ocrx_word' id='word_1_489' title='bbox 1826 1855 2118 1904; x_wconf 88' lang='lat' dir='ltr'>praeexistente.</span> <span class='ocrx_word' id='word_1_490' title='bbox 2139 1857 2288 1894; x_wconf 89' lang='lat' dir='ltr'>Natura</span> <span class='ocrx_word' id='word_1_491' title='bbox 2308 1857 2410 1895; x_wconf 89' lang='lat' dir='ltr'>enirn</span> <span class='ocrx_word' id='word_1_492' title='bbox 2429 1870 2531 1896; x_wconf 90' lang='lat' dir='ltr'>sem-</span> 
     </span>
     <span class='ocr_line' id='line_1_76' title="bbox 1456 1908 2531 1960; baseline 0.004 -15"><span class='ocrx_word' id='word_1_493' title='bbox 1456 1921 1526 1958; x_wconf 91' lang='lat' dir='ltr'>per</span> <span class='ocrx_word' id='word_1_494' title='bbox 1545 1908 1686 1945; x_wconf 91' lang='lat' dir='ltr'>eodem</span> <span class='ocrx_word' id='word_1_495' title='bbox 1715 1908 1835 1946; x_wconf 89' lang='lat' dir='ltr'>modo</span> <span class='ocrx_word' id='word_1_496' title='bbox 1865 1916 2056 1957; x_wconf 91' lang='lat' dir='ltr'>operatur.</span> <span class='ocrx_word' id='word_1_497' title='bbox 2086 1909 2210 1956; x_wconf 91' lang='lat' dir='ltr'>Unde,</span> <span class='ocrx_word' id='word_1_498' title='bbox 2230 1909 2303 1948; x_wconf 89' lang='lat' dir='ltr'>nisi</span> <span class='ocrx_word' id='word_1_499' title='bbox 2324 1911 2531 1960; x_wconf 84' lang='lat' dir='ltr'>praecedat</span> 
     </span>
     <span class='ocr_line' id='line_1_77' title="bbox 1457 1961 2529 2010; baseline 0.005 -12"><span class='ocrx_word' id='word_1_500' title='bbox 1457 1962 1583 2010; x_wconf 88' lang='lat' dir='ltr'>aliqua</span> <span class='ocrx_word' id='word_1_501' title='bbox 1610 1961 1827 1999; x_wconf 88' lang='lat' dir='ltr'>immutatio</span> <span class='ocrx_word' id='word_1_502' title='bbox 1855 1963 1918 1999; x_wconf 90' lang='lat' dir='ltr'>vel</span> <span class='ocrx_word' id='word_1_503' title='bbox 1941 1961 1980 1999; x_wconf 89' lang='lat' dir='ltr'>in</span> <span class='ocrx_word' id='word_1_504' title='bbox 2013 1970 2147 2000; x_wconf 89' lang='lat' dir='ltr'>natura</span> <span class='ocrx_word' id='word_1_505' title='bbox 2176 1964 2368 2002; x_wconf 86' lang='lat' dir='ltr'>moventis</span> <span class='ocrx_word' id='word_1_506' title='bbox 2395 1965 2458 2002; x_wconf 90' lang='lat' dir='ltr'>vel</span> <span class='ocrx_word' id='word_1_507' title='bbox 2489 1965 2529 2003; x_wconf 90' lang='lat' dir='ltr'>in</span> 
     </span>
     <span class='ocr_line' id='line_1_78' title="bbox 1458 2015 2530 2064; baseline 0.006 -13"><span class='ocrx_word' id='word_1_508' title='bbox 1458 2015 1603 2062; x_wconf 91' lang='lat' dir='ltr'>mobili,</span> <span class='ocrx_word' id='word_1_509' title='bbox 1624 2027 1704 2052; x_wconf 92' lang='lat' dir='ltr'>non</span> <span class='ocrx_word' id='word_1_510' title='bbox 1723 2015 1876 2064; x_wconf 92' lang='lat' dir='ltr'>incipiet</span> <span class='ocrx_word' id='word_1_511' title='bbox 1900 2028 1923 2052; x_wconf 93' lang='lat' dir='ltr'>a</span> <span class='ocrx_word' id='word_1_512' title='bbox 1946 2023 2130 2053; x_wconf 91' lang='lat' dir='ltr'>movente</span> <span class='ocrx_word' id='word_1_513' title='bbox 2159 2017 2320 2054; x_wconf 91' lang='lat' dir='ltr'>naturali</span> <span class='ocrx_word' id='word_1_514' title='bbox 2340 2029 2424 2056; x_wconf 89' lang='lat' dir='ltr'>esse</span> <span class='ocrx_word' id='word_1_515' title='bbox 2444 2031 2530 2056; x_wconf 88' lang='lat' dir='ltr'>mo-</span> 
     </span>
     <span class='ocr_line' id='line_1_79' title="bbox 1457 2068 2524 2120; baseline 0.004 -15"><span class='ocrx_word' id='word_1_516' title='bbox 1457 2076 1528 2116; x_wconf 90' lang='lat' dir='ltr'>tus,</span> <span class='ocrx_word' id='word_1_517' title='bbox 1559 2068 1624 2117; x_wconf 93' lang='lat' dir='ltr'>qui</span> <span class='ocrx_word' id='word_1_518' title='bbox 1654 2081 1732 2105; x_wconf 92' lang='lat' dir='ltr'>non</span> <span class='ocrx_word' id='word_1_519' title='bbox 1760 2068 1830 2106; x_wconf 85' lang='lat' dir='ltr'>fuit</span> <span class='ocrx_word' id='word_1_520' title='bbox 1856 2069 1974 2118; x_wconf 90' lang='lat' dir='ltr'>prius.</span> <span class='ocrx_word' id='word_1_521' title='bbox 2004 2069 2191 2107; x_wconf 90' lang='lat' dir='ltr'>Voluntas</span> <span class='ocrx_word' id='word_1_522' title='bbox 2220 2078 2349 2108; x_wconf 89' lang='lat' dir='ltr'>autem</span> <span class='ocrx_word' id='word_1_523' title='bbox 2377 2072 2524 2120; x_wconf 90' lang='lat' dir='ltr'>absque</span> 
     </span>
     <span class='ocr_line' id='line_1_80' title="bbox 1457 2122 2529 2174; baseline 0.004 -15"><span class='ocrx_word' id='word_1_524' title='bbox 1457 2122 1516 2159; x_wconf 92' lang='lat' dir='ltr'>sui</span> <span class='ocrx_word' id='word_1_525' title='bbox 1543 2122 1812 2159; x_wconf 87' lang='lat' dir='ltr'>immutatione</span> <span class='ocrx_word' id='word_1_526' title='bbox 1840 2122 2006 2160; x_wconf 89' lang='lat' dir='ltr'>retardat</span> <span class='ocrx_word' id='word_1_527' title='bbox 2034 2123 2158 2160; x_wconf 88' lang='lat' dir='ltr'>facere</span> <span class='ocrx_word' id='word_1_528' title='bbox 2187 2124 2292 2173; x_wconf 92' lang='lat' dir='ltr'>quod</span> <span class='ocrx_word' id='word_1_529' title='bbox 2326 2125 2529 2174; x_wconf 87' lang='lat' dir='ltr'>proponit:</span> 
     </span>
     <span class='ocr_line' id='line_1_81' title="bbox 1457 2175 2529 2225; baseline 0.005 -13"><span class='ocrx_word' id='word_1_530' title='bbox 1457 2175 1526 2213; x_wconf 93' lang='lat' dir='ltr'>sed</span> <span class='ocrx_word' id='word_1_531' title='bbox 1553 2176 1629 2212; x_wconf 89' lang='lat' dir='ltr'>hoc</span> <span class='ocrx_word' id='word_1_532' title='bbox 1657 2188 1736 2212; x_wconf 91' lang='lat' dir='ltr'>non</span> <span class='ocrx_word' id='word_1_533' title='bbox 1764 2183 1820 2212; x_wconf 88' lang='lat' dir='ltr'>est</span> <span class='ocrx_word' id='word_1_534' title='bbox 1847 2175 1919 2212; x_wconf 90' lang='lat' dir='ltr'>nisi</span> <span class='ocrx_word' id='word_1_535' title='bbox 1938 2188 2008 2224; x_wconf 92' lang='lat' dir='ltr'>per</span> <span class='ocrx_word' id='word_1_536' title='bbox 2026 2176 2193 2225; x_wconf 88' lang='lat' dir='ltr'>aliquam</span> <span class='ocrx_word' id='word_1_537' title='bbox 2221 2176 2529 2216; x_wconf 85' lang='lat' dir='ltr'>immutationem</span> 
     </span>
     <span class='ocr_line' id='line_1_82' title="bbox 1457 2228 2529 2280; baseline 0.006 -16"><span class='ocrx_word' id='word_1_538' title='bbox 1457 2240 1577 2277; x_wconf 87' lang='lat' dir='ltr'>quam</span> <span class='ocrx_word' id='word_1_539' title='bbox 1605 2228 1842 2276; x_wconf 87' lang='lat' dir='ltr'>imaginatur,</span> <span class='ocrx_word' id='word_1_540' title='bbox 1864 2229 1912 2266; x_wconf 86' lang='lat' dir='ltr'>ad</span> <span class='ocrx_word' id='word_1_541' title='bbox 1931 2228 2059 2266; x_wconf 90' lang='lat' dir='ltr'>minus</span> <span class='ocrx_word' id='word_1_542' title='bbox 2088 2242 2134 2267; x_wconf 91' lang='lat' dir='ltr'>ex</span> <span class='ocrx_word' id='word_1_543' title='bbox 2161 2238 2267 2280; x_wconf 89' lang='lat' dir='ltr'>parte</span> <span class='ocrx_word' id='word_1_544' title='bbox 2295 2231 2414 2280; x_wconf 90' lang='lat' dir='ltr'>ipsius</span> <span class='ocrx_word' id='word_1_545' title='bbox 2433 2239 2529 2270; x_wconf 90' lang='lat' dir='ltr'>tem-</span> 
     </span>
     <span class='ocr_line' id='line_1_83' title="bbox 1457 2280 2530 2332; baseline 0.006 -15"><span class='ocrx_word' id='word_1_546' title='bbox 1457 2281 1573 2330; x_wconf 90' lang='lat' dir='ltr'>poris.</span> <span class='ocrx_word' id='word_1_547' title='bbox 1604 2281 1710 2318; x_wconf 91' lang='lat' dir='ltr'>Sicut</span> <span class='ocrx_word' id='word_1_548' title='bbox 1729 2280 1793 2330; x_wconf 91' lang='lat' dir='ltr'>qui</span> <span class='ocrx_word' id='word_1_549' title='bbox 1820 2282 1904 2318; x_wconf 91' lang='lat' dir='ltr'>vult</span> <span class='ocrx_word' id='word_1_550' title='bbox 1930 2282 2055 2319; x_wconf 87' lang='lat' dir='ltr'>facere</span> <span class='ocrx_word' id='word_1_551' title='bbox 2085 2283 2247 2320; x_wconf 90' lang='lat' dir='ltr'>domum</span> <span class='ocrx_word' id='word_1_552' title='bbox 2277 2297 2372 2332; x_wconf 88' lang='lat' dir='ltr'>cras,</span> <span class='ocrx_word' id='word_1_553' title='bbox 2395 2293 2431 2322; x_wconf 92' lang='lat' dir='ltr'>et</span> <span class='ocrx_word' id='word_1_554' title='bbox 2449 2296 2530 2323; x_wconf 90' lang='lat' dir='ltr'>non</span> 
     </span>
     <span class='ocr_line' id='line_1_84' title="bbox 1457 2333 2528 2386; baseline 0.005 -15"><span class='ocrx_word' id='word_1_555' title='bbox 1457 2333 1585 2381; x_wconf 89' lang='lat' dir='ltr'>hodie,</span> <span class='ocrx_word' id='word_1_556' title='bbox 1608 2341 1781 2384; x_wconf 87' lang='lat' dir='ltr'>expectat</span> <span class='ocrx_word' id='word_1_557' title='bbox 1808 2334 1951 2383; x_wconf 89' lang='lat' dir='ltr'>aliquid</span> <span class='ocrx_word' id='word_1_558' title='bbox 1979 2335 2147 2376; x_wconf 68' lang='lat' dir='ltr'>futurum</span> <span class='ocrx_word' id='word_1_559' title='bbox 2168 2348 2262 2383; x_wconf 87' lang='lat' dir='ltr'>cras,</span> <span class='ocrx_word' id='word_1_560' title='bbox 2284 2338 2391 2386; x_wconf 93' lang='lat' dir='ltr'>quod</span> <span class='ocrx_word' id='word_1_561' title='bbox 2411 2338 2528 2376; x_wconf 90' lang='lat' dir='ltr'>hodie</span> 
     </span>
     <span class='ocr_line' id='line_1_85' title="bbox 1457 2387 2530 2439; baseline 0.005 -15"><span class='ocrx_word' id='word_1_562' title='bbox 1457 2400 1537 2425; x_wconf 93' lang='lat' dir='ltr'>non</span> <span class='ocrx_word' id='word_1_563' title='bbox 1557 2395 1632 2434; x_wconf 90' lang='lat' dir='ltr'>est;</span> <span class='ocrx_word' id='word_1_564' title='bbox 1664 2395 1700 2425; x_wconf 92' lang='lat' dir='ltr'>et</span> <span class='ocrx_word' id='word_1_565' title='bbox 1719 2387 1768 2425; x_wconf 90' lang='lat' dir='ltr'>ad</span> <span class='ocrx_word' id='word_1_566' title='bbox 1795 2387 1922 2425; x_wconf 86' lang='lat' dir='ltr'>minus</span> <span class='ocrx_word' id='word_1_567' title='bbox 1951 2396 2124 2437; x_wconf 85' lang='lat' dir='ltr'>expectat</span> <span class='ocrx_word' id='word_1_568' title='bbox 2151 2390 2257 2439; x_wconf 92' lang='lat' dir='ltr'>quod</span> <span class='ocrx_word' id='word_1_569' title='bbox 2277 2390 2358 2428; x_wconf 91' lang='lat' dir='ltr'>dies</span> <span class='ocrx_word' id='word_1_570' title='bbox 2377 2391 2530 2429; x_wconf 89' lang='lat' dir='ltr'>hodier-</span> 
     </span>
     <span class='ocr_line' id='line_1_86' title="bbox 1457 2441 2528 2492; baseline 0.005 -15"><span class='ocrx_word' id='word_1_571' title='bbox 1457 2453 1528 2478; x_wconf 92' lang='lat' dir='ltr'>nus</span> <span class='ocrx_word' id='word_1_572' title='bbox 1556 2448 1745 2488; x_wconf 85' lang='lat' dir='ltr'>transeat,</span> <span class='ocrx_word' id='word_1_573' title='bbox 1785 2447 1822 2477; x_wconf 91' lang='lat' dir='ltr'>et</span> <span class='ocrx_word' id='word_1_574' title='bbox 1849 2441 2033 2478; x_wconf 88' lang='lat' dir='ltr'>crastinus</span> <span class='ocrx_word' id='word_1_575' title='bbox 2069 2442 2270 2489; x_wconf 89' lang='lat' dir='ltr'>adveniat;</span> <span class='ocrx_word' id='word_1_576' title='bbox 2308 2444 2416 2492; x_wconf 91' lang='lat' dir='ltr'>quod</span> <span class='ocrx_word' id='word_1_577' title='bbox 2447 2444 2528 2482; x_wconf 90' lang='lat' dir='ltr'>sine</span> 
     </span>
     <span class='ocr_line' id='line_1_87' title="bbox 1457 2493 2529 2545; baseline 0.005 -15"><span class='ocrx_word' id='word_1_578' title='bbox 1457 2493 1668 2531; x_wconf 89' lang='lat' dir='ltr'>mutatione</span> <span class='ocrx_word' id='word_1_579' title='bbox 1705 2506 1785 2531; x_wconf 91' lang='lat' dir='ltr'>non</span> <span class='ocrx_word' id='word_1_580' title='bbox 1818 2502 1898 2542; x_wconf 90' lang='lat' dir='ltr'>est,</span> <span class='ocrx_word' id='word_1_581' title='bbox 1937 2494 2027 2544; x_wconf 88' lang='lat' dir='ltr'>quia</span> <span class='ocrx_word' id='word_1_582' title='bbox 2053 2502 2215 2545; x_wconf 60' lang='lat' dir='ltr'>tempus</span> <span class='ocrx_word' id='word_1_583' title='bbox 2253 2504 2308 2533; x_wconf 92' lang='lat' dir='ltr'>est</span> <span class='ocrx_word' id='word_1_584' title='bbox 2345 2509 2529 2536; x_wconf 89' lang='lat' dir='ltr'>numerus</span> 
     </span>
     <span class='ocr_line' id='line_1_88' title="bbox 1457 2546 2529 2598; baseline 0.004 -14"><span class='ocrx_word' id='word_1_585' title='bbox 1457 2555 1597 2584; x_wconf 88' lang='lat' dir='ltr'>motus.</span> <span class='ocrx_word' id='word_1_586' title='bbox 1628 2546 1868 2597; x_wconf 90' lang='lat' dir='ltr'>Relinquitur</span> <span class='ocrx_word' id='word_1_587' title='bbox 1895 2559 1985 2596; x_wconf 89' lang='lat' dir='ltr'>ergo</span> <span class='ocrx_word' id='word_1_588' title='bbox 2015 2548 2120 2598; x_wconf 91' lang='lat' dir='ltr'>quod</span> <span class='ocrx_word' id='word_1_589' title='bbox 2149 2557 2236 2587; x_wconf 85' lang='lat' dir='ltr'>ante</span> <span class='ocrx_word' id='word_1_590' title='bbox 2265 2562 2424 2588; x_wconf 88' lang='lat' dir='ltr'>ornnem</span> <span class='ocrx_word' id='word_1_591' title='bbox 2443 2563 2529 2588; x_wconf 89' lang='lat' dir='ltr'>mo-</span> 
     </span>
     <span class='ocr_line' id='line_1_89' title="bbox 1455 2600 2529 2651; baseline 0.005 -14"><span class='ocrx_word' id='word_1_592' title='bbox 1455 2608 1539 2638; x_wconf 89' lang='lat' dir='ltr'>tum</span> <span class='ocrx_word' id='word_1_593' title='bbox 1569 2601 1616 2638; x_wconf 95' lang='lat' dir='ltr'>de</span> <span class='ocrx_word' id='word_1_594' title='bbox 1645 2613 1750 2638; x_wconf 91' lang='lat' dir='ltr'>novo</span> <span class='ocrx_word' id='word_1_595' title='bbox 1785 2600 2050 2651; x_wconf 88' lang='lat' dir='ltr'>incipientem,</span> <span class='ocrx_word' id='word_1_596' title='bbox 2080 2602 2150 2640; x_wconf 89' lang='lat' dir='ltr'>fuit</span> <span class='ocrx_word' id='word_1_597' title='bbox 2177 2602 2271 2640; x_wconf 90' lang='lat' dir='ltr'>alius</span> <span class='ocrx_word' id='word_1_598' title='bbox 2300 2611 2440 2642; x_wconf 88' lang='lat' dir='ltr'>motus.</span> <span class='ocrx_word' id='word_1_599' title='bbox 2479 2604 2529 2642; x_wconf 91' lang='lat' dir='ltr'>Et</span> 
     </span>
     <span class='ocr_line' id='line_1_90' title="bbox 1456 2653 1922 2704; baseline 0 -13"><span class='ocrx_word' id='word_1_600' title='bbox 1456 2653 1509 2692; x_wconf 91' lang='lat' dir='ltr'>sic</span> <span class='ocrx_word' id='word_1_601' title='bbox 1537 2653 1642 2691; x_wconf 87' lang='lat' dir='ltr'>idem</span> <span class='ocrx_word' id='word_1_602' title='bbox 1671 2654 1777 2702; x_wconf 92' lang='lat' dir='ltr'>quod</span> <span class='ocrx_word' id='word_1_603' title='bbox 1803 2653 1922 2704; x_wconf 90' lang='lat' dir='ltr'>prius.</span> 
     </span>
    </p>

    <p class='ocr_par' dir='ltr' id='par_1_25' title="bbox 1455 2707 2529 3186">
     <span class='ocr_line' id='line_1_91' title="bbox 1510 2707 2529 2760; baseline 0.005 -17"><span class='ocrx_word' id='word_1_604' title='bbox 1510 2719 1546 2756; x_wconf 93' lang='lat'>7.</span> <span class='ocrx_word' id='word_1_605' title='bbox 1577 2708 1820 2755; x_wconf 70' lang='lat' dir='ltr'>PRAETEREA,</span> <span class='ocrx_word' id='word_1_606' title='bbox 1849 2707 2038 2758; x_wconf 90' lang='lat' dir='ltr'>quidquid</span> <span class='ocrx_word' id='word_1_607' title='bbox 2074 2715 2132 2746; x_wconf 98' lang='grc' dir='ltr'>θεῖ</span> <span class='ocrx_word' id='word_1_608' title='bbox 2165 2721 2318 2759; x_wconf 88' lang='lat' dir='ltr'>semper</span> <span class='ocrx_word' id='word_1_609' title='bbox 2354 2710 2394 2747; x_wconf 90' lang='lat' dir='ltr'>in</span> <span class='ocrx_word' id='word_1_610' title='bbox 2426 2710 2529 2760; x_wconf 90' lang='lat' dir='ltr'>prin-</span> 
     </span>
     <span class='ocr_line' id='line_1_92' title="bbox 1455 2760 2529 2822; baseline 0.004 -25"><span class='ocrx_word' id='word_1_611' title='bbox 1455 2760 1555 2810; x_wconf 91' lang='lat' dir='ltr'>cipio</span> <span class='ocrx_word' id='word_1_612' title='bbox 1584 2768 1620 2797; x_wconf 92' lang='lat' dir='ltr'>et</span> <span class='ocrx_word' id='word_1_613' title='bbox 1648 2773 1802 2810; x_wconf 90' lang='lat' dir='ltr'>semper</span> <span class='ocrx_word' id='word_1_614' title='bbox 1830 2761 1869 2798; x_wconf 92' lang='lat' dir='ltr'>in</span> <span class='ocrx_word' id='word_1_615' title='bbox 1897 2761 1988 2810; x_wconf 90' lang='lat' dir='ltr'>fine,</span> <span class='ocrx_word' id='word_1_616' title='bbox 2018 2773 2090 2799; x_wconf 91' lang='lat' dir='ltr'>nec</span> <span class='ocrx_word' id='word_1_617' title='bbox 2122 2762 2289 2822; x_wconf 79' lang='lat' dir='ltr'>incipere</span> <span class='ocrx_word' id='word_1_618' title='bbox 2326 2775 2398 2801; x_wconf 91' lang='lat' dir='ltr'>nec</span> <span class='ocrx_word' id='word_1_619' title='bbox 2430 2763 2529 2801; x_wconf 89' lang='lat' dir='ltr'>desi-</span> 
     </span>
     <span class='ocr_line' id='line_1_93' title="bbox 1456 2814 2526 2865; baseline 0.004 -14"><span class='ocrx_word' id='word_1_620' title='bbox 1456 2826 1547 2851; x_wconf 88' lang='lat' dir='ltr'>nere</span> <span class='ocrx_word' id='word_1_621' title='bbox 1565 2819 1580 2837; x_wconf 80' lang='lat'>’‘</span> <span class='ocrx_word' id='word_1_622' title='bbox 1608 2821 1753 2864; x_wconf 88' lang='lat' dir='ltr'>potest:</span> <span class='ocrx_word' id='word_1_623' title='bbox 1784 2814 1874 2863; x_wconf 91' lang='lat' dir='ltr'>quia</span> <span class='ocrx_word' id='word_1_624' title='bbox 1901 2815 2008 2864; x_wconf 91' lang='lat' dir='ltr'>quod</span> <span class='ocrx_word' id='word_1_625' title='bbox 2037 2814 2176 2865; x_wconf 91' lang='lat' dir='ltr'>incipit,</span> <span class='ocrx_word' id='word_1_626' title='bbox 2205 2828 2285 2853; x_wconf 93' lang='lat' dir='ltr'>non</span> <span class='ocrx_word' id='word_1_627' title='bbox 2305 2823 2362 2853; x_wconf 92' lang='lat' dir='ltr'>est</span> <span class='ocrx_word' id='word_1_628' title='bbox 2388 2816 2427 2854; x_wconf 90' lang='lat' dir='ltr'>in</span> <span class='ocrx_word' id='word_1_629' title='bbox 2455 2829 2526 2855; x_wconf 93' lang='lat' dir='ltr'>suo</span> 
     </span>
     <span class='ocr_line' id='line_1_94' title="bbox 1455 2867 2527 2942; baseline 0.004 -38"><span class='ocrx_word' id='word_1_630' title='bbox 1455 2867 1555 2914; x_wconf 92' lang='lat' dir='ltr'>fine;</span> <span class='ocrx_word' id='word_1_631' title='bbox 1585 2867 1690 2917; x_wconf 91' lang='lat' dir='ltr'>quod</span> <span class='ocrx_word' id='word_1_632' title='bbox 1719 2875 1847 2905; x_wconf 91' lang='lat' dir='ltr'>autem</span> <span class='ocrx_word' id='word_1_633' title='bbox 1877 2867 2032 2916; x_wconf 90' lang='lat' dir='ltr'>desinit,</span> <span class='ocrx_word' id='word_1_634' title='bbox 2061 2881 2141 2906; x_wconf 90' lang='lat' dir='ltr'>non</span> <span class='ocrx_word' id='word_1_635' title='bbox 2171 2877 2226 2906; x_wconf 92' lang='lat' dir='ltr'>est</span> <span class='ocrx_word' id='word_1_636' title='bbox 2258 2869 2313 2942; x_wconf 63' lang='lat' dir='ltr'>ino</span> <span class='ocrx_word' id='word_1_637' title='bbox 2326 2882 2396 2907; x_wconf 92' lang='lat' dir='ltr'>suo</span> <span class='ocrx_word' id='word_1_638' title='bbox 2424 2870 2527 2930; x_wconf 80' lang='lat' dir='ltr'>prin-</span> 
     </span>
     <span class='ocr_line' id='line_1_95' title="bbox 1457 2919 2526 2974; baseline 0.003 -16"><span class='ocrx_word' id='word_1_639' title='bbox 1457 2920 1567 2970; x_wconf 89' lang='lat' dir='ltr'>cipio.</span> <span class='ocrx_word' id='word_1_640' title='bbox 1598 2921 1676 2958; x_wconf 91' lang='lat' dir='ltr'>Sed</span> <span class='ocrx_word' id='word_1_641' title='bbox 1704 2928 1856 2970; x_wconf 88' lang='lat' dir='ltr'>tempus</span> <span class='ocrx_word' id='word_1_642' title='bbox 1880 2933 2032 2971; x_wconf 88' lang='lat' dir='ltr'>semper</span> <span class='ocrx_word' id='word_1_643' title='bbox 2060 2930 2116 2960; x_wconf 91' lang='lat' dir='ltr'>est</span> <span class='ocrx_word' id='word_1_644' title='bbox 2142 2922 2180 2960; x_wconf 92' lang='lat' dir='ltr'>in</span> <span class='ocrx_word' id='word_1_645' title='bbox 2209 2919 2313 2959; x_wconf 83' lang='lat' dir='ltr'>suo⁰</span> <span class='ocrx_word' id='word_1_646' title='bbox 2338 2922 2526 2974; x_wconf 90' lang='lat' dir='ltr'>principio</span> 
     </span>
     <span class='ocr_line' id='line_1_96' title="bbox 1457 2974 2526 3036; baseline 0.003 -25"><span class='ocrx_word' id='word_1_647' title='bbox 1457 2981 1493 3011; x_wconf 91' lang='lat' dir='ltr'>et</span> <span class='ocrx_word' id='word_1_648' title='bbox 1520 2974 1619 3011; x_wconf 91' lang='lat' dir='ltr'>fine.</span> <span class='ocrx_word' id='word_1_649' title='bbox 1649 2974 1736 3023; x_wconf 88' lang='lat' dir='ltr'>quia</span> <span class='ocrx_word' id='word_1_650' title='bbox 1766 2974 1855 3011; x_wconf 88' lang='lat' dir='ltr'>nihil</span> <span class='ocrx_word' id='word_1_651' title='bbox 1886 2982 1942 3012; x_wconf 91' lang='lat' dir='ltr'>est</span> <span class='ocrx_word' id='word_1_652' title='bbox 1968 2975 2153 3036; x_wconf 77' lang='lat' dir='ltr'>temporis</span> <span class='ocrx_word' id='word_1_653' title='bbox 2181 2975 2253 3012; x_wconf 91' lang='lat' dir='ltr'>nisi</span> <span class='ocrx_word' id='word_1_654' title='bbox 2278 2988 2389 3023; x_wconf 89' lang='lat' dir='ltr'>nunc,</span> <span class='ocrx_word' id='word_1_655' title='bbox 2419 2977 2526 3025; x_wconf 89' lang='lat' dir='ltr'>quod</span> 
     </span>
     <span class='ocr_line' id='line_1_97' title="bbox 1456 3027 2526 3079; baseline 0.003 -15"><span class='ocrx_word' id='word_1_656' title='bbox 1456 3035 1513 3065; x_wconf 90' lang='lat' dir='ltr'>est</span> <span class='ocrx_word' id='word_1_657' title='bbox 1544 3027 1631 3064; x_wconf 90' lang='lat' dir='ltr'>finis</span> <span class='ocrx_word' id='word_1_658' title='bbox 1663 3027 1877 3077; x_wconf 89' lang='lat' dir='ltr'>praeteriti,</span> <span class='ocrx_word' id='word_1_659' title='bbox 1918 3035 1955 3065; x_wconf 89' lang='lat' dir='ltr'>et</span> <span class='ocrx_word' id='word_1_660' title='bbox 1990 3028 2219 3078; x_wconf 90' lang='lat' dir='ltr'>principium</span> <span class='ocrx_word' id='word_1_661' title='bbox 2258 3029 2382 3067; x_wconf 82' lang='lat' dir='ltr'>futuri.</span> <span class='ocrx_word' id='word_1_662' title='bbox 2422 3031 2526 3079; x_wconf 88' lang='lat' dir='ltr'>Ergo</span> 
     </span>
     <span class='ocr_line' id='line_1_98' title="bbox 1455 3080 2526 3133; baseline 0.002 -15"><span class='ocrx_word' id='word_1_663' title='bbox 1455 3089 1609 3130; x_wconf 90' lang='lat' dir='ltr'>tempus</span> <span class='ocrx_word' id='word_1_664' title='bbox 1637 3093 1710 3118; x_wconf 89' lang='lat' dir='ltr'>nec</span> <span class='ocrx_word' id='word_1_665' title='bbox 1737 3080 1904 3130; x_wconf 90' lang='lat' dir='ltr'>incipere</span> <span class='ocrx_word' id='word_1_666' title='bbox 1933 3093 2005 3118; x_wconf 92' lang='lat' dir='ltr'>nec</span> <span class='ocrx_word' id='word_1_667' title='bbox 2025 3081 2196 3120; x_wconf 91' lang='lat' dir='ltr'>desinere</span> <span class='ocrx_word' id='word_1_668' title='bbox 2220 3090 2358 3131; x_wconf 90' lang='lat' dir='ltr'>potest.</span> <span class='ocrx_word' id='word_1_669' title='bbox 2389 3083 2438 3120; x_wconf 91' lang='lat' dir='ltr'>Et</span> <span class='ocrx_word' id='word_1_670' title='bbox 2456 3095 2526 3133; x_wconf 90' lang='lat' dir='ltr'>per</span> 
     </span>
     <span class='ocr_line' id='line_1_99' title="bbox 1457 3134 2524 3186; baseline 0.003 -15"><span class='ocrx_word' id='word_1_671' title='bbox 1457 3146 1696 3183; x_wconf 90' lang='lat' dir='ltr'>consequens</span> <span class='ocrx_word' id='word_1_672' title='bbox 1715 3146 1786 3171; x_wconf 91' lang='lat' dir='ltr'>nec</span> <span class='ocrx_word' id='word_1_673' title='bbox 1806 3141 1946 3182; x_wconf 90' lang='lat' dir='ltr'>motus,</span> <span class='ocrx_word' id='word_1_674' title='bbox 1959 3134 2064 3172; x_wconf 88' lang='lat' dir='ltr'>cuius</span> <span class='ocrx_word' id='word_1_675' title='bbox 2083 3147 2267 3173; x_wconf 88' lang='lat' dir='ltr'>numerus</span> <span class='ocrx_word' id='word_1_676' title='bbox 2286 3143 2440 3186; x_wconf 89' lang='lat' dir='ltr'>tempus</span> <span class='ocrx_word' id='word_1_677' title='bbox 2456 3143 2524 3174; x_wconf 90' lang='lat' dir='ltr'>est.</span> 
     </span>
    </p>

    <p class='ocr_par' dir='ltr' id='par_1_26' title="bbox 1455 3188 2527 3399">
     <span class='ocr_line' id='line_1_100' title="bbox 1511 3188 2525 3237; baseline 0.003 -13"><span class='ocrx_word' id='word_1_678' title='bbox 1511 3188 1546 3225; x_wconf 93' lang='lat'>8.</span> <span class='ocrx_word' id='word_1_679' title='bbox 1576 3188 1814 3235; x_wconf 73' lang='lat' dir='ltr'>PRAETEREA,</span> <span class='ocrx_word' id='word_1_680' title='bbox 1843 3188 1950 3225; x_wconf 89' lang='lat' dir='ltr'>Deus</span> <span class='ocrx_word' id='word_1_681' title='bbox 1978 3195 2043 3226; x_wconf 90' lang='lat' dir='ltr'>aut</span> <span class='ocrx_word' id='word_1_682' title='bbox 2069 3196 2126 3226; x_wconf 91' lang='lat' dir='ltr'>est</span> <span class='ocrx_word' id='word_1_683' title='bbox 2153 3188 2258 3237; x_wconf 88' lang='lat' dir='ltr'>prior</span> <span class='ocrx_word' id='word_1_684' title='bbox 2285 3189 2434 3227; x_wconf 91' lang='lat' dir='ltr'>mundo</span> <span class='ocrx_word' id='word_1_685' title='bbox 2459 3202 2525 3227; x_wconf 90' lang='lat' dir='ltr'>na-</span> 
     </span>
     <span class='ocr_line' id='line_1_101' title="bbox 1455 3241 2524 3291; baseline 0.002 -13"><span class='ocrx_word' id='word_1_686' title='bbox 1455 3248 1538 3278; x_wconf 83' lang='lat' dir='ltr'>tura</span> <span class='ocrx_word' id='word_1_687' title='bbox 1566 3248 1735 3288; x_wconf 85' lang='lat' dir='ltr'>tanturn,</span> <span class='ocrx_word' id='word_1_688' title='bbox 1774 3248 1838 3278; x_wconf 86' lang='lat' dir='ltr'>aut</span> <span class='ocrx_word' id='word_1_689' title='bbox 1866 3241 2078 3279; x_wconf 89' lang='lat' dir='ltr'>duratione.</span> <span class='ocrx_word' id='word_1_690' title='bbox 2118 3241 2157 3278; x_wconf 93' lang='lat' dir='ltr'>Si</span> <span class='ocrx_word' id='word_1_691' title='bbox 2185 3249 2319 3279; x_wconf 89' lang='lat' dir='ltr'>natura</span> <span class='ocrx_word' id='word_1_692' title='bbox 2356 3250 2524 3291; x_wconf 87' lang='lat' dir='ltr'>tantum,</span> 
     </span>
     <span class='ocr_line' id='line_1_102' title="bbox 1456 3294 2527 3342; baseline 0.003 -11"><span class='ocrx_word' id='word_1_693' title='bbox 1456 3306 1564 3342; x_wconf 89' lang='lat' dir='ltr'>ergo,</span> <span class='ocrx_word' id='word_1_694' title='bbox 1595 3306 1684 3331; x_wconf 90' lang='lat' dir='ltr'>cum</span> <span class='ocrx_word' id='word_1_695' title='bbox 1713 3295 1820 3331; x_wconf 91' lang='lat' dir='ltr'>Deus</span> <span class='ocrx_word' id='word_1_696' title='bbox 1849 3294 1896 3331; x_wconf 95' lang='lat' dir='ltr'>sit</span> <span class='ocrx_word' id='word_1_697' title='bbox 1922 3294 1971 3332; x_wconf 82' lang='lat' dir='ltr'>ab</span> <span class='ocrx_word' id='word_1_698' title='bbox 2000 3301 2178 3342; x_wconf 84' lang='lat' dir='ltr'>aeterno,</span> <span class='ocrx_word' id='word_1_699' title='bbox 2209 3302 2246 3332; x_wconf 90' lang='lat' dir='ltr'>et</span> <span class='ocrx_word' id='word_1_700' title='bbox 2273 3295 2442 3334; x_wconf 88' lang='lat' dir='ltr'>mundus</span> <span class='ocrx_word' id='word_1_701' title='bbox 2470 3303 2527 3334; x_wconf 92' lang='lat' dir='ltr'>est</span> 
     </span>
     <span class='ocr_line' id='line_1_103' title="bbox 1456 3346 2525 3399; baseline 0.003 -15"><span class='ocrx_word' id='word_1_702' title='bbox 1456 3348 1504 3384; x_wconf 92' lang='lat' dir='ltr'>ab</span> <span class='ocrx_word' id='word_1_703' title='bbox 1529 3355 1697 3384; x_wconf 91' lang='lat' dir='ltr'>aeterno.</span> <span class='ocrx_word' id='word_1_704' title='bbox 1729 3346 1770 3384; x_wconf 90' lang='lat' dir='ltr'>Si</span> <span class='ocrx_word' id='word_1_705' title='bbox 1798 3354 1927 3384; x_wconf 89' lang='lat' dir='ltr'>autern</span> <span class='ocrx_word' id='word_1_706' title='bbox 1957 3354 2012 3385; x_wconf 76' lang='lat' dir='ltr'>est</span> <span class='ocrx_word' id='word_1_707' title='bbox 2039 3347 2143 3397; x_wconf 91' lang='lat' dir='ltr'>prior</span> <span class='ocrx_word' id='word_1_708' title='bbox 2171 3348 2392 3396; x_wconf 87' lang='lat' dir='ltr'>duratione;</span> <span class='ocrx_word' id='word_1_709' title='bbox 2419 3348 2525 3399; x_wconf 90' lang='lat' dir='ltr'>prius</span> 
     </span>
    </p>
   </div>
   <div class='ocr_carea' id='block_1_17' title="bbox 1454 3461 2525 3634">
    <p class='ocr_par' dir='ltr' id='par_1_27' title="bbox 1510 3461 2112 3495">
     <span class='ocr_line' id='line_1_104' title="bbox 1510 3461 2112 3495; baseline 0 -9"><span class='ocrx_word' id='word_1_710' title='bbox 1510 3461 1532 3493; x_wconf 85' lang='grc' dir='ltr'>ε)</span> <span class='ocrx_word' id='word_1_711' title='bbox 1548 3462 1656 3493; x_wconf 78' lang='lat' dir='ltr'>probat.</span> <span class='ocrx_word' id='word_1_712' title='bbox 1675 3475 1693 3480; x_wconf 97' lang='lat'>-</span> <span class='ocrx_word' id='word_1_713' title='bbox 1712 3461 1779 3486; x_wconf 80' lang='lat' dir='ltr'>dicit</span> <span class='ocrx_word' id='word_1_714' title='bbox 1797 3466 1857 3494; x_wconf 79' lang='lat' dir='ltr'>post</span> <span class='ocrx_word' id='word_1_715' title='bbox 1875 3461 1982 3495; x_wconf 75' lang='lat' dir='ltr'>thsic.</span> <span class='ocrx_word' id='word_1_716' title='bbox 2002 3462 2112 3487; x_wconf 83' lang='lat' dir='ltr'>PFGab.</span> 
     </span>
    </p>

    <p class='ocr_par' dir='ltr' id='par_1_28' title="bbox 1508 3496 1731 3528">
     <span class='ocr_line' id='line_1_105' title="bbox 1508 3496 1731 3528; baseline 0 -7"><span class='ocrx_word' id='word_1_717' title='bbox 1508 3496 1533 3528; x_wconf 81' lang='grc' dir='ltr'>ζ)</span> <span class='ocrx_word' id='word_1_718' title='bbox 1554 3497 1639 3522; x_wconf 82' lang='grc' dir='ltr'><strong><em>νε1.-</em></strong></span> <span class='ocrx_word' id='word_1_719' title='bbox 1656 3500 1682 3522; x_wconf 84' lang='lat' dir='ltr'>et</span> <span class='ocrx_word' id='word_1_720' title='bbox 1703 3497 1731 3522; x_wconf 89' lang='grc' dir='ltr'>Ρ.</span> 
     </span>
    </p>

    <p class='ocr_par' dir='ltr' id='par_1_29' title="bbox 1509 3531 2341 3566">
     <span class='ocr_line' id='line_1_106' title="bbox 1509 3531 2341 3566; baseline 0.004 -10"><span class='ocrx_word' id='word_1_721' title='bbox 1509 3532 1536 3564; x_wconf 88' lang='grc' dir='ltr'>η)</span> <span class='ocrx_word' id='word_1_722' title='bbox 1557 3532 1672 3564; x_wconf 75' lang='lat' dir='ltr'>incipere</span> <span class='ocrx_word' id='word_1_723' title='bbox 1691 3538 1738 3557; x_wconf 86' lang='lat' dir='ltr'>nec</span> <span class='ocrx_word' id='word_1_724' title='bbox 1757 3531 1884 3557; x_wconf 80' lang='lat' dir='ltr'>desinere.</span> <span class='ocrx_word' id='word_1_725' title='bbox 1903 3545 1922 3550; x_wconf 95' lang='lat'>-</span> <span class='ocrx_word' id='word_1_726' title='bbox 1940 3532 2060 3558; x_wconf 77' lang='lat' dir='ltr'>desinere</span> <span class='ocrx_word' id='word_1_727' title='bbox 2079 3539 2126 3558; x_wconf 87' lang='lat' dir='ltr'>nec</span> <span class='ocrx_word' id='word_1_728' title='bbox 2144 3533 2260 3566; x_wconf 76' lang='lat' dir='ltr'>incipere</span> <span class='ocrx_word' id='word_1_729' title='bbox 2279 3533 2341 3558; x_wconf 80' lang='lat' dir='ltr'>Pab-</span> 
     </span>
    </p>

    <p class='ocr_par' dir='ltr' id='par_1_30' title="bbox 1454 3565 2525 3634">
     <span class='ocr_line' id='line_1_107' title="bbox 1508 3565 2525 3601; baseline 0.001 -10"><span class='ocrx_word' id='word_1_730' title='bbox 1508 3565 1532 3598; x_wconf 85' lang='grc' dir='ltr'>Θ)</span> <span class='ocrx_word' id='word_1_731' title='bbox 1552 3574 1609 3592; x_wconf 79' lang='lat' dir='ltr'>suo.</span> <span class='ocrx_word' id='word_1_732' title='bbox 1627 3581 1646 3586; x_wconf 99' lang='lat'><em>-</em></span> <span class='ocrx_word' id='word_1_733' title='bbox 1663 3567 1706 3592; x_wconf 76' lang='lat' dir='ltr'>sm*</span> <span class='ocrx_word' id='word_1_734' title='bbox 1725 3567 1756 3592; x_wconf 91' lang='lat' dir='ltr'>G.</span> <span class='ocrx_word' id='word_1_735' title='bbox 1774 3581 1793 3586; x_wconf 95' lang='lat'><em>-</em></span> <span class='ocrx_word' id='word_1_736' title='bbox 1812 3567 1862 3592; x_wconf 86' lang='lat' dir='ltr'>Pro</span> <span class='ocrx_word' id='word_1_737' title='bbox 1881 3567 2023 3600; x_wconf 72' lang='lat' dir='ltr'>temporis,</span> <span class='ocrx_word' id='word_1_738' title='bbox 2044 3568 2127 3600; x_wconf 81' lang='lat' dir='ltr'>ipsius</span> <span class='ocrx_word' id='word_1_739' title='bbox 2146 3569 2227 3598; x_wconf 81' lang='lat' dir='ltr'>ACE,</span> <span class='ocrx_word' id='word_1_740' title='bbox 2247 3569 2329 3601; x_wconf 76' lang='lat' dir='ltr'>ipsius</span> <span class='ocrx_word' id='word_1_741' title='bbox 2348 3567 2476 3600; x_wconf 70' lang='lat' dir='ltr'>tempor-Is</span> <span class='ocrx_word' id='word_1_742' title='bbox 2493 3568 2525 3599; x_wconf 81' lang='lat' dir='ltr'>B,</span> 
     </span>
     <span class='ocr_line' id='line_1_108' title="bbox 1454 3602 1732 3634; baseline -0.004 -6"><span class='ocrx_word' id='word_1_743' title='bbox 1454 3602 1581 3634; x_wconf 77' lang='lat' dir='ltr'>temporis</span> <span class='ocrx_word' id='word_1_744' title='bbox 1600 3602 1683 3634; x_wconf 77' lang='lat' dir='ltr'>ipsius</span> <span class='ocrx_word' id='word_1_745' title='bbox 1702 3602 1732 3628; x_wconf 91' lang='lat' dir='ltr'>D.</span> 
     </span>
    </p>
   </div>
   <div class='ocr_carea' id='block_1_18' title="bbox 2740 3533 2751 3564">
    <p class='ocr_par' dir='ltr' id='par_1_31' title="bbox 2740 3533 2751 3564">
     <span class='ocr_line' id='line_1_109' title="bbox 2740 3533 2751 3564; textangle 90"><span class='ocrx_word' id='word_1_746' title='bbox 2740 3533 2751 3564; x_wconf 62' lang='lat' dir='ltr'>r*</span> 
     </span>
    </p>
   </div>
  </div>
 </body>
</html>
