2768 4178
64 839 77 851 ⁸
89 838 155 862 Loco
167 845 236 868 supra
246 839 279 861 ci—

63 869 123 888 1⁸10.

64 1192 77 1205 ⁸
89 1191 162 1215 Num.
177 1198 200 1220 ⁹·

986 231 1254 278 QUAESTIO
1283 233 1390 279 XIII,
1421 233 1720 271 ARTICULUS
1749 236 1817 272 VII

306 306 498 338 substantiae
521 316 664 349 respectu
690 309 876 346 accidentis,
903 316 933 340 et
955 309 1007 339 hic
1038 317 1125 341 actus
1149 317 1292 350 respectu
1316 320 1374 350 po-

305 351 430 388 tentiae,
453 352 586 384 habetur
610 364 647 384 ex
670 354 732 384 hoc
752 354 841 395 quod
865 353 1020 384 definiunt
1043 354 1106 385 illa.
1131 354 1276 385 Secunda
1299 364 1374 384 vero

305 397 533 437 consequentia
547 405 648 438 patet:
674 398 749 439 quia
765 398 853 428 aliter
869 398 994 428 daretur
1010 398 1145 429 circulus
1168 398 1201 429 in
1225 398 1330 438 priore
1347 406 1376 429 et

304 440 479 480 posteriore
503 442 681 473 secundum
704 441 922 473 definitionem
930 451 938 478 ;
963 442 1053 482 quod
1077 450 1123 474 est
1145 442 1352 483 impossibile.

363 485 490 522 Quarto
513 486 567 517 sic.
593 487 628 516 In
650 486 786 517 relativis
810 486 892 517 tertii
916 486 1015 523 modi,
1040 486 1176 517 alterum
1200 494 1375 518 extremum

306 529 429 560 nullam
452 530 639 561 relationem
662 531 766 567 habet,
784 530 844 560 nisi
861 531 940 560 dum
956 531 1118 562 actualiter
1141 531 1373 562 consideratur:

307 579 337 604 et
360 573 508 605 terminat
530 574 717 605 relationem
731 574 844 615 reliqui
868 575 998 605 extremi
1017 575 1058 605 ad
1081 585 1123 612 se,
1141 576 1230 606 nullo
1255 576 1376 606 Intelle-

307 624 359 648 ctu
384 618 617 654 considerante,
641 619 709 649 imo
740 618 835 649 etiam
860 619 1026 650 existente:
1052 629 1127 660 ergo
1158 620 1306 651 terminat
1329 630 1375 650 ra-

305 661 392 692 tione
416 662 567 699 absoluti,
593 669 623 693 et
646 673 712 693 non
730 663 852 694 ratione
876 663 1035 694 relationis
1060 664 1284 695 cointellectae.

357 706 446 737 Haec
469 713 544 738 sunt
562 706 683 737 motiva
706 707 793 738 Scoti
816 707 889 738 satis
906 707 1041 739 subtilia.
1059 709 1100 739 Et
1116 709 1239 749 putavit
1255 719 1291 740 ea
1311 708 1375 739 effi-

307 749 400 786 cacia,
417 750 461 781 ita
483 757 519 781 ut
543 761 657 781 eorum
680 751 920 782 conclusionem
944 762 1052 783 veram
1071 760 1196 784 asserat.

361 794 445 825 VIII.
461 794 505 825 Ut
527 801 635 826 autern
659 803 869 836 cognoscatur
892 803 1051 837 quantum
1067 808 1085 828 a
1099 808 1175 828 vero
1200 798 1292 829 distet
1307 797 1375 838 opi-

305 837 360 868 nio
384 838 472 875 haec,
495 849 532 869 ex
555 846 641 870 textu
665 840 694 871 V
713 841 898 881 Metaphys.
914 840 933 858 ‘³‘
951 841 984 871 in
1008 852 1074 882 quo
1099 852 1131 872 se
1155 842 1308 878 fundavit,
1327 842 1375 872 in-

307 882 489 914 choandum
518 890 574 914 est.
606 884 729 915 Erravit
759 885 918 926 siquidem
942 886 1108 926 dupliciter
1130 886 1163 916 in
1191 886 1246 917 illo
1278 893 1374 917 textu.

305 927 425 964 Primo,
443 927 518 968 quia
541 928 609 968 ipse
633 929 788 969 supponit
802 936 924 960 textum
946 930 1039 961 illum
1061 930 1192 971 intelligi
1217 931 1255 962 de
1279 938 1375 962 extre-

305 971 377 1007 mis,
397 981 454 1002 seu
473 971 688 1004 fundamentis
706 974 927 1005 relativorum:
952 975 995 1005 ita
1014 976 1103 1016 quod
1119 975 1304 1006 Aristoteles
1320 985 1376 1006 vo-

304 1015 398 1046 luerit
421 1016 523 1047 dicere
546 1018 636 1058 quod
664 1018 822 1059 quaedam
850 1026 988 1049 extrema
1010 1026 1098 1055 sunt,
1123 1030 1205 1060 quae
1228 1020 1377 1050 dicuntur

306 1060 347 1091 ad
369 1060 507 1101 aliquid,
539 1068 668 1102 propter
698 1063 867 1093 relationes
897 1073 976 1104 quas
1008 1063 1125 1094 habent
1152 1064 1192 1094 ad
1222 1064 1375 1099 invicem;

306 1105 465 1145 quaedam
481 1115 556 1136 vero
580 1113 710 1147 propter
733 1107 919 1138 relationem
939 1118 1021 1148 quae
1040 1114 1087 1138 est
1105 1108 1139 1138 in
1154 1118 1221 1138 uno
1237 1115 1376 1138 extremo

306 1155 441 1180 tantum.
466 1150 538 1181 Hoc
563 1150 649 1181 enim
672 1161 739 1182 esse
763 1158 872 1182 contra
896 1162 1035 1188 sensum,
1057 1152 1124 1182 imo
1138 1152 1233 1182 verba
1256 1152 1376 1183 Aristo-

305 1193 385 1230 telis,
402 1201 488 1234 patet
504 1195 558 1225 sic.
582 1195 766 1226 Aristoteles
782 1195 825 1226 ibi
839 1196 857 1215 *
876 1196 1019 1236 explicite
1035 1196 1110 1226 dicit
1126 1206 1159 1226 se
1174 1206 1294 1235 ponere
1317 1196 1377 1226 dif—

263 1279 266 1280 ⁷
305 1238 575 1271 ferentiaminter
598 1249 634 1270 ea
657 1250 739 1280 quae
761 1240 936 1271 secundum
953 1249 989 1270 se
1011 1246 1086 1270 sunt
1105 1240 1144 1270 ad
1160 1240 1291 1280 aliquid.
1315 1241 1378 1271 Sed

62 1329 74 1340 '¹
87 1328 160 1352 Num.
170 1335 205 1352 10.

58 1908 198 1933 *nma-

61 2443 71 2454 “
84 2441 157 2465 Num.
167 2442 190 2470 8,
204 2448 227 2471 9.
257 2441 262 2446 ¹

60 2620 71 2631 '
88 2619 146 2647 cup.
156 2625 180 2646 v,
195 2624 220 2640 n.
230 2625 247 2641 1.

59 2664 72 2676 ·
85 2665 122 2686 est
134 2663 190 2686 edd.
205 2663 259 2692 1508
269 2680 276 2691 ,

56 2694 115 2719 ¹5¹4·

306 1289 430 1314 constat
452 1284 542 1324 quod
566 1283 773 1315 fundamenta
795 1283 987 1315 relationum
1010 1294 1077 1314 non
1096 1291 1171 1315 sunt
1193 1285 1233 1314 ad
1257 1284 1377 1326 aliquid

305 1327 365 1358 nisi
389 1337 446 1367 per
468 1328 628 1365 accidens,
652 1335 689 1358 ut
711 1327 862 1358 ibidem*
886 1338 1029 1368 expresse
1052 1328 1176 1359 dicitur.
1201 1329 1286 1368 Ergo
1310 1339 1376 1360 non

305 1372 491 1412 intelligitur
513 1379 616 1403 textus
638 1372 691 1402 ille
708 1372 747 1402 de
762 1372 856 1403 rebus
872 1382 954 1413 quae
977 1372 1224 1403 denominantur
1238 1373 1375 1410 relative,

305 1416 361 1447 sed
377 1417 415 1446 de
430 1416 507 1456 ipsis
523 1416 567 1447 ad
589 1416 721 1456 aliquid.
746 1417 813 1447 Nec
832 1423 937 1457 potest
955 1416 1044 1447 aliter
1062 1417 1174 1447 salvari
1193 1424 1295 1448 textus
1314 1417 1375 1449 ille.

358 1460 506 1491 Secundo
529 1466 610 1491 errat
624 1460 658 1490 in
677 1459 850 1491 differentia
865 1461 1030 1501 assignata.
1057 1461 1092 1491 In
1111 1468 1198 1492 textu
1219 1462 1376 1502 siquidem

303 1504 360 1536 illo
385 1514 451 1535 non
475 1504 589 1535 dicitur
619 1505 709 1545 quod
739 1505 897 1546 quaedam
929 1512 1003 1536 sunt
1031 1512 1145 1536 mutua
1173 1506 1316 1543 relativa,
1347 1514 1377 1537 et

303 1549 462 1590 quaedam
490 1559 557 1579 non
589 1555 681 1585 sunt,
706 1555 742 1580 ut
764 1549 878 1580 Scotus
907 1549 1094 1581 somniavit:
1124 1551 1180 1581 sed
1203 1550 1376 1581 differentia

303 1593 480 1634 assignatur
493 1593 527 1623 in
543 1603 643 1624 causa
657 1603 714 1624 seu
729 1595 855 1625 ratione
871 1594 996 1625 essendi
1011 1594 1054 1625 ad
1068 1594 1201 1635 aliquid.
1226 1595 1271 1625 Ita
1287 1596 1376 1636 quod

303 1644 406 1669 textus
431 1637 565 1668 affirmat
588 1637 684 1668 etiam
707 1638 836 1669 relativa
858 1638 940 1669 tertii
963 1638 1054 1669 modi
1077 1639 1226 1680 utrinque
1251 1649 1317 1670 esse
1337 1640 1377 1670 ad

303 1682 438 1724 aliquid:
470 1682 525 1713 sed
549 1681 757 1713 differentiam
780 1683 873 1723 ponit
902 1683 935 1713 in
959 1683 1038 1720 hoc,
1063 1684 1153 1724 quod
1180 1683 1213 1714 in
1241 1683 1376 1714 relativis

303 1727 398 1767 primi
428 1733 459 1757 et
481 1726 612 1757 secundi
641 1727 749 1763 modi,
780 1727 859 1758 ratio
887 1727 977 1768 quod
1009 1728 1071 1758 sint
1095 1728 1136 1758 ad
1162 1728 1299 1769 aliquid,
1331 1736 1377 1760 est

303 1778 477 1813 utrumque
500 1771 560 1802 hoc
583 1772 686 1812 ipsum
701 1772 786 1812 quod
810 1777 857 1802 est
879 1772 923 1803 ad
945 1772 1037 1803 aliud
1058 1782 1094 1803 se
1115 1772 1253 1811 habere;
1276 1772 1309 1803 in
1327 1783 1375 1804 re-

301 1815 404 1847 lativis
427 1826 503 1846 vero
528 1815 610 1846 tertii
633 1816 732 1852 modi,
751 1826 788 1846 ex
808 1823 895 1856 parte
914 1816 1010 1848 unius
1035 1817 1174 1854 extremi,
1191 1817 1270 1848 ratio
1287 1818 1376 1858 quod

303 1860 344 1892 sit
366 1861 407 1891 ad
429 1859 566 1901 aliquid,
591 1870 658 1890 non
686 1867 733 1891 est
755 1860 817 1891 hoc
850 1860 958 1901 ipsum
986 1862 1077 1901 quod
1100 1868 1147 1892 est
1170 1861 1209 1892 ad
1233 1861 1320 1892 aliud
1343 1873 1375 1893 se

302 1904 427 1941 habere,
444 1904 500 1935 sed
515 1904 606 1935 aliud
620 1914 655 1935 se
671 1905 788 1935 habere
803 1905 846 1935 ad
862 1906 964 1945 ipsum
981 1905 1008 1936 *.
1034 1905 1097 1937 Ubi
1111 1905 1276 1936 manifeste
1291 1913 1377 1946 patet

303 1949 394 1990 quod
417 1955 484 1980 tota
507 1948 679 1979 differentia
699 1949 841 1980 consistit
856 1949 889 1980 in
906 1950 1026 1980 ratione
1046 1950 1170 1981 essendi
1189 1950 1229 1980 ad
1245 1950 1375 1992 aliquid,

303 2000 334 2024 et
356 2003 424 2024 non
446 1993 480 2024 in
502 2003 570 2023 esse
593 2000 706 2024 mutua
729 1994 779 2024 vel
802 2004 869 2024 non
892 2001 1015 2025 mutua.

357 2038 410 2069 IX.
435 2038 476 2068 Et
499 2037 655 2078 quoniam
678 2044 780 2069 textus
803 2038 856 2069 ille
879 2045 925 2069 est
942 2038 1189 2070 fundamentum
1208 2038 1375 2079 theologo-

303 2092 376 2113 rum
391 2082 425 2112 in
440 2082 571 2113 materia
593 2081 689 2112 huius
709 2082 830 2113 articuli
847 2083 1038 2123 speculative
1058 2083 1273 2120 scribentium,
1290 2084 1374 2121 ideo,

303 2127 344 2158 ad
359 2126 515 2157 maiorem
531 2126 713 2162 claritatem,
731 2126 947 2158 discutiendus
965 2134 1020 2163 est,
1038 2128 1090 2158 sic.
1112 2128 1233 2159 Textus
1249 2128 1301 2159 ille
1316 2129 1375 2159 im-

302 2171 400 2212 plicat
418 2170 484 2202 duo
501 2170 756 2202 contradictoria:
782 2181 867 2211 ergo.
886 2189 906 2193 —
922 2172 1121 2202 Antecedens
1146 2172 1373 2204 manifestatur.

302 2216 424 2246 Textus
438 2214 583 2256 loquitur
601 2215 640 2245 de
663 2214 712 2245 his
737 2225 818 2256 quae
838 2216 1016 2246 secundum
1040 2227 1072 2247 se
1096 2223 1171 2247 sunt
1186 2217 1226 2247 ad
1243 2217 1373 2258 aliquid,

303 2266 334 2291 et
355 2266 450 2300 negat
478 2260 516 2290 de
546 2259 654 2300 aliquo
678 2259 810 2290 illorum
832 2260 892 2291 hoc
915 2262 1017 2301 ipsum
1042 2261 1127 2301 quod
1150 2267 1213 2299 est,
1239 2272 1308 2293 esse
1331 2263 1375 2293 ad

302 2304 394 2336 aliud
415 2314 451 2335 se
473 2304 609 2335 habere:
633 2314 707 2344 ergo
731 2311 824 2344 negat
847 2304 1067 2336 definitionem
1091 2316 1109 2336 a
1133 2305 1280 2342 definito,
1307 2317 1372 2343 seu,

302 2349 393 2390 quod
415 2348 605 2389 aequivalet,
632 2358 651 2378 a
673 2355 761 2388 parte
785 2349 957 2380 subiectiva
980 2359 1037 2390 per
1060 2360 1092 2380 se
1117 2350 1247 2381 definiti.
1277 2353 1374 2382 Ante-

303 2393 416 2424 cedens
440 2399 527 2433 patet
548 2402 607 2433 pro
632 2399 766 2434 utraque
782 2400 870 2434 parte
889 2394 922 2424 in
937 2394 992 2424 illo
1013 2400 1099 2425 textu
1111 2394 1137 2425 *.
1163 2395 1247 2426 Dicit
1270 2395 1372 2425 enim:

302 2437 409 2468 scibile
433 2444 464 2468 et
486 2436 643 2474 sensibile,
661 2444 692 2468 et
714 2437 775 2468 alia
798 2438 995 2474 huiusmodi,
1020 2445 1095 2469 sunt
1118 2449 1174 2479 per
1198 2450 1230 2470 se
1254 2440 1293 2470 ad
1317 2440 1372 2470 ali-

302 2481 396 2523 quid:
421 2488 452 2512 et
475 2482 565 2522 quod
584 2491 651 2511 non
675 2481 823 2513 dicuntur
842 2483 882 2512 ad
905 2482 1026 2524 aliquid
1045 2483 1120 2524 quia
1135 2483 1203 2524 ipsa
1227 2484 1267 2514 ad
1287 2484 1373 2514 aliud

302 2526 374 2563 sint,
390 2527 446 2556 sed
469 2526 545 2567 quia
561 2526 622 2556 alia
646 2526 794 2557 dicuntur
808 2527 847 2557 ad
866 2526 945 2567 ipsa.
970 2527 1209 2568 Consequentia
1228 2535 1313 2568 patet
1337 2539 1373 2559 ex

303 2570 486 2601 definitione
509 2570 553 2600 ad
575 2570 709 2610 aliquid,
725 2571 830 2610 posita
849 2572 886 2601 ab
910 2571 982 2611 ipso
1001 2572 1171 2603 Aristotele
1187 2573 1220 2603 in
1239 2574 1372 2603 Praedi-

302 2615 458 2646 camentis
470 2613 499 2645 ⁴⁹.
524 2614 566 2645 Et
589 2624 663 2645 cum
686 2614 764 2645 haec
781 2615 987 2646 contradictio
1011 2616 1051 2647 sit
1074 2617 1250 2654 manifesta,
1268 2617 1372 2647 dicen-

303 2659 382 2690 dum
410 2658 535 2689 videtur
555 2658 573 2677 *
600 2659 689 2699 quod
720 2658 904 2691 Aristoteles
933 2660 1077 2701 loquitur
1107 2662 1146 2692 de
1176 2662 1220 2692 ad
1251 2662 1374 2702 aliquid

303 2703 481 2734 secundum
504 2713 561 2733 sua
585 2703 805 2740 fundamenta,
831 2714 906 2735 cum
929 2704 1019 2736 dicit:
1045 2706 1114 2746 ipsa
1139 2716 1202 2737 non
1231 2712 1306 2737 sunt
1329 2706 1373 2736 ad

302 2747 404 2785 aliud,
428 2748 485 2778 sed
508 2747 575 2778 alia
599 2747 643 2778 ad
666 2749 745 2787 ipsa.

355 2793 394 2823 X.
412 2792 453 2822 Et
468 2791 519 2822 hic
538 2791 779 2832 paralogismus,
799 2800 836 2824 ut
851 2803 932 2830 reor,
949 2801 1055 2825 mente
1079 2801 1228 2830 retentUS‚
1250 2795 1372 2835 decepit

302 2846 416 2867 omnes
441 2836 498 2877 qui
520 2836 553 2866 in
576 2836 639 2867 hoc
662 2843 748 2867 textu
773 2844 962 2869 erraverunt.
985 2839 1038 2869 Ad
1061 2839 1151 2869 cuius
1166 2839 1370 2875 solutionem,

301 2881 380 2912 scito
403 2881 502 2922 quod,
527 2881 603 2922 quia
626 2881 860 2923 metaphysicus
883 2889 994 2913 tractat
1017 2883 1055 2913 de
1081 2883 1215 2913 relativis
1240 2891 1275 2914 ut
1298 2891 1372 2914 sunt

301 2935 358 2966 per
381 2935 413 2956 se
436 2931 540 2965 partes
564 2925 653 2962 entis,
671 2925 751 2956 idest
769 2933 806 2957 ut
829 2933 903 2957 sunt
918 2927 1000 2957 entia
1023 2927 1125 2964 realia,
1143 2927 1259 2958 idcirco
1284 2928 1372 2958 diffe-

301 2969 401 3000 rentia
419 2969 478 3000 ista
497 2976 544 3000 est
558 2969 762 3010 intelligenda
779 2971 817 3001 de
833 2971 967 3002 relativis
987 2972 1163 3002 secundum
1180 2972 1269 3012 quod
1289 2972 1371 3003 entia

302 3013 397 3044 realia
420 3020 506 3045 sunt:
532 3021 562 3044 et
585 3024 652 3044 non
676 3015 715 3045 de
739 3015 793 3051 eis,
818 3015 953 3056 sumptis
977 3023 1013 3047 ut
1029 3016 1213 3047 abstrahunt
1236 3017 1274 3047 ab
1300 3023 1370 3047 ente

302 3057 394 3093 reali,
422 3057 503 3088 idest
530 3059 708 3089 secundum
733 3059 822 3100 quod
844 3060 1020 3100 important
1043 3061 1101 3098 ad,
1130 3071 1197 3091 non
1226 3061 1367 3091 curando

303 3101 342 3131 de
358 3111 425 3132 esse
449 3110 571 3139 eorum,
595 3103 872 3144 quemadmodum
896 3104 930 3134 in
948 3105 1220 3135 Praedicamentis
1244 3104 1371 3135 definita

303 3152 377 3176 sunt
400 3143 446 3188 (et
465 3153 632 3187 propterea
649 3148 766 3178 omissa
789 3148 908 3179 ibidem
932 3155 978 3179 est
994 3149 1166 3179 differentia
1182 3148 1264 3191 ista).
1289 3149 1371 3179 Inter

303 3189 430 3220 relativa
454 3199 528 3230 ergo
552 3201 608 3231 per
631 3202 680 3228 se,
706 3192 879 3223 differentia
902 3193 1041 3233 ponitur,
1067 3194 1175 3234 quoad
1199 3203 1265 3223 esse
1289 3193 1370 3223 reale

303 3234 392 3275 quod
408 3241 534 3273 ponunt
550 3233 630 3277 (non
646 3237 736 3277 quod
751 3236 963 3279 supponunt),
982 3237 1014 3267 in
1031 3237 1092 3268 hoc
1109 3238 1198 3277 quod
1213 3238 1371 3278 quaedam

303 3277 431 3309 relativa
446 3285 529 3315 sunt,
550 3289 632 3319 quae
654 3280 727 3311 ideo
752 3281 835 3311 entia
859 3281 953 3312 realia
972 3288 1055 3317 sunt,
1076 3281 1151 3321 quia
1166 3282 1235 3321 ipsa
1250 3289 1324 3312 sunt
1337 3282 1370 3312 in

303 3332 409 3353 rerum
433 3329 543 3353 natura
565 3323 638 3353 talia
661 3325 758 3361 entia,
778 3326 868 3366 quod
891 3325 930 3355 ad
954 3325 1041 3355 aliud
1065 3335 1097 3355 se
1116 3325 1247 3356 habent:
1273 3336 1370 3366 quae-

304 3367 378 3396 dam
401 3376 476 3396 vero
501 3376 567 3396 non
584 3366 658 3398 sunt
680 3369 763 3399 entia
782 3369 876 3399 realia
899 3369 974 3410 quia
996 3369 1065 3409 ipsa
1083 3369 1116 3399 in
1133 3379 1239 3399 rerum
1259 3377 1370 3400 natura

303 3411 366 3441 sint
389 3411 428 3440 ad
452 3410 554 3447 aliud,
580 3412 635 3441 sed
664 3412 723 3443 hac
747 3414 814 3443 sola
836 3414 957 3444 ratione
986 3414 1067 3444 inter
1094 3413 1188 3444 realia
1211 3414 1370 3444 numerari

303 3462 448 3496 possunt,
465 3454 539 3495 quia
563 3454 623 3485 alia
646 3456 740 3486 realia
763 3457 911 3488 dicuntur
934 3458 974 3488 ad
996 3458 1074 3497 ipsa.
1101 3458 1146 3488 Ita
1169 3458 1259 3498 quod
1283 3458 1370 3488 diffe—

303 3499 402 3530 rentia
426 3499 568 3530 consistit
591 3499 624 3529 in
648 3499 728 3530 hoc:
753 3511 809 3540 per
831 3512 864 3531 se
888 3502 1092 3533 relativorum
1115 3502 1272 3542 quaedam
1297 3509 1370 3532 sunt

302 3543 430 3574 relativa
453 3543 546 3573 realia
570 3553 627 3583 per
650 3543 944 3576 denominationem
963 3557 1018 3576 seu
1042 3546 1309 3586 praedicationem
1324 3547 1370 3576 in-

303 3588 485 3624 trinsecam;
506 3587 663 3629 quaedam
677 3597 752 3617 vero
768 3598 824 3627 per
841 3589 1134 3621 denominationem
1151 3591 1369 3627 extrinsecam;

2423 239 2491 275 155

1431 311 1469 341 ab
1494 312 1620 343 alterius
1645 313 1731 343 enim
1754 314 1891 345 realitate
1910 316 2045 353 relativa,
2064 317 2132 357 ipsa
2150 326 2281 358 quoque
2299 317 2380 347 inter
2403 317 2496 348 realia

1430 355 1557 387 relativa
1587 365 1867 389 connumerantur.
1899 360 1939 390 Et
1962 360 2047 391 iuxta
2070 361 2156 391 hunc
2183 371 2312 391 sensum
2343 369 2497 392 consonat

1431 400 1552 431 dictum
1576 411 1759 438 commune,
1776 402 1892 434 scilicet
1908 405 1997 444 quod
2013 415 2050 435 ex
2065 405 2126 436 hoc
2150 412 2235 436 textu
2258 405 2391 436 habetur
2407 406 2496 446 quod

1431 445 1540 475 omnia
1563 446 1691 477 relativa
1714 457 1781 476 non
1805 454 1879 478 sunt
1901 455 2014 479 mutua
2037 450 2144 490 quoad
2167 450 2350 480 realitatem.

1486 490 1551 520 Nec
1576 491 1679 521 obstat
1703 491 1727 521 si
1752 491 1917 522 obiiciatur
1947 493 2035 532 quod
2066 500 2167 524 textus
2199 504 2265 524 non
2288 493 2434 524 meminit
2457 494 2495 524 de

1430 543 1497 564 esse
1516 534 1600 565 reali.
1626 535 1790 572 Quoniam
1809 536 2001 576 supponitur
2017 538 2105 577 quod
2121 538 2159 568 de
2175 538 2229 568 tali
2246 548 2312 568 esse
2334 538 2494 579 loquatur,

1431 588 1467 608 ex
1487 588 1525 608 eo
1545 579 1634 619 quod
1657 579 1864 620 metaphysici
1884 587 1930 611 est
1944 587 2073 612 tractare
2091 582 2129 611 de
2144 583 2237 612 rebus
2253 589 2289 612 ut
2304 589 2378 613 sunt
2393 589 2495 622 partes

1431 622 1510 653 entis
1533 623 1639 659 realis;
1665 631 1695 654 et
1719 632 1957 664 consequenter,
1975 625 2014 655 de
2031 626 2165 656 relativis
2182 633 2217 656 ut
2232 634 2306 657 sunt
2321 627 2361 656 ad
2377 626 2496 667 aliquid

1429 666 1462 696 in
1486 677 1528 703 re,
1553 674 1584 698 et
1607 678 1673 698 non
1697 674 1733 699 ut
1755 668 1973 708 intelliguntur
1996 670 2036 699 ad
2059 670 2188 710 aliquid.

1483 711 1524 742 Et
1546 711 1619 742 hinc
1643 719 1729 752 patet
1758 713 1847 753 quod
1870 713 1958 743 nulla
1986 721 2032 744 est
2062 714 2266 745 contradictio
2281 715 2308 746 *.
2333 715 2496 752 Quoniam

1431 766 1497 786 non
1520 763 1653 796 negatur
1676 756 1818 787 definitio
1838 757 1876 787 de
1897 756 2041 788 definito:
2066 758 2121 788 sed
2136 758 2313 789 insinuatur
2331 759 2420 800 quod
2443 759 2496 790 illa

1431 799 1573 832 definitio
1605 801 1754 832 convenit
1780 801 1823 832 ad
1846 802 1988 842 aliquid,
2017 802 2082 832 sive
2106 802 2145 832 sit
2169 812 2223 832 ens
2247 803 2344 839 reale,
2369 803 2433 833 sive
2457 803 2497 834 sit

1431 854 1486 874 ens
1509 844 1650 876 rationis.
1674 846 1740 876 Nec
1755 845 1810 875 illa
1825 852 1957 886 negatur
1976 846 2014 876 de
2034 846 2077 876 ad
2095 846 2235 887 aliquid:
2259 847 2313 876 sed
2332 854 2463 886 negatur
2478 858 2496 877 a

1431 889 1623 929 quibusdam
1643 890 1722 930 poni
1745 899 1812 920 esse
1834 889 1868 920 in
1892 899 1999 921 rerum
2022 897 2134 921 natura
2157 891 2246 931 quod
2270 891 2309 921 sit
2331 892 2370 921 ad
2394 891 2495 927 aliud;

1431 943 1506 963 cum
1529 943 1595 974 quo
1619 940 1726 964 tamen
1756 941 1816 965 stat
1844 935 1934 975 quod
1966 934 2139 965 formaliter
2164 935 2284 966 illamet
2306 935 2368 966 hoc
2390 935 2497 975 ipsum

1431 978 1521 1018 quod
1544 984 1631 1014 sunt,
1657 978 1697 1008 ad
1720 978 1807 1009 aliud
1830 985 1920 1015 sunt,
1945 985 1981 1009 ut
2004 978 2145 1010 definitio
2170 989 2283 1010 eorum
2307 979 2408 1019 exigit.
2438 981 2496 1010 La-

1431 1023 1522 1053 borat
1546 1032 1620 1063 ergo
1645 1029 1869 1062 argumentum
1884 1023 1918 1053 in
1933 1023 2120 1064 aequivoco.
2136 1041 2156 1046 —
2172 1023 2336 1064 Singulare
2360 1034 2434 1063 ergo
2451 1031 2498 1054 est

1431 1066 1464 1096 in
1487 1067 1623 1097 relativis
1646 1067 1728 1098 tertii
1747 1067 1846 1103 modi,
1863 1068 1952 1108 quod
1968 1068 2103 1098 alterum
2118 1068 2191 1098 ideo
2207 1074 2332 1099 tantum
2349 1075 2395 1099 est
2412 1068 2446 1098 in
2464 1078 2496 1098 re

1431 1111 1475 1140 ad
1497 1111 1632 1151 aliquid,
1655 1111 1731 1152 quia
1753 1111 1913 1152 reliquum
1937 1119 1983 1142 est
2006 1112 2046 1142 ad
2068 1112 2185 1152 ipsum.

1484 1155 1539 1185 XI.
1558 1156 1605 1185 Ex
1620 1154 1669 1185 his
1686 1162 1794 1186 autem
1817 1155 1907 1186 facile
1930 1163 2016 1196 patet
2038 1157 2203 1196 responsio
2220 1157 2260 1187 ad
2275 1157 2455 1198 quaesitum
2469 1157 2496 1194 *,

1432 1199 1541 1239 quoad
1556 1199 1685 1229 relativa
1707 1199 1788 1230 tertii
1812 1200 1911 1230 modi.
1936 1200 1998 1230 Sed
2021 1207 2056 1231 ut
2079 1200 2262 1231 universalis
2286 1201 2428 1232 doctrina
2443 1202 2496 1232 ha-

1432 1244 1551 1279 beatur,
1569 1243 1647 1274 scito
1663 1244 1752 1284 quod
1768 1244 1899 1274 nomine
1915 1245 2053 1282 termini,
2070 1245 2103 1275 in
2120 1245 2298 1285 proposito,
2315 1246 2498 1285 intelligitur

1431 1287 1465 1317 id
1487 1287 1528 1317 ad
1550 1287 1638 1328 quod
1662 1287 1830 1318 relativum
1854 1288 1976 1324 dicitur,
1994 1295 2024 1319 et
2045 1290 2135 1329 quod
2156 1289 2190 1319 in
2214 1289 2396 1320 definiti0ne
2419 1290 2497 1321 rela-

1431 1331 1486 1362 tivi
1510 1337 1637 1371 oportet
1660 1340 1795 1371 ponere:
1820 1331 1897 1362 haec
1928 1332 2014 1362 enim
2037 1333 2103 1363 duo
2126 1331 2261 1373 ipsemet
2284 1334 2397 1364 Scotus
2421 1344 2496 1365 con-

1433 1375 1514 1406 cedit
1544 1375 1712 1406 convenire
1740 1375 1887 1406 termino.
1918 1377 2013 1407 Tunc
2036 1377 2090 1408 sic.
2115 1377 2148 1408 Si
2171 1378 2355 1408 absolutum
2378 1385 2413 1408 ut
2436 1379 2496 1414 sic,

1432 1427 1513 1450 esset
1535 1419 1689 1450 terminus
1718 1420 1856 1456 relativi,
1888 1427 2071 1461 sequeretur
2092 1423 2201 1461 primo
2230 1422 2335 1462 quod,
2368 1433 2441 1453 cum
2465 1423 2497 1452 in

1432 1463 1615 1494 definitione
1629 1464 1673 1495 ad
1687 1464 1810 1504 aliquid
1826 1464 1953 1495 dicitur:
1982 1478 1996 1493 «
2010 1465 2052 1496 ad
2067 1466 2189 1506 aliquid
2205 1473 2288 1502 sunt,
2304 1466 2419 1506 quibus
2436 1466 2498 1498 hoc

1431 1509 1538 1548 ipsum
1562 1509 1651 1549 quod
1674 1515 1757 1544 sunt,
1782 1515 1828 1539 est
1851 1509 1891 1538 ad
1914 1509 2001 1539 aliud
2024 1520 2056 1540 se
2080 1510 2194 1540 habere
2208 1523 2236 1546 »,
2260 1510 2293 1551 ly
2316 1511 2408 1541 aliud
2424 1522 2497 1552 sup-

1431 1559 1565 1593 poneret
1587 1563 1646 1593 pro
1670 1562 1703 1583 re
1727 1553 1890 1583 absoluta:
1916 1560 1946 1584 et
1969 1553 2012 1584 sic
2036 1554 2181 1594 duplum,
2202 1555 2263 1585 hoc
2283 1555 2389 1594 ipsum
2408 1556 2497 1595 quod

1432 1604 1492 1633 est,
1517 1607 1584 1627 non
1609 1604 1655 1627 est
1678 1597 1718 1627 ad
1741 1597 1841 1633 aliud,
1866 1595 1947 1628 idest
1970 1598 2152 1635 dimidium,
2178 1609 2235 1629 nec
2259 1609 2366 1629 servus
2390 1606 2436 1630 est
2458 1600 2498 1630 ad

1432 1641 1611 1677 dominum,
1637 1651 1695 1672 nec
1717 1648 1806 1681 pater
1829 1642 1869 1672 ad
1892 1641 2004 1678 filium,
2029 1650 2087 1673 etc.
2114 1644 2185 1674 Hoc
2209 1650 2316 1674 autem
2340 1654 2376 1674 ex
2398 1644 2511 1674 Prae-'

1431 1686 1621 1717 dicamentis
1636 1685 1653 1704 *
1677 1693 1707 1716 et
1730 1686 1962 1726 expositoribus
1991 1694 2113 1718 constat
2137 1697 2202 1718 esse
2226 1687 2360 1717 falsum:
2386 1698 2497 1719 omnes

1432 1730 1518 1760 enim
1541 1729 1651 1760 dicunt
1674 1730 1764 1770 quod
1787 1730 1820 1771 ly
1844 1731 1934 1761 aliud
1958 1732 2112 1771 supponit
2134 1742 2193 1771 pro
2213 1732 2359 1768 termino,
2377 1739 2407 1762 et
2423 1733 2497 1763 assi-

1431 1775 1559 1815 gnando
1575 1774 1665 1810 illud,
1681 1774 1759 1811 dant
1778 1775 2008 1806 correlativum,
2034 1776 2103 1806 Imo
2121 1782 2221 1806 textus
2237 1786 2378 1816 expresse
2396 1777 2470 1807 dicit
2481 1777 2498 1796 *

1431 1819 1521 1859 quod
1544 1819 1695 1849 dominus
1722 1829 1788 1849 non
1813 1819 1927 1850 dicitur
1950 1820 1990 1849 ad
2013 1820 2132 1860 aliquid
2156 1821 2242 1851 aliud
2265 1821 2298 1850 in
2322 1831 2412 1851 servo
2439 1821 2497 1852 exi-

1431 1870 1525 1900 stens,
1546 1863 1606 1893 nisi
1624 1863 1663 1893 ad
1683 1863 1790 1903 ipsum
1814 1864 1873 1894 sub
1893 1864 2013 1894 ratione
2032 1864 2122 1895 servi.
2146 1865 2187 1895 Et
2205 1867 2360 1895 Averroes
2378 1865 2497 1896 ibidem

1430 1908 1504 1938 dicit
1527 1908 1617 1948 quod
1641 1917 1765 1948 semper
1787 1907 1819 1937 id
1843 1908 1883 1938 ad
1906 1909 1996 1948 quod
2021 1908 2134 1939 dicitur
2164 1909 2346 1946 relativum,
2371 1917 2497 1950 oportet

1431 1962 1498 1983 esse
1520 1952 1554 1982 in
1577 1952 1833 1992 praedicamento
1866 1953 2051 1983 Relationis.
2076 1971 2096 1975 —
2119 1953 2308 1994 Sequeretur
2338 1955 2495 1993 secundo,

1430 1997 1520 2037 quod
1542 1996 1576 2026 in
1600 1996 1783 2027 definitione
1816 1996 1948 2027 alicuius
1982 2004 2139 2028 creaturae
2172 1998 2346 2028 necessario
2375 1999 2497 2030 caderet

1430 2041 1517 2071 Deus
1537 2041 1596 2071 sub
1613 2041 1740 2081 propria
1758 2041 1879 2071 ratione
1895 2042 2050 2072 absoluta.
2075 2042 2117 2072 Et
2132 2052 2207 2072 cum
2230 2042 2292 2072 hoc
2315 2043 2354 2073 sit
2376 2043 2495 2083 impos-

1430 2085 1528 2121 sibile,
1554 2092 1739 2125 sequeretur
1761 2086 1851 2126 quod
1875 2086 1980 2126 aliqua
2000 2093 2139 2117 creatura
2155 2087 2303 2117 naturalis
2322 2095 2496 2118 remaneret

1430 2129 1687 2170 incognoscibilis
1711 2130 1901 2160 naturaliter.
1926 2131 2014 2161 Patet
2037 2131 2166 2171 sequela
2189 2131 2228 2161 de
2247 2131 2403 2161 creatione
2426 2142 2495 2171 pas-

1430 2174 1505 2210 siva,
1531 2174 1569 2204 de
1585 2174 1736 2204 relatione
1761 2174 1898 2204 universi
1915 2175 1953 2204 ad
1971 2175 2076 2205 Deum
2100 2175 2252 2205 ultimum
2274 2174 2382 2213 finem,
2401 2183 2458 2207 etc.
2476 2195 2495 2199 —

1430 2219 1622 2259 Sequeretur
1644 2219 1754 2255 tertio,
1780 2219 1869 2259 quod
1898 2218 2064 2249 relativum
2088 2219 2222 2259 exigeret
2249 2219 2282 2249 in
2314 2219 2495 2251 definitione

1429 2273 1496 2299 sua,
1518 2273 1554 2293 ex
1578 2269 1664 2302 parte
1688 2262 1823 2298 termini,
1849 2263 1931 2293 duo:
1957 2263 2073 2294 scilicet
2097 2263 2326 2300 correlativum,
2352 2271 2383 2295 et
2405 2266 2495 2295 abso-

1428 2308 1544 2338 lutum.
1569 2307 1610 2338 Et
1634 2317 1708 2337 cum
1732 2317 1768 2337 ex
1791 2308 2064 2338 Praedicamentis
2079 2307 2096 2326 *
2119 2314 2204 2347 patet
2227 2308 2316 2348 quod
2340 2309 2495 2340 correlati-

1428 2362 1507 2382 vum
1523 2351 1656 2391 exigitur
1673 2358 1708 2382 ut
1730 2351 1763 2381 id
1787 2352 1826 2381 ad
1849 2352 1938 2392 quod
1963 2352 2085 2388 dicitur,
2101 2351 2181 2382 illud
2200 2353 2382 2383 absolutum
2398 2364 2495 2394 quare

1429 2396 1538 2435 exiget,
1557 2396 1645 2426 nulla
1669 2402 1715 2426 est
1731 2396 1821 2426 ratio.
1839 2414 1858 2418 —
1875 2396 2064 2436 Sequeretur
2080 2402 2206 2436 quarto,
2225 2398 2313 2437 quod
2328 2397 2361 2427 in
2381 2398 2494 2428 divinis

1428 2440 1574 2471 Personis
1599 2450 1665 2470 non
1689 2447 1819 2480 possent
1842 2440 1952 2470 salvari
1976 2440 2143 2470 relationes
2168 2441 2207 2470 ad
2230 2441 2328 2476 intra,
2354 2442 2413 2471 nisi
2432 2453 2492 2482 po-

1428 2485 1534 2515 nendo
1558 2485 1712 2515 Personas
1745 2484 1894 2523 distingui
1925 2484 2047 2514 realiter
2070 2484 2103 2514 in
2127 2485 2288 2515 absolutis.
2322 2486 2424 2516 Tenet
2447 2497 2493 2517 se-

1427 2529 1539 2569 quela:
1565 2528 1641 2569 quia
1662 2528 1830 2559 relativum
1858 2528 1938 2558 reale
1962 2528 2056 2568 exigit
2079 2529 2251 2559 terminum
2274 2529 2396 2560 realiter
2419 2541 2437 2560 a
2460 2541 2493 2561 se

1427 2574 1629 2608 distinctum;
1662 2572 1687 2602 si
1715 2582 1789 2612 ergo
1817 2572 2014 2612 paternitatis
2041 2572 2165 2603 divinae
2196 2573 2349 2604 terminus
2377 2581 2423 2605 est
2445 2585 2493 2605 res

1427 2618 1581 2653 absoluta,
1604 2627 1678 2656 ergo
1698 2616 1804 2657 aliqua
1822 2626 1870 2646 res
1893 2616 2037 2647 absoluta
2060 2617 2093 2646 in
2120 2617 2231 2647 divinis
2256 2617 2457 2658 distinguitur
2476 2630 2494 2649 a

1426 2663 1516 2692 Patre
1539 2661 1669 2692 realiter.

1480 2705 1660 2736 Dicendum
1684 2711 1730 2735 est
1753 2715 1827 2745 ergo
1852 2715 1927 2735 cum
1947 2704 2159 2745 Peripateticis
2176 2712 2206 2736 et
2222 2706 2330 2736 ceteris
2349 2706 2493 2746 philoso-

1427 2751 1513 2791 phis,
1539 2756 1695 2790 quantum
1718 2749 1833 2779 vidisse
1856 2758 1908 2778 me
1932 2749 2056 2785 recolo,
2087 2750 2176 2790 quod
2199 2750 2351 2780 terminus
2374 2751 2492 2782 relativi

1426 2802 1457 2825 et
1476 2793 1802 2831 correlativumjdem
1821 2799 1910 2824 sunt:
1935 2793 2002 2823 imo
2022 2794 2189 2824 terminare
2208 2795 2375 2825 relativum
2395 2802 2440 2826 est
2458 2795 2491 2825 in

1426 2839 1547 2869 ratione
1572 2837 1747 2868 correlativi
1771 2837 1936 2878 cuiusque.

1481 2883 1548 2913 XII.
1573 2882 1614 2912 Et
1637 2881 1676 2911 ad
1693 2883 1835 2922 primam
1867 2881 2079 2912 obiectionem
2105 2882 2190 2912 Scoti
2211 2882 2228 2901 '¹‘
2250 2883 2315 2912 iam
2338 2890 2423 2922 patet
2445 2893 2490 2914 re-

1426 2927 1573 2967 sponsio:
1598 2925 1752 2956 terminus
1783 2926 1869 2956 enim
1895 2926 2016 2956 relativi
2039 2926 2120 2957 tertii
2143 2927 2231 2956 modi
2263 2934 2308 2957 est
2337 2928 2491 2958 correlati-

1425 2981 1503 3002 vum
1525 2970 1619 3000 illius.
1645 2970 1685 3000 Et
1701 2970 1763 3000 hoc
1786 2980 1823 3000 ex
1844 2970 1900 3000 illo
1925 2977 2011 3000 textu
2034 2971 2063 3001 V
2078 2971 2261 3011 Metaphys.
2286 2981 2428 3011 expresse
2446 2972 2491 3001 di-

1426 3016 1514 3051 citur,
1536 3024 1610 3045 curn
1629 3014 1743 3044 dicitur
1765 3014 1913 3045 ibidem*
1933 3014 1970 3044 de
1988 3015 2133 3051 termino,
2151 3015 2239 3055 quod
2256 3022 2302 3045 est
2317 3016 2357 3045 ad
2371 3016 2490 3056 aliquid

1425 3060 1603 3090 secundum
1626 3068 1668 3094 se,
1693 3065 1724 3088 et
1747 3059 1836 3099 quod
1859 3059 1899 3088 ad
1921 3059 2029 3099 ipsum
2056 3059 2169 3089 dicitur
2191 3059 2295 3089 aliud:
2320 3059 2382 3090 hoc
2405 3060 2491 3090 enim

1425 3115 1491 3134 non
1515 3109 1620 3143 potest
1645 3102 1706 3132 nisi
1730 3103 1768 3132 de
1793 3103 1977 3134 correlativo
2005 3102 2171 3133 verificari:
2197 3113 2280 3143 ergo.
2313 3104 2490 3140 Quomodo

1425 3155 1532 3179 autem
1553 3148 1591 3177 de
1611 3147 1725 3177 eodem
1743 3146 1919 3178 verificetur
1942 3147 2037 3178 etiam
2060 3147 2149 3188 quod
2171 3147 2278 3187 ipsum
2295 3157 2361 3178 non
2378 3148 2491 3179 dicitur

1426 3193 1465 3223 ad
1489 3192 1585 3227 aliud,
1610 3191 1674 3220 iam
1698 3191 1891 3222 declaratum
1915 3199 1960 3222 est
1975 3191 2002 3222 *.

1484 3236 1535 3266 Ad
1557 3235 1730 3266 secundam
1755 3242 1862 3266 autem
1886 3235 2098 3266 obiectionem
2123 3235 2244 3271 dicitur,
2269 3236 2358 3276 quod
2374 3236 2490 3267 falsum

1425 3280 1638 3320 supponitur,
1664 3279 1780 3310 scilicet
1803 3280 1891 3320 quod
1915 3280 1953 3310 de
1978 3286 2048 3310 actu
2073 3287 2108 3310 ut
2136 3279 2282 3310 terminat
2304 3280 2490 3312 relationem

1425 3324 1593 3365 potentiae,
1617 3323 1661 3353 ibi
1689 3324 1728 3354 sit
1751 3333 1866 3354 sermo.
1891 3323 1936 3354 Ibi
1959 3324 2044 3354 enim
2067 3330 2215 3354 tractatur
2238 3324 2276 3354 de
2300 3332 2411 3355 natura
2431 3336 2489 3366 po-

1426 3369 1539 3399 tentiae
1564 3375 1594 3398 et
1617 3368 1655 3397 de
1679 3374 1791 3398 natura
1814 3375 1900 3398 actus
1930 3368 2106 3398 secundum
2134 3369 2387 3399 transcendentes
2411 3370 2489 3400 rela-

1426 3414 1537 3448 tiones,
1558 3412 1674 3452 quibus
1698 3412 1901 3443 essentialiter
1917 3412 2058 3452 potentia
2074 3412 2198 3452 respicit
2214 3420 2329 3449 actum,
2351 3420 2381 3444 et
2402 3421 2489 3445 actus

1426 3457 1495 3488 talis
1526 3455 1652 3498 respicit
1681 3456 1866 3496 potentiam.
1901 3457 1941 3486 Et
1968 3456 2036 3486 vult
2063 3457 2247 3487 Aristoteles
2278 3458 2385 3497 quod,
2415 3458 2490 3499 quia

1426 3501 1567 3542 potentia
1600 3510 1665 3530 non
1697 3507 1802 3540 potest
1832 3501 1950 3541 absque
1981 3507 2052 3530 actu
2079 3500 2231 3541 intelligi,
2263 3508 2350 3532 actus
2382 3509 2489 3533 autem

1426 3552 1530 3586 potest
1549 3551 1579 3575 et
1598 3544 1728 3584 intelligi
1752 3551 1783 3574 et
1802 3554 1867 3574 esse
1892 3545 2010 3585 absque
2030 3544 2180 3584 potentia,
2201 3552 2236 3576 ut
2255 3553 2340 3585 patet
2359 3547 2397 3576 de
2417 3553 2487 3577 actu

1427 3600 1523 3630 puro,
1540 3589 1611 3619 ideo
1630 3595 1717 3619 actus
1737 3595 1782 3619 est
1796 3589 1882 3628 prior
1897 3589 2047 3628 potentia.
2065 3589 2112 3619 Ex
2131 3590 2216 3620 malo
2237 3600 2311 3630 ergo
2328 3590 2488 3621 intellectu

2525 724 2534 733 ·
2542 722 2578 744 Cf.
2586 718 2650 744 num.
2660 728 2737 750 praec.

2523 1164 2534 1175 ³
2550 1163 2586 1186 Cf.
2602 1170 2670 1186 num.
2685 1171 2718 1186 vr.

2524 1695 2535 1705 ⁸
2550 1694 2606 1722 Cap.
2617 1701 2639 1716 v.

2525 1781 2600 1803 *Vide
2608 1782 2674 1810 ibid.‚
2682 1788 2737 1812 n.13.

2523 2314 2542 2343 ⁶·
2551 2313 2614 2334 Loco
2629 2313 2736 2340 proxime

2523 2343 2602 2367 cuato.

2518 2893 2529 2903 ¹⁵
2544 2892 2581 2914 Cf.
2596 2898 2715 2914 num.v11.

2519 3022 2527 3030 ¹
2542 3020 2613 3042 Num.
2625 3021 2648 3042 8.

2518 3201 2527 3209 ·
2541 3197 2612 3219 Num.
2624 3204 2647 3219 x.
