<?xml version="1.0" encoding="UTF-8"?>
<!DOCTYPE html PUBLIC "-//W3C//DTD XHTML 1.0 Transitional//EN"
    "http://www.w3.org/TR/xhtml1/DTD/xhtml1-transitional.dtd">
<html xmlns="http://www.w3.org/1999/xhtml" xml:lang="en" lang="en">
 <head>
  <title>
</title>
<meta http-equiv="Content-Type" content="text/html;charset=utf-8" />
  <meta name='ocr-system' content='tesseract 3.04.00' />
  <meta name='ocr-capabilities' content='ocr_page ocr_carea ocr_par ocr_line ocrx_word'/>
</head>
<body>
  <div class='ocr_page' id='page_1' title='image "./operaomniaiussui04thom_0526.png"; bbox 0 0 2768 4178; ppageno 0'>
   <div class='ocr_carea' id='block_1_1' title="bbox 288 283 362 319">
    <p class='ocr_par' dir='ltr' id='par_1_1' title="bbox 288 283 362 319">
     <span class='ocr_line' id='line_1_1' title="bbox 288 283 362 319; baseline 0 0"><span class='ocrx_word' id='word_1_1' title='bbox 288 283 362 319; x_wconf 87' lang='lat'>508</span> 
     </span>
    </p>
   </div>
   <div class='ocr_carea' id='block_1_2' title="bbox 282 357 1174 395">
    <p class='ocr_par' dir='ltr' id='par_1_2' title="bbox 282 357 1174 395">
     <span class='ocr_line' id='line_1_2' title="bbox 282 357 1174 395; baseline -0.003 -7"><span class='ocrx_word' id='word_1_2' title='bbox 282 368 446 388; x_wconf 64' lang='lat' dir='ltr'>Ain-[cums</span> <span class='ocrx_word' id='word_1_3' title='bbox 460 367 491 387; x_wconf 92' lang='lat' dir='ltr'>1v</span> <span class='ocrx_word' id='word_1_4' title='bbox 529 360 632 387; x_wconf 87' lang='lat' dir='ltr'>Utrum</span> <span class='ocrx_word' id='word_1_5' title='bbox 654 367 716 386; x_wconf 89' lang='lat' dir='ltr'>esse</span> <span class='ocrx_word' id='word_1_6' title='bbox 749 357 910 395; x_wconf 87' lang='lat' dir='ltr'>ingenitum</span> <span class='ocrx_word' id='word_1_7' title='bbox 937 357 973 385; x_wconf 88' lang='lat' dir='ltr'>sit</span> <span class='ocrx_word' id='word_1_8' title='bbox 1004 357 1082 386; x_wconf 87' lang='lat' dir='ltr'>Patri</span> <span class='ocrx_word' id='word_1_9' title='bbox 1104 366 1174 393; x_wconf 88' lang='lat' dir='ltr'>pro-</span> 
     </span>
    </p>
   </div>
   <div class='ocr_carea' id='block_1_3' title="bbox 562 397 1354 435">
    <p class='ocr_par' dir='ltr' id='par_1_3' title="bbox 562 397 1354 435">
     <span class='ocr_line' id='line_1_3' title="bbox 562 397 1354 435; baseline -0.001 -9"><span class='ocrx_word' id='word_1_10' title='bbox 562 398 658 435; x_wconf 90' lang='lat' dir='ltr'>prium</span> <span class='ocrx_word' id='word_1_11' title='bbox 671 418 1167 426; x_wconf 86' lang='grc'><strong>.................</strong></span> <span class='ocrx_word' id='word_1_12' title='bbox 1193 406 1266 435; x_wconf 85' lang='lat' dir='ltr'><em>pag.</em></span> <span class='ocrx_word' id='word_1_13' title='bbox 1298 397 1354 425; x_wconf 87' lang='lat'>362</span> 
     </span>
    </p>
   </div>
   <div class='ocr_carea' id='block_1_4' title="bbox 524 470 1111 568">
    <p class='ocr_par' dir='ltr' id='par_1_4' title="bbox 524 470 1111 568">
     <span class='ocr_line' id='line_1_4' title="bbox 524 470 1111 507; baseline -0.005 -7"><span class='ocrx_word' id='word_1_14' title='bbox 524 471 720 507; x_wconf 85' lang='lat' dir='ltr'>QUAESTIO</span> <span class='ocrx_word' id='word_1_15' title='bbox 741 470 1111 505; x_wconf 85' lang='lat' dir='ltr'>TRIGESIMAQUARTA</span> 
     </span>
     <span class='ocr_line' id='line_1_5' title="bbox 656 532 983 568; baseline -0.006 -6"><span class='ocrx_word' id='word_1_16' title='bbox 656 533 706 562; x_wconf 90' lang='lat' dir='ltr'>De</span> <span class='ocrx_word' id='word_1_17' title='bbox 725 539 879 568; x_wconf 84' lang='lat' dir='ltr'>persona</span> <span class='ocrx_word' id='word_1_18' title='bbox 899 532 983 561; x_wconf 85' lang='lat' dir='ltr'><strong>Filii.</strong></span> 
     </span>
    </p>
   </div>
   <div class='ocr_carea' id='block_1_5' title="bbox 528 598 1173 835">
    <p class='ocr_par' dir='ltr' id='par_1_5' title="bbox 528 598 1173 835">
     <span class='ocr_line' id='line_1_6' title="bbox 528 598 1173 627; baseline -0.002 0"><span class='ocrx_word' id='word_1_19' title='bbox 528 600 631 627; x_wconf 87' lang='lat' dir='ltr'>Utrum</span> <span class='ocrx_word' id='word_1_20' title='bbox 652 599 782 626; x_wconf 84' lang='lat' dir='ltr'>Verbum</span> <span class='ocrx_word' id='word_1_21' title='bbox 810 598 840 626; x_wconf 93' lang='lat' dir='ltr'>in</span> <span class='ocrx_word' id='word_1_22' title='bbox 862 598 967 626; x_wconf 90' lang='lat' dir='ltr'>divinis</span> <span class='ocrx_word' id='word_1_23' title='bbox 998 598 1034 626; x_wconf 92' lang='lat' dir='ltr'>sit</span> <span class='ocrx_word' id='word_1_24' title='bbox 1062 607 1173 626; x_wconf 91' lang='lat' dir='ltr'>nomen</span> 
     </span>
     <span class='ocr_line' id='line_1_7' title="bbox 561 639 1170 676; baseline -0.002 -9"><span class='ocrx_word' id='word_1_25' title='bbox 561 639 714 676; x_wconf 88' lang='lat' dir='ltr'>personale</span> <span class='ocrx_word' id='word_1_26' title='bbox 738 659 1170 666; x_wconf 88' lang='grc'><em>...............</em></span> 
     </span>
     <span class='ocr_line' id='line_1_8' title="bbox 532 678 1172 715; baseline -0.002 -8"><span class='ocrx_word' id='word_1_27' title='bbox 532 680 636 707; x_wconf 84' lang='lat' dir='ltr'><strong>Utrum</strong></span> <span class='ocrx_word' id='word_1_28' title='bbox 662 679 792 706; x_wconf 86' lang='lat' dir='ltr'>Verbum</span> <span class='ocrx_word' id='word_1_29' title='bbox 824 678 860 706; x_wconf 91' lang='lat' dir='ltr'>sit</span> <span class='ocrx_word' id='word_1_30' title='bbox 880 678 1033 715; x_wconf 89' lang='lat' dir='ltr'>proprium</span> <span class='ocrx_word' id='word_1_31' title='bbox 1061 687 1172 706; x_wconf 89' lang='lat' dir='ltr'>nomen</span> 
     </span>
     <span class='ocr_line' id='line_1_9' title="bbox 562 719 1169 747; baseline 0 -1"><span class='ocrx_word' id='word_1_32' title='bbox 562 719 624 747; x_wconf 91' lang='lat' dir='ltr'>Filii</span> <span class='ocrx_word' id='word_1_33' title='bbox 640 739 1169 747; x_wconf 89' lang='grc'><strong><em>..................</em></strong></span> 
     </span>
     <span class='ocr_line' id='line_1_10' title="bbox 532 757 1158 795; baseline -0.003 -7"><span class='ocrx_word' id='word_1_34' title='bbox 532 761 635 788; x_wconf 87' lang='lat' dir='ltr'>Utrum</span> <span class='ocrx_word' id='word_1_35' title='bbox 660 758 690 786; x_wconf 90' lang='lat' dir='ltr'>in</span> <span class='ocrx_word' id='word_1_36' title='bbox 721 758 842 786; x_wconf 89' lang='lat' dir='ltr'>nomine</span> <span class='ocrx_word' id='word_1_37' title='bbox 863 758 951 786; x_wconf 85' lang='lat' dir='ltr'>Verbi</span> <span class='ocrx_word' id='word_1_38' title='bbox 985 757 1158 795; x_wconf 88' lang='lat' dir='ltr'>importetur</span> 
     </span>
     <span class='ocr_line' id='line_1_11' title="bbox 560 799 1170 835; baseline -0.002 -8"><span class='ocrx_word' id='word_1_39' title='bbox 560 805 707 835; x_wconf 89' lang='lat' dir='ltr'>respectus</span> <span class='ocrx_word' id='word_1_40' title='bbox 728 799 766 826; x_wconf 92' lang='lat' dir='ltr'>ad</span> <span class='ocrx_word' id='word_1_41' title='bbox 787 805 949 826; x_wconf 90' lang='lat' dir='ltr'>creaturam</span> <span class='ocrx_word' id='word_1_42' title='bbox 953 820 1170 826; x_wconf 87' lang='grc'><strong>........</strong></span> 
     </span>
    </p>
   </div>
   <div class='ocr_carea' id='block_1_6' title="bbox 529 871 1103 968">
    <p class='ocr_par' dir='ltr' id='par_1_6' title="bbox 529 871 1103 968">
     <span class='ocr_line' id='line_1_12' title="bbox 529 871 1103 906; baseline -0.002 -7"><span class='ocrx_word' id='word_1_43' title='bbox 529 871 724 906; x_wconf 86' lang='lat' dir='ltr'>QUAESTIO</span> <span class='ocrx_word' id='word_1_44' title='bbox 746 871 1103 906; x_wconf 86' lang='lat' dir='ltr'>TRIGESIMAQUINTA</span> 
     </span>
     <span class='ocr_line' id='line_1_13' title="bbox 700 932 934 968; baseline 0.004 -8"><span class='ocrx_word' id='word_1_45' title='bbox 700 932 750 961; x_wconf 89' lang='lat' dir='ltr'>De</span> <span class='ocrx_word' id='word_1_46' title='bbox 771 932 934 968; x_wconf 88' lang='lat' dir='ltr'>Imagine.</span> 
     </span>
    </p>
   </div>
   <div class='ocr_carea' id='block_1_7' title="bbox 282 609 472 631">
    <p class='ocr_par' dir='ltr' id='par_1_7' title="bbox 282 609 472 631">
     <span class='ocr_line' id='line_1_14' title="bbox 282 609 472 631; baseline -0.016 0"><span class='ocrx_word' id='word_1_47' title='bbox 282 609 447 631; x_wconf 82' lang='lat' dir='ltr'>ARTICULUS</span> <span class='ocrx_word' id='word_1_48' title='bbox 461 609 472 628; x_wconf 95' lang='lat'>1</span> 
     </span>
    </p>
   </div>
   <div class='ocr_carea' id='block_1_8' title="bbox 363 689 483 708">
    <p class='ocr_par' dir='ltr' id='par_1_8' title="bbox 363 689 483 708">
     <span class='ocr_line' id='line_1_15' title="bbox 363 689 483 708; baseline 0.008 -1"><span class='ocrx_word' id='word_1_49' title='bbox 363 693 378 707; x_wconf 86' lang='lat'>»</span> <span class='ocrx_word' id='word_1_50' title='bbox 460 689 483 708; x_wconf 93' lang='lat'>11</span> 
     </span>
    </p>
   </div>
   <div class='ocr_carea' id='block_1_9' title="bbox 363 769 493 788">
    <p class='ocr_par' dir='ltr' id='par_1_9' title="bbox 363 769 493 788">
     <span class='ocr_line' id='line_1_16' title="bbox 363 769 493 788; baseline 0.008 -1"><span class='ocrx_word' id='word_1_51' title='bbox 363 772 377 787; x_wconf 69' lang='lat' dir='ltr'>xe</span> <span class='ocrx_word' id='word_1_52' title='bbox 460 769 493 788; x_wconf 84' lang='lat' dir='ltr'>m</span> 
     </span>
    </p>
   </div>
   <div class='ocr_carea' id='block_1_10' title="bbox 525 995 1169 1065">
    <p class='ocr_par' dir='ltr' id='par_1_10' title="bbox 525 995 1169 1065">
     <span class='ocr_line' id='line_1_17' title="bbox 525 995 1169 1033; baseline 0.002 -10"><span class='ocrx_word' id='word_1_53' title='bbox 525 997 628 1024; x_wconf 87' lang='lat' dir='ltr'>Utrum</span> <span class='ocrx_word' id='word_1_54' title='bbox 656 996 755 1033; x_wconf 84' lang='lat' dir='ltr'>Imago</span> <span class='ocrx_word' id='word_1_55' title='bbox 778 995 808 1023; x_wconf 93' lang='lat' dir='ltr'>in</span> <span class='ocrx_word' id='word_1_56' title='bbox 829 995 933 1024; x_wconf 86' lang='lat' dir='ltr'>divinis</span> <span class='ocrx_word' id='word_1_57' title='bbox 962 996 1075 1025; x_wconf 86' lang='lat' dir='ltr'>dicatur</span> <span class='ocrx_word' id='word_1_58' title='bbox 1104 1005 1169 1033; x_wconf 91' lang='lat' dir='ltr'>per-</span> 
     </span>
     <span class='ocr_line' id='line_1_18' title="bbox 558 1036 1168 1065; baseline 0.002 -2"><span class='ocrx_word' id='word_1_59' title='bbox 558 1036 696 1064; x_wconf 87' lang='lat' dir='ltr'>sonaliter</span> <span class='ocrx_word' id='word_1_60' title='bbox 698 1057 1168 1065; x_wconf 91' lang='grc'><strong>................</strong></span> 
     </span>
    </p>
   </div>
   <div class='ocr_carea' id='block_1_11' title="bbox 529 1075 1169 1145">
    <p class='ocr_par' dir='ltr' id='par_1_11' title="bbox 529 1075 1169 1145">
     <span class='ocr_line' id='line_1_19' title="bbox 529 1075 1169 1114; baseline 0 -10"><span class='ocrx_word' id='word_1_61' title='bbox 529 1077 633 1104; x_wconf 88' lang='lat' dir='ltr'>Utrum</span> <span class='ocrx_word' id='word_1_62' title='bbox 659 1085 769 1104; x_wconf 89' lang='lat' dir='ltr'>nomen</span> <span class='ocrx_word' id='word_1_63' title='bbox 796 1075 932 1114; x_wconf 87' lang='lat' dir='ltr'>Imaginis</span> <span class='ocrx_word' id='word_1_64' title='bbox 960 1076 996 1104; x_wconf 86' lang='lat' dir='ltr'>sit</span> <span class='ocrx_word' id='word_1_65' title='bbox 1017 1076 1169 1113; x_wconf 87' lang='lat' dir='ltr'>proprium</span> 
     </span>
     <span class='ocr_line' id='line_1_20' title="bbox 558 1116 1165 1145; baseline 0 -1"><span class='ocrx_word' id='word_1_66' title='bbox 558 1116 623 1144; x_wconf 90' lang='lat' dir='ltr'>Filii</span> <span class='ocrx_word' id='word_1_67' title='bbox 631 1138 1165 1145; x_wconf 90' lang='grc'><strong><em>..................</em></strong></span> 
     </span>
    </p>
   </div>
   <div class='ocr_carea' id='block_1_12' title="bbox 278 1005 467 1027">
    <p class='ocr_par' dir='ltr' id='par_1_12' title="bbox 278 1005 467 1027">
     <span class='ocr_line' id='line_1_21' title="bbox 278 1005 467 1027; baseline -0.016 0"><span class='ocrx_word' id='word_1_68' title='bbox 278 1005 442 1027; x_wconf 79' lang='lat' dir='ltr'>ARTICULUS</span> <span class='ocrx_word' id='word_1_69' title='bbox 456 1005 467 1024; x_wconf 96' lang='lat'>1</span> 
     </span>
    </p>
   </div>
   <div class='ocr_carea' id='block_1_13' title="bbox 361 1085 479 1104">
    <p class='ocr_par' dir='ltr' id='par_1_13' title="bbox 361 1085 479 1104">
     <span class='ocr_line' id='line_1_22' title="bbox 361 1085 479 1104; baseline 0.008 -1"><span class='ocrx_word' id='word_1_70' title='bbox 361 1088 375 1103; x_wconf 76' lang='lat'><strong>»</strong></span> <span class='ocrx_word' id='word_1_71' title='bbox 457 1085 479 1104; x_wconf 93' lang='lat'>11</span> 
     </span>
    </p>
   </div>
   <div class='ocr_carea' id='block_1_14' title="bbox 530 1191 1093 1289">
    <p class='ocr_par' dir='ltr' id='par_1_14' title="bbox 530 1191 1093 1289">
     <span class='ocr_line' id='line_1_23' title="bbox 532 1191 1093 1226; baseline 0 -7"><span class='ocrx_word' id='word_1_72' title='bbox 532 1191 727 1226; x_wconf 90' lang='lat' dir='ltr'>QUAESTIO</span> <span class='ocrx_word' id='word_1_73' title='bbox 753 1191 1093 1219; x_wconf 84' lang='lat' dir='ltr'>TRIGESIMASEXTA</span> 
     </span>
     <span class='ocr_line' id='line_1_24' title="bbox 530 1251 1093 1289; baseline -0.002 -7"><span class='ocrx_word' id='word_1_74' title='bbox 530 1253 580 1282; x_wconf 88' lang='lat' dir='ltr'>De</span> <span class='ocrx_word' id='word_1_75' title='bbox 600 1260 755 1289; x_wconf 87' lang='lat' dir='ltr'>persona</span> <span class='ocrx_word' id='word_1_76' title='bbox 777 1252 930 1289; x_wconf 82' lang='lat' dir='ltr'>Spiritus</span> <span class='ocrx_word' id='word_1_77' title='bbox 959 1251 1093 1282; x_wconf 86' lang='lat' dir='ltr'>Sancti.</span> 
     </span>
    </p>
   </div>
   <div class='ocr_carea' id='block_1_15' title="bbox 523 1317 1169 1395">
    <p class='ocr_par' dir='ltr' id='par_1_15' title="bbox 523 1317 1169 1395">
     <span class='ocr_line' id='line_1_25' title="bbox 523 1317 1169 1356; baseline 0 -10"><span class='ocrx_word' id='word_1_78' title='bbox 523 1319 627 1347; x_wconf 91' lang='lat' dir='ltr'>Utrum</span> <span class='ocrx_word' id='word_1_79' title='bbox 659 1318 717 1346; x_wconf 84' lang='lat' dir='ltr'>hoc</span> <span class='ocrx_word' id='word_1_80' title='bbox 742 1327 852 1346; x_wconf 88' lang='lat' dir='ltr'>nomen</span> <span class='ocrx_word' id='word_1_81' title='bbox 885 1317 1014 1356; x_wconf 81' lang='lat' dir='ltr'>Spiritus</span> <span class='ocrx_word' id='word_1_82' title='bbox 1045 1318 1169 1346; x_wconf 84' lang='lat' dir='ltr'>Sanctus</span> 
     </span>
     <span class='ocr_line' id='line_1_26' title="bbox 556 1357 1166 1395; baseline 0 -9"><span class='ocrx_word' id='word_1_83' title='bbox 556 1358 593 1386; x_wconf 89' lang='lat' dir='ltr'>sit</span> <span class='ocrx_word' id='word_1_84' title='bbox 622 1358 774 1395; x_wconf 89' lang='lat' dir='ltr'>proprium</span> <span class='ocrx_word' id='word_1_85' title='bbox 802 1367 912 1387; x_wconf 91' lang='lat' dir='ltr'>nomen</span> <span class='ocrx_word' id='word_1_86' title='bbox 941 1357 1063 1386; x_wconf 88' lang='lat' dir='ltr'>alicuius</span> <span class='ocrx_word' id='word_1_87' title='bbox 1095 1358 1166 1386; x_wconf 92' lang='lat' dir='ltr'>divi-</span> 
     </span>
    </p>
   </div>
   <div class='ocr_carea' id='block_1_16' title="bbox 275 1327 464 1349">
    <p class='ocr_par' dir='ltr' id='par_1_16' title="bbox 275 1327 464 1349">
     <span class='ocr_line' id='line_1_27' title="bbox 275 1327 464 1349; baseline -0.011 0"><span class='ocrx_word' id='word_1_88' title='bbox 275 1327 439 1349; x_wconf 77' lang='lat' dir='ltr'>ARTICULUS</span> <span class='ocrx_word' id='word_1_89' title='bbox 453 1327 464 1347; x_wconf 95' lang='lat'>1</span> 
     </span>
    </p>
   </div>
   <div class='ocr_carea' id='block_1_17' title="bbox 555 1407 1162 1435">
    <p class='ocr_par' dir='ltr' id='par_1_17' title="bbox 555 1407 1162 1435">
     <span class='ocr_line' id='line_1_28' title="bbox 555 1407 1162 1435; baseline 0 -9"><span class='ocrx_word' id='word_1_90' title='bbox 555 1407 610 1426; x_wconf 91' lang='lat' dir='ltr'>nae</span> <span class='ocrx_word' id='word_1_91' title='bbox 634 1407 776 1435; x_wconf 81' lang='lat' dir='ltr'>personae</span> <span class='ocrx_word' id='word_1_92' title='bbox 788 1419 1162 1427; x_wconf 90' lang='grc'><strong><em>.............</em></strong></span> 
     </span>
    </p>
   </div>
   <div class='ocr_carea' id='block_1_18' title="bbox 356 1438 1168 1635">
    <p class='ocr_par' dir='ltr' id='par_1_18' title="bbox 356 1438 1168 1635">
     <span class='ocr_line' id='line_1_29' title="bbox 357 1438 1168 1475; baseline 0 -9"><span class='ocrx_word' id='word_1_93' title='bbox 357 1451 371 1466; x_wconf 79' lang='grc'>»</span> <span class='ocrx_word' id='word_1_94' title='bbox 454 1448 476 1467; x_wconf 84' lang='grc' dir='ltr'>Π</span> <span class='ocrx_word' id='word_1_95' title='bbox 525 1439 629 1467; x_wconf 87' lang='lat' dir='ltr'>Utrum</span> <span class='ocrx_word' id='word_1_96' title='bbox 665 1438 787 1475; x_wconf 87' lang='lat' dir='ltr'>Spiritus</span> <span class='ocrx_word' id='word_1_97' title='bbox 817 1439 940 1467; x_wconf 85' lang='lat' dir='ltr'>Sanctus</span> <span class='ocrx_word' id='word_1_98' title='bbox 979 1439 1119 1475; x_wconf 89' lang='lat' dir='ltr'>procedat</span> <span class='ocrx_word' id='word_1_99' title='bbox 1150 1447 1168 1466; x_wconf 87' lang='lat' dir='ltr'>a</span> 
     </span>
     <span class='ocr_line' id='line_1_30' title="bbox 556 1478 1164 1507; baseline 0 -1"><span class='ocrx_word' id='word_1_100' title='bbox 556 1478 629 1507; x_wconf 89' lang='lat' dir='ltr'>Filio</span> <span class='ocrx_word' id='word_1_101' title='bbox 636 1499 1164 1507; x_wconf 89' lang='grc'><strong><em>..................</em></strong></span> 
     </span>
     <span class='ocr_line' id='line_1_31' title="bbox 356 1518 1167 1555; baseline 0 -9"><span class='ocrx_word' id='word_1_102' title='bbox 356 1531 371 1546; x_wconf 80' lang='lat'>»</span> <span class='ocrx_word' id='word_1_103' title='bbox 453 1527 485 1546; x_wconf 93' lang='lat'>111</span> <span class='ocrx_word' id='word_1_104' title='bbox 524 1520 629 1547; x_wconf 85' lang='lat' dir='ltr'>Utrum</span> <span class='ocrx_word' id='word_1_105' title='bbox 669 1518 792 1555; x_wconf 81' lang='lat' dir='ltr'>Spiritus</span> <span class='ocrx_word' id='word_1_106' title='bbox 831 1519 953 1547; x_wconf 89' lang='lat' dir='ltr'>Sanctus</span> <span class='ocrx_word' id='word_1_107' title='bbox 984 1518 1124 1555; x_wconf 87' lang='lat' dir='ltr'>procedat</span> <span class='ocrx_word' id='word_1_108' title='bbox 1149 1527 1167 1546; x_wconf 89' lang='lat' dir='ltr'>a</span> 
     </span>
     <span class='ocr_line' id='line_1_32' title="bbox 556 1558 1166 1595; baseline 0 -9"><span class='ocrx_word' id='word_1_109' title='bbox 556 1560 639 1586; x_wconf 85' lang='lat' dir='ltr'>Patre</span> <span class='ocrx_word' id='word_1_110' title='bbox 660 1567 712 1595; x_wconf 90' lang='lat' dir='ltr'>per</span> <span class='ocrx_word' id='word_1_111' title='bbox 737 1558 840 1586; x_wconf 83' lang='lat' dir='ltr'>Filium</span> <span class='ocrx_word' id='word_1_112' title='bbox 854 1579 1166 1586; x_wconf 88' lang='grc'><em>...........</em></span> 
     </span>
     <span class='ocr_line' id='line_1_33' title="bbox 356 1598 1166 1635; baseline 0.001 -10"><span class='ocrx_word' id='word_1_113' title='bbox 356 1610 371 1625; x_wconf 60' lang='lat' dir='ltr'>s</span> <span class='ocrx_word' id='word_1_114' title='bbox 453 1607 484 1626; x_wconf 86' lang='lat' dir='ltr'>1v</span> <span class='ocrx_word' id='word_1_115' title='bbox 525 1599 629 1627; x_wconf 90' lang='lat' dir='ltr'>Utrum</span> <span class='ocrx_word' id='word_1_116' title='bbox 644 1600 729 1626; x_wconf 88' lang='lat' dir='ltr'>Pater</span> <span class='ocrx_word' id='word_1_117' title='bbox 750 1605 778 1626; x_wconf 91' lang='lat' dir='ltr'>et</span> <span class='ocrx_word' id='word_1_118' title='bbox 799 1598 886 1626; x_wconf 87' lang='lat' dir='ltr'>Filius</span> <span class='ocrx_word' id='word_1_119' title='bbox 902 1598 959 1626; x_wconf 91' lang='lat' dir='ltr'>sint</span> <span class='ocrx_word' id='word_1_120' title='bbox 980 1608 1072 1626; x_wconf 89' lang='lat' dir='ltr'>unum</span> <span class='ocrx_word' id='word_1_121' title='bbox 1087 1598 1166 1635; x_wconf 91' lang='lat' dir='ltr'>prin-</span> 
     </span>
    </p>
   </div>
   <div class='ocr_carea' id='block_1_19' title="bbox 554 1638 1171 1675">
    <p class='ocr_par' dir='ltr' id='par_1_19' title="bbox 554 1638 1171 1675">
     <span class='ocr_line' id='line_1_34' title="bbox 554 1638 1171 1675; baseline 0 -9"><span class='ocrx_word' id='word_1_122' title='bbox 554 1639 661 1675; x_wconf 86' lang='lat' dir='ltr'>cipium</span> <span class='ocrx_word' id='word_1_123' title='bbox 688 1638 812 1675; x_wconf 87' lang='lat' dir='ltr'>Spiritus</span> <span class='ocrx_word' id='word_1_124' title='bbox 841 1638 938 1666; x_wconf 89' lang='lat' dir='ltr'>Sancti</span> <span class='ocrx_word' id='word_1_125' title='bbox 952 1659 1171 1667; x_wconf 90' lang='grc'><strong><em>........</em></strong></span> 
     </span>
    </p>
   </div>
   <div class='ocr_carea' id='block_1_20' title="bbox 514 1711 1105 1747">
    <p class='ocr_par' dir='ltr' id='par_1_20' title="bbox 514 1711 1105 1747">
     <span class='ocr_line' id='line_1_35' title="bbox 514 1711 1105 1747; baseline -0.002 -7"><span class='ocrx_word' id='word_1_126' title='bbox 514 1712 709 1747; x_wconf 79' lang='lat' dir='ltr'>QUAESTIO</span> <span class='ocrx_word' id='word_1_127' title='bbox 728 1711 1105 1739; x_wconf 80' lang='lat' dir='ltr'>TRIGESIMASEPTIMA</span> 
     </span>
    </p>
   </div>
   <div class='ocr_carea' id='block_1_21' title="bbox 372 1771 1246 1808">
    <p class='ocr_par' dir='ltr' id='par_1_21' title="bbox 372 1771 1246 1808">
     <span class='ocr_line' id='line_1_36' title="bbox 372 1771 1246 1808; baseline -0.001 -6"><span class='ocrx_word' id='word_1_128' title='bbox 372 1774 421 1803; x_wconf 89' lang='lat' dir='ltr'>De</span> <span class='ocrx_word' id='word_1_129' title='bbox 441 1773 578 1802; x_wconf 88' lang='lat' dir='ltr'>nomine</span> <span class='ocrx_word' id='word_1_130' title='bbox 605 1772 756 1808; x_wconf 88' lang='lat' dir='ltr'>Spiritus</span> <span class='ocrx_word' id='word_1_131' title='bbox 785 1771 908 1802; x_wconf 83' lang='lat' dir='ltr'>Sancti</span> <span class='ocrx_word' id='word_1_132' title='bbox 934 1771 1026 1808; x_wconf 87' lang='lat' dir='ltr'>quod</span> <span class='ocrx_word' id='word_1_133' title='bbox 1049 1772 1106 1801; x_wconf 87' lang='lat' dir='ltr'>est</span> <span class='ocrx_word' id='word_1_134' title='bbox 1126 1771 1246 1801; x_wconf 75' lang='lat' dir='ltr'>Anior.</span> 
     </span>
    </p>
   </div>
   <div class='ocr_carea' id='block_1_22' title="bbox 270 1837 1163 1987">
    <p class='ocr_par' dir='ltr' id='par_1_22' title="bbox 270 1837 1163 1907">
     <span class='ocr_line' id='line_1_37' title="bbox 270 1837 1163 1875; baseline -0.003 -7"><span class='ocrx_word' id='word_1_135' title='bbox 270 1848 435 1868; x_wconf 79' lang='lat' dir='ltr'>ARTICULUS</span> <span class='ocrx_word' id='word_1_136' title='bbox 456 1847 467 1867; x_wconf 87' lang='lat'>1</span> <span class='ocrx_word' id='word_1_137' title='bbox 517 1839 621 1867; x_wconf 90' lang='lat' dir='ltr'>Utrum</span> <span class='ocrx_word' id='word_1_138' title='bbox 635 1839 729 1867; x_wconf 90' lang='lat' dir='ltr'>Amor</span> <span class='ocrx_word' id='word_1_139' title='bbox 749 1838 786 1866; x_wconf 90' lang='lat' dir='ltr'>sit</span> <span class='ocrx_word' id='word_1_140' title='bbox 800 1838 951 1875; x_wconf 89' lang='lat' dir='ltr'>proprium</span> <span class='ocrx_word' id='word_1_141' title='bbox 973 1846 1083 1866; x_wconf 90' lang='lat' dir='ltr'>nomen</span> <span class='ocrx_word' id='word_1_142' title='bbox 1098 1837 1163 1874; x_wconf 90' lang='lat' dir='ltr'>Spi-</span> 
     </span>
     <span class='ocr_line' id='line_1_38' title="bbox 554 1878 1162 1907; baseline 0 -1"><span class='ocrx_word' id='word_1_143' title='bbox 554 1879 624 1907; x_wconf 87' lang='lat' dir='ltr'>ritus</span> <span class='ocrx_word' id='word_1_144' title='bbox 653 1878 750 1906; x_wconf 83' lang='lat' dir='ltr'>Sancti</span> <span class='ocrx_word' id='word_1_145' title='bbox 759 1899 1162 1906; x_wconf 89' lang='grc'><strong>..............</strong></span> 
     </span>
    </p>

    <p class='ocr_par' dir='ltr' id='par_1_23' title="bbox 355 1917 1163 1955">
     <span class='ocr_line' id='line_1_39' title="bbox 355 1917 1163 1955; baseline -0.002 -8"><span class='ocrx_word' id='word_1_146' title='bbox 355 1931 369 1946; x_wconf 83' lang='lat'>›&gt;</span> <span class='ocrx_word' id='word_1_147' title='bbox 451 1927 473 1947; x_wconf 90' lang='lat'>11</span> <span class='ocrx_word' id='word_1_148' title='bbox 522 1920 626 1947; x_wconf 89' lang='lat' dir='ltr'>Utrum</span> <span class='ocrx_word' id='word_1_149' title='bbox 648 1920 733 1947; x_wconf 86' lang='lat' dir='ltr'>Pater</span> <span class='ocrx_word' id='word_1_150' title='bbox 753 1925 780 1946; x_wconf 91' lang='lat' dir='ltr'>et</span> <span class='ocrx_word' id='word_1_151' title='bbox 801 1918 889 1946; x_wconf 87' lang='lat' dir='ltr'>Filius</span> <span class='ocrx_word' id='word_1_152' title='bbox 911 1917 1032 1955; x_wconf 82' lang='lat' dir='ltr'>diligant</span> <span class='ocrx_word' id='word_1_153' title='bbox 1053 1927 1084 1946; x_wconf 94' lang='lat' dir='ltr'>se</span> <span class='ocrx_word' id='word_1_154' title='bbox 1099 1917 1163 1954; x_wconf 89' lang='lat' dir='ltr'>Spi-</span> 
     </span>
    </p>

    <p class='ocr_par' dir='ltr' id='par_1_24' title="bbox 552 1959 1162 1987">
     <span class='ocr_line' id='line_1_40' title="bbox 552 1959 1162 1987; baseline -0.002 0"><span class='ocrx_word' id='word_1_155' title='bbox 552 1959 609 1987; x_wconf 89' lang='lat' dir='ltr'>ritu</span> <span class='ocrx_word' id='word_1_156' title='bbox 639 1959 746 1987; x_wconf 88' lang='lat' dir='ltr'>Sancto</span> <span class='ocrx_word' id='word_1_157' title='bbox 760 1979 1162 1986; x_wconf 90' lang='grc'><strong><em>..............</em></strong></span> 
     </span>
    </p>
   </div>
   <div class='ocr_carea' id='block_1_23' title="bbox 514 2029 1102 2064">
    <p class='ocr_par' dir='ltr' id='par_1_25' title="bbox 514 2029 1102 2064">
     <span class='ocr_line' id='line_1_41' title="bbox 514 2029 1102 2064; baseline -0.002 -7"><span class='ocrx_word' id='word_1_158' title='bbox 514 2029 707 2064; x_wconf 85' lang='lat' dir='ltr'>QUAESTIO</span> <span class='ocrx_word' id='word_1_159' title='bbox 729 2029 1102 2057; x_wconf 84' lang='lat' dir='ltr'>TRlGESlMAOCTAVA</span> 
     </span>
    </p>
   </div>
   <div class='ocr_carea' id='block_1_24' title="bbox 371 2090 1250 2128">
    <p class='ocr_par' dir='ltr' id='par_1_26' title="bbox 371 2090 1250 2128">
     <span class='ocr_line' id='line_1_42' title="bbox 371 2090 1250 2128; baseline -0.002 -7"><span class='ocrx_word' id='word_1_160' title='bbox 371 2093 421 2122; x_wconf 91' lang='lat' dir='ltr'>De</span> <span class='ocrx_word' id='word_1_161' title='bbox 440 2092 578 2121; x_wconf 87' lang='lat' dir='ltr'>nomine</span> <span class='ocrx_word' id='word_1_162' title='bbox 599 2091 750 2128; x_wconf 82' lang='lat' dir='ltr'>Spiritus</span> <span class='ocrx_word' id='word_1_163' title='bbox 771 2091 894 2122; x_wconf 87' lang='lat' dir='ltr'>Sancti</span> <span class='ocrx_word' id='word_1_164' title='bbox 915 2090 1008 2128; x_wconf 87' lang='lat' dir='ltr'>quod</span> <span class='ocrx_word' id='word_1_165' title='bbox 1029 2093 1086 2121; x_wconf 89' lang='lat' dir='ltr'>est</span> <span class='ocrx_word' id='word_1_166' title='bbox 1107 2092 1250 2120; x_wconf 87' lang='lat' dir='ltr'>Donum.</span> 
     </span>
    </p>
   </div>
   <div class='ocr_carea' id='block_1_25' title="bbox 1216 650 1230 665">
    <p class='ocr_par' dir='ltr' id='par_1_27' title="bbox 1216 650 1230 665">
     <span class='ocr_line' id='line_1_43' title="bbox 1216 650 1230 665; baseline 0 0"><span class='ocrx_word' id='word_1_167' title='bbox 1216 650 1230 665; x_wconf 89' lang='grc'>&gt;&gt;</span> 
     </span>
    </p>
   </div>
   <div class='ocr_carea' id='block_1_26' title="bbox 1215 730 1229 745">
    <p class='ocr_par' dir='ltr' id='par_1_28' title="bbox 1215 730 1229 745">
     <span class='ocr_line' id='line_1_44' title="bbox 1215 730 1229 745; baseline 0 0"><span class='ocrx_word' id='word_1_168' title='bbox 1215 730 1229 745; x_wconf 78' lang='grc'>»</span> 
     </span>
    </p>
   </div>
   <div class='ocr_carea' id='block_1_27' title="bbox 1216 809 1230 824">
    <p class='ocr_par' dir='ltr' id='par_1_29' title="bbox 1216 809 1230 824">
     <span class='ocr_line' id='line_1_45' title="bbox 1216 809 1230 824; baseline 0 0"><span class='ocrx_word' id='word_1_169' title='bbox 1216 809 1230 824; x_wconf 83' lang='grc'>&gt;&gt;</span> 
     </span>
    </p>
   </div>
   <div class='ocr_carea' id='block_1_28' title="bbox 1214 1048 1228 1062">
    <p class='ocr_par' dir='ltr' id='par_1_30' title="bbox 1214 1048 1228 1062">
     <span class='ocr_line' id='line_1_46' title="bbox 1214 1048 1228 1062; baseline 0 0"><span class='ocrx_word' id='word_1_170' title='bbox 1214 1048 1228 1062; x_wconf 87' lang='grc'>&gt;&gt;</span> 
     </span>
    </p>
   </div>
   <div class='ocr_carea' id='block_1_29' title="bbox 1212 1128 1227 1142">
    <p class='ocr_par' dir='ltr' id='par_1_31' title="bbox 1212 1128 1227 1142">
     <span class='ocr_line' id='line_1_47' title="bbox 1212 1128 1227 1142; baseline 0 0"><span class='ocrx_word' id='word_1_171' title='bbox 1212 1128 1227 1142; x_wconf 76' lang='grc' dir='ltr'>Ὶ&gt;</span> 
     </span>
    </p>
   </div>
   <div class='ocr_carea' id='block_1_30' title="bbox 1208 1410 1223 1424">
    <p class='ocr_par' dir='ltr' id='par_1_32' title="bbox 1208 1410 1223 1424">
     <span class='ocr_line' id='line_1_48' title="bbox 1208 1410 1223 1424; baseline 0 0"><span class='ocrx_word' id='word_1_172' title='bbox 1208 1410 1223 1424; x_wconf 74' lang='grc'>»</span> 
     </span>
    </p>
   </div>
   <div class='ocr_carea' id='block_1_31' title="bbox 1210 1490 1224 1505">
    <p class='ocr_par' dir='ltr' id='par_1_33' title="bbox 1210 1490 1224 1505">
     <span class='ocr_line' id='line_1_49' title="bbox 1210 1490 1224 1505; baseline 0 0"><span class='ocrx_word' id='word_1_173' title='bbox 1210 1490 1224 1505; x_wconf 84' lang='grc'>&gt;&gt;</span> 
     </span>
    </p>
   </div>
   <div class='ocr_carea' id='block_1_32' title="bbox 1211 1569 1225 1584">
    <p class='ocr_par' dir='ltr' id='par_1_34' title="bbox 1211 1569 1225 1584">
     <span class='ocr_line' id='line_1_50' title="bbox 1211 1569 1225 1584; baseline 0 0"><span class='ocrx_word' id='word_1_174' title='bbox 1211 1569 1225 1584; x_wconf 87' lang='grc'>&gt;&gt;</span> 
     </span>
    </p>
   </div>
   <div class='ocr_carea' id='block_1_33' title="bbox 1217 1649 1231 1664">
    <p class='ocr_par' dir='ltr' id='par_1_35' title="bbox 1217 1649 1231 1664">
     <span class='ocr_line' id='line_1_51' title="bbox 1217 1649 1231 1664; baseline 0 0"><span class='ocrx_word' id='word_1_175' title='bbox 1217 1649 1231 1664; x_wconf 64' lang='grc'><strong>»</strong></span> 
     </span>
    </p>
   </div>
   <div class='ocr_carea' id='block_1_34' title="bbox 1207 1889 1222 1903">
    <p class='ocr_par' dir='ltr' id='par_1_36' title="bbox 1207 1889 1222 1903">
     <span class='ocr_line' id='line_1_52' title="bbox 1207 1889 1222 1903; baseline 0 0"><span class='ocrx_word' id='word_1_176' title='bbox 1207 1889 1222 1903; x_wconf 83' lang='grc'>)&gt;</span> 
     </span>
    </p>
   </div>
   <div class='ocr_carea' id='block_1_35' title="bbox 1207 1968 1222 1983">
    <p class='ocr_par' dir='ltr' id='par_1_37' title="bbox 1207 1968 1222 1983">
     <span class='ocr_line' id='line_1_53' title="bbox 1207 1968 1222 1983; baseline 0 0"><span class='ocrx_word' id='word_1_177' title='bbox 1207 1968 1222 1983; x_wconf 68' lang='lat' dir='ltr'>&gt;b</span> 
     </span>
    </p>
   </div>
   <div class='ocr_carea' id='block_1_36' title="bbox 272 2156 1223 2274">
    <p class='ocr_par' dir='ltr' id='par_1_38' title="bbox 272 2156 1223 2274">
     <span class='ocr_line' id='line_1_54' title="bbox 272 2156 1220 2193; baseline -0.002 -6"><span class='ocrx_word' id='word_1_178' title='bbox 272 2165 461 2187; x_wconf 77' lang='lat' dir='ltr'>ARTlcouSI</span> <span class='ocrx_word' id='word_1_179' title='bbox 516 2158 619 2186; x_wconf 91' lang='lat' dir='ltr'>Utrum</span> <span class='ocrx_word' id='word_1_180' title='bbox 642 2159 761 2185; x_wconf 90' lang='lat' dir='ltr'>Donum</span> <span class='ocrx_word' id='word_1_181' title='bbox 786 2156 821 2185; x_wconf 88' lang='lat' dir='ltr'>sit</span> <span class='ocrx_word' id='word_1_182' title='bbox 843 2166 953 2185; x_wconf 90' lang='lat' dir='ltr'>nornen</span> <span class='ocrx_word' id='word_1_183' title='bbox 975 2157 1129 2193; x_wconf 89' lang='lat' dir='ltr'>personale</span> <span class='ocrx_word' id='word_1_184' title='bbox 1153 2178 1159 2185; x_wconf 87' lang='lat'>.</span> <span class='ocrx_word' id='word_1_185' title='bbox 1205 2167 1220 2182; x_wconf 62' lang='grc' dir='ltr'>ιν</span> 
     </span>
     <span class='ocr_line' id='line_1_55' title="bbox 356 2197 1165 2234; baseline 0.001 -10"><span class='ocrx_word' id='word_1_186' title='bbox 356 2209 370 2224; x_wconf 72' lang='lat' dir='ltr'>x&gt;</span> <span class='ocrx_word' id='word_1_187' title='bbox 452 2205 475 2226; x_wconf 92' lang='lat'>11</span> <span class='ocrx_word' id='word_1_188' title='bbox 525 2198 627 2226; x_wconf 91' lang='lat' dir='ltr'>Utrum</span> <span class='ocrx_word' id='word_1_189' title='bbox 655 2199 774 2225; x_wconf 91' lang='lat' dir='ltr'>Donum</span> <span class='ocrx_word' id='word_1_190' title='bbox 805 2197 841 2225; x_wconf 91' lang='lat' dir='ltr'>sit</span> <span class='ocrx_word' id='word_1_191' title='bbox 872 2197 1025 2234; x_wconf 86' lang='lat' dir='ltr'>proprium</span> <span class='ocrx_word' id='word_1_192' title='bbox 1054 2206 1165 2225; x_wconf 87' lang='lat' dir='ltr'>nomen</span> 
     </span>
     <span class='ocr_line' id='line_1_56' title="bbox 555 2237 1223 2274; baseline 0 -9"><span class='ocrx_word' id='word_1_193' title='bbox 555 2237 678 2274; x_wconf 86' lang='lat' dir='ltr'>Spiritus</span> <span class='ocrx_word' id='word_1_194' title='bbox 699 2237 797 2266; x_wconf 88' lang='lat' dir='ltr'>Sancti</span> <span class='ocrx_word' id='word_1_195' title='bbox 800 2258 1163 2266; x_wconf 88' lang='lat'>.............</span> <span class='ocrx_word' id='word_1_196' title='bbox 1209 2248 1223 2262; x_wconf 81' lang='grc'>»</span> 
     </span>
    </p>
   </div>
   <div class='ocr_carea' id='block_1_37' title="bbox 473 2309 1144 2401">
    <p class='ocr_par' dir='ltr' id='par_1_39' title="bbox 473 2309 1144 2401">
     <span class='ocr_line' id='line_1_57' title="bbox 542 2309 1078 2345; baseline -0.002 -7"><span class='ocrx_word' id='word_1_197' title='bbox 542 2310 736 2345; x_wconf 87' lang='lat' dir='ltr'>QUAESTIO</span> <span class='ocrx_word' id='word_1_198' title='bbox 757 2309 1078 2337; x_wconf 83' lang='lat' dir='ltr'>TRIGESIMANONA</span> 
     </span>
     <span class='ocr_line' id='line_1_58' title="bbox 473 2369 1144 2401; baseline -0.003 -1"><span class='ocrx_word' id='word_1_199' title='bbox 473 2371 522 2401; x_wconf 90' lang='lat' dir='ltr'>De</span> <span class='ocrx_word' id='word_1_200' title='bbox 543 2371 709 2400; x_wconf 84' lang='lat' dir='ltr'>Personis</span> <span class='ocrx_word' id='word_1_201' title='bbox 730 2369 776 2400; x_wconf 90' lang='lat' dir='ltr'>ad</span> <span class='ocrx_word' id='word_1_202' title='bbox 797 2370 987 2399; x_wconf 84' lang='lat' dir='ltr'>essentiam</span> <span class='ocrx_word' id='word_1_203' title='bbox 1012 2369 1144 2399; x_wconf 88' lang='lat' dir='ltr'>relatis.</span> 
     </span>
    </p>
   </div>
   <div class='ocr_carea' id='block_1_38' title="bbox 271 2434 1166 2546">
    <p class='ocr_par' dir='ltr' id='par_1_40' title="bbox 271 2434 1166 2546">
     <span class='ocr_line' id='line_1_59' title="bbox 271 2434 1166 2468; baseline -0.004 -1"><span class='ocrx_word' id='word_1_204' title='bbox 271 2445 437 2468; x_wconf 78' lang='lat' dir='ltr'>ARTICULus</span> <span class='ocrx_word' id='word_1_205' title='bbox 452 2446 463 2466; x_wconf 95' lang='lat'>1</span> <span class='ocrx_word' id='word_1_206' title='bbox 519 2438 624 2465; x_wconf 88' lang='lat' dir='ltr'>Utrum</span> <span class='ocrx_word' id='word_1_207' title='bbox 663 2436 692 2464; x_wconf 87' lang='lat' dir='ltr'>in</span> <span class='ocrx_word' id='word_1_208' title='bbox 729 2435 833 2464; x_wconf 89' lang='lat' dir='ltr'>divinis</span> <span class='ocrx_word' id='word_1_209' title='bbox 864 2435 988 2464; x_wconf 83' lang='lat' dir='ltr'>essentia</span> <span class='ocrx_word' id='word_1_210' title='bbox 1020 2435 1056 2463; x_wconf 86' lang='lat' dir='ltr'>sit</span> <span class='ocrx_word' id='word_1_211' title='bbox 1086 2434 1166 2463; x_wconf 84' lang='lat' dir='ltr'>idem</span> 
     </span>
     <span class='ocr_line' id='line_1_60' title="bbox 554 2477 1160 2514; baseline -0.003 -9"><span class='ocrx_word' id='word_1_212' title='bbox 554 2477 635 2514; x_wconf 93' lang='lat' dir='ltr'>quod</span> <span class='ocrx_word' id='word_1_213' title='bbox 656 2484 782 2514; x_wconf 85' lang='lat' dir='ltr'>persona</span> <span class='ocrx_word' id='word_1_214' title='bbox 784 2497 1160 2504; x_wconf 90' lang='grc'><em>.............</em></span> 
     </span>
     <span class='ocr_line' id='line_1_61' title="bbox 358 2517 1165 2546; baseline -0.001 -2"><span class='ocrx_word' id='word_1_215' title='bbox 358 2529 372 2544; x_wconf 77' lang='grc'>»</span> <span class='ocrx_word' id='word_1_216' title='bbox 454 2526 476 2546; x_wconf 94' lang='lat'>11</span> <span class='ocrx_word' id='word_1_217' title='bbox 525 2518 629 2545; x_wconf 90' lang='lat' dir='ltr'>Utrum</span> <span class='ocrx_word' id='word_1_218' title='bbox 644 2517 680 2545; x_wconf 91' lang='lat' dir='ltr'>sit</span> <span class='ocrx_word' id='word_1_219' title='bbox 700 2517 857 2545; x_wconf 90' lang='lat' dir='ltr'>dicendum</span> <span class='ocrx_word' id='word_1_220' title='bbox 870 2522 929 2544; x_wconf 86' lang='lat' dir='ltr'>tres</span> <span class='ocrx_word' id='word_1_221' title='bbox 944 2517 1087 2543; x_wconf 87' lang='lat' dir='ltr'>Personas</span> <span class='ocrx_word' id='word_1_222' title='bbox 1102 2524 1165 2543; x_wconf 89' lang='lat' dir='ltr'>esse</span> 
     </span>
    </p>
   </div>
   <div class='ocr_carea' id='block_1_39' title="bbox 1205 2486 1220 2501">
    <p class='ocr_par' dir='ltr' id='par_1_41' title="bbox 1205 2486 1220 2501">
     <span class='ocr_line' id='line_1_62' title="bbox 1205 2486 1220 2501; baseline 0 0"><span class='ocrx_word' id='word_1_223' title='bbox 1205 2486 1220 2501; x_wconf 62' lang='lat' dir='ltr'>D</span> 
     </span>
    </p>
   </div>
   <div class='ocr_carea' id='block_1_40' title="bbox 555 2557 1222 2585">
    <p class='ocr_par' dir='ltr' id='par_1_42' title="bbox 555 2557 1222 2585">
     <span class='ocr_line' id='line_1_63' title="bbox 555 2557 1222 2585; baseline -0.006 0"><span class='ocrx_word' id='word_1_224' title='bbox 555 2557 640 2585; x_wconf 80' lang='lat' dir='ltr'>unius</span> <span class='ocrx_word' id='word_1_225' title='bbox 661 2557 801 2585; x_wconf 82' lang='lat' dir='ltr'>essentiae</span> <span class='ocrx_word' id='word_1_226' title='bbox 817 2576 1161 2584; x_wconf 87' lang='grc'><strong>............</strong></span> <span class='ocrx_word' id='word_1_227' title='bbox 1208 2566 1222 2580; x_wconf 79' lang='grc'>»</span> 
     </span>
    </p>
   </div>
   <div class='ocr_carea' id='block_1_41' title="bbox 354 2594 1165 2711">
    <p class='ocr_par' dir='ltr' id='par_1_43' title="bbox 354 2594 1165 2711">
     <span class='ocr_line' id='line_1_64' title="bbox 354 2594 1164 2632; baseline -0.002 -8"><span class='ocrx_word' id='word_1_228' title='bbox 354 2609 371 2624; x_wconf 62' lang='lat' dir='ltr'>&gt;v</span> <span class='ocrx_word' id='word_1_229' title='bbox 453 2606 485 2626; x_wconf 84' lang='lat'>111</span> <span class='ocrx_word' id='word_1_230' title='bbox 521 2598 624 2626; x_wconf 90' lang='lat' dir='ltr'>Utrum</span> <span class='ocrx_word' id='word_1_231' title='bbox 657 2596 778 2625; x_wconf 89' lang='lat' dir='ltr'>nomina</span> <span class='ocrx_word' id='word_1_232' title='bbox 808 2595 969 2624; x_wconf 82' lang='lat' dir='ltr'>essentialia</span> <span class='ocrx_word' id='word_1_233' title='bbox 995 2594 1164 2632; x_wconf 90' lang='lat' dir='ltr'>praedicen-</span> 
     </span>
     <span class='ocr_line' id='line_1_65' title="bbox 554 2634 1162 2674; baseline -0.005 -9"><span class='ocrx_word' id='word_1_234' title='bbox 554 2644 601 2666; x_wconf 90' lang='lat' dir='ltr'>tur</span> <span class='ocrx_word' id='word_1_235' title='bbox 622 2636 803 2674; x_wconf 82' lang='lat' dir='ltr'>singulariter</span> <span class='ocrx_word' id='word_1_236' title='bbox 824 2636 860 2664; x_wconf 91' lang='lat' dir='ltr'>de</span> <span class='ocrx_word' id='word_1_237' title='bbox 891 2635 984 2663; x_wconf 90' lang='lat' dir='ltr'>tribus</span> <span class='ocrx_word' id='word_1_238' title='bbox 1016 2634 1162 2663; x_wconf 87' lang='lat' dir='ltr'>Personis.</span> 
     </span>
     <span class='ocr_line' id='line_1_66' title="bbox 354 2675 1165 2711; baseline -0.006 -4"><span class='ocrx_word' id='word_1_239' title='bbox 354 2691 371 2706; x_wconf 55' lang='grc' dir='ltr'>«ι</span> <span class='ocrx_word' id='word_1_240' title='bbox 453 2686 484 2707; x_wconf 86' lang='lat' dir='ltr'>1v</span> <span class='ocrx_word' id='word_1_241' title='bbox 517 2678 620 2706; x_wconf 83' lang='lat' dir='ltr'>Utrum</span> <span class='ocrx_word' id='word_1_242' title='bbox 636 2677 757 2705; x_wconf 86' lang='lat' dir='ltr'>nomina</span> <span class='ocrx_word' id='word_1_243' title='bbox 771 2675 932 2704; x_wconf 87' lang='lat' dir='ltr'>essentialia</span> <span class='ocrx_word' id='word_1_244' title='bbox 947 2682 1083 2704; x_wconf 83' lang='lat' dir='ltr'>concreta</span> <span class='ocrx_word' id='word_1_245' title='bbox 1097 2684 1165 2711; x_wconf 88' lang='lat' dir='ltr'>pos-</span> 
     </span>
    </p>
   </div>
   <div class='ocr_carea' id='block_1_42' title="bbox 556 2717 1223 2754">
    <p class='ocr_par' dir='ltr' id='par_1_44' title="bbox 556 2717 1223 2754">
     <span class='ocr_line' id='line_1_67' title="bbox 556 2717 1223 2754; baseline -0.006 -9"><span class='ocrx_word' id='word_1_246' title='bbox 556 2717 612 2746; x_wconf 90' lang='lat' dir='ltr'>sint</span> <span class='ocrx_word' id='word_1_247' title='bbox 638 2726 803 2754; x_wconf 87' lang='lat' dir='ltr'>supponere</span> <span class='ocrx_word' id='word_1_248' title='bbox 825 2725 878 2753; x_wconf 91' lang='lat' dir='ltr'>pro</span> <span class='ocrx_word' id='word_1_249' title='bbox 905 2725 1040 2752; x_wconf 89' lang='lat' dir='ltr'>persona.</span> <span class='ocrx_word' id='word_1_250' title='bbox 1127 2737 1133 2743; x_wconf 93' lang='lat'>.</span> <span class='ocrx_word' id='word_1_251' title='bbox 1157 2737 1163 2743; x_wconf 92' lang='lat'>.</span> <span class='ocrx_word' id='word_1_252' title='bbox 1209 2726 1223 2740; x_wconf 84' lang='grc'>»</span> 
     </span>
    </p>
   </div>
   <div class='ocr_carea' id='block_1_43' title="bbox 357 2756 1167 3106">
    <p class='ocr_par' dir='ltr' id='par_1_45' title="bbox 357 2756 1165 2835">
     <span class='ocr_line' id='line_1_68' title="bbox 357 2756 1165 2787; baseline -0.005 0"><span class='ocrx_word' id='word_1_253' title='bbox 357 2771 372 2786; x_wconf 83' lang='lat'>&gt;›</span> <span class='ocrx_word' id='word_1_254' title='bbox 454 2767 475 2787; x_wconf 88' lang='lat' dir='ltr'><strong>v</strong></span> <span class='ocrx_word' id='word_1_255' title='bbox 516 2759 619 2787; x_wconf 89' lang='lat' dir='ltr'>Utrum</span> <span class='ocrx_word' id='word_1_256' title='bbox 641 2757 762 2785; x_wconf 87' lang='lat' dir='ltr'>nomina</span> <span class='ocrx_word' id='word_1_257' title='bbox 782 2756 945 2784; x_wconf 86' lang='lat' dir='ltr'>essentialia</span> <span class='ocrx_word' id='word_1_258' title='bbox 966 2756 995 2784; x_wconf 91' lang='lat' dir='ltr'>in</span> <span class='ocrx_word' id='word_1_259' title='bbox 1019 2756 1165 2784; x_wconf 88' lang='lat' dir='ltr'>abstracto</span> 
     </span>
     <span class='ocr_line' id='line_1_69' title="bbox 557 2796 1164 2835; baseline -0.003 -10"><span class='ocrx_word' id='word_1_260' title='bbox 557 2797 716 2835; x_wconf 87' lang='lat' dir='ltr'>significata</span> <span class='ocrx_word' id='word_1_261' title='bbox 751 2796 864 2834; x_wconf 89' lang='lat' dir='ltr'>possint</span> <span class='ocrx_word' id='word_1_262' title='bbox 902 2804 1068 2832; x_wconf 90' lang='lat' dir='ltr'>supponere</span> <span class='ocrx_word' id='word_1_263' title='bbox 1110 2804 1164 2832; x_wconf 90' lang='lat' dir='ltr'>pro</span> 
     </span>
    </p>

    <p class='ocr_par' dir='ltr' id='par_1_46' title="bbox 556 2846 1163 2874">
     <span class='ocr_line' id='line_1_70' title="bbox 556 2846 1163 2874; baseline -0.005 -8"><span class='ocrx_word' id='word_1_264' title='bbox 556 2846 683 2874; x_wconf 88' lang='lat' dir='ltr'>persona</span> <span class='ocrx_word' id='word_1_265' title='bbox 694 2857 1163 2865; x_wconf 88' lang='grc'><strong><em>................</em></strong></span> 
     </span>
    </p>

    <p class='ocr_par' dir='ltr' id='par_1_47' title="bbox 359 2875 1164 2946">
     <span class='ocr_line' id='line_1_71' title="bbox 359 2875 1164 2914; baseline -0.005 -7"><span class='ocrx_word' id='word_1_266' title='bbox 359 2891 374 2906; x_wconf 80' lang='lat'>›</span> <span class='ocrx_word' id='word_1_267' title='bbox 455 2887 487 2907; x_wconf 81' lang='lat' dir='ltr'>vx</span> <span class='ocrx_word' id='word_1_268' title='bbox 520 2879 623 2907; x_wconf 90' lang='lat' dir='ltr'>Utrum</span> <span class='ocrx_word' id='word_1_269' title='bbox 645 2886 786 2914; x_wconf 89' lang='lat' dir='ltr'>personae</span> <span class='ocrx_word' id='word_1_270' title='bbox 808 2876 920 2913; x_wconf 88' lang='lat' dir='ltr'>possint</span> <span class='ocrx_word' id='word_1_271' title='bbox 946 2875 1106 2912; x_wconf 83' lang='lat' dir='ltr'>praedicari</span> <span class='ocrx_word' id='word_1_272' title='bbox 1128 2875 1164 2902; x_wconf 91' lang='lat' dir='ltr'>de</span> 
     </span>
     <span class='ocr_line' id='line_1_72' title="bbox 556 2916 1164 2946; baseline -0.005 0"><span class='ocrx_word' id='word_1_273' title='bbox 556 2917 725 2946; x_wconf 88' lang='lat' dir='ltr'>nominibus</span> <span class='ocrx_word' id='word_1_274' title='bbox 747 2916 944 2945; x_wconf 80' lang='lat' dir='ltr'>essentialibus</span> <span class='ocrx_word' id='word_1_275' title='bbox 947 2935 1164 2944; x_wconf 88' lang='grc'><strong>........</strong></span> 
     </span>
    </p>

    <p class='ocr_par' dir='ltr' id='par_1_48' title="bbox 360 2955 1165 3035">
     <span class='ocr_line' id='line_1_73' title="bbox 360 2955 1165 2992; baseline -0.006 -5"><span class='ocrx_word' id='word_1_276' title='bbox 360 2971 374 2986; x_wconf 80' lang='lat'>»</span> <span class='ocrx_word' id='word_1_277' title='bbox 456 2967 498 2987; x_wconf 90' lang='lat' dir='ltr'>v11</span> <span class='ocrx_word' id='word_1_278' title='bbox 520 2959 623 2987; x_wconf 91' lang='lat' dir='ltr'>Utrum</span> <span class='ocrx_word' id='word_1_279' title='bbox 645 2957 767 2986; x_wconf 90' lang='lat' dir='ltr'>nomina</span> <span class='ocrx_word' id='word_1_280' title='bbox 796 2956 960 2985; x_wconf 87' lang='lat' dir='ltr'>essentialia</span> <span class='ocrx_word' id='word_1_281' title='bbox 981 2955 1037 2984; x_wconf 91' lang='lat' dir='ltr'>sint</span> <span class='ocrx_word' id='word_1_282' title='bbox 1058 2963 1165 2992; x_wconf 83' lang='lat' dir='ltr'>appro-</span> 
     </span>
     <span class='ocr_line' id='line_1_74' title="bbox 556 2996 1164 3035; baseline -0.007 -9"><span class='ocrx_word' id='word_1_283' title='bbox 556 2998 679 3035; x_wconf 85' lang='lat' dir='ltr'>prianda</span> <span class='ocrx_word' id='word_1_284' title='bbox 699 2996 834 3026; x_wconf 88' lang='lat' dir='ltr'>Personis</span> <span class='ocrx_word' id='word_1_285' title='bbox 852 3016 1164 3024; x_wconf 89' lang='grc'><strong>...........</strong></span> 
     </span>
    </p>

    <p class='ocr_par' dir='ltr' id='par_1_49' title="bbox 456 3035 1167 3106">
     <span class='ocr_line' id='line_1_75' title="bbox 456 3035 1167 3067; baseline -0.007 0"><span class='ocrx_word' id='word_1_286' title='bbox 456 3047 508 3067; x_wconf 86' lang='lat' dir='ltr'>vm</span> <span class='ocrx_word' id='word_1_287' title='bbox 524 3039 628 3067; x_wconf 90' lang='lat' dir='ltr'>Utrum</span> <span class='ocrx_word' id='word_1_288' title='bbox 658 3036 864 3066; x_wconf 88' lang='lat' dir='ltr'>convenienter</span> <span class='ocrx_word' id='word_1_289' title='bbox 894 3045 911 3064; x_wconf 90' lang='lat' dir='ltr'>a</span> <span class='ocrx_word' id='word_1_290' title='bbox 942 3035 1030 3064; x_wconf 87' lang='lat' dir='ltr'>sacris</span> <span class='ocrx_word' id='word_1_291' title='bbox 1057 3036 1167 3063; x_wconf 90' lang='lat' dir='ltr'>Docto-</span> 
     </span>
     <span class='ocr_line' id='line_1_76' title="bbox 558 3075 1166 3106; baseline -0.007 0"><span class='ocrx_word' id='word_1_292' title='bbox 558 3078 638 3106; x_wconf 88' lang='lat' dir='ltr'>ribus</span> <span class='ocrx_word' id='word_1_293' title='bbox 668 3077 725 3105; x_wconf 89' lang='lat' dir='ltr'>sint</span> <span class='ocrx_word' id='word_1_294' title='bbox 753 3076 915 3105; x_wconf 87' lang='lat' dir='ltr'>essentialia</span> <span class='ocrx_word' id='word_1_295' title='bbox 955 3075 1091 3104; x_wconf 85' lang='lat' dir='ltr'>Personis</span> <span class='ocrx_word' id='word_1_296' title='bbox 1124 3080 1166 3103; x_wconf 89' lang='lat' dir='ltr'>at-</span> 
     </span>
    </p>
   </div>
   <div class='ocr_carea' id='block_1_44' title="bbox 1209 2845 1224 2860">
    <p class='ocr_par' dir='ltr' id='par_1_50' title="bbox 1209 2845 1224 2860">
     <span class='ocr_line' id='line_1_77' title="bbox 1209 2845 1224 2860; baseline 0 0"><span class='ocrx_word' id='word_1_297' title='bbox 1209 2845 1224 2860; x_wconf 50' lang='grc' dir='ltr'>ὃ</span> 
     </span>
    </p>
   </div>
   <div class='ocr_carea' id='block_1_45' title="bbox 1210 2925 1224 2940">
    <p class='ocr_par' dir='ltr' id='par_1_51' title="bbox 1210 2925 1224 2940">
     <span class='ocr_line' id='line_1_78' title="bbox 1210 2925 1224 2940; baseline 0 0"><span class='ocrx_word' id='word_1_298' title='bbox 1210 2925 1224 2940; x_wconf 61' lang='lat' dir='ltr'><em>D</em></span> 
     </span>
    </p>
   </div>
   <div class='ocr_carea' id='block_1_46' title="bbox 1210 3005 1224 3020">
    <p class='ocr_par' dir='ltr' id='par_1_52' title="bbox 1210 3005 1224 3020">
     <span class='ocr_line' id='line_1_79' title="bbox 1210 3005 1224 3020; baseline 0 0"><span class='ocrx_word' id='word_1_299' title='bbox 1210 3005 1224 3020; x_wconf 72' lang='grc'><em>»</em></span> 
     </span>
    </p>
   </div>
   <div class='ocr_carea' id='block_1_47' title="bbox 557 3118 1225 3146">
    <p class='ocr_par' dir='ltr' id='par_1_53' title="bbox 557 3118 1225 3146">
     <span class='ocr_line' id='line_1_80' title="bbox 557 3118 1225 3146; baseline -0.009 0"><span class='ocrx_word' id='word_1_300' title='bbox 557 3118 664 3146; x_wconf 88' lang='lat' dir='ltr'>tributa</span> <span class='ocrx_word' id='word_1_301' title='bbox 667 3136 1166 3145; x_wconf 89' lang='grc'><em>.................</em></span> <span class='ocrx_word' id='word_1_302' title='bbox 1211 3125 1225 3139; x_wconf 79' lang='grc'>»</span> 
     </span>
    </p>
   </div>
   <div class='ocr_carea' id='block_1_48' title="bbox 553 3196 1077 3233">
    <p class='ocr_par' dir='ltr' id='par_1_54' title="bbox 553 3196 1077 3233">
     <span class='ocr_line' id='line_1_81' title="bbox 553 3196 1077 3233; baseline -0.006 -7"><span class='ocrx_word' id='word_1_303' title='bbox 553 3197 747 3233; x_wconf 86' lang='lat' dir='ltr'>QUAESTIO</span> <span class='ocrx_word' id='word_1_304' title='bbox 770 3196 1077 3231; x_wconf 84' lang='lat' dir='ltr'>QUADRAGESIMA</span> 
     </span>
    </p>
   </div>
   <div class='ocr_carea' id='block_1_49' title="bbox 366 3256 1258 3294">
    <p class='ocr_par' dir='ltr' id='par_1_55' title="bbox 366 3256 1258 3294">
     <span class='ocr_line' id='line_1_82' title="bbox 366 3256 1258 3294; baseline -0.006 -3"><span class='ocrx_word' id='word_1_305' title='bbox 366 3262 416 3291; x_wconf 89' lang='lat' dir='ltr'>De</span> <span class='ocrx_word' id='word_1_306' title='bbox 442 3260 609 3290; x_wconf 83' lang='lat' dir='ltr'>Personis</span> <span class='ocrx_word' id='word_1_307' title='bbox 640 3259 674 3288; x_wconf 87' lang='lat' dir='ltr'>in</span> <span class='ocrx_word' id='word_1_308' title='bbox 705 3258 966 3294; x_wconf 87' lang='lat' dir='ltr'>comparatione</span> <span class='ocrx_word' id='word_1_309' title='bbox 994 3256 1040 3286; x_wconf 86' lang='lat' dir='ltr'>ad</span> <span class='ocrx_word' id='word_1_310' title='bbox 1066 3256 1258 3287; x_wconf 80' lang='lat' dir='ltr'>relationes</span> 
     </span>
    </p>
   </div>
   <div class='ocr_carea' id='block_1_50' title="bbox 641 3298 984 3335">
    <p class='ocr_par' dir='ltr' id='par_1_56' title="bbox 641 3298 984 3335">
     <span class='ocr_line' id='line_1_83' title="bbox 641 3298 984 3335; baseline -0.009 -7"><span class='ocrx_word' id='word_1_311' title='bbox 641 3299 718 3328; x_wconf 83' lang='lat' dir='ltr'>sive</span> <span class='ocrx_word' id='word_1_312' title='bbox 738 3298 984 3335; x_wconf 80' lang='lat' dir='ltr'>proprietates.</span> 
     </span>
    </p>
   </div>
   <div class='ocr_carea' id='block_1_51' title="bbox 279 3362 1232 3638">
    <p class='ocr_par' dir='ltr' id='par_1_57' title="bbox 279 3362 1232 3638">
     <span class='ocr_line' id='line_1_84' title="bbox 279 3362 1227 3398; baseline -0.005 -4"><span class='ocrx_word' id='word_1_313' title='bbox 279 3373 443 3394; x_wconf 68' lang='lat' dir='ltr'>Ani-munis</span> <span class='ocrx_word' id='word_1_314' title='bbox 458 3373 469 3393; x_wconf 87' lang='lat'>1</span> <span class='ocrx_word' id='word_1_315' title='bbox 525 3365 628 3392; x_wconf 91' lang='lat' dir='ltr'>Utrum</span> <span class='ocrx_word' id='word_1_316' title='bbox 650 3362 750 3391; x_wconf 83' lang='lat' dir='ltr'>relatio</span> <span class='ocrx_word' id='word_1_317' title='bbox 770 3362 805 3390; x_wconf 88' lang='lat' dir='ltr'>sit</span> <span class='ocrx_word' id='word_1_318' title='bbox 824 3362 902 3390; x_wconf 86' lang='lat' dir='ltr'>idem</span> <span class='ocrx_word' id='word_1_319' title='bbox 926 3362 1007 3398; x_wconf 88' lang='lat' dir='ltr'>quod</span> <span class='ocrx_word' id='word_1_320' title='bbox 1033 3370 1167 3398; x_wconf 85' lang='lat' dir='ltr'>persona.</span> <span class='ocrx_word' id='word_1_321' title='bbox 1213 3373 1227 3387; x_wconf 85' lang='lat'><strong>»</strong></span> 
     </span>
     <span class='ocr_line' id='line_1_85' title="bbox 362 3397 1168 3440; baseline -0.002 -9"><span class='ocrx_word' id='word_1_322' title='bbox 362 3416 376 3431; x_wconf 63' lang='lat' dir='ltr'><em>n</em></span> <span class='ocrx_word' id='word_1_323' title='bbox 458 3413 480 3433; x_wconf 85' lang='lat'>11</span> <span class='ocrx_word' id='word_1_324' title='bbox 529 3404 632 3432; x_wconf 90' lang='lat' dir='ltr'>Utrum</span> <span class='ocrx_word' id='word_1_325' title='bbox 654 3411 796 3440; x_wconf 83' lang='lat' dir='ltr'>personae</span> <span class='ocrx_word' id='word_1_326' title='bbox 818 3397 1031 3439; x_wconf 82' lang='lat' dir='ltr'>distinguantur</span> <span class='ocrx_word' id='word_1_327' title='bbox 1053 3411 1103 3438; x_wconf 91' lang='lat' dir='ltr'>per</span> <span class='ocrx_word' id='word_1_328' title='bbox 1124 3411 1168 3430; x_wconf 90' lang='lat' dir='ltr'>re-</span> 
     </span>
     <span class='ocr_line' id='line_1_86' title="bbox 560 3443 1227 3472; baseline -0.004 -1"><span class='ocrx_word' id='word_1_329' title='bbox 560 3443 683 3472; x_wconf 86' lang='lat' dir='ltr'>lationes</span> <span class='ocrx_word' id='word_1_330' title='bbox 702 3463 1167 3470; x_wconf 82' lang='grc'><strong>................</strong></span> <span class='ocrx_word' id='word_1_331' title='bbox 1212 3452 1227 3467; x_wconf 83' lang='lat'>»</span> 
     </span>
     <span class='ocr_line' id='line_1_87' title="bbox 362 3481 1168 3518; baseline -0.005 -5"><span class='ocrx_word' id='word_1_332' title='bbox 362 3495 377 3510; x_wconf 82' lang='lat'><strong>»</strong></span> <span class='ocrx_word' id='word_1_333' title='bbox 459 3492 492 3513; x_wconf 90' lang='lat'>111</span> <span class='ocrx_word' id='word_1_334' title='bbox 528 3484 642 3518; x_wconf 86' lang='lat' dir='ltr'>Utrum,</span> <span class='ocrx_word' id='word_1_335' title='bbox 657 3481 807 3511; x_wconf 86' lang='lat' dir='ltr'>abstractis</span> <span class='ocrx_word' id='word_1_336' title='bbox 828 3490 879 3518; x_wconf 90' lang='lat' dir='ltr'>per</span> <span class='ocrx_word' id='word_1_337' title='bbox 899 3481 1074 3510; x_wconf 88' lang='lat' dir='ltr'>intellectum</span> <span class='ocrx_word' id='word_1_338' title='bbox 1097 3481 1168 3509; x_wconf 82' lang='lat' dir='ltr'>rela-</span> 
     </span>
     <span class='ocr_line' id='line_1_88' title="bbox 560 3521 1169 3559; baseline -0.003 -8"><span class='ocrx_word' id='word_1_339' title='bbox 560 3522 688 3551; x_wconf 87' lang='lat' dir='ltr'>tionibus</span> <span class='ocrx_word' id='word_1_340' title='bbox 702 3531 719 3551; x_wconf 81' lang='lat' dir='ltr'>a</span> <span class='ocrx_word' id='word_1_341' title='bbox 733 3521 875 3559; x_wconf 82' lang='lat' dir='ltr'>personis,</span> <span class='ocrx_word' id='word_1_342' title='bbox 891 3522 985 3550; x_wconf 87' lang='lat' dir='ltr'>adhuc</span> <span class='ocrx_word' id='word_1_343' title='bbox 1000 3527 1169 3549; x_wconf 86' lang='lat' dir='ltr'>remaneant</span> 
     </span>
     <span class='ocr_line' id='line_1_89' title="bbox 560 3563 1232 3599; baseline -0.006 -8"><span class='ocrx_word' id='word_1_344' title='bbox 560 3563 731 3599; x_wconf 84' lang='lat' dir='ltr'>hypostases</span> <span class='ocrx_word' id='word_1_345' title='bbox 740 3582 1173 3590; x_wconf 90' lang='grc'><em>..............</em></span> <span class='ocrx_word' id='word_1_346' title='bbox 1219 3572 1232 3586; x_wconf 70' lang='lat' dir='ltr'>x»</span> 
     </span>
     <span class='ocr_line' id='line_1_90' title="bbox 364 3601 1167 3638; baseline 0 -9"><span class='ocrx_word' id='word_1_347' title='bbox 364 3614 378 3629; x_wconf 85' lang='lat'><strong>»</strong></span> <span class='ocrx_word' id='word_1_348' title='bbox 459 3609 488 3631; x_wconf 79' lang='lat' dir='ltr'>tv</span> <span class='ocrx_word' id='word_1_349' title='bbox 523 3603 626 3631; x_wconf 92' lang='lat' dir='ltr'>Utrum</span> <span class='ocrx_word' id='word_1_350' title='bbox 649 3609 729 3631; x_wconf 85' lang='lat' dir='ltr'>actus</span> <span class='ocrx_word' id='word_1_351' title='bbox 750 3601 913 3630; x_wconf 86' lang='lat' dir='ltr'>notionales</span> <span class='ocrx_word' id='word_1_352' title='bbox 936 3601 1167 3638; x_wconf 83' lang='lat' dir='ltr'>praeintelligan-</span> 
     </span>
    </p>
   </div>
   <div class='ocr_carea' id='block_1_52' title="bbox 562 3641 1166 3679">
    <p class='ocr_par' dir='ltr' id='par_1_58' title="bbox 562 3641 1166 3679">
     <span class='ocr_line' id='line_1_91' title="bbox 562 3641 1166 3679; baseline -0.002 -9"><span class='ocrx_word' id='word_1_353' title='bbox 562 3649 609 3670; x_wconf 89' lang='lat' dir='ltr'>tur</span> <span class='ocrx_word' id='word_1_354' title='bbox 630 3641 853 3679; x_wconf 83' lang='lat' dir='ltr'>proprietatibus</span> <span class='ocrx_word' id='word_1_355' title='bbox 856 3662 1166 3669; x_wconf 91' lang='grc'><em>...........</em></span> 
     </span>
    </p>
   </div>
   <div class='ocr_carea' id='block_1_53' title="bbox 1211 3651 1226 3666">
    <p class='ocr_par' dir='ltr' id='par_1_59' title="bbox 1211 3651 1226 3666">
     <span class='ocr_line' id='line_1_92' title="bbox 1211 3651 1226 3666; baseline 0 0"><span class='ocrx_word' id='word_1_356' title='bbox 1211 3651 1226 3666; x_wconf 70' lang='grc'><strong>»</strong></span> 
     </span>
    </p>
   </div>
   <div class='ocr_carea' id='block_1_54' title="bbox 1303 277 1469 315">
    <p class='ocr_par' dir='ltr' id='par_1_60' title="bbox 1303 277 1469 315">
     <span class='ocr_line' id='line_1_93' title="bbox 1303 277 1469 315; baseline 0.006 -1"><span class='ocrx_word' id='word_1_357' title='bbox 1303 277 1469 315; x_wconf 91' lang='lat' dir='ltr'>INDEX</span> 
     </span>
    </p>
   </div>
   <div class='ocr_carea' id='block_1_55' title="bbox 1296 639 1352 834">
    <p class='ocr_par' dir='ltr' id='par_1_61' title="bbox 1296 639 1352 834">
     <span class='ocr_line' id='line_1_94' title="bbox 1297 639 1350 666; baseline 0 0"><span class='ocrx_word' id='word_1_358' title='bbox 1297 639 1350 666; x_wconf 84' lang='lat'>365</span> 
     </span>
     <span class='ocr_line' id='line_1_95' title="bbox 1296 718 1351 746; baseline 0 0"><span class='ocrx_word' id='word_1_359' title='bbox 1296 718 1351 746; x_wconf 89' lang='lat'>368</span> 
     </span>
     <span class='ocr_line' id='line_1_96' title="bbox 1297 798 1352 834; baseline 0.018 -9"><span class='ocrx_word' id='word_1_360' title='bbox 1297 798 1352 834; x_wconf 85' lang='lat'>369</span> 
     </span>
    </p>
   </div>
   <div class='ocr_carea' id='block_1_56' title="bbox 1293 1037 1350 1152">
    <p class='ocr_par' dir='ltr' id='par_1_62' title="bbox 1293 1037 1350 1152">
     <span class='ocr_line' id='line_1_97' title="bbox 1294 1037 1350 1072; baseline -0.018 -8"><span class='ocrx_word' id='word_1_361' title='bbox 1294 1037 1350 1072; x_wconf 89' lang='lat'>372</span> 
     </span>
     <span class='ocr_line' id='line_1_98' title="bbox 1293 1116 1349 1152; baseline 0 -8"><span class='ocrx_word' id='word_1_362' title='bbox 1293 1116 1349 1152; x_wconf 85' lang='lat'>373</span> 
     </span>
    </p>
   </div>
   <div class='ocr_carea' id='block_1_57' title="bbox 1290 1398 1348 1665">
    <p class='ocr_par' dir='ltr' id='par_1_63' title="bbox 1290 1398 1348 1665">
     <span class='ocr_line' id='line_1_99' title="bbox 1291 1398 1346 1434; baseline 0 -9"><span class='ocrx_word' id='word_1_363' title='bbox 1291 1398 1346 1434; x_wconf 84' lang='lat'>375</span> 
     </span>
     <span class='ocr_line' id='line_1_100' title="bbox 1291 1477 1348 1514; baseline 0 -9"><span class='ocrx_word' id='word_1_364' title='bbox 1291 1477 1348 1514; x_wconf 85' lang='lat'>376</span> 
     </span>
     <span class='ocr_line' id='line_1_101' title="bbox 1291 1557 1347 1585; baseline 0 -1"><span class='ocrx_word' id='word_1_365' title='bbox 1291 1557 1347 1585; x_wconf 87' lang='lat'>382</span> 
     </span>
     <span class='ocr_line' id='line_1_102' title="bbox 1290 1637 1345 1665; baseline 0.018 -1"><span class='ocrx_word' id='word_1_366' title='bbox 1290 1637 1345 1665; x_wconf 85' lang='lat'>383</span> 
     </span>
    </p>
   </div>
   <div class='ocr_carea' id='block_1_58' title="bbox 1288 1877 1344 1993">
    <p class='ocr_par' dir='ltr' id='par_1_64' title="bbox 1288 1877 1344 1993">
     <span class='ocr_line' id='line_1_103' title="bbox 1288 1877 1344 1914; baseline 0 -9"><span class='ocrx_word' id='word_1_367' title='bbox 1288 1877 1344 1914; x_wconf 88' lang='lat'>387</span> 
     </span>
     <span class='ocr_line' id='line_1_104' title="bbox 1289 1957 1344 1993; baseline 0 -8"><span class='ocrx_word' id='word_1_368' title='bbox 1289 1957 1344 1993; x_wconf 88' lang='lat'>389</span> 
     </span>
    </p>
   </div>
   <div class='ocr_carea' id='block_1_59' title="bbox 1288 2156 1345 2272">
    <p class='ocr_par' dir='ltr' id='par_1_65' title="bbox 1288 2156 1345 2272">
     <span class='ocr_line' id='line_1_105' title="bbox 1288 2156 1345 2192; baseline -0.018 -8"><span class='ocrx_word' id='word_1_369' title='bbox 1288 2156 1345 2192; x_wconf 83' lang='lat'>392</span> 
     </span>
     <span class='ocr_line' id='line_1_106' title="bbox 1289 2236 1343 2272; baseline -0.019 -8"><span class='ocrx_word' id='word_1_370' title='bbox 1289 2236 1343 2272; x_wconf 89' lang='lat'>393</span> 
     </span>
    </p>
   </div>
   <div class='ocr_carea' id='block_1_60' title="bbox 1289 2476 1345 2592">
    <p class='ocr_par' dir='ltr' id='par_1_66' title="bbox 1289 2476 1345 2592">
     <span class='ocr_line' id='line_1_107' title="bbox 1289 2476 1344 2512; baseline 0 -9"><span class='ocrx_word' id='word_1_371' title='bbox 1289 2476 1344 2512; x_wconf 85' lang='lat'>396</span> 
     </span>
     <span class='ocr_line' id='line_1_108' title="bbox 1289 2555 1345 2592; baseline 0 -9"><span class='ocrx_word' id='word_1_372' title='bbox 1289 2555 1345 2592; x_wconf 91' lang='lat'>398</span> 
     </span>
    </p>
   </div>
   <div class='ocr_carea' id='block_1_61' title="bbox 1287 2724 1341 2750">
    <p class='ocr_par' dir='ltr' id='par_1_67' title="bbox 1287 2724 1341 2750">
     <span class='ocr_line' id='line_1_109' title="bbox 1287 2724 1341 2750; baseline -0.019 -7"><span class='ocrx_word' id='word_1_373' title='bbox 1287 2724 1341 2750; x_wconf 88' lang='lat'>401</span> 
     </span>
    </p>
   </div>
   <div class='ocr_carea' id='block_1_62' title="bbox 1287 2843 1347 2950">
    <p class='ocr_par' dir='ltr' id='par_1_68' title="bbox 1287 2843 1347 2950">
     <span class='ocr_line' id='line_1_110' title="bbox 1287 2843 1347 2870; baseline -0.017 0"><span class='ocrx_word' id='word_1_374' title='bbox 1287 2843 1347 2870; x_wconf 58' lang='lat' dir='ltr'>w4</span> 
     </span>
     <span class='ocr_line' id='line_1_111' title="bbox 1287 2915 1346 2950; baseline 0 -8"><span class='ocrx_word' id='word_1_375' title='bbox 1287 2915 1346 2950; x_wconf 87' lang='lat'>406</span> 
     </span>
    </p>
   </div>
   <div class='ocr_carea' id='block_1_63' title="bbox 1287 3002 1346 3031">
    <p class='ocr_par' dir='ltr' id='par_1_69' title="bbox 1287 3002 1346 3031">
     <span class='ocr_line' id='line_1_112' title="bbox 1287 3002 1346 3031; baseline 0.034 -2"><span class='ocrx_word' id='word_1_376' title='bbox 1287 3002 1346 3031; x_wconf 86' lang='lat'>407</span> 
     </span>
    </p>
   </div>
   <div class='ocr_carea' id='block_1_64' title="bbox 1289 3113 1347 3149">
    <p class='ocr_par' dir='ltr' id='par_1_70' title="bbox 1289 3113 1347 3149">
     <span class='ocr_line' id='line_1_113' title="bbox 1289 3113 1347 3149; baseline 0 -8"><span class='ocrx_word' id='word_1_377' title='bbox 1289 3113 1347 3149; x_wconf 88' lang='lat'>408</span> 
     </span>
    </p>
   </div>
   <div class='ocr_carea' id='block_1_65' title="bbox 1290 3370 1347 3476">
    <p class='ocr_par' dir='ltr' id='par_1_71' title="bbox 1290 3370 1347 3476">
     <span class='ocr_line' id='line_1_114' title="bbox 1290 3370 1344 3396; baseline 0 -8"><span class='ocrx_word' id='word_1_378' title='bbox 1290 3370 1344 3396; x_wconf 87' lang='lat'>4¹¹</span> 
     </span>
     <span class='ocr_line' id='line_1_115' title="bbox 1290 3440 1347 3476; baseline 0 -8"><span class='ocrx_word' id='word_1_379' title='bbox 1290 3440 1347 3476; x_wconf 84' lang='lat'>4¹3</span> 
     </span>
    </p>
   </div>
   <div class='ocr_carea' id='block_1_66' title="bbox 1289 3560 1348 3675">
    <p class='ocr_par' dir='ltr' id='par_1_72' title="bbox 1289 3560 1348 3675">
     <span class='ocr_line' id='line_1_116' title="bbox 1290 3560 1348 3596; baseline 0 -8"><span class='ocrx_word' id='word_1_380' title='bbox 1290 3560 1348 3596; x_wconf 87' lang='lat'>416</span> 
     </span>
     <span class='ocr_line' id='line_1_117' title="bbox 1289 3639 1348 3675; baseline 0 -8"><span class='ocrx_word' id='word_1_381' title='bbox 1289 3639 1348 3675; x_wconf 85' lang='lat'>418</span> 
     </span>
    </p>
   </div>
   <div class='ocr_carea' id='block_1_67' title="bbox 1625 359 2269 394">
    <p class='ocr_par' dir='ltr' id='par_1_73' title="bbox 1625 359 2269 394">
     <span class='ocr_line' id='line_1_118' title="bbox 1625 359 2269 394; baseline 0.005 -8"><span class='ocrx_word' id='word_1_382' title='bbox 1625 359 1820 393; x_wconf 84' lang='lat' dir='ltr'>QUAESTIO</span> <span class='ocrx_word' id='word_1_383' title='bbox 1844 360 2269 394; x_wconf 84' lang='lat' dir='ltr'>QUADRAGESIMAPRIMA</span> 
     </span>
    </p>
   </div>
   <div class='ocr_carea' id='block_1_68' title="bbox 1454 420 2444 457">
    <p class='ocr_par' dir='ltr' id='par_1_74' title="bbox 1454 420 2444 457">
     <span class='ocr_line' id='line_1_119' title="bbox 1454 420 2444 457; baseline 0.004 -9"><span class='ocrx_word' id='word_1_384' title='bbox 1454 420 1503 449; x_wconf 92' lang='lat' dir='ltr'>De</span> <span class='ocrx_word' id='word_1_385' title='bbox 1524 420 1690 449; x_wconf 89' lang='lat' dir='ltr'>Personis</span> <span class='ocrx_word' id='word_1_386' title='bbox 1711 420 1747 448; x_wconf 89' lang='lat' dir='ltr'>in</span> <span class='ocrx_word' id='word_1_387' title='bbox 1769 421 2030 457; x_wconf 88' lang='lat' dir='ltr'>comparatione</span> <span class='ocrx_word' id='word_1_388' title='bbox 2051 420 2097 450; x_wconf 86' lang='lat' dir='ltr'>ad</span> <span class='ocrx_word' id='word_1_389' title='bbox 2117 423 2220 451; x_wconf 87' lang='lat' dir='ltr'>actus</span> <span class='ocrx_word' id='word_1_390' title='bbox 2234 422 2444 452; x_wconf 86' lang='lat' dir='ltr'>notionales.</span> 
     </span>
    </p>
   </div>
   <div class='ocr_carea' id='block_1_69' title="bbox 1408 479 2302 509">
    <p class='ocr_par' dir='ltr' id='par_1_75' title="bbox 1408 479 2302 509">
     <span class='ocr_line' id='line_1_120' title="bbox 1408 479 2302 509; baseline 0 -1"><span class='ocrx_word' id='word_1_391' title='bbox 1408 488 1575 509; x_wconf 78' lang='lat' dir='ltr'>ARTICULUS</span> <span class='ocrx_word' id='word_1_392' title='bbox 1589 488 1600 508; x_wconf 95' lang='lat'><em>1</em></span> <span class='ocrx_word' id='word_1_393' title='bbox 1657 481 1762 508; x_wconf 92' lang='lat' dir='ltr'>Utrum</span> <span class='ocrx_word' id='word_1_394' title='bbox 1777 486 1857 507; x_wconf 88' lang='lat' dir='ltr'>actus</span> <span class='ocrx_word' id='word_1_395' title='bbox 1875 479 2040 508; x_wconf 88' lang='lat' dir='ltr'>notionales</span> <span class='ocrx_word' id='word_1_396' title='bbox 2055 479 2112 508; x_wconf 87' lang='lat' dir='ltr'>sint</span> <span class='ocrx_word' id='word_1_397' title='bbox 2127 480 2302 508; x_wconf 86' lang='lat' dir='ltr'>attribuendi</span> 
     </span>
    </p>
   </div>
   <div class='ocr_carea' id='block_1_70' title="bbox 1692 519 2479 560">
    <p class='ocr_par' dir='ltr' id='par_1_76' title="bbox 1692 519 2479 560">
     <span class='ocr_line' id='line_1_121' title="bbox 1692 519 2479 560; baseline 0.004 -13"><span class='ocrx_word' id='word_1_398' title='bbox 1692 519 1824 556; x_wconf 91' lang='lat' dir='ltr'>personis</span> <span class='ocrx_word' id='word_1_399' title='bbox 1838 541 2303 549; x_wconf 89' lang='grc'>................</span> <span class='ocrx_word' id='word_1_400' title='bbox 2322 530 2396 560; x_wconf 82' lang='lat' dir='ltr'>pag.</span> <span class='ocrx_word' id='word_1_401' title='bbox 2424 529 2479 557; x_wconf 85' lang='lat'>421</span> 
     </span>
    </p>
   </div>
   <div class='ocr_carea' id='block_1_71' title="bbox 1492 559 2483 876">
    <p class='ocr_par' dir='ltr' id='par_1_77' title="bbox 1492 559 2483 637">
     <span class='ocr_line' id='line_1_122' title="bbox 1492 559 2483 596; baseline 0.002 -9"><span class='ocrx_word' id='word_1_402' title='bbox 1492 571 1506 586; x_wconf 73' lang='lat'>»</span> <span class='ocrx_word' id='word_1_403' title='bbox 1589 569 1612 588; x_wconf 89' lang='lat'>11</span> <span class='ocrx_word' id='word_1_404' title='bbox 1661 561 1765 588; x_wconf 91' lang='lat' dir='ltr'>Utrum</span> <span class='ocrx_word' id='word_1_405' title='bbox 1781 566 1862 588; x_wconf 89' lang='lat' dir='ltr'>actus</span> <span class='ocrx_word' id='word_1_406' title='bbox 1877 559 2041 588; x_wconf 90' lang='lat' dir='ltr'>notionales</span> <span class='ocrx_word' id='word_1_407' title='bbox 2063 559 2120 588; x_wconf 87' lang='lat' dir='ltr'>sint</span> <span class='ocrx_word' id='word_1_408' title='bbox 2138 560 2301 589; x_wconf 89' lang='lat' dir='ltr'>voluntarii.</span> <span class='ocrx_word' id='word_1_409' title='bbox 2346 572 2361 587; x_wconf 68' lang='lat' dir='ltr'>x&gt;</span> <span class='ocrx_word' id='word_1_410' title='bbox 2424 569 2483 596; x_wconf 89' lang='lat'>42²</span> 
     </span>
     <span class='ocr_line' id='line_1_123' title="bbox 1492 599 2483 637; baseline 0.002 -10"><span class='ocrx_word' id='word_1_411' title='bbox 1492 611 1507 626; x_wconf 78' lang='grc'><strong>»</strong></span> <span class='ocrx_word' id='word_1_412' title='bbox 1590 609 1623 628; x_wconf 85' lang='lat'>111</span> <span class='ocrx_word' id='word_1_413' title='bbox 1660 601 1763 628; x_wconf 89' lang='lat' dir='ltr'>Utrum</span> <span class='ocrx_word' id='word_1_414' title='bbox 1779 607 1859 628; x_wconf 90' lang='lat' dir='ltr'>actus</span> <span class='ocrx_word' id='word_1_415' title='bbox 1881 600 2045 628; x_wconf 90' lang='lat' dir='ltr'>notionales</span> <span class='ocrx_word' id='word_1_416' title='bbox 2061 599 2117 628; x_wconf 89' lang='lat' dir='ltr'>sint</span> <span class='ocrx_word' id='word_1_417' title='bbox 2138 601 2174 628; x_wconf 92' lang='lat' dir='ltr'>de</span> <span class='ocrx_word' id='word_1_418' title='bbox 2193 600 2302 637; x_wconf 91' lang='lat' dir='ltr'>aliquo.</span> <span class='ocrx_word' id='word_1_419' title='bbox 2347 612 2361 627; x_wconf 79' lang='grc'>»</span> <span class='ocrx_word' id='word_1_420' title='bbox 2424 602 2483 637; x_wconf 87' lang='lat'>426</span> 
     </span>
    </p>

    <p class='ocr_par' dir='ltr' id='par_1_78' title="bbox 1492 639 2482 716">
     <span class='ocr_line' id='line_1_124' title="bbox 1492 639 2303 676; baseline 0.001 -9"><span class='ocrx_word' id='word_1_421' title='bbox 1492 651 1506 666; x_wconf 80' lang='lat'>»</span> <span class='ocrx_word' id='word_1_422' title='bbox 1590 649 1621 668; x_wconf 90' lang='lat' dir='ltr'>1v</span> <span class='ocrx_word' id='word_1_423' title='bbox 1654 641 1757 668; x_wconf 90' lang='lat' dir='ltr'>Utrum</span> <span class='ocrx_word' id='word_1_424' title='bbox 1780 640 1810 668; x_wconf 86' lang='lat' dir='ltr'>in</span> <span class='ocrx_word' id='word_1_425' title='bbox 1831 640 1935 668; x_wconf 89' lang='lat' dir='ltr'>divinis</span> <span class='ocrx_word' id='word_1_426' title='bbox 1957 640 1993 667; x_wconf 79' lang='lat' dir='ltr'>sit</span> <span class='ocrx_word' id='word_1_427' title='bbox 2018 639 2148 676; x_wconf 87' lang='lat' dir='ltr'>potentia</span> <span class='ocrx_word' id='word_1_428' title='bbox 2170 646 2303 676; x_wconf 89' lang='lat' dir='ltr'>respectu</span> 
     </span>
     <span class='ocr_line' id='line_1_125' title="bbox 1692 680 2482 716; baseline 0.001 -8"><span class='ocrx_word' id='word_1_429' title='bbox 1692 687 1809 708; x_wconf 89' lang='lat' dir='ltr'>actuum</span> <span class='ocrx_word' id='word_1_430' title='bbox 1831 680 2027 708; x_wconf 89' lang='lat' dir='ltr'>notionalium</span> <span class='ocrx_word' id='word_1_431' title='bbox 2048 701 2300 709; x_wconf 91' lang='lat'>.........</span> <span class='ocrx_word' id='word_1_432' title='bbox 2346 692 2360 707; x_wconf 69' lang='lat' dir='ltr'>a&gt;</span> <span class='ocrx_word' id='word_1_433' title='bbox 2423 681 2482 716; x_wconf 87' lang='lat'>428</span> 
     </span>
    </p>

    <p class='ocr_par' dir='ltr' id='par_1_79' title="bbox 1590 719 2483 797">
     <span class='ocr_line' id='line_1_126' title="bbox 1590 719 2301 757; baseline 0.001 -10"><span class='ocrx_word' id='word_1_434' title='bbox 1590 728 1610 747; x_wconf 90' lang='lat' dir='ltr'>v</span> <span class='ocrx_word' id='word_1_435' title='bbox 1653 720 1755 748; x_wconf 90' lang='lat' dir='ltr'>Utrum</span> <span class='ocrx_word' id='word_1_436' title='bbox 1779 720 1909 756; x_wconf 90' lang='lat' dir='ltr'>potentia</span> <span class='ocrx_word' id='word_1_437' title='bbox 1923 720 2081 757; x_wconf 88' lang='lat' dir='ltr'>generandi</span> <span class='ocrx_word' id='word_1_438' title='bbox 2102 719 2243 757; x_wconf 86' lang='lat' dir='ltr'>significet</span> <span class='ocrx_word' id='word_1_439' title='bbox 2257 730 2301 749; x_wconf 87' lang='lat' dir='ltr'>re-</span> 
     </span>
     <span class='ocr_line' id='line_1_127' title="bbox 1691 760 2483 797; baseline 0.004 -10"><span class='ocrx_word' id='word_1_440' title='bbox 1691 760 1840 795; x_wconf 84' lang='lat' dir='ltr'>lationem,</span> <span class='ocrx_word' id='word_1_441' title='bbox 1856 767 1884 788; x_wconf 92' lang='lat' dir='ltr'>et</span> <span class='ocrx_word' id='word_1_442' title='bbox 1905 770 1966 788; x_wconf 90' lang='lat' dir='ltr'>non</span> <span class='ocrx_word' id='word_1_443' title='bbox 1980 760 2135 788; x_wconf 88' lang='lat' dir='ltr'>essentiam</span> <span class='ocrx_word' id='word_1_444' title='bbox 2139 782 2300 789; x_wconf 88' lang='lat'><strong><em>......</em></strong></span> <span class='ocrx_word' id='word_1_445' title='bbox 2345 771 2360 786; x_wconf 85' lang='lat'>›</span> <span class='ocrx_word' id='word_1_446' title='bbox 2389 764 2396 772; x_wconf 89' lang='grc'><em>·</em></span> <span class='ocrx_word' id='word_1_447' title='bbox 2423 762 2483 797; x_wconf 80' lang='lat'>430</span> 
     </span>
    </p>

    <p class='ocr_par' dir='ltr' id='par_1_80' title="bbox 1589 800 2481 876">
     <span class='ocr_line' id='line_1_128' title="bbox 1589 800 2303 837; baseline 0.001 -10"><span class='ocrx_word' id='word_1_448' title='bbox 1589 808 1620 827; x_wconf 75' lang='lat' dir='ltr'>vx</span> <span class='ocrx_word' id='word_1_449' title='bbox 1654 800 1756 827; x_wconf 91' lang='lat' dir='ltr'>Utrum</span> <span class='ocrx_word' id='word_1_450' title='bbox 1779 806 1859 828; x_wconf 90' lang='lat' dir='ltr'>actus</span> <span class='ocrx_word' id='word_1_451' title='bbox 1881 800 2038 828; x_wconf 88' lang='lat' dir='ltr'>notionalis</span> <span class='ocrx_word' id='word_1_452' title='bbox 2059 801 2096 828; x_wconf 92' lang='lat' dir='ltr'>ad</span> <span class='ocrx_word' id='word_1_453' title='bbox 2118 801 2214 837; x_wconf 90' lang='lat' dir='ltr'>plures</span> <span class='ocrx_word' id='word_1_454' title='bbox 2236 810 2303 837; x_wconf 91' lang='lat' dir='ltr'>per-</span> 
     </span>
     <span class='ocr_line' id='line_1_129' title="bbox 1692 839 2481 876; baseline 0.003 -9"><span class='ocrx_word' id='word_1_455' title='bbox 1692 848 1779 867; x_wconf 87' lang='lat' dir='ltr'>sonas</span> <span class='ocrx_word' id='word_1_456' title='bbox 1807 839 1956 868; x_wconf 89' lang='lat' dir='ltr'>terminari</span> <span class='ocrx_word' id='word_1_457' title='bbox 1983 840 2076 876; x_wconf 85' lang='lat' dir='ltr'>possit</span> <span class='ocrx_word' id='word_1_458' title='bbox 2078 862 2299 869; x_wconf 88' lang='grc'><strong><em>........</em></strong></span> <span class='ocrx_word' id='word_1_459' title='bbox 2345 852 2359 867; x_wconf 84' lang='grc'>»</span> <span class='ocrx_word' id='word_1_460' title='bbox 2423 841 2481 876; x_wconf 89' lang='lat'>432</span> 
     </span>
    </p>
   </div>
   <div class='ocr_carea' id='block_1_72' title="bbox 1591 907 2299 942">
    <p class='ocr_par' dir='ltr' id='par_1_81' title="bbox 1591 907 2299 942">
     <span class='ocr_line' id='line_1_130' title="bbox 1591 907 2299 942; baseline 0.004 -8"><span class='ocrx_word' id='word_1_461' title='bbox 1591 907 1786 942; x_wconf 88' lang='lat' dir='ltr'>QUAESTIO</span> <span class='ocrx_word' id='word_1_462' title='bbox 1814 907 2299 942; x_wconf 81' lang='lat' dir='ltr'>QUADRAGESIMASECUNDA</span> 
     </span>
    </p>
   </div>
   <div class='ocr_carea' id='block_1_73' title="bbox 1428 967 2459 1006">
    <p class='ocr_par' dir='ltr' id='par_1_82' title="bbox 1428 967 2459 1006">
     <span class='ocr_line' id='line_1_131' title="bbox 1428 967 2459 1006; baseline 0.001 -8"><span class='ocrx_word' id='word_1_463' title='bbox 1428 969 1478 999; x_wconf 92' lang='lat' dir='ltr'>De</span> <span class='ocrx_word' id='word_1_464' title='bbox 1498 969 1710 1006; x_wconf 86' lang='lat' dir='ltr'>aequalitate</span> <span class='ocrx_word' id='word_1_465' title='bbox 1726 969 1761 997; x_wconf 90' lang='lat' dir='ltr'>et</span> <span class='ocrx_word' id='word_1_466' title='bbox 1782 967 2003 998; x_wconf 86' lang='lat' dir='ltr'>similitudine</span> <span class='ocrx_word' id='word_1_467' title='bbox 2018 967 2211 999; x_wconf 83' lang='lat' dir='ltr'>divinarum</span> <span class='ocrx_word' id='word_1_468' title='bbox 2224 970 2459 999; x_wconf 82' lang='lat' dir='ltr'>Personarum</span> 
     </span>
    </p>
   </div>
   <div class='ocr_carea' id='block_1_74' title="bbox 1833 1007 2056 1038">
    <p class='ocr_par' dir='ltr' id='par_1_83' title="bbox 1833 1007 2056 1038">
     <span class='ocr_line' id='line_1_132' title="bbox 1833 1007 2056 1038; baseline 0 -1"><span class='ocrx_word' id='word_1_469' title='bbox 1833 1007 1878 1037; x_wconf 89' lang='lat' dir='ltr'>ad</span> <span class='ocrx_word' id='word_1_470' title='bbox 1898 1009 2056 1038; x_wconf 90' lang='lat' dir='ltr'>invicem.</span> 
     </span>
    </p>
   </div>
   <div class='ocr_carea' id='block_1_75' title="bbox 1405 1078 2300 1517">
    <p class='ocr_par' dir='ltr' id='par_1_84' title="bbox 1405 1078 2299 1148">
     <span class='ocr_line' id='line_1_133' title="bbox 1405 1078 2299 1115; baseline 0.001 -9"><span class='ocrx_word' id='word_1_471' title='bbox 1405 1087 1571 1107; x_wconf 78' lang='lat' dir='ltr'>ARthous</span> <span class='ocrx_word' id='word_1_472' title='bbox 1586 1087 1596 1107; x_wconf 89' lang='lat'>1</span> <span class='ocrx_word' id='word_1_473' title='bbox 1652 1078 1757 1106; x_wconf 87' lang='lat' dir='ltr'>Utrum</span> <span class='ocrx_word' id='word_1_474' title='bbox 1773 1078 1932 1115; x_wconf 82' lang='lat' dir='ltr'>aequalitas</span> <span class='ocrx_word' id='word_1_475' title='bbox 1953 1079 2051 1107; x_wconf 89' lang='lat' dir='ltr'>locum</span> <span class='ocrx_word' id='word_1_476' title='bbox 2078 1079 2183 1107; x_wconf 86' lang='lat' dir='ltr'>habeat</span> <span class='ocrx_word' id='word_1_477' title='bbox 2203 1079 2234 1107; x_wconf 91' lang='lat' dir='ltr'>in</span> <span class='ocrx_word' id='word_1_478' title='bbox 2256 1079 2299 1107; x_wconf 91' lang='lat' dir='ltr'>di-</span> 
     </span>
     <span class='ocr_line' id='line_1_134' title="bbox 1690 1128 2298 1148; baseline 0.002 -2"><span class='ocrx_word' id='word_1_479' title='bbox 1690 1128 1763 1146; x_wconf 81' lang='lat' dir='ltr'>vinis</span> <span class='ocrx_word' id='word_1_480' title='bbox 1774 1140 2298 1148; x_wconf 88' lang='grc'><strong><em>..................</em></strong></span> 
     </span>
    </p>

    <p class='ocr_par' dir='ltr' id='par_1_85' title="bbox 1489 1159 2300 1236">
     <span class='ocr_line' id='line_1_135' title="bbox 1489 1159 2300 1195; baseline 0.004 -10"><span class='ocrx_word' id='word_1_481' title='bbox 1489 1170 1503 1185; x_wconf 84' lang='grc'>&gt;&gt;</span> <span class='ocrx_word' id='word_1_482' title='bbox 1587 1167 1608 1187; x_wconf 89' lang='lat'>11</span> <span class='ocrx_word' id='word_1_483' title='bbox 1662 1159 1766 1186; x_wconf 87' lang='lat' dir='ltr'>Utrum</span> <span class='ocrx_word' id='word_1_484' title='bbox 1779 1168 1903 1194; x_wconf 89' lang='lat' dir='ltr'>persona</span> <span class='ocrx_word' id='word_1_485' title='bbox 1917 1160 2079 1195; x_wconf 89' lang='lat' dir='ltr'>procedens</span> <span class='ocrx_word' id='word_1_486' title='bbox 2094 1159 2131 1187; x_wconf 87' lang='lat' dir='ltr'>sit</span> <span class='ocrx_word' id='word_1_487' title='bbox 2145 1165 2300 1188; x_wconf 84' lang='lat' dir='ltr'>coaeterna</span> 
     </span>
     <span class='ocr_line' id='line_1_136' title="bbox 1688 1198 2297 1236; baseline 0.003 -10"><span class='ocrx_word' id='word_1_488' title='bbox 1688 1208 1742 1227; x_wconf 89' lang='lat' dir='ltr'>suo</span> <span class='ocrx_word' id='word_1_489' title='bbox 1764 1198 1916 1236; x_wconf 87' lang='lat' dir='ltr'>principio,</span> <span class='ocrx_word' id='word_1_490' title='bbox 1931 1206 1964 1227; x_wconf 92' lang='lat' dir='ltr'>ut</span> <span class='ocrx_word' id='word_1_491' title='bbox 1985 1199 2073 1227; x_wconf 82' lang='lat' dir='ltr'>Filius</span> <span class='ocrx_word' id='word_1_492' title='bbox 2090 1199 2168 1228; x_wconf 89' lang='lat' dir='ltr'>Patri</span> <span class='ocrx_word' id='word_1_493' title='bbox 2170 1221 2297 1228; x_wconf 92' lang='lat'><em>.....</em></span> 
     </span>
    </p>

    <p class='ocr_par' dir='ltr' id='par_1_86' title="bbox 1588 1239 2292 1276">
     <span class='ocr_line' id='line_1_137' title="bbox 1588 1239 2292 1276; baseline 0.001 -9"><span class='ocrx_word' id='word_1_494' title='bbox 1588 1247 1620 1267; x_wconf 91' lang='lat'>111</span> <span class='ocrx_word' id='word_1_495' title='bbox 1654 1239 1759 1267; x_wconf 91' lang='lat' dir='ltr'>Utrum</span> <span class='ocrx_word' id='word_1_496' title='bbox 1780 1239 1811 1267; x_wconf 91' lang='lat' dir='ltr'>in</span> <span class='ocrx_word' id='word_1_497' title='bbox 1826 1239 1930 1267; x_wconf 91' lang='lat' dir='ltr'>divinis</span> <span class='ocrx_word' id='word_1_498' title='bbox 1946 1239 2078 1276; x_wconf 89' lang='lat' dir='ltr'>personis</span> <span class='ocrx_word' id='word_1_499' title='bbox 2093 1239 2129 1268; x_wconf 91' lang='lat' dir='ltr'>sit</span> <span class='ocrx_word' id='word_1_500' title='bbox 2150 1240 2225 1268; x_wconf 88' lang='lat' dir='ltr'>ordo</span> <span class='ocrx_word' id='word_1_501' title='bbox 2240 1249 2292 1268; x_wconf 91' lang='lat' dir='ltr'>na-</span> 
     </span>
    </p>

    <p class='ocr_par' dir='ltr' id='par_1_87' title="bbox 1688 1286 2296 1308">
     <span class='ocr_line' id='line_1_138' title="bbox 1688 1286 2296 1308; baseline 0.002 -1"><span class='ocrx_word' id='word_1_502' title='bbox 1688 1286 1770 1307; x_wconf 89' lang='lat' dir='ltr'>turae</span> <span class='ocrx_word' id='word_1_503' title='bbox 1773 1300 2296 1308; x_wconf 87' lang='grc'><strong>..................</strong></span> 
     </span>
    </p>

    <p class='ocr_par' dir='ltr' id='par_1_88' title="bbox 1587 1319 2297 1356">
     <span class='ocr_line' id='line_1_139' title="bbox 1587 1319 2297 1356; baseline 0.001 -9"><span class='ocrx_word' id='word_1_504' title='bbox 1587 1327 1617 1346; x_wconf 87' lang='lat' dir='ltr'>1v</span> <span class='ocrx_word' id='word_1_505' title='bbox 1652 1320 1756 1347; x_wconf 91' lang='lat' dir='ltr'>Utrum</span> <span class='ocrx_word' id='word_1_506' title='bbox 1778 1319 1866 1347; x_wconf 88' lang='lat' dir='ltr'>Filius</span> <span class='ocrx_word' id='word_1_507' title='bbox 1888 1319 1923 1347; x_wconf 89' lang='lat' dir='ltr'>sit</span> <span class='ocrx_word' id='word_1_508' title='bbox 1945 1320 2073 1356; x_wconf 89' lang='lat' dir='ltr'>aequalis</span> <span class='ocrx_word' id='word_1_509' title='bbox 2095 1320 2172 1348; x_wconf 84' lang='lat' dir='ltr'>Patri</span> <span class='ocrx_word' id='word_1_510' title='bbox 2194 1329 2297 1348; x_wconf 88' lang='lat' dir='ltr'>secun-</span> 
     </span>
    </p>

    <p class='ocr_par' dir='ltr' id='par_1_89' title="bbox 1688 1359 2296 1397">
     <span class='ocr_line' id='line_1_140' title="bbox 1688 1359 2296 1397; baseline 0.003 -10"><span class='ocrx_word' id='word_1_511' title='bbox 1688 1360 1758 1388; x_wconf 93' lang='lat' dir='ltr'>dum</span> <span class='ocrx_word' id='word_1_512' title='bbox 1781 1359 2011 1397; x_wconf 84' lang='lat' dir='ltr'>magnitudinem</span> <span class='ocrx_word' id='word_1_513' title='bbox 2016 1381 2296 1389; x_wconf 90' lang='grc'>..........</span> 
     </span>
    </p>

    <p class='ocr_par' dir='ltr' id='par_1_90' title="bbox 1587 1400 2295 1435">
     <span class='ocr_line' id='line_1_141' title="bbox 1587 1400 2295 1435; baseline 0.001 -8"><span class='ocrx_word' id='word_1_514' title='bbox 1587 1407 1607 1427; x_wconf 88' lang='lat' dir='ltr'>v</span> <span class='ocrx_word' id='word_1_515' title='bbox 1651 1400 1755 1428; x_wconf 85' lang='lat' dir='ltr'>Utrum</span> <span class='ocrx_word' id='word_1_516' title='bbox 1770 1400 1858 1428; x_wconf 89' lang='lat' dir='ltr'>Filius</span> <span class='ocrx_word' id='word_1_517' title='bbox 1873 1400 1910 1428; x_wconf 90' lang='lat' dir='ltr'>sit</span> <span class='ocrx_word' id='word_1_518' title='bbox 1924 1400 1952 1428; x_wconf 89' lang='lat' dir='ltr'>in</span> <span class='ocrx_word' id='word_1_519' title='bbox 1965 1401 2058 1435; x_wconf 87' lang='lat' dir='ltr'>Patre,</span> <span class='ocrx_word' id='word_1_520' title='bbox 2071 1406 2099 1428; x_wconf 89' lang='lat' dir='ltr'>et</span> <span class='ocrx_word' id='word_1_521' title='bbox 2113 1410 2128 1429; x_wconf 93' lang='lat' dir='ltr'>e</span> <span class='ocrx_word' id='word_1_522' title='bbox 2143 1410 2295 1429; x_wconf 89' lang='lat' dir='ltr'>converso.</span> 
     </span>
    </p>

    <p class='ocr_par' dir='ltr' id='par_1_91' title="bbox 1585 1440 2296 1477">
     <span class='ocr_line' id='line_1_142' title="bbox 1585 1440 2296 1477; baseline 0.003 -10"><span class='ocrx_word' id='word_1_523' title='bbox 1585 1448 1615 1468; x_wconf 87' lang='lat' dir='ltr'>v1</span> <span class='ocrx_word' id='word_1_524' title='bbox 1651 1441 1755 1468; x_wconf 92' lang='lat' dir='ltr'>Utrum</span> <span class='ocrx_word' id='word_1_525' title='bbox 1777 1440 1866 1468; x_wconf 90' lang='lat' dir='ltr'>Filius</span> <span class='ocrx_word' id='word_1_526' title='bbox 1888 1441 1923 1468; x_wconf 90' lang='lat' dir='ltr'>sit</span> <span class='ocrx_word' id='word_1_527' title='bbox 1945 1440 2073 1477; x_wconf 90' lang='lat' dir='ltr'>aequalis</span> <span class='ocrx_word' id='word_1_528' title='bbox 2095 1441 2172 1469; x_wconf 85' lang='lat' dir='ltr'>Patri</span> <span class='ocrx_word' id='word_1_529' title='bbox 2193 1450 2296 1469; x_wconf 90' lang='lat' dir='ltr'>secun-</span> 
     </span>
    </p>

    <p class='ocr_par' dir='ltr' id='par_1_92' title="bbox 1688 1480 2297 1517">
     <span class='ocr_line' id='line_1_143' title="bbox 1688 1480 2297 1517; baseline 0.002 -9"><span class='ocrx_word' id='word_1_530' title='bbox 1688 1481 1759 1508; x_wconf 88' lang='lat' dir='ltr'>dum</span> <span class='ocrx_word' id='word_1_531' title='bbox 1781 1480 1942 1517; x_wconf 88' lang='lat' dir='ltr'>potentiam</span> <span class='ocrx_word' id='word_1_532' title='bbox 1956 1502 2297 1509; x_wconf 90' lang='grc'><strong>............</strong></span> 
     </span>
    </p>
   </div>
   <div class='ocr_carea' id='block_1_76' title="bbox 1608 1553 2276 1588">
    <p class='ocr_par' dir='ltr' id='par_1_93' title="bbox 1608 1553 2276 1588">
     <span class='ocr_line' id='line_1_144' title="bbox 1608 1553 2276 1588; baseline 0.003 -8"><span class='ocrx_word' id='word_1_533' title='bbox 1608 1553 1802 1587; x_wconf 87' lang='lat' dir='ltr'>QUAESTIO</span> <span class='ocrx_word' id='word_1_534' title='bbox 1826 1553 2276 1588; x_wconf 84' lang='lat' dir='ltr'>QUADRAGESIMATERTIA</span> 
     </span>
    </p>
   </div>
   <div class='ocr_carea' id='block_1_77' title="bbox 1578 1614 2305 1645">
    <p class='ocr_par' dir='ltr' id='par_1_94' title="bbox 1578 1614 2305 1645">
     <span class='ocr_line' id='line_1_145' title="bbox 1578 1614 2305 1645; baseline 0.001 -2"><span class='ocrx_word' id='word_1_535' title='bbox 1578 1614 1629 1643; x_wconf 86' lang='lat' dir='ltr'>De</span> <span class='ocrx_word' id='word_1_536' title='bbox 1649 1614 1818 1644; x_wconf 81' lang='lat' dir='ltr'>missione</span> <span class='ocrx_word' id='word_1_537' title='bbox 1847 1614 2040 1644; x_wconf 84' lang='lat' dir='ltr'>divinarum</span> <span class='ocrx_word' id='word_1_538' title='bbox 2061 1615 2305 1645; x_wconf 83' lang='lat' dir='ltr'>Personarum.</span> 
     </span>
    </p>
   </div>
   <div class='ocr_carea' id='block_1_78' title="bbox 1403 1679 2294 1748">
    <p class='ocr_par' dir='ltr' id='par_1_95' title="bbox 1403 1679 2294 1748">
     <span class='ocr_line' id='line_1_146' title="bbox 1403 1679 2294 1724; baseline 0.001 -17"><span class='ocrx_word' id='word_1_539' title='bbox 1403 1687 1569 1708; x_wconf 64' lang='lat' dir='ltr'>Ani-mnus</span> <span class='ocrx_word' id='word_1_540' title='bbox 1583 1688 1594 1707; x_wconf 94' lang='lat'>1</span> <span class='ocrx_word' id='word_1_541' title='bbox 1651 1680 1756 1724; x_wconf 79' lang='lat' dir='ltr'>Utrum</span> <span class='ocrx_word' id='word_1_542' title='bbox 1778 1679 1863 1724; x_wconf 75' lang='lat' dir='ltr'>alicui</span> <span class='ocrx_word' id='word_1_543' title='bbox 1885 1681 2031 1708; x_wconf 86' lang='lat' dir='ltr'>Personae</span> <span class='ocrx_word' id='word_1_544' title='bbox 2052 1679 2166 1708; x_wconf 86' lang='lat' dir='ltr'>divinae</span> <span class='ocrx_word' id='word_1_545' title='bbox 2188 1689 2294 1709; x_wconf 87' lang='lat' dir='ltr'>conve-</span> 
     </span>
     <span class='ocr_line' id='line_1_147' title="bbox 1685 1726 2294 1748; baseline 0 0"><span class='ocrx_word' id='word_1_546' title='bbox 1685 1726 1746 1748; x_wconf 89' lang='lat' dir='ltr'>mat</span> <span class='ocrx_word' id='word_1_547' title='bbox 1767 1727 1841 1748; x_wconf 81' lang='lat' dir='ltr'>mitti</span> <span class='ocrx_word' id='word_1_548' title='bbox 1861 1742 1868 1748; x_wconf 89' lang='lat'>.</span> <span class='ocrx_word' id='word_1_549' title='bbox 1891 1741 1898 1748; x_wconf 90' lang='lat'>.</span> <span class='ocrx_word' id='word_1_550' title='bbox 1922 1741 1928 1748; x_wconf 98' lang='lat'>.</span> <span class='ocrx_word' id='word_1_551' title='bbox 1946 1743 1950 1747; x_wconf 93' lang='lat'>.</span> <span class='ocrx_word' id='word_1_552' title='bbox 1953 1741 2294 1748; x_wconf 90' lang='lat'>............</span> 
     </span>
    </p>
   </div>
   <div class='ocr_carea' id='block_1_79' title="bbox 1485 1759 2301 2230">
    <p class='ocr_par' dir='ltr' id='par_1_96' title="bbox 1583 1759 2295 1797">
     <span class='ocr_line' id='line_1_148' title="bbox 1583 1759 2295 1797; baseline 0.001 -10"><span class='ocrx_word' id='word_1_553' title='bbox 1583 1767 1606 1787; x_wconf 89' lang='lat'>11</span> <span class='ocrx_word' id='word_1_554' title='bbox 1655 1760 1758 1788; x_wconf 91' lang='lat' dir='ltr'>Utrum</span> <span class='ocrx_word' id='word_1_555' title='bbox 1775 1760 1874 1788; x_wconf 91' lang='lat' dir='ltr'>missio</span> <span class='ocrx_word' id='word_1_556' title='bbox 1889 1759 1925 1787; x_wconf 90' lang='lat' dir='ltr'>sit</span> <span class='ocrx_word' id='word_1_557' title='bbox 1946 1767 2071 1795; x_wconf 81' lang='lat' dir='ltr'>aeterna,</span> <span class='ocrx_word' id='word_1_558' title='bbox 2087 1761 2131 1788; x_wconf 91' lang='lat' dir='ltr'>vel</span> <span class='ocrx_word' id='word_1_559' title='bbox 2148 1766 2295 1797; x_wconf 87' lang='lat' dir='ltr'>tempora-</span> 
     </span>
    </p>

    <p class='ocr_par' dir='ltr' id='par_1_97' title="bbox 1685 1799 2293 1828">
     <span class='ocr_line' id='line_1_149' title="bbox 1685 1799 2293 1828; baseline 0 0"><span class='ocrx_word' id='word_1_560' title='bbox 1685 1799 1719 1827; x_wconf 87' lang='lat' dir='ltr'>lis</span> <span class='ocrx_word' id='word_1_561' title='bbox 1741 1806 1854 1828; x_wconf 86' lang='lat' dir='ltr'>tantum</span> <span class='ocrx_word' id='word_1_562' title='bbox 1858 1821 2293 1828; x_wconf 91' lang='grc'><strong>...............</strong></span> 
     </span>
    </p>

    <p class='ocr_par' dir='ltr' id='par_1_98' title="bbox 1485 1839 2296 1909">
     <span class='ocr_line' id='line_1_150' title="bbox 1485 1839 2296 1869; baseline 0.001 -3"><span class='ocrx_word' id='word_1_563' title='bbox 1485 1850 1500 1864; x_wconf 78' lang='lat'>»</span> <span class='ocrx_word' id='word_1_564' title='bbox 1583 1847 1615 1867; x_wconf 91' lang='lat'>111</span> <span class='ocrx_word' id='word_1_565' title='bbox 1654 1840 1758 1867; x_wconf 89' lang='lat' dir='ltr'>Utrum</span> <span class='ocrx_word' id='word_1_566' title='bbox 1786 1839 1886 1868; x_wconf 90' lang='lat' dir='ltr'>missio</span> <span class='ocrx_word' id='word_1_567' title='bbox 1908 1839 2058 1868; x_wconf 89' lang='lat' dir='ltr'>invisibilis</span> <span class='ocrx_word' id='word_1_568' title='bbox 2087 1839 2201 1868; x_wconf 90' lang='lat' dir='ltr'>divinae</span> <span class='ocrx_word' id='word_1_569' title='bbox 2226 1841 2296 1869; x_wconf 87' lang='lat' dir='ltr'>Per-</span> 
     </span>
     <span class='ocr_line' id='line_1_151' title="bbox 1684 1879 2295 1909; baseline 0 -2"><span class='ocrx_word' id='word_1_570' title='bbox 1684 1888 1774 1907; x_wconf 90' lang='lat' dir='ltr'>sonae</span> <span class='ocrx_word' id='word_1_571' title='bbox 1802 1879 1837 1908; x_wconf 92' lang='lat' dir='ltr'>sit</span> <span class='ocrx_word' id='word_1_572' title='bbox 1865 1880 1961 1908; x_wconf 89' lang='lat' dir='ltr'>solum</span> <span class='ocrx_word' id='word_1_573' title='bbox 1993 1880 2154 1908; x_wconf 89' lang='lat' dir='ltr'>secundum</span> <span class='ocrx_word' id='word_1_574' title='bbox 2182 1881 2295 1909; x_wconf 93' lang='lat' dir='ltr'>donum</span> 
     </span>
    </p>

    <p class='ocr_par' dir='ltr' id='par_1_99' title="bbox 1685 1919 2294 1957">
     <span class='ocr_line' id='line_1_152' title="bbox 1685 1919 2294 1957; baseline 0.002 -10"><span class='ocrx_word' id='word_1_575' title='bbox 1685 1919 1794 1956; x_wconf 86' lang='lat' dir='ltr'>gratiae</span> <span class='ocrx_word' id='word_1_576' title='bbox 1815 1926 1930 1957; x_wconf 86' lang='lat' dir='ltr'>gratum</span> <span class='ocrx_word' id='word_1_577' title='bbox 1951 1920 2080 1948; x_wconf 88' lang='lat' dir='ltr'>facientis</span> <span class='ocrx_word' id='word_1_578' title='bbox 2103 1941 2294 1949; x_wconf 89' lang='lat'>.......</span> 
     </span>
    </p>

    <p class='ocr_par' dir='ltr' id='par_1_100' title="bbox 1583 1960 2294 1989">
     <span class='ocr_line' id='line_1_153' title="bbox 1583 1960 2294 1989; baseline 0.001 -2"><span class='ocrx_word' id='word_1_579' title='bbox 1583 1967 1615 1987; x_wconf 77' lang='grc' dir='ltr'>ιν</span> <span class='ocrx_word' id='word_1_580' title='bbox 1649 1960 1753 1988; x_wconf 88' lang='lat' dir='ltr'>Utrum</span> <span class='ocrx_word' id='word_1_581' title='bbox 1775 1960 1853 1988; x_wconf 84' lang='lat' dir='ltr'>Patri</span> <span class='ocrx_word' id='word_1_582' title='bbox 1874 1960 2028 1988; x_wconf 89' lang='lat' dir='ltr'>conveniat</span> <span class='ocrx_word' id='word_1_583' title='bbox 2059 1960 2134 1988; x_wconf 87' lang='lat' dir='ltr'>mitti</span> <span class='ocrx_word' id='word_1_584' title='bbox 2137 1981 2294 1989; x_wconf 93' lang='grc'><em>......</em></span> 
     </span>
    </p>

    <p class='ocr_par' dir='ltr' id='par_1_101' title="bbox 1485 1999 2301 2118">
     <span class='ocr_line' id='line_1_154' title="bbox 1485 1999 2294 2029; baseline 0.004 -4"><span class='ocrx_word' id='word_1_585' title='bbox 1485 2010 1499 2025; x_wconf 80' lang='grc'>»</span> <span class='ocrx_word' id='word_1_586' title='bbox 1583 2008 1603 2027; x_wconf 86' lang='lat' dir='ltr'>v</span> <span class='ocrx_word' id='word_1_587' title='bbox 1647 2000 1750 2027; x_wconf 86' lang='lat' dir='ltr'>Utrum</span> <span class='ocrx_word' id='word_1_588' title='bbox 1761 1999 1834 2028; x_wconf 84' lang='lat' dir='ltr'>Filio</span> <span class='ocrx_word' id='word_1_589' title='bbox 1850 2000 2004 2028; x_wconf 88' lang='lat' dir='ltr'>conveniat</span> <span class='ocrx_word' id='word_1_590' title='bbox 2018 2000 2198 2029; x_wconf 82' lang='lat' dir='ltr'>invisibiliter</span> <span class='ocrx_word' id='word_1_591' title='bbox 2212 1999 2294 2029; x_wconf 87' lang='lat' dir='ltr'>mitti.</span> 
     </span>
     <span class='ocr_line' id='line_1_155' title="bbox 1486 2039 2296 2069; baseline 0.002 -2"><span class='ocrx_word' id='word_1_592' title='bbox 1486 2051 1500 2066; x_wconf 83' lang='lat'>»</span> <span class='ocrx_word' id='word_1_593' title='bbox 1583 2048 1614 2068; x_wconf 75' lang='lat' dir='ltr'>vx</span> <span class='ocrx_word' id='word_1_594' title='bbox 1651 2040 1754 2068; x_wconf 86' lang='lat' dir='ltr'>Utrum</span> <span class='ocrx_word' id='word_1_595' title='bbox 1777 2039 1876 2068; x_wconf 88' lang='lat' dir='ltr'>missio</span> <span class='ocrx_word' id='word_1_596' title='bbox 1898 2040 2048 2069; x_wconf 88' lang='lat' dir='ltr'>invisibilis</span> <span class='ocrx_word' id='word_1_597' title='bbox 2063 2041 2113 2069; x_wconf 88' lang='lat' dir='ltr'>fiat</span> <span class='ocrx_word' id='word_1_598' title='bbox 2132 2041 2171 2069; x_wconf 92' lang='lat' dir='ltr'>ad</span> <span class='ocrx_word' id='word_1_599' title='bbox 2192 2049 2296 2069; x_wconf 80' lang='lat' dir='ltr'>omnes</span> 
     </span>
     <span class='ocr_line' id='line_1_156' title="bbox 1685 2079 2301 2118; baseline 0.002 -11"><span class='ocrx_word' id='word_1_600' title='bbox 1685 2079 1735 2116; x_wconf 88' lang='lat' dir='ltr'>qui</span> <span class='ocrx_word' id='word_1_601' title='bbox 1757 2087 1824 2108; x_wconf 90' lang='lat' dir='ltr'>sunt</span> <span class='ocrx_word' id='word_1_602' title='bbox 1845 2080 1998 2118; x_wconf 86' lang='lat' dir='ltr'>participes</span> <span class='ocrx_word' id='word_1_603' title='bbox 2019 2080 2128 2118; x_wconf 83' lang='lat' dir='ltr'>gratiae</span> <span class='ocrx_word' id='word_1_604' title='bbox 2143 2101 2301 2110; x_wconf 86' lang='lat'>......</span> 
     </span>
    </p>

    <p class='ocr_par' dir='ltr' id='par_1_102' title="bbox 1485 2120 2295 2190">
     <span class='ocr_line' id='line_1_157' title="bbox 1485 2120 2295 2157; baseline 0.002 -10"><span class='ocrx_word' id='word_1_605' title='bbox 1485 2131 1499 2146; x_wconf 80' lang='grc'>»</span> <span class='ocrx_word' id='word_1_606' title='bbox 1583 2128 1624 2148; x_wconf 84' lang='lat' dir='ltr'>vu</span> <span class='ocrx_word' id='word_1_607' title='bbox 1647 2120 1751 2148; x_wconf 87' lang='lat' dir='ltr'>Utrum</span> <span class='ocrx_word' id='word_1_608' title='bbox 1766 2120 1884 2157; x_wconf 88' lang='lat' dir='ltr'>Spiritui</span> <span class='ocrx_word' id='word_1_609' title='bbox 1906 2121 2014 2150; x_wconf 84' lang='lat' dir='ltr'>Sancto</span> <span class='ocrx_word' id='word_1_610' title='bbox 2031 2121 2185 2150; x_wconf 84' lang='lat' dir='ltr'>conveniat</span> <span class='ocrx_word' id='word_1_611' title='bbox 2198 2120 2295 2149; x_wconf 89' lang='lat' dir='ltr'>visibi-</span> 
     </span>
     <span class='ocr_line' id='line_1_158' title="bbox 1685 2159 2292 2190; baseline 0 -2"><span class='ocrx_word' id='word_1_612' title='bbox 1685 2159 1749 2188; x_wconf 84' lang='lat' dir='ltr'>liter</span> <span class='ocrx_word' id='word_1_613' title='bbox 1770 2160 1844 2189; x_wconf 86' lang='lat' dir='ltr'>mitti</span> <span class='ocrx_word' id='word_1_614' title='bbox 1861 2181 2292 2190; x_wconf 90' lang='grc'><strong>...............</strong></span> 
     </span>
    </p>

    <p class='ocr_par' dir='ltr' id='par_1_103' title="bbox 1485 2200 2297 2230">
     <span class='ocr_line' id='line_1_159' title="bbox 1485 2200 2297 2230; baseline 0.002 -3"><span class='ocrx_word' id='word_1_615' title='bbox 1485 2211 1500 2226; x_wconf 81' lang='grc'>»</span> <span class='ocrx_word' id='word_1_616' title='bbox 1583 2208 1635 2228; x_wconf 85' lang='lat' dir='ltr'>vm</span> <span class='ocrx_word' id='word_1_617' title='bbox 1655 2200 1758 2228; x_wconf 85' lang='lat' dir='ltr'>Utrum</span> <span class='ocrx_word' id='word_1_618' title='bbox 1780 2201 1859 2230; x_wconf 88' lang='lat' dir='ltr'>nulla</span> <span class='ocrx_word' id='word_1_619' title='bbox 1885 2202 2014 2230; x_wconf 84' lang='lat' dir='ltr'>Persona</span> <span class='ocrx_word' id='word_1_620' title='bbox 2041 2200 2139 2230; x_wconf 84' lang='lat' dir='ltr'>divina</span> <span class='ocrx_word' id='word_1_621' title='bbox 2167 2201 2297 2229; x_wconf 80' lang='lat' dir='ltr'>mittatur</span> 
     </span>
    </p>
   </div>
   <div class='ocr_carea' id='block_1_80' title="bbox 1594 2241 2294 2343">
    <p class='ocr_par' dir='ltr' id='par_1_104' title="bbox 1594 2241 2294 2343">
     <span class='ocr_line' id='line_1_160' title="bbox 1705 2241 2294 2278; baseline 0.002 -9"><span class='ocrx_word' id='word_1_622' title='bbox 1705 2241 1760 2269; x_wconf 88' lang='lat' dir='ltr'>nisi</span> <span class='ocrx_word' id='word_1_623' title='bbox 1771 2242 1808 2269; x_wconf 89' lang='lat' dir='ltr'>ab</span> <span class='ocrx_word' id='word_1_624' title='bbox 1819 2250 1854 2269; x_wconf 88' lang='lat' dir='ltr'>ea</span> <span class='ocrx_word' id='word_1_625' title='bbox 1864 2250 1881 2269; x_wconf 86' lang='lat' dir='ltr'>a</span> <span class='ocrx_word' id='word_1_626' title='bbox 1892 2251 1950 2278; x_wconf 85' lang='lat' dir='ltr'>qua</span> <span class='ocrx_word' id='word_1_627' title='bbox 1962 2241 2092 2278; x_wconf 90' lang='lat' dir='ltr'>procedit</span> <span class='ocrx_word' id='word_1_628' title='bbox 2103 2241 2294 2270; x_wconf 82' lang='lat' dir='ltr'>aeternaliter.</span> 
     </span>
     <span class='ocr_line' id='line_1_161' title="bbox 1594 2307 2285 2343; baseline 0.003 -9"><span class='ocrx_word' id='word_1_629' title='bbox 1594 2307 1789 2341; x_wconf 87' lang='lat' dir='ltr'>QUAESTIO</span> <span class='ocrx_word' id='word_1_630' title='bbox 1817 2308 2285 2343; x_wconf 82' lang='lat' dir='ltr'>QUADRAGESIMAQUARTA</span> 
     </span>
    </p>
   </div>
   <div class='ocr_carea' id='block_1_81' title="bbox 1555 2375 2324 2410">
    <p class='ocr_par' dir='ltr' id='par_1_105' title="bbox 1555 2375 2324 2410">
     <span class='ocr_line' id='line_1_162' title="bbox 1555 2375 2324 2410; baseline 0.003 -7"><span class='ocrx_word' id='word_1_631' title='bbox 1555 2375 1606 2404; x_wconf 89' lang='lat' dir='ltr'>De</span> <span class='ocrx_word' id='word_1_632' title='bbox 1625 2375 1854 2410; x_wconf 86' lang='lat' dir='ltr'>processione</span> <span class='ocrx_word' id='word_1_633' title='bbox 1880 2376 2118 2405; x_wconf 86' lang='lat' dir='ltr'>creaturarum</span> <span class='ocrx_word' id='word_1_634' title='bbox 2138 2383 2162 2404; x_wconf 84' lang='lat' dir='ltr'>a</span> <span class='ocrx_word' id='word_1_635' title='bbox 2182 2375 2266 2410; x_wconf 86' lang='lat' dir='ltr'>Deo,</span> <span class='ocrx_word' id='word_1_636' title='bbox 2288 2376 2324 2405; x_wconf 89' lang='lat' dir='ltr'>et</span> 
     </span>
    </p>
   </div>
   <div class='ocr_carea' id='block_1_82' title="bbox 1619 2414 2259 2451">
    <p class='ocr_par' dir='ltr' id='par_1_106' title="bbox 1619 2414 2259 2451">
     <span class='ocr_line' id='line_1_163' title="bbox 1619 2414 2259 2451; baseline -0.002 -8"><span class='ocrx_word' id='word_1_637' title='bbox 1619 2414 1662 2444; x_wconf 87' lang='lat' dir='ltr'>de</span> <span class='ocrx_word' id='word_1_638' title='bbox 1684 2415 1835 2444; x_wconf 83' lang='lat' dir='ltr'>omnium</span> <span class='ocrx_word' id='word_1_639' title='bbox 1857 2415 1986 2444; x_wconf 84' lang='lat' dir='ltr'>entium</span> <span class='ocrx_word' id='word_1_640' title='bbox 2005 2415 2118 2451; x_wconf 76' lang='lat' dir='ltr'>prima</span> <span class='ocrx_word' id='word_1_641' title='bbox 2139 2423 2259 2445; x_wconf 86' lang='lat' dir='ltr'>causa.</span> 
     </span>
    </p>
   </div>
   <div class='ocr_carea' id='block_1_83' title="bbox 1402 2479 2295 2508">
    <p class='ocr_par' dir='ltr' id='par_1_107' title="bbox 1402 2479 2295 2508">
     <span class='ocr_line' id='line_1_164' title="bbox 1402 2479 2295 2508; baseline 0.001 -1"><span class='ocrx_word' id='word_1_642' title='bbox 1402 2487 1567 2508; x_wconf 66' lang='grc' dir='ltr'>Ακτιεσιυε</span> <span class='ocrx_word' id='word_1_643' title='bbox 1581 2488 1592 2508; x_wconf 92' lang='lat'>1</span> <span class='ocrx_word' id='word_1_644' title='bbox 1650 2480 1753 2508; x_wconf 86' lang='lat' dir='ltr'>Utrum</span> <span class='ocrx_word' id='word_1_645' title='bbox 1776 2479 1811 2508; x_wconf 84' lang='lat' dir='ltr'>sit</span> <span class='ocrx_word' id='word_1_646' title='bbox 1831 2479 2026 2508; x_wconf 84' lang='lat' dir='ltr'>necessarium</span> <span class='ocrx_word' id='word_1_647' title='bbox 2048 2489 2138 2508; x_wconf 89' lang='lat' dir='ltr'>omne</span> <span class='ocrx_word' id='word_1_648' title='bbox 2159 2489 2212 2508; x_wconf 86' lang='lat' dir='ltr'>ens</span> <span class='ocrx_word' id='word_1_649' title='bbox 2233 2488 2295 2508; x_wconf 89' lang='lat' dir='ltr'>esse</span> 
     </span>
    </p>
   </div>
   <div class='ocr_carea' id='block_1_84' title="bbox 1485 2521 2294 2708">
    <p class='ocr_par' dir='ltr' id='par_1_108' title="bbox 1685 2521 2293 2548">
     <span class='ocr_line' id='line_1_165' title="bbox 1685 2521 2293 2548; baseline 0.002 -1"><span class='ocrx_word' id='word_1_650' title='bbox 1685 2526 1814 2547; x_wconf 91' lang='lat' dir='ltr'>creatum</span> <span class='ocrx_word' id='word_1_651' title='bbox 1835 2529 1853 2547; x_wconf 88' lang='lat' dir='ltr'>a</span> <span class='ocrx_word' id='word_1_652' title='bbox 1881 2521 1945 2548; x_wconf 90' lang='lat' dir='ltr'>Deo</span> <span class='ocrx_word' id='word_1_653' title='bbox 1948 2541 2293 2548; x_wconf 90' lang='lat'>............</span> 
     </span>
    </p>

    <p class='ocr_par' dir='ltr' id='par_1_109' title="bbox 1485 2559 2294 2637">
     <span class='ocr_line' id='line_1_166' title="bbox 1485 2559 2293 2596; baseline 0.002 -10"><span class='ocrx_word' id='word_1_654' title='bbox 1485 2571 1500 2585; x_wconf 64' lang='lat'>2&gt;</span> <span class='ocrx_word' id='word_1_655' title='bbox 1583 2567 1604 2587; x_wconf 89' lang='lat'>11</span> <span class='ocrx_word' id='word_1_656' title='bbox 1655 2560 1759 2587; x_wconf 91' lang='lat' dir='ltr'>Utrum</span> <span class='ocrx_word' id='word_1_657' title='bbox 1782 2559 1902 2588; x_wconf 87' lang='lat' dir='ltr'>materia</span> <span class='ocrx_word' id='word_1_658' title='bbox 1916 2559 2010 2596; x_wconf 90' lang='lat' dir='ltr'>prima</span> <span class='ocrx_word' id='word_1_659' title='bbox 2028 2559 2064 2587; x_wconf 89' lang='lat' dir='ltr'>sit</span> <span class='ocrx_word' id='word_1_660' title='bbox 2078 2566 2174 2588; x_wconf 83' lang='lat' dir='ltr'>creata</span> <span class='ocrx_word' id='word_1_661' title='bbox 2187 2569 2205 2588; x_wconf 90' lang='lat' dir='ltr'>a</span> <span class='ocrx_word' id='word_1_662' title='bbox 2219 2561 2293 2588; x_wconf 92' lang='lat' dir='ltr'>Deo.</span> 
     </span>
     <span class='ocr_line' id='line_1_167' title="bbox 1584 2599 2294 2637; baseline 0.001 -10"><span class='ocrx_word' id='word_1_663' title='bbox 1584 2607 1616 2628; x_wconf 84' lang='lat'>111</span> <span class='ocrx_word' id='word_1_664' title='bbox 1656 2599 1760 2627; x_wconf 84' lang='lat' dir='ltr'>Utrum</span> <span class='ocrx_word' id='word_1_665' title='bbox 1772 2609 1859 2628; x_wconf 80' lang='lat' dir='ltr'>causa</span> <span class='ocrx_word' id='word_1_666' title='bbox 1869 2600 2038 2637; x_wconf 88' lang='lat' dir='ltr'>exemplaris</span> <span class='ocrx_word' id='word_1_667' title='bbox 2047 2599 2084 2628; x_wconf 88' lang='lat' dir='ltr'>sit</span> <span class='ocrx_word' id='word_1_668' title='bbox 2093 2599 2203 2637; x_wconf 82' lang='lat' dir='ltr'>aliquid</span> <span class='ocrx_word' id='word_1_669' title='bbox 2211 2608 2294 2636; x_wconf 84' lang='lat' dir='ltr'>prae-</span> 
     </span>
    </p>

    <p class='ocr_par' dir='ltr' id='par_1_110' title="bbox 1685 2640 2294 2670">
     <span class='ocr_line' id='line_1_168' title="bbox 1685 2640 2294 2670; baseline 0.002 -3"><span class='ocrx_word' id='word_1_670' title='bbox 1685 2646 1728 2667; x_wconf 90' lang='lat' dir='ltr'>ter</span> <span class='ocrx_word' id='word_1_671' title='bbox 1749 2640 1844 2668; x_wconf 91' lang='lat' dir='ltr'>Deum</span> <span class='ocrx_word' id='word_1_672' title='bbox 1857 2661 2294 2670; x_wconf 88' lang='lat'>...............</span> 
     </span>
    </p>

    <p class='ocr_par' dir='ltr' id='par_1_111' title="bbox 1485 2679 2292 2708">
     <span class='ocr_line' id='line_1_169' title="bbox 1485 2679 2292 2708; baseline 0.002 -2"><span class='ocrx_word' id='word_1_673' title='bbox 1485 2691 1500 2706; x_wconf 82' lang='lat'><strong>»</strong></span> <span class='ocrx_word' id='word_1_674' title='bbox 1583 2687 1614 2707; x_wconf 80' lang='lat' dir='ltr'>tv</span> <span class='ocrx_word' id='word_1_675' title='bbox 1653 2680 1757 2708; x_wconf 89' lang='lat' dir='ltr'>Utrum</span> <span class='ocrx_word' id='word_1_676' title='bbox 1779 2680 1858 2708; x_wconf 88' lang='lat' dir='ltr'>Deus</span> <span class='ocrx_word' id='word_1_677' title='bbox 1879 2679 1915 2708; x_wconf 91' lang='lat' dir='ltr'>sit</span> <span class='ocrx_word' id='word_1_678' title='bbox 1937 2689 2024 2708; x_wconf 88' lang='lat' dir='ltr'>causa</span> <span class='ocrx_word' id='word_1_679' title='bbox 2035 2679 2130 2708; x_wconf 79' lang='lat' dir='ltr'>finalis</span> <span class='ocrx_word' id='word_1_680' title='bbox 2147 2679 2292 2708; x_wconf 85' lang='lat' dir='ltr'>omnium.</span> 
     </span>
    </p>
   </div>
   <div class='ocr_carea' id='block_1_85' title="bbox 1603 2753 2275 2788">
    <p class='ocr_par' dir='ltr' id='par_1_112' title="bbox 1603 2753 2275 2788">
     <span class='ocr_line' id='line_1_170' title="bbox 1603 2753 2275 2788; baseline 0.001 -7"><span class='ocrx_word' id='word_1_681' title='bbox 1603 2753 1798 2788; x_wconf 83' lang='lat' dir='ltr'>QUAESTIO</span> <span class='ocrx_word' id='word_1_682' title='bbox 1820 2754 2275 2788; x_wconf 81' lang='lat' dir='ltr'>QUADRAGESIMAQUINTA</span> 
     </span>
    </p>
   </div>
   <div class='ocr_carea' id='block_1_86' title="bbox 1462 2813 2412 2852">
    <p class='ocr_par' dir='ltr' id='par_1_113' title="bbox 1462 2813 2412 2852">
     <span class='ocr_line' id='line_1_171' title="bbox 1462 2813 2412 2852; baseline 0 -8"><span class='ocrx_word' id='word_1_683' title='bbox 1462 2815 1512 2844; x_wconf 91' lang='lat' dir='ltr'>De</span> <span class='ocrx_word' id='word_1_684' title='bbox 1535 2813 1640 2844; x_wconf 87' lang='lat' dir='ltr'>modo</span> <span class='ocrx_word' id='word_1_685' title='bbox 1662 2815 1895 2846; x_wconf 83' lang='lat' dir='ltr'>emanationis</span> <span class='ocrx_word' id='word_1_686' title='bbox 1916 2822 2031 2844; x_wconf 86' lang='lat' dir='ltr'>rerum</span> <span class='ocrx_word' id='word_1_687' title='bbox 2051 2823 2075 2844; x_wconf 89' lang='lat' dir='ltr'>a</span> <span class='ocrx_word' id='word_1_688' title='bbox 2094 2815 2207 2852; x_wconf 85' lang='lat' dir='ltr'>primo</span> <span class='ocrx_word' id='word_1_689' title='bbox 2232 2814 2412 2851; x_wconf 84' lang='lat' dir='ltr'>principio.</span> 
     </span>
    </p>
   </div>
   <div class='ocr_carea' id='block_1_87' title="bbox 1401 2879 2293 2917">
    <p class='ocr_par' dir='ltr' id='par_1_114' title="bbox 1401 2879 2293 2917">
     <span class='ocr_line' id='line_1_172' title="bbox 1401 2879 2293 2917; baseline -0.001 -8"><span class='ocrx_word' id='word_1_690' title='bbox 1401 2887 1568 2909; x_wconf 74' lang='lat' dir='ltr'>ARTICULUS</span> <span class='ocrx_word' id='word_1_691' title='bbox 1589 2887 1599 2907; x_wconf 91' lang='lat'>1</span> <span class='ocrx_word' id='word_1_692' title='bbox 1649 2879 1753 2907; x_wconf 92' lang='lat' dir='ltr'>Utrum</span> <span class='ocrx_word' id='word_1_693' title='bbox 1765 2888 1862 2908; x_wconf 83' lang='lat' dir='ltr'>creare</span> <span class='ocrx_word' id='word_1_694' title='bbox 1874 2879 1909 2907; x_wconf 90' lang='lat' dir='ltr'>sit</span> <span class='ocrx_word' id='word_1_695' title='bbox 1924 2889 1956 2907; x_wconf 88' lang='lat' dir='ltr'>ex</span> <span class='ocrx_word' id='word_1_696' title='bbox 1969 2879 2060 2908; x_wconf 90' lang='lat' dir='ltr'>nihilo</span> <span class='ocrx_word' id='word_1_697' title='bbox 2071 2879 2180 2917; x_wconf 85' lang='lat' dir='ltr'>aliquid</span> <span class='ocrx_word' id='word_1_698' title='bbox 2192 2879 2293 2908; x_wconf 84' lang='lat' dir='ltr'>facere.</span> 
     </span>
    </p>
   </div>
   <div class='ocr_carea' id='block_1_88' title="bbox 1485 2919 2294 3347">
    <p class='ocr_par' dir='ltr' id='par_1_115' title="bbox 1485 2919 2293 3068">
     <span class='ocr_line' id='line_1_173' title="bbox 1485 2919 2293 2957; baseline 0.002 -11"><span class='ocrx_word' id='word_1_699' title='bbox 1485 2931 1500 2946; x_wconf 61' lang='grc' dir='ltr'>ι»</span> <span class='ocrx_word' id='word_1_700' title='bbox 1583 2927 1604 2947; x_wconf 88' lang='lat'>11</span> <span class='ocrx_word' id='word_1_701' title='bbox 1656 2919 1758 2947; x_wconf 91' lang='lat' dir='ltr'>Utrum</span> <span class='ocrx_word' id='word_1_702' title='bbox 1781 2920 1859 2948; x_wconf 84' lang='lat' dir='ltr'>Deus</span> <span class='ocrx_word' id='word_1_703' title='bbox 1880 2919 1972 2956; x_wconf 90' lang='lat' dir='ltr'>possit</span> <span class='ocrx_word' id='word_1_704' title='bbox 1992 2919 2101 2957; x_wconf 86' lang='lat' dir='ltr'>aliquid</span> <span class='ocrx_word' id='word_1_705' title='bbox 2124 2929 2232 2948; x_wconf 85' lang='lat' dir='ltr'>creare.</span> <span class='ocrx_word' id='word_1_706' title='bbox 2256 2942 2262 2948; x_wconf 97' lang='lat'>.</span> <span class='ocrx_word' id='word_1_707' title='bbox 2286 2941 2293 2948; x_wconf 88' lang='lat'>.</span> 
     </span>
     <span class='ocr_line' id='line_1_174' title="bbox 1486 2959 2293 2996; baseline 0.002 -10"><span class='ocrx_word' id='word_1_708' title='bbox 1486 2971 1500 2986; x_wconf 82' lang='lat'><strong>»</strong></span> <span class='ocrx_word' id='word_1_709' title='bbox 1584 2967 1616 2987; x_wconf 91' lang='lat'>111</span> <span class='ocrx_word' id='word_1_710' title='bbox 1652 2959 1754 2987; x_wconf 88' lang='lat' dir='ltr'>Utrum</span> <span class='ocrx_word' id='word_1_711' title='bbox 1776 2959 1883 2988; x_wconf 86' lang='lat' dir='ltr'>creatio</span> <span class='ocrx_word' id='word_1_712' title='bbox 1906 2959 1941 2988; x_wconf 89' lang='lat' dir='ltr'>sit</span> <span class='ocrx_word' id='word_1_713' title='bbox 1962 2959 2071 2996; x_wconf 84' lang='lat' dir='ltr'>aliquid</span> <span class='ocrx_word' id='word_1_714' title='bbox 2092 2959 2123 2988; x_wconf 91' lang='lat' dir='ltr'>in</span> <span class='ocrx_word' id='word_1_715' title='bbox 2143 2966 2293 2989; x_wconf 85' lang='lat' dir='ltr'>creatura.</span> 
     </span>
     <span class='ocr_line' id='line_1_175' title="bbox 1486 2999 2293 3036; baseline 0.002 -10"><span class='ocrx_word' id='word_1_716' title='bbox 1486 3011 1500 3026; x_wconf 80' lang='lat'><strong>»</strong></span> <span class='ocrx_word' id='word_1_717' title='bbox 1582 3006 1612 3027; x_wconf 87' lang='lat' dir='ltr'>1v</span> <span class='ocrx_word' id='word_1_718' title='bbox 1651 2999 1754 3027; x_wconf 89' lang='lat' dir='ltr'>Utrum</span> <span class='ocrx_word' id='word_1_719' title='bbox 1776 2999 1867 3027; x_wconf 88' lang='lat' dir='ltr'>creari</span> <span class='ocrx_word' id='word_1_720' title='bbox 1882 2999 1918 3027; x_wconf 92' lang='lat' dir='ltr'>sit</span> <span class='ocrx_word' id='word_1_721' title='bbox 1939 2999 2092 3036; x_wconf 84' lang='lat' dir='ltr'>proprium</span> <span class='ocrx_word' id='word_1_722' title='bbox 2113 2999 2293 3036; x_wconf 85' lang='lat' dir='ltr'>composito-</span> 
     </span>
     <span class='ocr_line' id='line_1_176' title="bbox 1686 3039 2292 3068; baseline 0.003 -2"><span class='ocrx_word' id='word_1_723' title='bbox 1686 3048 1751 3066; x_wconf 91' lang='lat' dir='ltr'>rum</span> <span class='ocrx_word' id='word_1_724' title='bbox 1773 3045 1801 3067; x_wconf 92' lang='lat' dir='ltr'>et</span> <span class='ocrx_word' id='word_1_725' title='bbox 1822 3039 2040 3068; x_wconf 85' lang='lat' dir='ltr'>subsistentium</span> <span class='ocrx_word' id='word_1_726' title='bbox 2043 3060 2292 3068; x_wconf 89' lang='grc'><strong>.........</strong></span> 
     </span>
    </p>

    <p class='ocr_par' dir='ltr' id='par_1_116' title="bbox 1487 3079 2294 3188">
     <span class='ocr_line' id='line_1_177' title="bbox 1487 3079 2291 3108; baseline 0.002 -2"><span class='ocrx_word' id='word_1_727' title='bbox 1487 3091 1501 3106; x_wconf 82' lang='grc'>»</span> <span class='ocrx_word' id='word_1_728' title='bbox 1584 3087 1605 3107; x_wconf 88' lang='lat' dir='ltr'>v</span> <span class='ocrx_word' id='word_1_729' title='bbox 1655 3079 1759 3107; x_wconf 82' lang='lat' dir='ltr'>Utrum</span> <span class='ocrx_word' id='word_1_730' title='bbox 1781 3079 1872 3108; x_wconf 87' lang='lat' dir='ltr'>solius</span> <span class='ocrx_word' id='word_1_731' title='bbox 1898 3079 1951 3108; x_wconf 88' lang='lat' dir='ltr'>Dei</span> <span class='ocrx_word' id='word_1_732' title='bbox 1973 3079 2009 3108; x_wconf 90' lang='lat' dir='ltr'>sit</span> <span class='ocrx_word' id='word_1_733' title='bbox 2033 3088 2131 3108; x_wconf 84' lang='lat' dir='ltr'>creare</span> <span class='ocrx_word' id='word_1_734' title='bbox 2132 3100 2291 3108; x_wconf 88' lang='grc'><strong>......</strong></span> 
     </span>
     <span class='ocr_line' id='line_1_178' title="bbox 1585 3119 2294 3156; baseline 0 -9"><span class='ocrx_word' id='word_1_735' title='bbox 1585 3127 1615 3147; x_wconf 83' lang='lat' dir='ltr'>vx</span> <span class='ocrx_word' id='word_1_736' title='bbox 1657 3119 1760 3147; x_wconf 89' lang='lat' dir='ltr'>Utrum</span> <span class='ocrx_word' id='word_1_737' title='bbox 1792 3128 1889 3148; x_wconf 82' lang='lat' dir='ltr'>creare</span> <span class='ocrx_word' id='word_1_738' title='bbox 1919 3119 1955 3148; x_wconf 90' lang='lat' dir='ltr'>sit</span> <span class='ocrx_word' id='word_1_739' title='bbox 1987 3119 2139 3156; x_wconf 83' lang='lat' dir='ltr'>proprium</span> <span class='ocrx_word' id='word_1_740' title='bbox 2173 3119 2294 3148; x_wconf 87' lang='lat' dir='ltr'>alicuius</span> 
     </span>
     <span class='ocr_line' id='line_1_179' title="bbox 1687 3160 2292 3188; baseline 0 -1"><span class='ocrx_word' id='word_1_741' title='bbox 1687 3160 1833 3187; x_wconf 84' lang='lat' dir='ltr'>Personae</span> <span class='ocrx_word' id='word_1_742' title='bbox 1859 3180 2292 3188; x_wconf 89' lang='grc'><strong>...............</strong></span> 
     </span>
    </p>

    <p class='ocr_par' dir='ltr' id='par_1_117' title="bbox 1488 3198 2293 3276">
     <span class='ocr_line' id='line_1_180' title="bbox 1488 3198 2293 3228; baseline 0.001 -2"><span class='ocrx_word' id='word_1_743' title='bbox 1488 3211 1502 3226; x_wconf 78' lang='grc'>»</span> <span class='ocrx_word' id='word_1_744' title='bbox 1585 3207 1627 3227; x_wconf 86' lang='lat' dir='ltr'>vn</span> <span class='ocrx_word' id='word_1_745' title='bbox 1658 3199 1760 3227; x_wconf 87' lang='lat' dir='ltr'>Utrum</span> <span class='ocrx_word' id='word_1_746' title='bbox 1777 3198 1806 3227; x_wconf 91' lang='lat' dir='ltr'>in</span> <span class='ocrx_word' id='word_1_747' title='bbox 1821 3198 1958 3228; x_wconf 86' lang='lat' dir='ltr'>creaturis</span> <span class='ocrx_word' id='word_1_748' title='bbox 1979 3199 2015 3227; x_wconf 90' lang='lat' dir='ltr'>sit</span> <span class='ocrx_word' id='word_1_749' title='bbox 2035 3208 2153 3228; x_wconf 83' lang='lat' dir='ltr'>necesse</span> <span class='ocrx_word' id='word_1_750' title='bbox 2171 3198 2293 3227; x_wconf 88' lang='lat' dir='ltr'>inveniri</span> 
     </span>
     <span class='ocr_line' id='line_1_181' title="bbox 1687 3238 2293 3276; baseline 0 -9"><span class='ocrx_word' id='word_1_751' title='bbox 1687 3238 1838 3276; x_wconf 81' lang='lat' dir='ltr'>vestigium</span> <span class='ocrx_word' id='word_1_752' title='bbox 1860 3238 2008 3268; x_wconf 86' lang='lat' dir='ltr'>Trinitatis</span> <span class='ocrx_word' id='word_1_753' title='bbox 2012 3260 2293 3267; x_wconf 91' lang='grc'>..........</span> 
     </span>
    </p>

    <p class='ocr_par' dir='ltr' id='par_1_118' title="bbox 1586 3278 2294 3347">
     <span class='ocr_line' id='line_1_182' title="bbox 1586 3278 2294 3316; baseline 0.001 -10"><span class='ocrx_word' id='word_1_754' title='bbox 1586 3287 1638 3307; x_wconf 85' lang='lat' dir='ltr'>vm</span> <span class='ocrx_word' id='word_1_755' title='bbox 1659 3279 1763 3307; x_wconf 90' lang='lat' dir='ltr'>Utrum</span> <span class='ocrx_word' id='word_1_756' title='bbox 1778 3278 1885 3307; x_wconf 90' lang='lat' dir='ltr'>creatio</span> <span class='ocrx_word' id='word_1_757' title='bbox 1900 3278 2094 3308; x_wconf 85' lang='lat' dir='ltr'>admisceatur</span> <span class='ocrx_word' id='word_1_758' title='bbox 2111 3278 2142 3307; x_wconf 88' lang='lat' dir='ltr'>in</span> <span class='ocrx_word' id='word_1_759' title='bbox 2156 3278 2294 3316; x_wconf 89' lang='lat' dir='ltr'>operibus</span> 
     </span>
     <span class='ocr_line' id='line_1_183' title="bbox 1687 3318 2292 3347; baseline 0 0"><span class='ocrx_word' id='word_1_760' title='bbox 1687 3326 1808 3347; x_wconf 80' lang='lat' dir='ltr'>naturae</span> <span class='ocrx_word' id='word_1_761' title='bbox 1829 3325 1857 3347; x_wconf 88' lang='lat' dir='ltr'>et</span> <span class='ocrx_word' id='word_1_762' title='bbox 1878 3318 1947 3347; x_wconf 87' lang='lat' dir='ltr'>artis</span> <span class='ocrx_word' id='word_1_763' title='bbox 1950 3340 2292 3347; x_wconf 85' lang='lat'>............</span> 
     </span>
    </p>
   </div>
   <div class='ocr_carea' id='block_1_89' title="bbox 1614 3392 2264 3427">
    <p class='ocr_par' dir='ltr' id='par_1_119' title="bbox 1614 3392 2264 3427">
     <span class='ocr_line' id='line_1_184' title="bbox 1614 3392 2264 3427; baseline 0 -7"><span class='ocrx_word' id='word_1_764' title='bbox 1614 3392 1808 3427; x_wconf 83' lang='lat' dir='ltr'>QUAESTIO</span> <span class='ocrx_word' id='word_1_765' title='bbox 1831 3392 2264 3427; x_wconf 78' lang='lat' dir='ltr'>QUADRAGESIMASEXTA</span> 
     </span>
    </p>
   </div>
   <div class='ocr_carea' id='block_1_90' title="bbox 2343 1130 2358 1146">
    <p class='ocr_par' dir='ltr' id='par_1_120' title="bbox 2343 1130 2358 1146">
     <span class='ocr_line' id='line_1_185' title="bbox 2343 1130 2358 1146; baseline 0 0"><span class='ocrx_word' id='word_1_766' title='bbox 2343 1130 2358 1146; x_wconf 66' lang='lat'><em>2</em></span> 
     </span>
    </p>
   </div>
   <div class='ocr_carea' id='block_1_91' title="bbox 2342 1211 2357 1226">
    <p class='ocr_par' dir='ltr' id='par_1_121' title="bbox 2342 1211 2357 1226">
     <span class='ocr_line' id='line_1_186' title="bbox 2342 1211 2357 1226; baseline 0 0"><span class='ocrx_word' id='word_1_767' title='bbox 2342 1211 2357 1226; x_wconf 61' lang='lat' dir='ltr'>&gt;D</span> 
     </span>
    </p>
   </div>
   <div class='ocr_carea' id='block_1_92' title="bbox 2341 1291 2356 1306">
    <p class='ocr_par' dir='ltr' id='par_1_122' title="bbox 2341 1291 2356 1306">
     <span class='ocr_line' id='line_1_187' title="bbox 2341 1291 2356 1306; baseline 0 0"><span class='ocrx_word' id='word_1_768' title='bbox 2341 1291 2356 1306; x_wconf 71' lang='grc'>1)</span> 
     </span>
    </p>
   </div>
   <div class='ocr_carea' id='block_1_93' title="bbox 2340 1372 2356 1427">
    <p class='ocr_par' dir='ltr' id='par_1_123' title="bbox 2340 1372 2356 1427">
     <span class='ocr_line' id='line_1_188' title="bbox 2341 1372 2356 1387; baseline 0 0"><span class='ocrx_word' id='word_1_769' title='bbox 2341 1372 2356 1387; x_wconf 59' lang='lat' dir='ltr'><strong>D</strong></span> 
     </span>
     <span class='ocr_line' id='line_1_189' title="bbox 2340 1412 2355 1427; baseline 0 0"><span class='ocrx_word' id='word_1_770' title='bbox 2340 1412 2355 1427; x_wconf 55' lang='grc' dir='ltr'><strong><em>Ὦ</em></strong></span> 
     </span>
    </p>
   </div>
   <div class='ocr_carea' id='block_1_94' title="bbox 2342 1492 2357 1508">
    <p class='ocr_par' dir='ltr' id='par_1_124' title="bbox 2342 1492 2357 1508">
     <span class='ocr_line' id='line_1_190' title="bbox 2342 1492 2357 1508; baseline 0 0"><span class='ocrx_word' id='word_1_771' title='bbox 2342 1492 2357 1508; x_wconf 60' lang='lat' dir='ltr'>D</span> 
     </span>
    </p>
   </div>
   <div class='ocr_carea' id='block_1_95' title="bbox 2346 2091 2360 2106">
    <p class='ocr_par' dir='ltr' id='par_1_125' title="bbox 2346 2091 2360 2106">
     <span class='ocr_line' id='line_1_191' title="bbox 2346 2091 2360 2106; baseline 0 0"><span class='ocrx_word' id='word_1_772' title='bbox 2346 2091 2360 2106; x_wconf 54' lang='grc' dir='ltr'><em>ὓ</em></span> 
     </span>
    </p>
   </div>
   <div class='ocr_carea' id='block_1_96' title="bbox 2338 2171 2353 2186">
    <p class='ocr_par' dir='ltr' id='par_1_126' title="bbox 2338 2171 2353 2186">
     <span class='ocr_line' id='line_1_192' title="bbox 2338 2171 2353 2186; baseline 0 0"><span class='ocrx_word' id='word_1_773' title='bbox 2338 2171 2353 2186; x_wconf 73' lang='lat'><strong>»</strong></span> 
     </span>
    </p>
   </div>
   <div class='ocr_carea' id='block_1_97' title="bbox 2339 2251 2354 2266">
    <p class='ocr_par' dir='ltr' id='par_1_127' title="bbox 2339 2251 2354 2266">
     <span class='ocr_line' id='line_1_193' title="bbox 2339 2251 2354 2266; baseline 0 0"><span class='ocrx_word' id='word_1_774' title='bbox 2339 2251 2354 2266; x_wconf 73' lang='lat'><strong>»</strong></span> 
     </span>
    </p>
   </div>
   <div class='ocr_carea' id='block_1_98' title="bbox 2338 2530 2353 2585">
    <p class='ocr_par' dir='ltr' id='par_1_128' title="bbox 2338 2530 2353 2585">
     <span class='ocr_line' id='line_1_194' title="bbox 2338 2530 2353 2546; baseline 0 0"><span class='ocrx_word' id='word_1_775' title='bbox 2338 2530 2353 2546; x_wconf 74' lang='lat'><strong>»</strong></span> 
     </span>
     <span class='ocr_line' id='line_1_195' title="bbox 2338 2570 2353 2585; baseline 0 0"><span class='ocrx_word' id='word_1_776' title='bbox 2338 2570 2353 2585; x_wconf 75' lang='lat'>›</span> 
     </span>
    </p>
   </div>
   <div class='ocr_carea' id='block_1_99' title="bbox 2338 2650 2354 2705">
    <p class='ocr_par' dir='ltr' id='par_1_129' title="bbox 2338 2650 2354 2705">
     <span class='ocr_line' id='line_1_196' title="bbox 2339 2650 2354 2665; baseline 0 0"><span class='ocrx_word' id='word_1_777' title='bbox 2339 2650 2354 2665; x_wconf 74' lang='lat'><strong>»</strong></span> 
     </span>
     <span class='ocr_line' id='line_1_197' title="bbox 2338 2690 2353 2705; baseline 0 0"><span class='ocrx_word' id='word_1_778' title='bbox 2338 2690 2353 2705; x_wconf 54' lang='lat' dir='ltr'>D</span> 
     </span>
    </p>
   </div>
   <div class='ocr_carea' id='block_1_100' title="bbox 2338 2891 2354 2986">
    <p class='ocr_par' dir='ltr' id='par_1_130' title="bbox 2338 2891 2354 2986">
     <span class='ocr_line' id='line_1_198' title="bbox 2338 2891 2353 2906; baseline 0 0"><span class='ocrx_word' id='word_1_779' title='bbox 2338 2891 2353 2906; x_wconf 60' lang='lat' dir='ltr'>D</span> 
     </span>
     <span class='ocr_line' id='line_1_199' title="bbox 2338 2931 2353 2946; baseline 0 0"><span class='ocrx_word' id='word_1_780' title='bbox 2338 2931 2353 2946; x_wconf 68' lang='lat'>3&gt;</span> 
     </span>
     <span class='ocr_line' id='line_1_200' title="bbox 2338 2971 2354 2986; baseline 0 0"><span class='ocrx_word' id='word_1_781' title='bbox 2338 2971 2354 2986; x_wconf 53' lang='grc' dir='ltr'><em>θ</em></span> 
     </span>
    </p>
   </div>
   <div class='ocr_carea' id='block_1_101' title="bbox 2337 3050 2352 3105">
    <p class='ocr_par' dir='ltr' id='par_1_131' title="bbox 2337 3050 2352 3105">
     <span class='ocr_line' id='line_1_201' title="bbox 2338 3050 2352 3065; baseline 0 0"><span class='ocrx_word' id='word_1_782' title='bbox 2338 3050 2352 3065; x_wconf 62' lang='lat' dir='ltr'>D</span> 
     </span>
     <span class='ocr_line' id='line_1_202' title="bbox 2337 3090 2352 3105; baseline 0 0"><span class='ocrx_word' id='word_1_783' title='bbox 2337 3090 2352 3105; x_wconf 52' lang='grc' dir='ltr'><em>Ὢ</em></span> 
     </span>
    </p>
   </div>
   <div class='ocr_carea' id='block_1_102' title="bbox 2338 3250 2353 3265">
    <p class='ocr_par' dir='ltr' id='par_1_132' title="bbox 2338 3250 2353 3265">
     <span class='ocr_line' id='line_1_203' title="bbox 2338 3250 2353 3265; baseline 0 0"><span class='ocrx_word' id='word_1_784' title='bbox 2338 3250 2353 3265; x_wconf 72' lang='lat'><strong>»</strong></span> 
     </span>
    </p>
   </div>
   <div class='ocr_carea' id='block_1_103' title="bbox 2338 3329 2352 3344">
    <p class='ocr_par' dir='ltr' id='par_1_133' title="bbox 2338 3329 2352 3344">
     <span class='ocr_line' id='line_1_204' title="bbox 2338 3329 2352 3344; baseline 0 0"><span class='ocrx_word' id='word_1_785' title='bbox 2338 3329 2352 3344; x_wconf 61' lang='lat'><em>2</em></span> 
     </span>
    </p>
   </div>
   <div class='ocr_carea' id='block_1_104' title="bbox 1525 3452 2351 3490">
    <p class='ocr_par' dir='ltr' id='par_1_134' title="bbox 1525 3452 2351 3490">
     <span class='ocr_line' id='line_1_205' title="bbox 1525 3452 2351 3490; baseline -0.001 -7"><span class='ocrx_word' id='word_1_786' title='bbox 1525 3455 1575 3483; x_wconf 91' lang='lat' dir='ltr'>De</span> <span class='ocrx_word' id='word_1_787' title='bbox 1597 3453 1766 3490; x_wconf 84' lang='lat' dir='ltr'>principio</span> <span class='ocrx_word' id='word_1_788' title='bbox 1788 3452 1982 3482; x_wconf 86' lang='lat' dir='ltr'>durationis</span> <span class='ocrx_word' id='word_1_789' title='bbox 2003 3460 2118 3482; x_wconf 85' lang='lat' dir='ltr'>rerum</span> <span class='ocrx_word' id='word_1_790' title='bbox 2144 3454 2351 3482; x_wconf 84' lang='lat' dir='ltr'>creatarum.</span> 
     </span>
    </p>
   </div>
   <div class='ocr_carea' id='block_1_105' title="bbox 1404 3517 2296 3666">
    <p class='ocr_par' dir='ltr' id='par_1_135' title="bbox 1404 3517 2296 3586">
     <span class='ocr_line' id='line_1_206' title="bbox 1404 3517 2296 3555; baseline -0.001 -8"><span class='ocrx_word' id='word_1_791' title='bbox 1404 3527 1569 3547; x_wconf 79' lang='lat' dir='ltr'>ARTICULUS</span> <span class='ocrx_word' id='word_1_792' title='bbox 1583 3527 1595 3547; x_wconf 88' lang='lat'>1</span> <span class='ocrx_word' id='word_1_793' title='bbox 1652 3519 1756 3547; x_wconf 86' lang='lat' dir='ltr'>Utrum</span> <span class='ocrx_word' id='word_1_794' title='bbox 1777 3517 1948 3546; x_wconf 85' lang='lat' dir='ltr'>universitas</span> <span class='ocrx_word' id='word_1_795' title='bbox 1961 3524 2158 3546; x_wconf 81' lang='lat' dir='ltr'>creaturarum</span> <span class='ocrx_word' id='word_1_796' title='bbox 2179 3526 2296 3555; x_wconf 83' lang='lat' dir='ltr'>semper</span> 
     </span>
     <span class='ocr_line' id='line_1_207' title="bbox 1686 3558 1770 3586; baseline 0.012 -1"><span class='ocrx_word' id='word_1_797' title='bbox 1686 3558 1770 3586; x_wconf 87' lang='lat' dir='ltr'>fuerit</span> 
     </span>
    </p>

    <p class='ocr_par' dir='ltr' id='par_1_136' title="bbox 1586 3597 2292 3665">
     <span class='ocr_line' id='line_1_208' title="bbox 1586 3597 2292 3665; baseline 0.001 -40"><span class='ocrx_word' id='word_1_798' title='bbox 1586 3606 1609 3626; x_wconf 84' lang='lat'>11</span> <span class='ocrx_word' id='word_1_799' title='bbox 1658 3598 1928 3665; x_wconf 75' lang='lat' dir='ltr'>Utrumfidmundum</span> <span class='ocrx_word' id='word_1_800' title='bbox 1949 3597 2110 3634; x_wconf 85' lang='lat' dir='ltr'>incoepisse</span> <span class='ocrx_word' id='word_1_801' title='bbox 2131 3597 2168 3626; x_wconf 74' lang='lat' dir='ltr'>sit</span> <span class='ocrx_word' id='word_1_802' title='bbox 2188 3597 2292 3626; x_wconf 76' lang='lat' dir='ltr'>articu-</span> 
     </span>
    </p>

    <p class='ocr_par' dir='ltr' id='par_1_137' title="bbox 1688 3638 2292 3666">
     <span class='ocr_line' id='line_1_209' title="bbox 1688 3638 2292 3666; baseline 0.002 -1"><span class='ocrx_word' id='word_1_803' title='bbox 1688 3638 1733 3665; x_wconf 92' lang='lat' dir='ltr'>lus</span> <span class='ocrx_word' id='word_1_804' title='bbox 1794 3646 1820 3665; x_wconf 83' lang='lat' dir='ltr'>ei</span> <span class='ocrx_word' id='word_1_805' title='bbox 1829 3658 2292 3666; x_wconf 85' lang='grc'><strong>................</strong></span> 
     </span>
    </p>
   </div>
   <div class='ocr_carea' id='block_1_106' title="bbox 1800 3579 2289 3586">
    <p class='ocr_par' dir='ltr' id='par_1_138' title="bbox 1800 3579 2289 3586">
     <span class='ocr_line' id='line_1_210' title="bbox 1800 3579 2289 3586; baseline 0 0"><span class='ocrx_word' id='word_1_806' title='bbox 1800 3579 2289 3586; x_wconf 75' lang='lat'><strong>·················</strong></span> 
     </span>
    </p>
   </div>
   <div class='ocr_carea' id='block_1_107' title="bbox 2337 3647 2351 3663">
    <p class='ocr_par' dir='ltr' id='par_1_139' title="bbox 2337 3647 2351 3663">
     <span class='ocr_line' id='line_1_211' title="bbox 2337 3647 2351 3663; baseline 0 0"><span class='ocrx_word' id='word_1_807' title='bbox 2337 3647 2351 3663; x_wconf 61' lang='lat'>2</span> 
     </span>
    </p>
   </div>
   <div class='ocr_carea' id='block_1_108' title="bbox 2418 1121 2479 1319">
    <p class='ocr_par' dir='ltr' id='par_1_140' title="bbox 2418 1121 2479 1319">
     <span class='ocr_line' id='line_1_212' title="bbox 2420 1121 2478 1156; baseline 0.017 -8"><span class='ocrx_word' id='word_1_808' title='bbox 2420 1121 2478 1156; x_wconf 84' lang='lat'>4³5</span> 
     </span>
     <span class='ocr_line' id='line_1_213' title="bbox 2420 1200 2479 1235; baseline 0 -7"><span class='ocrx_word' id='word_1_809' title='bbox 2420 1200 2479 1235; x_wconf 90' lang='lat'>438</span> 
     </span>
     <span class='ocr_line' id='line_1_214' title="bbox 2418 1282 2478 1319; baseline 0.033 -2"><span class='ocrx_word' id='word_1_810' title='bbox 2418 1282 2478 1319; x_wconf 42' lang='lat' dir='ltr'>4ss</span> 
     </span>
    </p>
   </div>
   <div class='ocr_carea' id='block_1_109' title="bbox 2418 1370 2477 1437">
    <p class='ocr_par' dir='ltr' id='par_1_141' title="bbox 2418 1370 2477 1437">
     <span class='ocr_line' id='line_1_215' title="bbox 2419 1370 2474 1396; baseline 0 -7"><span class='ocrx_word' id='word_1_811' title='bbox 2419 1370 2474 1396; x_wconf 89' lang='lat'>441</span> 
     </span>
     <span class='ocr_line' id='line_1_216' title="bbox 2418 1409 2477 1437; baseline 0 -8"><span class='ocrx_word' id='word_1_812' title='bbox 2418 1409 2477 1437; x_wconf 85' lang='lat'>442</span> 
     </span>
    </p>
   </div>
   <div class='ocr_carea' id='block_1_110' title="bbox 2415 1929 2475 1958">
    <p class='ocr_par' dir='ltr' id='par_1_142' title="bbox 2415 1929 2475 1958">
     <span class='ocr_line' id='line_1_217' title="bbox 2415 1929 2475 1958; baseline 0.033 -2"><span class='ocrx_word' id='word_1_813' title='bbox 2415 1929 2475 1958; x_wconf 80' lang='lat'>447</span> 
     </span>
    </p>
   </div>
   <div class='ocr_carea' id='block_1_111' title="bbox 2417 1969 2477 2035">
    <p class='ocr_par' dir='ltr' id='par_1_143' title="bbox 2417 1969 2477 2035">
     <span class='ocr_line' id='line_1_218' title="bbox 2417 1969 2476 1997; baseline 0.034 -2"><span class='ocrx_word' id='word_1_814' title='bbox 2417 1969 2476 1997; x_wconf 89' lang='grc'>449</span> 
     </span>
     <span class='ocr_line' id='line_1_219' title="bbox 2417 2000 2477 2035; baseline 0 -7"><span class='ocrx_word' id='word_1_815' title='bbox 2417 2000 2477 2035; x_wconf 92' lang='grc' dir='ltr'>45ο</span> 
     </span>
    </p>
   </div>
   <div class='ocr_carea' id='block_1_112' title="bbox 2416 2080 2476 2195">
    <p class='ocr_par' dir='ltr' id='par_1_144' title="bbox 2416 2080 2476 2195">
     <span class='ocr_line' id='line_1_220' title="bbox 2417 2080 2472 2115; baseline 0 -7"><span class='ocrx_word' id='word_1_816' title='bbox 2417 2080 2472 2115; x_wconf 69' lang='grc'>451</span> 
     </span>
     <span class='ocr_line' id='line_1_221' title="bbox 2416 2160 2476 2195; baseline 0 -7"><span class='ocrx_word' id='word_1_817' title='bbox 2416 2160 2476 2195; x_wconf 86' lang='lat'>452</span> 
     </span>
    </p>
   </div>
   <div class='ocr_carea' id='block_1_113' title="bbox 2417 2239 2478 2276">
    <p class='ocr_par' dir='ltr' id='par_1_145' title="bbox 2417 2239 2478 2276">
     <span class='ocr_line' id='line_1_222' title="bbox 2417 2239 2478 2276; baseline 0.016 -1"><span class='ocrx_word' id='word_1_818' title='bbox 2417 2239 2478 2276; x_wconf 43' lang='lat'>4&amp;</span> 
     </span>
    </p>
   </div>
   <div class='ocr_carea' id='block_1_114' title="bbox 2415 2520 2475 2596">
    <p class='ocr_par' dir='ltr' id='par_1_146' title="bbox 2415 2520 2475 2596">
     <span class='ocr_line' id='line_1_223' title="bbox 2416 2520 2474 2555; baseline 0 -7"><span class='ocrx_word' id='word_1_819' title='bbox 2416 2520 2474 2555; x_wconf 87' lang='lat'>455</span> 
     </span>
     <span class='ocr_line' id='line_1_224' title="bbox 2415 2560 2475 2596; baseline 0.017 -1"><span class='ocrx_word' id='word_1_820' title='bbox 2415 2560 2475 2596; x_wconf 47' lang='lat'>4&amp;</span> 
     </span>
    </p>
   </div>
   <div class='ocr_carea' id='block_1_115' title="bbox 2415 2639 2476 2714">
    <p class='ocr_par' dir='ltr' id='par_1_147' title="bbox 2415 2639 2476 2714">
     <span class='ocr_line' id='line_1_225' title="bbox 2416 2639 2476 2674; baseline 0 -7"><span class='ocrx_word' id='word_1_821' title='bbox 2416 2639 2476 2674; x_wconf 89' lang='lat'>460</span> 
     </span>
     <span class='ocr_line' id='line_1_226' title="bbox 2415 2679 2470 2714; baseline 0 -7"><span class='ocrx_word' id='word_1_822' title='bbox 2415 2679 2454 2714; x_wconf 88' lang='lat'>46</span> <span class='ocrx_word' id='word_1_823' title='bbox 2461 2688 2470 2707; x_wconf 92' lang='lat'>1</span> 
     </span>
    </p>
   </div>
   <div class='ocr_carea' id='block_1_116' title="bbox 2415 2865 2535 2916">
    <p class='ocr_par' dir='ltr' id='par_1_148' title="bbox 2415 2865 2535 2916">
     <span class='ocr_line' id='line_1_227' title="bbox 2415 2865 2535 2916; baseline 0.008 -1"><span class='ocrx_word' id='word_1_824' title='bbox 2415 2881 2476 2916; x_wconf 50' lang='lat'>&amp;4</span> <span class='ocrx_word' id='word_1_825' title='bbox 2530 2865 2535 2870; x_wconf 46' lang='lat'>⁸</span> 
     </span>
    </p>
   </div>
   <div class='ocr_carea' id='block_1_117' title="bbox 2415 2920 2475 2995">
    <p class='ocr_par' dir='ltr' id='par_1_149' title="bbox 2415 2920 2475 2995">
     <span class='ocr_line' id='line_1_228' title="bbox 2415 2920 2473 2955; baseline 0 -7"><span class='ocrx_word' id='word_1_826' title='bbox 2415 2920 2473 2955; x_wconf 87' lang='grc'>465</span> 
     </span>
     <span class='ocr_line' id='line_1_229' title="bbox 2415 2961 2475 2995; baseline 0 -6"><span class='ocrx_word' id='word_1_827' title='bbox 2415 2961 2475 2995; x_wconf 83' lang='grc'>466</span> 
     </span>
    </p>
   </div>
   <div class='ocr_carea' id='block_1_118' title="bbox 2414 3040 2474 3117">
    <p class='ocr_par' dir='ltr' id='par_1_150' title="bbox 2414 3040 2474 3117">
     <span class='ocr_line' id='line_1_230' title="bbox 2415 3040 2474 3075; baseline 0 -7"><span class='ocrx_word' id='word_1_828' title='bbox 2415 3040 2474 3075; x_wconf 88' lang='lat'>468</span> 
     </span>
     <span class='ocr_line' id='line_1_231' title="bbox 2414 3080 2474 3117; baseline 0.017 -1"><span class='ocrx_word' id='word_1_829' title='bbox 2414 3080 2474 3117; x_wconf 48' lang='lat'>4&amp;</span> 
     </span>
    </p>
   </div>
   <div class='ocr_carea' id='block_1_119' title="bbox 2415 3168 2475 3196">
    <p class='ocr_par' dir='ltr' id='par_1_151' title="bbox 2415 3168 2475 3196">
     <span class='ocr_line' id='line_1_232' title="bbox 2415 3168 2475 3196; baseline 0 -1"><span class='ocrx_word' id='word_1_830' title='bbox 2415 3168 2475 3196; x_wconf 68' lang='lat' dir='ltr'>4u</span> 
     </span>
    </p>
   </div>
  </div>
 </body>
</html>
