2768 4178
987 222 1257 269 QUAESTIO
1288 223 1322 270 I,
1351 222 1645 262 ARTICULUS
1674 225 1725 271 VI

315 300 367 331 111.
391 300 549 332 Probatur
563 310 638 342 ergo
655 301 761 342 primo
785 302 894 343 quoad
908 301 1046 342 primam
1060 308 1183 342 partem
1194 299 1221 333 *.
1249 302 1332 332 Inter

255 344 465 386 speculativas
489 345 614 386 dignior
633 352 680 377 est
702 356 767 376 una
790 346 887 377 altera
909 353 1041 387 propter
1060 345 1283 377 certitudinem
1302 352 1333 376 et

255 389 442 430 dignitatem
465 390 623 426 materiae,
649 400 686 421 ex
702 390 714 420 1
731 390 771 421 de
784 390 902 421 Anima
918 389 952 420 *:
977 390 1055 421 haec
1079 389 1200 421 excellit
1224 391 1334 431 quoad

255 440 445 474 utrumque:
471 444 557 475 ergo.
575 452 594 458 -
610 434 768 466 Probatur
783 434 890 465 minor
906 435 1014 475 quoad
1032 435 1177 475 primam
1198 441 1332 475 partem.

205 500 207 504 ψ
255 479 343 509 Haec
367 485 414 509 est
437 485 521 510 certa
543 478 665 510 lumine
689 478 798 509 divino
821 478 980 509 infallibili
993 502 1000 515 ‚
1025 478 1104 509 aliae
1127 478 1250 510 lumine
1274 479 1332 510 hu-

255 533 353 554 mano
370 522 511 554 fauibili:
535 533 612 564 ergo
635 523 695 554 ista
718 530 765 554 est
781 523 904 554 certior.
930 522 1071 563 Intellige
1092 524 1269 555 secundum
1286 534 1332 562 se,

254 578 323 598 non
346 567 448 605 nobis,
473 574 510 598 ut
531 573 619 608 patet
641 577 680 598 ex
703 567 913 608 responsione
936 568 977 598 ad
999 567 1158 608 primum.
1177 585 1196 592 -
1216 569 1335 606 Quoad

254 612 429 643 secundam
453 620 546 642 vero:
571 611 648 642 haec
672 618 719 643 est
736 612 775 642 de
799 611 1022 643 excedentibus
1046 612 1204 643 rationem
1220 613 1335 644 huma-

255 666 350 693 nam,
376 656 456 687 aliae
479 655 519 686 de
542 655 677 687 subditis
699 656 816 687 rationi
839 656 1016 687 humanae:
1051 667 1126 697 ergo
1150 657 1209 688 ista
1233 664 1280 688 est
1296 658 1335 688 de

166 742 173 754 ι
199 741 205 747 ἱ
221 740 227 746 Ι
255 699 464 741 dignioribus.
481 699 648 731 Fundatur
662 700 741 731 haec
759 701 839 731 ratio
855 710 951 742 super
966 701 1047 732 illud
1063 701 1089 732 11
1106 702 1291 743 Metaphys.
1304 702 1332 740 *,

254 746 339 776 sicut
361 745 475 775 oculus
506 749 644 776 noctuae
670 745 715 776 ad
738 745 846 776 lumen
875 746 954 776 solis
977 752 1052 777 etc.:
1077 746 1151 777 inde
1175 746 1334 788 siquidem

254 789 390 820 habetur
404 789 496 830 quod
514 789 696 820 excedentia
715 789 782 820 vim
804 789 984 821 intellectus
1007 790 1118 827 nostri,
1136 798 1211 822 sunt
1233 791 1334 822 mani-

254 833 425 865 festissima
447 833 481 864 in
506 843 539 864 se
555 843 591 864 ac
606 833 813 865 lucidissima.
836 836 884 865 Ac
907 844 964 875 per
979 834 1051 871 hoc,
1069 835 1217 876 propriae
1240 836 1335 867 ratio-

254 887 311 909 nes
334 877 584 909 substantiarum
607 877 882 915 intellectualium,
899 889 981 920 quae
1002 886 1168 911 remanent
1191 881 1335 912 occultae

254 928 386 964 propter
409 921 627 954 excellentiam
651 932 771 960 earum,
793 930 869 955 sunt
891 923 1052 965 digniores
1075 924 1136 955 illis
1160 925 1335 956 earundem

255 966 505 1004 conditionibus,
525 974 605 1008 quas
625 977 661 998 ex
676 967 877 999 sensibilibus
901 969 1080 1000 abstrahere
1104 979 1278 1010 possumus
1301 969 1335 1000 in

253 1011 482 1053 metaphysica,
498 1018 558 1043 etc.
582 1011 624 1043 Et
646 1011 730 1049 ideo,
748 1022 824 1043 cum
848 1013 888 1044 de
908 1013 1096 1044 huiusmodi
1112 1013 1335 1045 excedentibus

254 1056 369 1088 sitista
383 1056 524 1093 scientia,
540 1055 685 1098 sequitur
703 1057 794 1098 quod
810 1057 850 1089 sit
865 1058 904 1088 de
921 1057 1129 1098 dignioribus,
1146 1068 1214 1089 non
1227 1059 1333 1094 rebuS,

254 1100 332 1142 quia
347 1100 437 1132 nulla
453 1110 502 1132 res
518 1101 589 1132 Deo
605 1107 652 1132 est
668 1101 804 1142 dignior,
819 1102 876 1133 sed
891 1112 1000 1133 rerum
1016 1102 1266 1134 conditionibus.

313 1145 369 1177 lv.
394 1143 544 1177 Secunda
571 1152 680 1177 autem
708 1146 924 1178 conclusionis
947 1156 1020 1187 pars
1035 1146 1053 1166 *
1075 1147 1240 1187 probatur.
1264 1147 1335 1177 Pra-

254 1189 408 1222 cticarum
431 1189 486 1221 illa
509 1190 644 1231 dignior,
668 1200 751 1232 quae
775 1191 816 1221 ad
839 1191 1024 1222 ulteriorem
1046 1190 1146 1222 finem
1165 1201 1231 1222 non
1251 1191 1335 1222 ordi·

253 1241 367 1275 natur:
399 1235 455 1265 sed
478 1233 550 1265 finis
565 1233 670 1266 huius
703 1241 750 1266 est
781 1234 853 1266 finis
877 1235 1011 1266 ultimus
1041 1234 1157 1266 finium
1185 1235 1335 1266 omnium

254 1273 407 1311 iliarum:
433 1289 520 1320 ergo.
536 1297 557 1302 -
571 1279 729 1310 Probatur
747 1280 851 1310 maior
864 1279 899 1310 in
914 1279 998 1310 civili
1017 1286 1048 1310 et
1064 1279 1202 1311 militari.
1227 1280 1335 1311 Minor

253 1333 341 1361 vero,
366 1324 443 1366 quia
466 1323 549 1354 finis.
562 1323 659 1355 huius
684 1330 731 1355 est
754 1323 919 1355 beatitudo
943 1330 1080 1355 aeterna.

314 1368 356 1400 V.
379 1369 518 1400 Adverte
541 1367 592 1399 hic
615 1368 706 1410 quod
734 1368 839 1399 maior
861 1368 1065 1409 intelligitur,
1098 1378 1165 1400 non
1189 1369 1336 1400 absolute

255 1419 292 1445 ut
313 1412 405 1450 iacet,
430 1412 487 1444 sed
509 1412 549 1443 de
572 1412 717 1453 practicis
741 1413 966 1444 subordinatis.
1000 1413 1167 1451 Quoniam
1196 1424 1264 1445 non
1289 1421 1336 1445 est

253 1465 378 1494 verum,
401 1456 484 1488 inter
507 1456 660 1498 practicas
684 1457 866 1498 disparatas,
891 1457 1072 1499 digniorem
1096 1468 1164 1489 esse
1187 1468 1271 1500 quae
1295 1459 1336 1489 ad

254 1501 440 1534 ulteriorem
463 1500 562 1533 finem
586 1511 652 1532 non
677 1501 857 1533 ordinatur:
883 1502 1010 1544 dignius
1039 1512 1180 1544 namque
1204 1510 1252 1534 est
1274 1503 1335 1541 mi-

254 1545 386 1578 nistrare
410 1546 583 1587 superioris
607 1546 728 1577 ordinis
752 1546 829 1583 arti,
859 1554 938 1588 puta
961 1546 1100 1583 aurifici,
1125 1558 1225 1588 quam
1249 1548 1335 1588 prin-

255 1589 354 1632 cipari
367 1591 402 1622 in
425 1597 491 1623 arte
513 1590 672 1622 inferioris
696 1591 826 1628 ordinis¹
851 1598 931 1632 puta
952 1591 1052 1633 figuli.
1078 1592 1141 1624 Sed
1161 1592 1244 1624 inter
1266 1602 1335 1633 pra-

255 1634 352 1668 etim
375 1645 513 1677 quarum
533 1645 598 1667 una
613 1635 842 1667 subordinatur
860 1636 959 1673 alteri,
979 1636 1093 1677 procul
1112 1636 1212 1668 dubio
1232 1637 1336 1668 maior

255 1686 304 1712 est
323 1689 410 1712 vera.
438 1680 479 1712 Et
501 1687 671 1722 propterea
693 1680 727 1711 in
749 1680 852 1712 littera
872 1691 939 1712 non
958 1682 1189 1722 subsumptum
1212 1688 1259 1713 est
1281 1682 1335 1713 ab-

254 1724 362 1757 solute
375 1725 467 1767 quod
489 1725 671 1767 theologiae
693 1724 767 1756 finis
791 1735 858 1756 non
877 1725 1106 1758 subordinatur
1125 1726 1165 1757 ad
1181 1726 1334 1758 alterum:

255 1769 312 1801 sed
335 1770 527 1811 subsumpta
550 1777 625 1802 sunt
648 1770 733 1801 duo:
767 1777 798 1802 et
820 1771 912 1812 quod
938 1781 1053 1802 omnes
1077 1771 1156 1802 aliae
1180 1771 1336 1812 practicae

254 1814 505 1846 subordinantur
524 1814 585 1851 isti,
602 1814 738 1846 dicendo
755 1815 846 1856 quod
868 1814 947 1846 fines
972 1815 1108 1847 aliarum
1131 1815 1335 1847 scientiarum

254 1858 465 1899 practicarum
489 1859 678 1890 ordinantur
699 1860 738 1890 ad
754 1859 852 1890 finem
872 1860 978 1896 istius;
1004 1867 1035 1891 et
1051 1860 1140 1901 quod
1157 1859 1229 1890 finis
1245 1860 1337 1891 istius

2416 244 2459 280 ¹7

1390 309 1437 333 est
1456 303 1600 341 ultimus,
1617 311 1675 335 etc.
1700 304 1751 336 Sic
1775 306 1861 336 enim
1884 306 2022 347 perfecta
2046 315 2092 339 est
2115 309 2208 346 ratio,
2230 310 2320 340 omni
2339 311 2467 342 exclusa

1391 347 1561 379 calumnia.
1923 374 1933 381 .

1449 392 1503 424 Vl.
1528 392 1591 423 Sed
1621 400 1785 424 memento
1808 394 1859 425 hic
1883 396 1993 435 primo
2017 396 2103 427 illius
2137 397 2346 429 distinctionis
2366 400 2465 441 finis:

1390 435 1509 468 scilicet
1523 437 1556 468 in
1580 436 1679 468 finem
1703 439 1840 469 rationis
1863 440 2029 480 operandi,
2048 450 2103 471 seu
2128 443 2177 472 rei
2199 448 2362 483 operatae,
2381 451 2410 474 et
2433 444 2466 474 in

1390 481 1486 512 finem
1511 483 1686 522 operantis.
1707 482 1878 520 Quoniam
1901 484 2064 515 beatitudo
2088 493 2214 517 aeterna
2237 496 2302 517 non
2330 494 2376 518 est
2395 487 2466 518 finis

1391 526 1524 557 ultimus
1549 526 1699 557 omnium
1722 529 1944 567 operantium,
1971 539 2046 559 cum
2068 530 2160 561 m'ulti
2195 538 2367 571 operentur
2390 542 2466 563 con-

1390 578 1437 602 tra
1459 570 1558 607 illam,
1583 581 1602 602 a
1625 571 1740 602 virtute
1761 572 1958 609 recedendo,
1984 574 2162 604 secundum
2185 582 2266 606 artes
2290 583 2396 606 tamen
2419 586 2466 607 re-

1391 623 1439 646 cte
1455 616 1639 656 operando:
1665 615 1720 647 sed
1741 623 1788 647 est
1806 615 1878 647 finis
1897 617 2046 648 omnium
2069 620 2232 649 rationum
2252 620 2418 660 operandi,
2436 628 2467 651 et

1391 659 1541 691 omnium
1560 670 1671 691 rerum
1687 665 1910 701 operaturum,
1927 661 2083 702 quoniam
2098 663 2208 694 omnia
2223 663 2411 695 ordinantur
2426 665 2466 695 ad

1390 705 1515 735 bonum
1538 704 1686 741 rationis,
1711 705 1802 746 quod
1825 706 1955 736 tandem
1985 706 2150 737 ordinatur
2176 707 2209 738 in
2237 708 2466 739 beatitudinem

1391 755 1563 780 aeternam.
1580 749 1621 780 Et
1636 749 1710 780 ideo
1727 749 1759 779 in
1776 749 1883 781 litterar
1897 757 1987 781 caute
2004 750 2117 782 dicitur
2133 752 2221 792 quod
2238 751 2316 783 fines
2332 753 2466 784 aliarum

1390 795 1612 831 scientiarum,
1633 800 1664 824 et
1682 803 1749 824 non
1769 794 1884 825 dicitur
1907 793 1986 825 fines
2009 796 2189 834 scientium,
2215 797 2403 828 ordinantur
2426 798 2467 828 ad

1390 837 1621 869 beatitudinem
1644 844 1815 869 aeternam.

1449 883 1613 914 Memento
1629 883 1771 914 secundo
1790 883 1917 914 alterius
1934 883 2165 914 distinctionis:
2190 884 2308 916 scilicet
2328 884 2400 915 finis
2420 887 2466 916 in—

1391 928 1539 964 trinseci,
1565 933 1596 958 et
1619 928 1802 958 extrinseci.
1835 927 1876 958 Et
1898 927 2037 968 intellige
2068 929 2158 969 quod
2181 928 2252 959 finis
2276 930 2467 960 extrinsecus

1390 971 1571 1011 theologiae
1594 971 1788 1012 inquantum
1809 972 1954 1013 practica,
1972 978 2019 1003 est
2041 972 2216 1010 beatitudo,
2234 983 2316 1014 quae
2333 981 2380 1004 est
2395 974 2469 1005 ulti·

1391 1026 1464 1046 mus
1480 1015 1562 1052 finis,
1579 1015 1659 1047 idest
1674 1015 1755 1047 visio
1779 1016 1856 1052 Dei;
1880 1016 1953 1048 licet
1974 1016 2047 1047 finis
2070 1017 2257 1048 intrinsecus
2273 1018 2341 1049 eius
2361 1025 2396 1049 ut
2412 1018 2466 1054 sic,

1391 1060 1431 1091 sit
1446 1060 1581 1101 operari.
1606 1061 1672 1092 Nec
1695 1060 1759 1092 hoc
1782 1062 1887 1092 obstat
1911 1060 2067 1092 efficaciae
2090 1062 2221 1093 rationis
2244 1062 2277 1093 in
2296 1063 2400 1094 littera
2423 1062 2467 1093 fa-

1391 1111 1474 1141 ctae,
1498 1115 1581 1146 quae
1605 1105 1644 1136 de
1667 1104 1730 1136 fine
1760 1105 1930 1136 intrinseco
1960 1105 2171 1146 practicarum
2194 1107 2397 1138 scientiarum
2420 1107 2467 1137 lo-

1391 1149 1518 1190 quitur:
1536 1149 1692 1190 quoniam
1708 1150 1810 1180 littera
1824 1150 1968 1191 loquitur
1986 1150 2024 1180 de
2040 1149 2103 1181 fine
2123 1151 2281 1191 proximo,
2298 1152 2364 1182 sive
2383 1158 2468 1182 extra

1391 1193 1456 1223 sive
1480 1193 1575 1224 intus.
1601 1193 1688 1224 Nihil
1705 1194 1791 1224 enim
1808 1194 1901 1225 refert
1919 1195 2028 1235 quoad
2045 1194 2230 1235 dignitatem
2246 1196 2409 1236 practicae,
2427 1206 2467 1226 an

1390 1236 1463 1268 finis
1487 1247 1559 1268 eam
1583 1237 1755 1269 nobilitans
1774 1238 1919 1269 afferatur
1942 1239 2028 1280 intus
2046 1239 2097 1269 vel
2116 1246 2210 1276 extra,
2231 1241 2411 1271 dummodo
2428 1241 2468 1271 sit

1391 1281 1567 1322 proximus.
1592 1282 1643 1313 Sic
1659 1289 1767 1313 autem
1784 1289 1830 1313 est
1846 1283 1879 1313 in
1892 1282 2074 1324 proposito:
2093 1284 2257 1324 quoniam,
2276 1291 2311 1315 ut
2327 1284 2360 1314 in
2377 1295 2468 1325 prae-

1391 1326 1515 1358 cedenti
1533 1326 1666 1358 articulo
1687 1326 1764 1358 dixit
1779 1329 1910 1363 Auctor,
1929 1328 1967 1358 de
1983 1327 2134 1368 operibus
2157 1328 2272 1359 nostris
2296 1335 2468 1360 tractamus

1390 1377 1548 1412 quatenus
1573 1381 1629 1411 per
1652 1381 1689 1402 ea
1712 1371 1899 1402 ordinamur
1922 1372 1962 1402 ad
1981 1372 2040 1403 Dei
2066 1373 2380 1413 contemplationem.
2407 1373 2467 1404 Ce-

1390 1422 1474 1446 terae
1491 1422 1600 1447 autem
1616 1415 1764 1447 scientiae
1788 1416 1904 1447 docent
1920 1417 2043 1456 operari
2059 1424 2189 1458 propter
2205 1417 2290 1448 hunc
2306 1417 2405 1448 finem
2422 1428 2468 1448 re-

1391 1466 1488 1491 mote.
1505 1478 1525 1482 -
1540 1460 1612 1491 Hoc
1636 1467 1754 1496 autem,
1772 1460 1890 1492 scilicet
1913 1461 2003 1502 quod
2026 1461 2103 1492 haec
2123 1462 2252 1493 scientia
2275 1461 2468 1503 inquantum

1390 1504 1526 1545 practica
1539 1505 1634 1536 habet
1648 1505 1788 1535 eundem
1799 1504 1895 1535 finem
1909 1506 2095 1545 proximum
2107 1516 2205 1547 quem
2221 1506 2315 1537 habet
2330 1507 2468 1547 inquan-

1390 1556 1462 1580 tum
1478 1549 1670 1590 speculativa
1687 1547 1772 1592 (licet
1795 1549 1858 1580 alio
1881 1551 1991 1586 modo,
2010 1550 2084 1592 quia
2101 1549 2299 1593 extrinsece),
2320 1551 2469 1582 convenit

1390 1593 1465 1624 huic
1489 1593 1636 1625 scientiae
1664 1593 1739 1635 quia
1763 1601 1810 1625 est
1839 1595 2015 1625 secundum
2046 1595 2123 1636 quid
2151 1595 2305 1635 practica:
2331 1595 2356 1626 si
2381 1595 2467 1626 enim

1390 1645 1471 1669 esset
1494 1648 1573 1679 pure
1597 1638 1748 1678 practica,
1774 1639 1929 1679 speculari
1953 1646 2096 1670 remotus
2120 1639 2188 1670 eius
2212 1639 2284 1670 finis
2309 1647 2398 1671 esset.

1446 1683 1516 1714 Vll.
1549 1683 1729 1724 Responsio
1766 1683 1806 1714 ad
1841 1684 2019 1714 secundum
2055 1684 2179 1721 duabus
2211 1684 2467 1715 distinctionibus

1391 1727 1500 1758 utitur.
1523 1728 1679 1768 Accipere
1698 1727 1879 1768 dupliciter:
1905 1738 1923 1758 a
1938 1728 2104 1768 superiori,
2124 1729 2175 1759 vel
2193 1729 2232 1759 ab
2251 1728 2402 1760 inferiori.
2427 1729 2468 1759 Et

1390 1772 1453 1803 hoc
1469 1771 1650 1812 dupliciter:
1675 1772 1725 1802 vel
1745 1779 1876 1813 propter
1895 1773 2055 1804 defectum
2071 1782 2127 1804 seu
2146 1773 2402 1804 insufficientiam
2419 1784 2467 1804 ac-

1389 1816 1550 1857 cipientis;
1574 1817 1624 1847 vel
1644 1816 1890 1848 subventionem
1915 1817 2054 1849 defectus
2075 1817 2178 1854 alieni,
2196 1825 2274 1858 puta
2290 1818 2468 1849 intellectus

1392 1861 1491 1892 nostri
1516 1861 1549 1892 in
1573 1861 1754 1902 proposito.

1083 2005 1404 2049 ARTICULUS
1434 2006 1645 2059 SEXTUS

910 2090 1067 2121 UTRUM
1092 2090 1212 2122 HAEC
1236 2090 1465 2122 DOCTRINA
1489 2091 1556 2123 sir
1581 2091 1808 2124 SAPIENTIA

755 2125 785 2133 σ

809 2170 817 2194 l
839 2170 924 2198 Seni..
943 2170 1026 2201 Prol„
1045 2176 1093 2196 art.
1115 2170 1138 2201 3,
1158 2172 1205 2204 qu·
1220 2178 1236 2202 ι,
1254 2170 1284 2202 3;
1304 2171 1333 2200 ll,
1353 2171 1432 2202 Prot,
1452 2171 1543 2204 princ.;
1564 2171 1583 2196 11
1606 2172 1683 2197 cont.
1705 2173 1792 2202 Gent„
1807 2180 1864 2205 cap.
1877 2180 1910 2197 ιν.

328 2284 346 2326 s
386 2280 440 2363 si}
466 2303 567 2341 'haec
595 2303 769 2341 doctrina
800 2316 881 2341 non
909 2304 956 2342 sit
982 2304 1182 2354 sapientia.
1219 2305 1336 2342 Nulla

375 2388 393 2400 ,
412 2362 436 2398 ‘6
450 2354 454 2358 ”
471 2357 574 2394 enim
604 2356 778 2394 doctrina
806 2369 904 2407 quae
931 2358 1115 2408 supponit
1138 2370 1208 2396 sua
1235 2358 1336 2408 prin-

426 2403 571 2460 ¹cipia
589 2410 756 2459 aliunde,
777 2410 892 2460 digna
921 2420 978 2449 est
1005 2412 1164 2450 nomine
1187 2412 1337 2461 sapien-

254 2464 350 2503 tiae:
380 2464 471 2514 quia
497 2464 675 2514 sapientis
702 2470 758 2502 est
787 2465 980 2512 ordinare,
1000 2472 1036 2503 et
1062 2478 1138 2503 non
1163 2465 1338 2503 ordinari

134 2565 141 2576 Ι
255 2518 291 2566 (Ι
324 2518 544 2567 Metaphys.
566 2525 583 2540 “
603 2517 656 2565 ³¹³).
697 2519 775 2557 Sed
808 2519 906 2556 haec
942 2519 1117 2557 doctrina
1155 2519 1337 2569 supponit

254 2571 442 2622 principia
470 2584 540 2609 sua
573 2572 741 2619 aliunde,
761 2579 803 2609 ut
835 2585 882 2610 ex
909 2573 1018 2611 dictis
1046 2581 1151 2623 patet
1168 2573 1199 2611 ³¹⁶.
1231 2575 1335 2622 Ergo

254 2626 352 2663 haec
381 2625 555 2663 doctrina
582 2637 663 2663 non
693 2633 749 2662 est
777 2626 975 2676 sapientia.

312 2690 348 2716 2.
377 2679 618 2727 PRAETEREA,
649 2679 699 2716 ad
727 2679 953 2729 sapientiam
982 2680 1147 2729 pertinet
1169 2681 1336 2730 probare

255 2731 441 2784 principia
469 2732 632 2770 aliarum
661 2733 926 2771 scientiarum:
955 2734 1059 2772 unde
1085 2741 1125 2771 ut
1151 2740 1266 2783 caput
1284 2733 1338 2771 di-

142 2800 150 2812 »
257 2786 352 2823 citur
376 2785 633 2833 scientiarum,
654 2794 695 2824 ut
713 2787 764 2824 V1
783 2788 906 2824 Ethic.
922 2787 943 2809 '¹‘
960 2795 1065 2837 patet
1083 2787 1110 2824 β.
1143 2788 1220 2825 Sed
1240 2789 1337 2831 haec

256 2839 430 2877 doctrina
449 2852 530 2877 non
543 2840 683 2889 probat
700 2840 886 2890 principia
901 2841 1061 2879 aliarum
1077 2841 1335 2879 scientiarum.

257 2893 360 2942 Ergo
389 2905 470 2930 non
499 2901 556 2931 est
583 2894 782 2943 sapientia.
879 2900 885 2905 “

313 2947 348 2984 3.
367 2947 605 2996 PRAETEREA,
621 2948 718 2985 haec
737 2947 910 2986 doctrina
929 2961 999 2998 per
1018 2948 1188 2986 studium
1208 2948 1337 2998 acqui-

257 2999 359 3038 ritur.
390 3000 587 3050 Sapientia
624 3009 754 3039 autem
787 3014 857 3051 per
889 3002 1123 3040 infusionem
1153 3003 1335 3040 habetur:

256 3054 361 3091 unde
396 3053 494 3092 inter
521 3062 669 3104 septem
708 3056 812 3093 dona
839 3055 1003 3104 Spiritus
1032 3056 1161 3093 Sancti
1191 3061 1336 3093 con‘nu—

259 3114 439 3154 meratur,
462 3115 504 3145 ut
531 3116 636 3157 patet
665 3109 783 3146 Isaiae
802 3121 838 3146 xt
858 3108 890 3146 ³¹⁸.
919 3110 1022 3158 Ergo
1047 3110 1143 3147 haec
1164 3109 1336 3147 doctrina

259 3172 339 3197 non
369 3168 424 3198 est
452 3161 648 3211 sapientia.

314 3213 389 3250 SED
410 3225 557 3252 CONTRA
576 3227 643 3253 EST
663 3212 769 3266 quod
794 3216 931 3254 dicitur
943 3218 1055 3254 Dent.
1074 3229 1109 3254 tv
1127 3217 1158 3264 *,
1180 3217 1219 3254 in
1233 3217 1335 3266 prin-

260 3266 358 3316 cipio
386 3267 499 3315 legis:
527 3269 622 3307 haec
640 3275 694 3307 est
721 3275 849 3307 nostra
872 3270 1056 3319 sapientia
1075 3276 1112 3307 et
1131 3270 1336 3308 intellectus

260 3332 392 3357 coram
418 3322 580 3370 populis.

277 3434 342 3494 dda)
363 3434 382 3494 ί
398 3433 554 3468 Metaphys.
572 3449 592 3454 -
615 3439 645 3461 ut
667 3436 768 3462 dicitur
791 3438 819 3462 in
844 3438 862 3462 Ι
875 3438 977 3463 Metha.
998 3439 1033 3469 E;
1057 3439 1180 3463 omittunt
1206 3439 1284 3464 ceteri
1310 3444 1335 3464 et

260 3476 275 3494 e
312 3477 356 3537 ·β)α
362 3488 432 3530 unde
477 3509 565 3538 patet.
579 3519 598 3525 -
616 3506 687 3532 unde
699 3510 726 3532 et
738 3507 830 3540 (eriam
850 3509 882 3539 G,
898 3517 952 3534 om.
965 3510 998 3542 B)
1012 3513 1094 3542 caput
1107 3510 1280 3535 scientiarum
1294 3510 1335 3534 di-

260 3540 345 3600 ccigur,
365 3544 400 3601 utt
415 3544 494 3573 patet
513 3541 626 3574 (dicitur
643 3541 679 3575 G)
698 3543 725 3568 in
748 3543 788 3569 Vl
804 3544 891 3571 Ethic.
906 3545 1008 3570 codices
1015 3553 1022 3577 ς
1042 3545 1074 3571 cf.
1093 3546 1142 3570 loc.
1158 3546 1208 3576 cit„
1227 3551 1253 3570 et
1271 3545 1335 3571 infra

301 3583 389 3601 mmen
401 3595 408 3601 .
424 3585 449 3602 n.
462 3584 481 3602 1.

457 2247 492 2287 ‘n
521 2261 665 2287 SEXTUM
694 2261 748 2287 src
772 2261 1016 2288 PROCEmTUR.
1047 2250 1210 2288 Videtur
1229 2250 1335 2299 quod
1359 2255 1364 2307 l

1444 2252 1673 2288 REspoum-:o
1703 2263 1889 2289 morannum
1917 2253 2023 2300 quod
2051 2254 2146 2290 haec
2185 2253 2358 2291 doctrina
2386 2267 2466 2291 ma-

1387 2304 1490 2342 xime
1510 2305 1698 2354 sapientia
1727 2313 1783 2342 est
1809 2305 1906 2343 inter
1934 2318 2071 2343 omnes
2100 2307 2304 2356 sapientias
2331 2309 2468 2345 huma-

1389 2371 1480 2406 nas,
1505 2371 1585 2396 non
1613 2358 1772 2407 quidem
1802 2359 1839 2396 in
1868 2359 1997 2409 aliquo
2026 2372 2166 2408 genere
2199 2368 2367 2408 tantum,
2399 2362 2467 2399 sed

1389 2411 1623 2462 simpliciter.
1660 2412 1763 2450 Cum
1798 2412 1902 2450 enim
1940 2413 2121 2463 sapientis
2150 2414 2196 2451 sit
2224 2415 2402 2452 ordinare
2433 2422 2469 2451 et

1389 2465 1570 2513 iudicare,
1591 2466 1776 2504 iudicium
1796 2474 1926 2504 autem
1945 2480 2016 2516 per
2038 2467 2210 2505 altiorem
2242 2481 2397 2506 causam
2419 2469 2466 2506 de

1389 2519 1632 2557 inferioribus
1659 2520 1863 2565 habeatur;
1893 2520 1954 2556 ille
1978 2521 2130 2570 sapiens
2160 2521 2294 2559 dicitur
2312 2522 2351 2559 in
2370 2535 2467 2559 uno-

1390 2586 1546 2622 quoque
1565 2586 1717 2622 genere,
1739 2573 1804 2621 qui
1833 2574 2050 2617 considerat
2069 2587 2224 2612 causam
2245 2575 2467 2613 altissimam

1389 2627 1488 2664 illius
1516 2627 1678 2675 generis.
1708 2627 1786 2664 ΠΗ
1805 2627 1843 2663 in
1871 2639 2009 2675 genere
2039 2628 2213 2675 aedificii,
2244 2629 2373 2666 artifex
2402 2630 2467 2677 qui

1391 2680 1556 2730 disponit
1584 2681 1750 2718 formam
1781 2679 1934 2728 domus,
1956 2681 2091 2718 dicitur
2119 2682 2270 2731 sapiens
2291 2691 2326 2719 et
2347 2683 2467 2720 archi-

1388 2742 1522 2782 tector,
1553 2741 1728 2783 respectu
1755 2733 1980 2772 inferiorum
2010 2735 2212 2783 artificum,
2239 2736 2308 2785 ‘qui
2338 2737 2468 2773 dolant

1391 2788 1491 2836 ligna
1509 2788 1572 2824 vel
1591 2795 1728 2836 parant
1750 2787 1918 2836 lapides:
1947 2789 2052 2827 unde
2073 2789 2209 2827 dicitur
2228 2791 2241 2826 I
2268 2790 2355 2826 Cor.
2378 2802 2413 2826 111
2428 2790 2465 2826 *ε

1392 2847 1433 2878 ut
1463 2842 1613 2889 sapiens
1650 2841 1876 2878 architector
1900 2839 1914 2862 δ
1935 2843 2236 2890 fundamentum
2258 2844 2382 2891 posui.
2417 2844 2466 2880 Et

1390 2907 1532 2942 rursus,
1562 2895 1600 2931 in
1629 2906 1768 2943 genere
1796 2894 1911 2932 totius
1940 2896 2134 2933 humanae
2163 2896 2275 2943 vitae,
2297 2897 2465 2945 prudens

1390 2948 1542 2998 sapiens
1571 2954 1581 2968 ¹
1619 2947 1777 2995 dicitu'r,
1816 2948 2043 2997 inquantum
2084 2950 2235 2986 ordinat
2273 2950 2464 2986 humanos

1391 3010 1496 3039 actus
1525 3002 1573 3039 ad
1603 3001 1775 3038 debiturn
1799 3002 1941 3039 finem:
1970 3003 2073 3040 unde
2094 3003 2228 3040 dicitur
2246 3004 2359 3039 Prov.
2380 3015 2403 3039 x
2422 3003 2462 3039 ³¹⁶:

1389 3056 1573 3104 sapientia
1601 3061 1657 3091 est
1671 3055 1755 3092 viro
1778 3056 1994 3104 prudentia.
2026 3057 2089 3093 Ille
2119 3056 2228 3104 igitur
2256 3056 2321 3104 qui
2342 3056 2463 3093 consi-

1391 3109 1498 3146 derat
1536 3108 1755 3157 simpliciter
1792 3109 2015 3146 altissimam
2051 3122 2206 3147 causam
2241 3109 2354 3146 totius
2382 3110 2464 3146 uni-

1390 3163 1511 3210 versi,
1543 3174 1642 3211 quae
1675 3163 1782 3199 Deus
1816 3170 1891 3209 est,
1921 3163 2088 3200 maxime
2123 3163 2273 3212 sapiens
2312 3163 2462 3200 dicitur:

1390 3217 1492 3254 unde
1523 3223 1559 3253 et
1587 3215 1772 3265 sapientia
1804 3216 1938 3253 dicitur
1975 3229 2057 3253 esse
2087 3217 2300 3254 divinorum
2334 3217 2464 3266 cogni-

1391 3271 1440 3307 tio
1457 3269 1481 3316 ζ,
1509 3277 1550 3306 ut
1568 3276 1672 3318 patet
1688 3281 1760 3318 per
1781 3270 2052 3318 Augustinum,
2074 3270 2142 3306 XII
2163 3270 2209 3306 de
2232 3271 2268 3306 T
2263 3270 2413 3307 rinitate
2431 3270 2462 3307 ²¹⁶.

1391 3325 1507 3361 Sacra
1534 3331 1663 3359 autern
1684 3322 1854 3360 doctrina
1873 3323 2132 3372 propriissime
2162 3323 2387 3360 determinat
2416 3323 2462 3360 de

1391 3440 1485 3464 dolant
1509 3439 1584 3471 ligna
1603 3439 1644 3463 vel
1657 3443 1763 3471 parant
1781 3439 1899 3471 lapides,
1919 3439 1964 3470 qui
1982 3439 2076 3464 dolant
2099 3438 2202 3470 lapides
2222 3439 2263 3463 vel
2283 3442 2387 3471 parant
2405 3446 2462 3464 cae-

1391 3478 1508 3500 mentum
1527 3474 1639 3499 codices.

1443 3509 1468 3542 8)
1487 3509 1658 3535 architector.
1675 3523 1695 3529 -
1711 3510 1872 3536 architectus
1889 3510 1978 3534 ACEF
1980 3510 2011 3535 G.

1445 3546 1467 3578 ε)
1487 3545 1601 3577 sapiens.
1619 3558 1639 3564 -
1656 3549 1683 3571 et
1700 3546 1807 3578 sapiens
1827 3547 1855 3571 B.

1443 3581 1468 3613 ζ)
1489 3581 1642 3606 divinorum
1665 3581 1793 3614 cognitio.
1811 3595 1830 3601 -
1848 3581 1957 3614 dignior
1980 3580 2099 3614 cognitio
2118 3580 2261 3613 ACDEpF,
2288 3581 2398 3614 dignior
2420 3588 2463 3606 co-

316 3611 342 3645 γ)
367 3612 408 3637 Ut.
427 3626 447 3632 —-
465 3613 542 3638 Sicut
561 3612 672 3638 codices.
691 3627 710 3632 -
727 3617 754 3639 et
772 3619 831 3640 ante
847 3616 1010 3642 architector
1028 3617 1122 3642 omittit
1134 3617 1164 3642 B.
1182 3630 1201 3636 -
1221 3617 1271 3641 Pro
1290 3616 1336 3649 qui
1389 3617 1477 3650 gnitio
1497 3616 1649 3641 divinorum
1668 3617 1722 3641 BG.

408 3665 518 3690 Summa
538 3665 639 3690 Tarson.
661 3665 691 3689 D.
711 3665 826 3691 Trinitas
846 3667 878 3691 T.
897 3668 916 3692 1.

2297 3669 2309 3692 3

2494 2804 2503 2813 ·
2520 2802 2586 2824 Vers.
2599 2809 2630 2824 ro.

2493 3019 2500 3025 '
2520 3018 2585 3039 Vers.
2598 3023 2632 3044 23.

2492 3310 2501 3319 ⁸
2516 3309 2573 3335 Cap.
2590 3314 2636 3329 xrv.
