2768 4178
57 878 66 886 ·
82 876 107 897 S.
118 875 164 897 Th.
179 876 231 897 lect.
242 881 267 897 11.

55 915 66 919 -
81 902 134 924 Did.
149 902 188 924 lib.
202 902 211 923 1
226 904 267 929 (α),

56 935 107 956 cap.
119 935 134 956 1,
146 935 168 950 n.
183 935 203 956 5.

56 1092 66 1103 ⁸
81 1091 178 1113 Ibidem.

57 2044 65 2052 ”
76 2042 129 2063 Vid.
140 2047 207 2069 cap.1,
217 2048 267 2068 n.4;

57 2075 107 2096 cap.
118 2075 140 2094 x,
157 2074 207 2096 n.5.

58 2262 67 2271 ⁸
82 2261 133 2282 Art.
149 2266 170 2287 7.

70 3018 78 3026 ·
100 3016 147 3043 Qu.
164 3022 183 3041 ι,
199 3019 240 3037 art.
256 3016 278 3041 8,

67 3047 193 3064 comment.
210 3049 231 3063 n.
247 3049 258 3062 v
272 3058 277 3063 .

70 3282 77 3290 “
91 3280 159 3301 Locis
175 3280 196 3301 in
207 3280 280 3307 capite

70 3306 280 3328 articuliindicatis.

292 259 339 295 32

347 341 491 387 Quarta
518 338 582 375 via
610 337 771 374 sumitur
800 348 846 373 ex
874 335 1054 384 gradibus
1087 334 1152 383 qui
1180 335 1219 371 in
1248 334 1363 371 rebus

293 393 546 431 inveniuntur.
564 390 758 428 Invenitur
778 389 880 426 enim
894 389 933 426 in
953 389 1066 426 rebus
1085 387 1227 436 aliquid
1242 387 1363 435 magis

293 454 330 484 et
357 446 482 483 minus
509 445 669 491 bonurn,
696 451 733 480 et
759 455 908 490 verum,
931 450 967 479 et
995 442 1140 479 nobile:
1171 449 1206 478 et
1235 440 1287 477 sic
1315 440 1363 477 de

293 499 373 537 aliis
393 497 626 536 huiusmodi.
658 496 735 534 Sed
754 497 880 546 magis
897 503 933 532 et
951 496 1075 532 minus
1096 494 1272 531 dicuntur
1286 500 1300 514 ”
1316 493 1362 531 de

294 552 449 590 diversis
481 550 695 588 secundum
724 551 829 599 quod
866 548 1173 598 appropinquant
1207 546 1363 584 diversi-

293 605 410 643 mode
439 605 488 642 ad
516 603 657 654 aliquid
691 603 797 653 quod
818 602 984 640 maxime
1014 609 1088 638 est:
1119 601 1214 637 sicut
1241 599 1363 649 magis

294 658 459 696 calidum
488 665 560 705 est,
596 656 701 706 quod
735 655 856 704 magis
889 654 1170 704 appropinquat
1197 653 1363 690 maxime

293 712 427 750 calido.
461 712 531 748 Est
561 710 671 758 igitur
698 709 842 758 aliquid
880 707 986 758 quod
1014 715 1070 744 est
1098 706 1362 754 verissimum,

293 773 330 803 et
357 765 558 814 optimum,
580 771 617 801 et
645 762 935 810 nobilissimum,
963 769 999 798 et
1025 773 1094 810 per
1122 771 1363 807 consequens

293 819 459 856 maxime
488 830 573 855 ens:
603 829 694 854 nam
714 828 814 865 quae
843 823 930 853 sunt
954 813 1121 851 maxime
1149 825 1255 860 vera,
1277 820 1364 849 sunt

294 872 462 909 maxime
496 871 614 918 entia,
652 877 693 907 ut
727 869 860 907 dicitur
888 870 920 906 11
948 867 1166 915 Metaphys.
1191 865 1211 887 ²¹⁶
1245 866 1363 912 Quod

294 933 424 963 autem
458 924 592 962 dicitur
610 923 776 961 maxime
797 928 811 943 τ
829 922 903 959 tale
922 921 961 958 in
980 920 1106 970 aliquo
1126 931 1277 968 genere,
1309 926 1364 955 est

277 991 410 1018 ‚causa
447 977 623 1015 omnium
660 988 759 1025 quae
803 982 888 1012 sunt
925 974 1022 1011 illius
1059 973 1232 1021 generis:
1270 972 1364 1009 sicut

294 1032 406 1080 ignis,
427 1032 491 1080 qui
511 1039 566 1068 est
594 1029 760 1067 maxime
781 1027 940 1075 calidus,
967 1035 1023 1064 est
1047 1038 1162 1063 causa
1188 1025 1362 1062 omniurn

295 1085 518 1132 calidorum,
540 1092 583 1121 ut
609 1083 648 1121 in
676 1082 816 1119 eodem
843 1081 940 1118 libro
970 1079 1104 1117 dicitur
1122 1079 1153 1115 ²⁸.
1184 1079 1287 1127 Ergo
1307 1086 1364 1119 est

295 1138 435 1186 aliquid
467 1137 572 1186 quod
605 1135 784 1173 omnibus
817 1134 967 1171 entibus
987 1139 1000 1153 ⁰
1020 1140 1075 1170 est
1108 1144 1223 1170 causa
1257 1144 1361 1179 esse,

294 1199 331 1228 et
359 1190 548 1238 bonitatis,
569 1197 604 1227 et
623 1188 821 1226 cuiuslibet
848 1186 1109 1237 perfectionis:
1140 1193 1176 1223 et
1203 1186 1279 1223 hoc
1308 1185 1362 1224 di-

295 1245 413 1282 cimus
440 1246 582 1281 Deum.

336 1297 491 1345 ⁴Quinta
525 1297 589 1334 via
625 1296 787 1334 sumitur
823 1306 868 1331 ex
903 1292 1177 1342 gubernatione
1220 1303 1360 1329 rerum.

293 1351 480 1389 Videmus
508 1350 611 1388 enim
645 1349 750 1398 quod
778 1348 904 1397 aliqua
932 1358 1031 1396 quae
1059 1345 1274 1394 cognitione
1303 1357 1363 1382 ca-

294 1412 388 1452 rent,
408 1404 548 1442 scilicet
575 1415 736 1452 corpora
765 1400 959 1448 naturalia,
981 1406 1187 1449 operantur
1209 1406 1364 1448 propter

294 1459 431 1495 finem:
461 1456 568 1506 quod
595 1462 754 1505 apparet
790 1467 834 1492 ex
872 1455 948 1491 hoc
975 1453 1082 1502 quod
1118 1464 1272 1501 semper
1299 1459 1364 1489 aut

295 1511 528 1560 frequentius
556 1510 696 1547 eodem
725 1508 844 1546 modo
882 1514 1106 1556 operantur,
1134 1514 1176 1543 ut
1195 1511 1210 1535 P
1231 1518 1363 1542 conse-

295 1573 459 1614 quantur
486 1564 524 1602 id
552 1565 657 1613 quod
676 1570 733 1600 est
757 1561 969 1611 optimum;
998 1560 1101 1598 unde
1127 1566 1229 1608 patet
1256 1559 1363 1608 quod

349 1697 376 1730 σ)
395 1697 531 1722 dicuntur.
544 1709 563 1715 -
575 1695 675 1721 dicitur
693 1695 804 1720 codices.

348 1734 374 1765 τ)
395 1732 522 1757 maxime.
539 1745 559 1751 -
577 1731 727 1756 maximum
746 1731 775 1755 B.
793 1744 811 1749 -
830 1730 884 1755 tale
901 1737 955 1754 om.
970 1729 1071 1754 codices
1091 1733 1115 1753 et
1134 1728 1176 1753 ed.
1189 1735 1216 1753 a.

349 1769 374 1801 u)
398 1767 518 1792 omnibus
541 1766 654 1792 entibus.
672 1778 690 1784 —-
708 1765 770 1790 Om.
790 1766 904 1795 codices,
928 1764 974 1789 sed
999 1769 1059 1797 post
1073 1763 1247 1798 perfectionis
1266 1762 1364 1787 addunt

296 1805 322 1829 in
341 1803 462 1829 omnibus
481 1802 566 1827 rebus.

348 1839 377 1873 φ)
397 1842 434 1864 ut.
452 1852 472 1857 —
489 1841 515 1863 et
532 1837 688 1869 ACEFGpD
712 1841 738 1862 et
756 1837 796 1862 ed.
810 1843 836 1861 a.
854 1850 874 1855 -
892 1836 942 1860 Pro
965 1838 1176 1867 consequantur,
1199 1840 1364 1866 consequun-

295 1879 340 1900 tur
359 1874 429 1905 FGa,
449 1876 642 1906 consequentur
663 1871 757 1905 ACpD.

1010 255 1278 304 QUAESTIO
1309 255 1361 302 11,
1391 251 1693 292 ART1CULUS
1724 254 1773 290 111

1417 345 1497 370 non
1514 345 1536 370 a
1551 345 1654 380 casu,
1671 331 1740 369 sed
1760 344 1805 368 ex
1825 331 2033 369 intentione
2052 330 2282 379 perveniunt
2296 330 2344 368 ad
2360 331 2490 369 finem.

1418 387 1476 424 Ea
1495 394 1625 424 autem
1645 398 1744 434 quae
1765 398 1844 422 non
1863 385 2007 422 habent
2026 383 2298 432 cognitionem,
2314 396 2394 421 non
2413 393 2493 422 ten-

1419 439 1513 477 dunt
1540 439 1580 476 in
1607 439 1728 476 finem
1758 439 1829 476 nisi
1859 438 2000 476 directa
2020 438 2068 474 ab
2089 437 2217 486 aliquo
2238 445 2493 485 cognoscente

1418 500 1456 530 et
1487 492 1735 541 intelligente,
1775 492 1871 529 sicut
1905 491 2036 540 sagitta
2065 503 2087 527 a
2114 490 2311 539 sagittante
2331 496 2359 527 χ.
2390 492 2492 539 Ergo

1419 554 1474 583 est
1502 546 1642 595 aliquid
1669 545 1891 594 intelligens,
1912 558 1934 582 a
1954 557 2031 594 quo
2061 556 2198 582 omnes
2223 556 2283 581 res
2302 545 2494 582 naturales

1418 599 1643 637 ordinantur
1671 599 1720 637 ad
1748 599 1886 636 finem:
1918 605 1954 635 et
1981 599 2056 636 hoc
2086 597 2248 635 dicimus
2277 598 2420 635 Deum.

1471 654 1530 689 An
1559 664 1697 689 Palmum
1727 664 1825 689 ERGO
1846 663 2031 689 DICENDUM
2051 651 2169 700 quod,
2191 651 2285 688 sicut
2310 651 2396 688 dicit
2415 653 2493 688 Au-

1417 705 1590 753 gustinus
1616 705 1655 742 in
1681 705 1902 742 Enchiridio
1925 704 1962 741 *ε
1991 706 2115 751 Deus,
2144 716 2231 742 cum
2265 705 2313 742 sit
2345 716 2495 743 summe

1417 759 1559 804 bonus,
1588 758 1692 796 nullo
1729 759 1842 795 modo
1874 758 2014 795 sineret
2048 757 2194 807 aliquid
2227 758 2324 796 mali
2348 770 2428 796 esse
2455 758 2493 796 in

1418 812 1592 860 operibus
1618 812 1708 858 suis,
1729 811 1802 848 nisi
1828 817 1923 848 esset
1938 811 2034 848 adeo
2054 811 2288 860 omnipotens
2307 817 2344 849 et
2360 812 2493 859 bonus,

1418 870 1460 901 ut
1485 865 1578 901 hene
1596 865 1754 913 faceret
1778 865 1891 901 etiam
1920 864 1967 901 de
1993 865 2107 901 malo.
2139 865 2226 902 Hoc
2250 877 2341 914 ergo
2369 865 2420 903 ad
2438 866 2493 903 in·

1416 917 1566 954 finitam
1586 917 1660 954 Dei
1679 917 1888 955 bonitatem
1903 917 1920 946 Ψ
1940 917 2114 966 pertinet,
2135 926 2177 955 ut
2197 930 2280 956 esse
2298 919 2494 968 permittat

1418 971 1534 1018 mala,
1566 978 1603 1007 et
1631 982 1676 1006 ex
1705 970 1759 1007 eis
1787 970 1909 1007 eliciat
1936 971 2052 1008 bona.

1470 1026 1529 1060 An
1558 1035 1751 1060 SECUNDUM
1779 1035 1965 1061 nrcaunum
1993 1024 2113 1073 quod,
2135 1036 2225 1062 cum
2251 1032 2386 1063 natura
2403 1038 2493 1074 pro-

1416 1085 1500 1127 pter
1529 1076 1825 1114 determinatum
1854 1076 1975 1114 finem
2003 1083 2183 1126 operetur
2212 1090 2256 1116 ex
2286 1078 2492 1117 directione

1416 1130 1574 1168 alicuius
1602 1129 1808 1179 superioris
1841 1130 2004 1178 agentis,
2034 1143 2191 1168 necesse
2225 1139 2282 1169 est
2317 1131 2493 1182 eaquae

1417 1196 1439 1222 a
1466 1191 1602 1222 natura
1629 1183 1738 1231 fiunt,
1761 1183 1873 1220 etiam
1902 1183 1941 1220 in
1965 1184 2095 1221 Deum
2124 1185 2320 1233 reducere,
2340 1185 2436 1223 sicut
2453 1186 2494 1224 in

1416 1237 1582 1287 primam
1613 1249 1781 1274 causam.
1803 1236 1981 1274 Similiter
2009 1237 2125 1275 etiam
2154 1249 2253 1287 quae
2277 1250 2324 1276 ex
2350 1251 2494 1289 propo·

1415 1291 1487 1329 sito
1515 1291 1630 1338 fiunt,
1661 1297 1812 1340 oportet
1839 1290 2023 1328 reducere
2051 1291 2091 1328 in
2119 1291 2288 1340 aliquam
2317 1291 2492 1330 altiorem

1417 1357 1586 1393 causam,
1607 1356 1705 1394 quae
1734 1356 1814 1382 non
1841 1344 1888 1381 sit
1914 1344 2009 1382 ratio
2039 1352 2075 1382 et
2102 1345 2281 1384 voluntas
2303 1346 2492 1384 humana:

1417 1398 1507 1447 quia
1533 1399 1629 1435 haec
1657 1397 1855 1435 mutabilia
1883 1405 1971 1435 sunt
1998 1406 2035 1435 et
2068 1398 2311 1446 defectibilia;
2341 1406 2494 1450 oportet

1416 1459 1546 1489 autem
1575 1451 1707 1488 omnia
1734 1450 1893 1488 mobilia
1921 1459 1959 1489 et
1986 1451 2153 1490 deficere
2180 1452 2375 1502 possibilia
2394 1460 2412 1475 ⁰
2434 1465 2492 1492 re-

1417 1505 1505 1543 duci
1532 1505 1571 1542 in
1599 1504 1754 1553 aliquod
1782 1504 1951 1554 primum
1978 1505 2208 1555 principium
2233 1506 2435 1545 immobile
2455 1514 2492 1545 et

1416 1570 1485 1608 per
1513 1571 1554 1595 se
1583 1558 1853 1606 necessarium,
1883 1558 1981 1596 sicut
2008 1566 2207 1597 ostensum
2236 1567 2293 1597 est
2310 1559 2342 1597 ²⁸.

1468 1692 1498 1724 χ)
1517 1691 1588 1716 sicut
1605 1692 1709 1724 sagitta
1720 1699 1738 1716 a
1757 1691 1914 1725 sagittante.
1926 1705 1945 1710 -
1957 1691 2026 1717 sicut
2039 1692 2142 1725 sagitta
2155 1699 2173 1717 a
2186 1693 2348 1726 sagittator-e
2362 1693 2493 1720 nno-AF

1417 1731 1442 1751 et
1460 1726 1539 1752 editio
1556 1733 1583 1755 a,
1606 1727 1675 1752 sicut
1697 1727 1801 1760 sagitta
1819 1734 1837 1752 a
1854 1727 1987 1760 sagittare
2011 1727 2106 1760 CEpA.
2124 1741 2143 1747 -
2161 1728 2254 1753 Statim
2278 1735 2327 1762 pro
2353 1728 2429 1763 &go
2453 1733 2494 1756 est

1415 1761 1521 1794 aliquid
1538 1761 1703 1795 intelligens,
1725 1762 1800 1796 Ergo
1819 1765 1859 1788 est
1876 1762 1975 1796 aliquis
1994 1763 2143 1789 intellectus
2161 1763 2219 1795 BD,
2241 1763 2318 1798 &go
2335 1767 2376 1790 est
2392 1764 2492 1799 aliquis

1417 1797 1568 1831 intelligens
1586 1798 1664 1822 ceteri
1683 1798 1795 1823 codices.

1470 1831 1499 1866 ψ)
1518 1832 1673 1859 bonitatem.
1691 1847 1710 1852 -
1728 1833 1921 1859 beatitudinem
1940 1833 1994 1859 AC.

1471 1868 1503 1901 ω)
1523 1868 1633 1902 deficere
1647 1869 1795 1901 possibilia.
1813 1883 1832 1888 -
1850 1869 2012 1903 dqsectibilia
2030 1869 2061 1895 B.

974 1945 1306 1978 Commentafia
1328 1942 1579 1975 cardinalis
1601 1942 1802 1976 Caietam

325 2045 345 2064 n
373 2033 488 2068 titulo,
522 2031 657 2062 dubium
684 2031 790 2062 statim
817 2030 951 2061 occurrit
983 2040 1019 2060 ex
1046 2029 1189 2060 lPoster
1208 2028 1234 2059 ²⁸¹.
1265 2027 1360 2058 Nulla

299 2046 454 2109 Iscientia
470 2077 583 2117 probat
602 2075 781 2106 subiectum
797 2084 906 2106 suum:
928 2081 967 2110 et,
993 2080 1028 2105 ut
1051 2073 1126 2104 dicit
1149 2075 1304 2104 Averroes
1328 2072 1360 2102 in

297 2123 321 2154 11
346 2122 485 2163 Physic.‚
509 2127 681 2151 comment.
701 2130 786 2155 xxvx,
811 2129 868 2150 nec
892 2129 909 2149 a
932 2118 1030 2159 priori
1054 2128 1112 2149 nec
1136 2128 1153 2148 a
1177 2117 1360 2158 posteriori:

296 2168 350 2199 sed
374 2165 527 2206 supponit
555 2164 636 2195 illud
660 2174 726 2195 esse
750 2170 804 2194 aut
827 2173 883 2204 per
906 2173 938 2194 se
962 2169 1078 2194 notum
1101 2163 1142 2193 ad
1164 2172 1292 2193 sensum
1312 2162 1362 2192 vel

296 2211 500 2246 intellectum,
524 2209 574 2240 vel
596 2208 708 2248 accipit
726 2208 863 2239 aliunde.
889 2208 951 2239 Sed
969 2207 1002 2238 in
1026 2207 1083 2238 hac
1107 2207 1236 2238 scientia
1259 2206 1362 2237 subie-

298 2263 385 2287 ctum
400 2261 446 2285 est
461 2254 558 2289 Deus,
579 2259 615 2284 ut
637 2253 670 2283 in
694 2252 796 2293 prima
819 2251 1004 2293 quaestione
1029 2251 1149 2282 dictum
1166 2257 1212 2282 est
1227 2249 1252 2281 *.
1277 2251 1362 2291 Ergo

298 2310 363 2331 non
387 2299 479 2329 debet
502 2297 553 2328 hic
576 2297 702 2338 probari
725 2297 831 2327 Deum
857 2306 933 2327 esse.
958 2295 1078 2327 Contra
1095 2302 1194 2326 artem
1218 2305 1292 2335 ergo
1312 2294 1362 2325 hic

298 2343 446 2375 articulus
471 2347 626 2372 movetur.

350 2387 401 2418 Ad
424 2387 486 2417 hoc
517 2385 648 2421 dicitur,
673 2385 762 2426 quod
786 2385 873 2415 nulla
904 2384 1031 2416 scientia
1054 2394 1118 2425 per
1139 2394 1174 2415 se
1206 2383 1363 2424 quuendo

298 2432 411 2473 probat
434 2430 611 2461 subiectum
627 2439 724 2460 suum
739 2438 822 2460 esse:
842 2439 903 2469 per
926 2429 1074 2460 accidens
1097 2435 1204 2460 autem
1228 2438 1293 2459 non
1315 2428 1362 2458 in-

299 2475 446 2508 convenit
470 2474 632 2506 scientiam
651 2474 790 2515 aliquam
814 2474 946 2514 probare
963 2483 1059 2504 suum
1083 2473 1261 2504 subiectum
1285 2482 1362 2503 esse.

299 2521 350 2552 Sic
372 2527 479 2551 autem
503 2525 549 2549 est
571 2519 602 2549 in
628 2518 810 2559 proposito:
835 2518 990 2559 quoniam
1014 2517 1149 2549 occurrit
1173 2517 1222 2548 hic
1247 2517 1364 2558 duplex

300 2565 462 2599 accidens,
490 2570 618 2604 propter
641 2563 730 2603 quod
764 2562 892 2593 scientia
915 2562 991 2594 haec
1015 2563 1128 2603 probat
1150 2562 1256 2593 Deum
1286 2572 1363 2593 esse.

301 2611 443 2640 Primum
464 2614 509 2638 est
525 2606 706 2648 imperfecta
722 2606 806 2637 illius
826 2606 1023 2647 participatio
1041 2606 1073 2636 in
1097 2606 1199 2637 nobis.
1225 2606 1256 2637 Si
1279 2607 1364 2637 enim

301 2655 409 2684 lumen
425 2651 567 2682 divinum
579 2651 670 2692 plene
685 2650 952 2692 participaremus,
970 2657 1127 2682 constaret
1141 2651 1246 2682 statim
1259 2651 1365 2682 Deum

302 2708 378 2729 esse.
403 2695 582 2727 Secundum
608 2702 653 2726 est
677 2695 816 2727 conditio
841 2695 946 2732 medii,
963 2695 1079 2726 scilicet
1102 2696 1191 2736 quod
1210 2702 1257 2727 est
1275 2696 1366 2736 quasi

303 2749 494 2773 extraneum.
520 2741 606 2772 Licet
620 2740 704 2771 enim
728 2740 814 2770 nulla
834 2740 961 2771 scientia
978 2750 1015 2770 ex
1029 2740 1212 2780 simpliciter
1230 2741 1366 2781 propriis

304 2787 416 2827 probet
439 2785 615 2815 subiectum
639 2795 752 2820 suum,
779 2794 815 2814 ex
844 2784 994 2815 extraneis
1019 2792 1124 2815 tamen
1156 2785 1366 2826 appropriatis

305 2831 436 2872 probare
461 2835 581 2869 potest,
611 2829 636 2858 si
660 2829 783 2860 notiora
812 2828 902 2859 nobis
926 2836 999 2860 sunt
1023 2836 1166 2860 extranea
1189 2829 1243 2860 illa
1268 2840 1366 2871 quam

305 2885 370 2906 esse
394 2873 478 2904 illius
501 2873 641 2903 subiecti.
659 2873 710 2904 Sic
729 2879 835 2903 autem
860 2873 1012 2913 contingit
1032 2873 1068 2908 in,
1080 2873 1259 2914 proposito:
1286 2885 1365 2915 quo-

305 2919 390 2949 niam
405 2917 575 2958 theologia,
593 2926 657 2946 non
677 2927 713 2948 ex
736 2917 872 2957 propriis
895 2917 1084 2957 simpliciter.
1102 2919 1156 2948 sed
1176 2927 1213 2949 ex
1232 2919 1367 2959 propriis

305 2962 556 2998 ministerialiter,
573 2961 689 2992 scilicet
713 2962 795 2992 notis
819 2961 952 2992 naturali
968 2961 1098 2998 lumine,
1119 2972 1200 3003 quae
1224 2963 1367 2994 absolute

305 3014 379 3038 sunt
402 3013 555 3042 extranea,
573 3013 608 3036 ut
624 3005 760 3036 diximus
775 3005 800 3041 *‚
827 3006 938 3046 probat
958 3006 1063 3036 Deum
1078 3016 1158 3042 esse;
1183 3014 1219 3038 ut
1233 3014 1318 3048 patet
1334 3009 1366 3039 in

306 3052 438 3083 decursu
463 3050 668 3092 quaestionis.

359 3095 396 3126 11.
421 3095 454 3125 ln
480 3104 611 3135 corpore
643 3101 688 3125 est
712 3104 775 3125 una
805 3094 985 3130 conclusio,
1011 3095 1193 3135 responsiva
1222 3096 1366 3136 quaesito

306 3139 497 3174 affirmative,
515 3138 645 3169 scilicet:
666 3139 752 3169 Deus
770 3145 825 3169 est.
842 3156 861 3161 —
877 3138 917 3169 Et
941 3139 1129 3179 proponitur
1152 3139 1294 3181 quinque
1310 3140 1368 3170 viis

307 3183 483 3224 probanda:
509 3192 588 3224 quas
612 3192 677 3213 non
702 3189 747 3213 est
771 3192 852 3223 opus
878 3182 1021 3218 formare,
1047 3193 1120 3214 cum
1144 3190 1175 3214 et
1197 3183 1257 3220 hic,
1283 3191 1314 3215 et
1336 3184 1368 3214 in

308 3228 318 3258 1
339 3228 458 3258 Contra
485 3227 636 3264 Gentiles,
655 3234 685 3257 et
709 3227 740 3256 in
765 3227 828 3263 Qu.
846 3227 885 3257 de
899 3227 1052 3262 Potentia,
1070 3235 1100 3258 et
1120 3228 1152 3258 in
1169 3228 1234 3265 Qu.
1253 3228 1293 3260 de
1316 3228 1369 3259 Ve-

308 3274 413 3309 ritate‚
439 3278 468 3302 et
491 3271 523 3301 in
547 3271 558 3301 1
578 3271 816 3302 Sententiarum
836 3270 1010 3310 habeantur
1025 3271 1051 3302 *.

361 3316 411 3346 111.
442 3315 532 3346 Circa
556 3315 611 3345 has
641 3315 777 3346 rationes
805 3315 837 3345 in
862 3315 1040 3351 communi,
1072 3316 1300 3347 advertendum
1323 3323 1370 3347 est

308 3359 470 3399 diligenter
488 3359 577 3400 quod
600 3366 735 3399 possunt
757 3359 856 3389 afferri
880 3360 918 3389 ad
942 3359 1018 3390 duo.
1042 3360 1161 3398 Primo,
1182 3360 1222 3391 ad
1242 3361 1368 3392 conclu-

308 3404 448 3434 dendum
476 3403 554 3434 illud
587 3413 641 3433 ens
669 3403 912 3443 incorporeum,
938 3403 1160 3441 immateriaIe,
1187 3411 1368 3441 aeternum,

308 3457 481 3483 summum,
499 3447 705 3484 immutabile,
726 3447 876 3488 primum,
901 3447 1173 3487 perfectissimum,
1197 3456 1265 3485 etc„
1281 3449 1369 3490 quod

309 3498 339 3522 et
362 3491 455 3532 quale
469 3491 573 3522 Deum
598 3498 741 3522 tenemus
761 3501 836 3522 esse.
861 3491 902 3522 Et
925 3491 968 3522 sic
991 3492 1067 3522 istae
1094 3492 1231 3524 rationes
1254 3493 1371 3524 habent

309 3535 484 3576 plurimum
503 3535 740 3575 disputationis:
761 3545 800 3566 eo
817 3535 906 3576 quod
925 3535 1027 3576 prima
1041 3535 1101 3572 via,
1119 3543 1154 3568 ut
1169 3537 1202 3568 in
1218 3537 1229 3568 1
1248 3537 1370 3568 Contra

311 3579 415 3617 Gent.,
434 3589 500 3619 cap.
522 3589 588 3614 xm,
614 3579 735 3615 dicitur,
756 3589 821 3610 non
846 3579 932 3611 ducit
954 3580 993 3610 ad
1009 3585 1168 3612 motorem
1188 3581 1288 3622 magis
1311 3581 1370 3612 im-

310 3623 463 3654 mobilem
486 3633 582 3664 quam
607 3623 645 3654 sit
668 3623 772 3654 anima
802 3623 1005 3659 intellectiva;
1031 3625 1167 3656 secunda
1191 3631 1311 3662 autem,
1337 3632 1372 3656 ut

1415 2026 1491 2058 dicit
1505 2029 1662 2058 Averroes
1679 2025 1704 2064 ¹⁶¹,
1730 2038 1795 2058 non
1819 2028 1907 2060 ducit
1927 2028 1988 2059 nisi
2012 2029 2053 2059 ad
2077 2038 2195 2071 corpus
2217 2030 2350 2063 caeleste
2373 2038 2406 2063 et
2423 2031 2493 2070 eius

1416 2078 1592 2107 motorem;
1617 2071 1813 2114 reliquarum
1831 2082 1964 2114 quoque
1988 2072 2076 2104 nulla
2099 2074 2200 2115 magis
2224 2084 2353 2108 sursum
2375 2075 2494 2111 ducere,

1415 2115 1549 2146 videtur.
1579 2116 1621 2147 Et
1643 2117 1683 2147 ad
1707 2116 1770 2147 hoc
1793 2116 1952 2148 intentum
1983 2127 2050 2148 non
2074 2117 2248 2151 afferuntur
2269 2119 2333 2152 hoc
2359 2120 2393 2152 in
2416 2120 2491 2154 loeo

1417 2160 1475 2190 hae
1498 2160 1652 2197 rationes,
1678 2167 1714 2192 ut
1736 2170 1822 2192 nunc
1849 2171 1935 2192 nunc
1966 2162 2094 2202 patebit.
2119 2179 2140 2185 -
2162 2163 2237 2194 Alio
2267 2163 2361 2196 modo
2389 2163 2493 2198 afferri

1416 2211 1552 2244 possunt
1576 2205 1615 2235 ad
1640 2205 1900 2237 concludendum
1922 2206 2082 2246 quaedam
2098 2207 2276 2247 praedicata
2300 2209 2438 2242 inveniri·
2451 2210 2493 2242 in

1417 2258 1523 2280 rerum
1546 2256 1668 2286 natura,
1684 2259 1767 2291 quae
1782 2249 1960 2281 secundum
1983 2250 2148 2282 veritatem
2166 2259 2241 2284 sunt
2263 2253 2393 2293 propria
2410 2252 2488 2287 ndi:

1418 2303 1483 2324 non
1508 2294 1649 2324 curando
1678 2294 1846 2335 quomodo
1874 2294 1925 2325 vel
1948 2294 2183 2336 qualiter'sint,
2209 2303 2267 2328 etc.
2299 2297 2340 2330 Et
2363 2298 2404 2329 ad
2426 2297 2490 2332 hoc

1417 2337 1575 2369 intentum
1598 2337 1649 2369 hic
1673 2337 1858 2369 afferuntur:
1885 2345 1915 2370 et
1939 2346 2014 2370 sunt
2037 2339 2116 2370 nihil
2133 2339 2197 2372 fere
2217 2339 2409 2375 difficultatis
2432 2342 2490 2375 ha-

1417 2382 1526 2413 bentes
1549 2382 1727 2413 secundum
1751 2382 2002 2424 philosophiam.

1470 2426 1511 2457 Et
1534 2433 1570 2457 ut
1593 2426 1707 2457 melius
1730 2426 1924 2468 intelligatur
1945 2428 2034 2469 quod
2059 2427 2205 2466 dicimus,
2231 2429 2415 2471 singillatim
2438 2441 2489 2464 ex-

1418 2471 1577 2511 planando
1602 2471 1732 2507 dicitur,
1757 2472 1847 2512 quod
1870 2471 1990 2512 primae
2014 2472 2102 2508 viae,
2127 2482 2164 2504 ex
2189 2481 2275 2514 parte
2299 2482 2418 2513 metm,
2442 2479 2492 2508 aet

1419 2522 1464 2546 est
1487 2515 1577 2556 quod
1600 2515 1759 2552 inseratur,
1782 2526 1861 2557 ergo
1877 2517 1977 2548 datur
1995 2518 2140 2557 primum
2164 2528 2294 2550 movens
2317 2521 2488 2560 immobile,

1418 2569 1484 2590 non
1508 2560 1648 2590 curando
1672 2567 1780 2592 utrum
1804 2560 1883 2592 illud
1906 2561 1946 2592 sit
1970 2561 2075 2592 anima
2100 2562 2177 2594 caeli
2201 2570 2255 2594 aut
2274 2564 2402 2595 mundi:
2426 2565 2491 2598 hoc
2533 2590 2536 2598 .

1419 2604 1505 2635 enim
1523 2611 1691 2646 quaeretur
1718 2604 1751 2635 in
1781 2605 1925 2646 sequenti
1949 2606 2146 2647 quaestione.
2171 2607 2334 2640 Secundae
2358 2618 2491 2652 quoque

1418 2649 1505 2684 viae,
1530 2658 1567 2679 ex
1590 2655 1676 2689 parte
1700 2648 1878 2686 efficientis,
1903 2657 1950 2682 sat
1973 2658 2019 2682 est
2043 2651 2132 2692 quod
2156 2652 2251 2684 ducat
2277 2653 2317 2683 ad
2347 2653 2492 2694 primum

1420 2692 1566 2729 efficiens,
1584 2703 1650 2724 non
1670 2694 1810 2724 curando
1828 2704 1867 2725 an
1883 2694 1964 2726 illud
1988 2696 2028 2727 sit
2044 2705 2162 2736 corpus
2177 2696 2227 2728 vel
2243 2696 2492 2738 incorporeum:

1420 2737 1481 2768 hoc
1505 2737 1591 2768 eniin
1614 2745 1783 2778 quaeretur
1805 2738 1838 2769 in
1861 2740 2005 2780 sequenti
2035 2740 2232 2781 quaestione.
2264 2741 2391 2774 Tertiae
2413 2751 2492 2775 vero

1420 2782 1498 2818 viae,
1516 2792 1552 2813 ex
1573 2789 1660 2823 parte
1684 2783 1858 2819 necessarii,
1875 2791 1923 2815 sat
1941 2791 1988 2816 est
2002 2785 2092 2826 quod
2108 2785 2204 2817 ducat
2217 2785 2259 2817 ad
2277 2786 2421 2828 primum
2434 2797 2491 2821 ne-

1421 2826 1591 2857 cessarium
1606 2836 1671 2857 non
1688 2836 1723 2858 ex
1739 2827 1813 2863 alio,
1831 2837 1896 2858 non
1921 2829 2062 2860 curando
2085 2839 2125 2861 an
2142 2829 2183 2862 sit
2198 2839 2303 2862 unum
2316 2831 2368 2862 vel
2382 2831 2489 2873 plura:

1421 2871 1482 2901 hoc
1501 2871 1587 2901 enim
1601 2878 1769 2912 quaeretur
1787 2871 1819 2901 in
1840 2873 2025 2913 quaestione
2042 2884 2083 2905 ιιι.
2108 2874 2247 2912 Quartae
2263 2883 2394 2917 quoque
2410 2875 2491 2914 viae,

1421 2924 1457 2946 ex
1481 2914 1629 2955 gradibus
1653 2925 1768 2951 rerum,
1785 2923 1832 2947 sat
1856 2923 1902 2947 est
1925 2917 2039 2949 ducere
2063 2918 2103 2949 ad
2126 2917 2264 2950 maxime
2284 2927 2350 2956 ens,
2366 2919 2489 2957 verum,

1421 2961 1555 2996 bonum,
1572 2959 1690 2996 nobile,
1707 2970 1725 2990 a
1740 2969 1807 3001 quo
1831 2968 1905 2992 sunt
1928 2962 2077 2993 omnium
2099 2961 2367 3004 participationes.
2391 2963 2432 2996 Et
2451 2964 2490 2996 si-

1385 3047 1387 3049 ·
1422 3004 1538 3035 militer
1569 3004 1706 3045 quintae>
1721 3004 1807 3039 viae,
1833 3014 1869 3035 ex
1899 3006 2145 3046 gubernatione,
2169 3012 2218 3038 tat
2239 3012 2287 3038 eet
2313 3007 2428 3039 ducere
2451 3009 2492 3040 ad

1422 3049 1563 3090 primum
1586 3049 1815 3089 gubernantem
1839 3059 1895 3089 per
1916 3050 2122 3088 intellectum,
2143 3050 2342 3092 quicumque
2364 3052 2405 3084 sit
2426 3053 2491 3086 ine.

1422 3092 1541 3124 Omnia
1565 3092 1650 3123 enim
1673 3093 1750 3124 haec
1780 3093 1973 3134 praedicata,
2003 3095 2119 3127 scilicet
2149 3105 2284 3127 movens
2306 3095 2491 3135 immobile,

1423 3137 1564 3178 primum
1588 3136 1734 3173 efficiens,
1751 3138 1962 3169 necessarium
1982 3149 2048 3170 non
2068 3149 2104 3170 ex
2123 3139 2196 3175 alio,
2216 3140 2354 3171 maxime
2378 3151 2444 3179 ens,
2461 3148 2494 3175 et

1422 3182 1563 3222 primum
1586 3182 1764 3222 gubernans
1789 3182 2009 3224 intelligendo,
2031 3190 2106 3215 sunt
2126 3183 2304 3215 secundum
2327 3185 2492 3218 veritatem

1423 3226 1551 3266 propria
1573 3226 1659 3256 Deo:
1685 3233 1715 3257 et
1738 3226 1821 3263 ideo,
1838 3227 2059 3258 concludendo
2083 3227 2160 3258 haec
2183 3228 2316 3259 inveniri
2335 3229 2367 3260 in
2384 3239 2492 3262 rerum

1423 3276 1543 3305 natura,
1560 3270 1759 3302 concluditur
1782 3271 1907 3308 directe,
1924 3271 2015 3312 quasi
2038 3281 2094 3312 per
2118 3272 2271 3309 accidens,
2291 3274 2382 3314 quod
2404 3274 2492 3306 Deus

1424 3321 1479 3350 est,
1503 3314 1592 3350 idest,
1617 3315 1718 3352 Deus,
1743 3325 1806 3346 non
1832 3321 1867 3346 ut
1888 3316 1996 3353 Deus,
2021 3316 2078 3347 sed
2101 3322 2137 3347 ut
2158 3317 2278 3348 habens
2297 3318 2393 3349 talem
2417 3327 2492 3350 con-

1423 3359 1590 3396 ditionem,
1616 3364 1662 3390 est
1666 3369 1681 3397 ,·
1706 3366 1736 3390 et
1759 3366 1989 3401 consequenter
2013 3360 2120 3401 ipsum
2144 3362 2348 3399 substratum,
2375 3362 2493 3394 scilicet

1424 3403 1510 3433 Deus
1534 3410 1570 3433 ut
1594 3403 1689 3439 Deus,
1716 3410 1772 3435 est.

1480 3447 1526 3477 Ex
1549 3447 1598 3477 his
1617 3454 1724 3478 autem
1740 3454 1826 3488 patet
1841 3448 1929 3488 quod
1946 3458 2003 3479 nec
2022 3449 2158 3483 rationes
2177 3450 2326 3482 Averroie
2342 3449 2360 3470 ¹⁸⁸
2382 3456 2492 3482 contra
2519 3455 2629 3507 ‘mcii‘
2653 3467 2656 3473 .
2684 3469 2688 3475 ,
2720 3465 2723 3467 >

2563 3509 2638 3538 Sene„
2653 3513 2720 3538 qia-1·

1424 3491 1629 3527 Avicennam.
1649 3501 1707 3522 nec
1723 3492 1854 3522 Aureoli
1868 3490 1887 3510 ³
1911 3499 2020 3524 contra
2044 3493 2099 3524 has
2122 3494 2364 3531 rationes‚··sunt
2382 3501 2492 3526 eontra
2518 3484 2525 3505 ¹

1424 3535 1698 3568 intentum.huius
1718 3535 1859 3571 articuli,
1891 3536 1949 3567 nisi
1973 3537 2109 3569 obiectio
2133 3545 2243 3570 contra
2265 3538 2433 3577 ultimam,
2462 3545 2493 3570 et

1425 3585 1533 3610 contra
1556 3579 1791 3620 propositiones
1815 3588 2002 3622 assumptas.

1479 3623 1530 3655 lV.
1548 3623 1641 3654 Unde
1658 3623 1823 3655 sciendum
1839 3632 1885 3656 est
1909 3626 2064 3663 secundo,
2085 3627 2175 3668 quod
2193 3626 2226 3658 in
2242 3626 2344 3667 prima
2360 3626 2490 3663 ratione,

2518 2035 2531 2048 ⁹
2538 2035 2550 2058 1
2557 2035 2652 2059 Cael-d
2709 2060 2714 2062 μ
2726 2034 2732 2041 ³

2519 2067 2608 2087 m·
2702 2068 2712 2079 ⁶*

2519 2118 2647 2140 mut.
