2768 4178
20 871 21 874 ,
55 850 67 861 “
88 849 267 877 PeriArcnon,

55 875 97 898 tib.
106 875 136 904 11,
149 881 200 904 cap.
210 882 242 898 rx.

50 3018 121 3067 ‘'Qu.
129 3037 185 3061 xxn,
194 3035 236 3055 nrt.
244 3038 267 3061 3.

995 287 1262 334 QUAESTIO
1291 288 1434 335 xxm,
1463 289 1759 327 ARTJCULUS
1787 291 1822 326 v

296 363 423 410 tionis,
442 375 487 400 ex
505 371 612 412 parte
632 371 737 402 actus
756 365 1081 414 praedestinantis.
1105 366 1181 403 Sed
1203 367 1277 403 hoc
1296 367 1365 404 sub

300 416 523 464 quaestione
565 418 741 465 vertitur,
786 426 915 455 utrum
953 431 999 455 ex
1036 427 1143 468 parte
1188 419 1365 467 effectus,

298 470 591 518 praedestinatio
624 472 764 508 habeat
801 471 968 519 aliquam
1005 484 1172 509 causam.
1212 473 1261 508 Et
1292 474 1367 509 hoc

300 530 356 559 est
383 535 588 571 quaerere,
617 531 746 560 utrum
770 525 876 560 Deus
895 525 1222 573 praeordinaverit
1241 538 1282 562 se
1302 526 1366 562 da-

297 583 426 612 turum
455 576 633 614 effectum
670 577 1025 625 praedestinationis
1054 578 1181 624 alicui,
1211 587 1367 627 propter

298 629 433 666 merita
461 629 596 677 aliqua.

352 682 522 718 Fuerunt
541 681 651 729 igitur
670 682 826 730 quidam
842 689 860 728 ⁸,
883 682 948 730 qui
968 682 1141 720 dixerunt
1155 684 1260 731 quod
1277 684 1366 721 effe-

298 742 379 771 ctus
397 734 750 783 praedestinationis
773 735 1063 783 praeordinatur
1082 736 1192 773 alicui
1211 745 1366 785 propter

295 787 430 824 merita
466 787 756 836 praeexistentia
789 787 827 824 in
866 788 937 824 alia
965 789 1053 825 vita.
1095 790 1144 826 Et
1175 790 1270 826 haec
1298 791 1365 827 fuit

295 840 436 888 positio
470 840 645 888 Origenis
669 840 706 887 ²¹⁶,
740 840 806 890 qui
833 841 959 890 posuit
991 842 1139 879 animas
1176 843 1364 881 humanas

296 893 344 929 ab
373 892 479 929 initio
510 901 666 939 creatas,
684 901 720 930 et
747 896 960 931 secundum
992 894 1248 932 diversitatem
1277 909 1364 934 suo-

296 957 382 983 rum
411 957 592 995 operum,
624 947 797 984 diversos
833 955 950 984 status
979 960 1043 985 eas
1072 949 1192 985 sortiri
1219 949 1258 986 in
1289 950 1363 987 hoc

296 999 443 1036 mundo
473 1000 696 1048 corporibus
723 1000 860 1038 unitas.
882 1021 906 1028 -
928 1002 1005 1038 Sed
1024 1002 1123 1038 hanc
1143 1002 1363 1051 opinionem

296 1052 459 1089 excludit
472 1054 693 1101 Apostolus,
709 1054 821 1091 Rom.
835 1066 869 1090 1x
879 1053 909 1099 ³¹⁴,
927 1054 1073 1091 dicens:
1094 1067 1180 1092 cum
1196 1057 1362 1092 nondum

295 1106 377 1143 nati
391 1106 568 1154 fuissent,
598 1113 667 1143 aut
692 1107 836 1155 aliquid
861 1107 1026 1157 egissent
1043 1109 1133 1145 boni
1149 1108 1210 1145 vel
1227 1109 1320 1146 mali
1336 1115 1361 1156 ⁸,

295 1170 370 1196 non
399 1171 450 1202 ex
477 1160 663 1207 operibus,
691 1160 758 1196 sed
783 1172 833 1197 ex
850 1166 1008 1197 vocante
1026 1161 1165 1198 dictum
1185 1167 1247 1208 est,
1274 1162 1362 1210 quia

295 1212 421 1249 maior
447 1213 583 1249 serviet
609 1213 760 1250 minori.
1163 1259 1169 1266 ι

321 1314 324 1315 ⁷
349 1265 633 1314 Fuerunt-ergo
667 1266 740 1313 alii,
770 1266 835 1315 qui
865 1266 1038 1303 dixerunt
1062 1265 1075 1287 λ
1096 1266 1200 1315 quod
1229 1267 1363 1304 merita

294 1318 585 1368 Praeexistentia
604 1319 643 1355 in
662 1319 735 1356 hac
753 1319 831 1355 vita
850 1326 937 1355 sunt
965 1319 1060 1356 ratio
1082 1326 1118 1355 et
1138 1331 1252 1356 causa
1273 1320 1363 1356 effe-

296 1378 380 1408 ctus
410 1371 777 1420 praedestinationis.
799 1372 1015 1409 Posuerunt
1044 1371 1146 1408 enirn
1170 1372 1364 1421 Pelagiani

295 1424 403 1473 quod
429 1424 577 1461 initium
607 1425 871 1461 benefaciendi
891 1424 937 1461 sit
965 1437 1011 1462 ex
1039 1425 1163 1472 nobis,
1186 1434 1373 1463 consumi

295 1477 414 1514 matio
443 1485 572 1514 autem
599 1489 622 1514 a
649 1478 735 1515 Deo
763 1484 792 1513 μ.
825 1478 874 1514 Et
901 1478 974 1524 sic,
1006 1490 1052 1515 ex
1079 1479 1155 1515 hoc
1183 1479 1364 1527 contingit

296 1530 401 1579 quod
438 1530 548 1567 alicui
581 1530 691 1567 datur
726 1530 1080 1579 praedestinationis
1117 1532 1299 1580 effectus,
1329 1541 1364 1570 et

295 1594 375 1620 non
403 1583 528 1630 alteri,
559 1584 648 1632 quia
676 1596 774 1620 unus
808 1583 955 1620 initium
985 1584 1090 1622 dedit
1127 1597 1168 1621 se
1201 1598 1361 1635 praepa-

293 1636 427 1683 rando,
450 1643 486 1673 et
505 1648 584 1673 non
604 1636 697 1673 alius
717 1643 739 1674 '.
761 1658 784 1664 -
807 1637 882 1674 Sed
909 1645 1041 1674 contra
1068 1638 1144 1674 hoc
1172 1646 1229 1675 est
1256 1640 1363 1687 quod

293 1689 386 1728 dicit
411 1690 641 1738 Apostolus,
673 1691 704 1726 11
738 1690 827 1727 Cor.
858 1702 892 1727 111
921 1690 961 1737 ²¹²,
991 1691 1097 1739 quod
1130 1703 1205 1728 non
1234 1704 1363 1729 sumus

291 1743 518 1792 sufficientes
533 1743 703 1792 cogitare
716 1743 861 1791 aliquid
877 1756 901 1781 a
917 1745 1037 1790 nobis,
1053 1745 1163 1792 quasi
1180 1757 1230 1781 ex
1243 1746 1361 1783 nobis.

294 1796 454 1833 Nullum
474 1803 603 1832 autem
624 1796 790 1832 anterius
810 1797 1039 1845 principium
1061 1797 1220 1834 inveniri
1238 1806 1364 1846 potest

293 1861 410 1898 quam
427 1848 615 1896 cogitatio.
631 1849 743 1886 Unde
760 1862 838 1886 non
853 1858 978 1898 potest
993 1850 1065 1887 dici
1081 1851 1187 1899 quod
1207 1851 1362 1899 aliquod

292 1902 331 1939 in
354 1901 466 1939 nobis
485 1901 646 1949 initium,
663 1899 677 1925 ξ
705 1902 846 1950 existat,
872 1902 978 1951 quod
1006 1903 1052 1940 sit
1081 1903 1174 1940 ratio
1205 1904 1361 1942 effectus

291 1954 660 2006 praedestinationis.
670 1967 675 1974 ¹

347 2008 460 2046 Unde
488 2008 640 2045 fuerunt
673 2007 756 2055 alii,
793 2008 856 2058 qui
886 2008 1060 2046 dixerunt
1088 2010 1193 2058 quod
1225 2010 1360 2047 merita

293 2062 491 2111 sequentia
523 2061 878 2111 praedestinationis
913 2061 1112 2109 effectum,
1144 2071 1231 2100 sunt
1265 2063 1358 2100 ratio

292 2114 670 2164 praedestinationis:
699 2123 741 2152 ut
761 2115 985 2163 intelligatur
1005 2116 1111 2163 quod
1138 2115 1225 2153 ideo
1254 2117 1360 2154 Deus

294 2168 359 2205 dat
386 2168 545 2216 gratiam
574 2167 706 2215 alicui,
737 2175 773 2205 et
805 2168 1090 2217 praeordinavit
1122 2181 1162 2206 se
1191 2169 1225 2206 ei
1254 2175 1266 2190 ⁰
1296 2170 1359 2206 da-

293 2228 421 2258 turum
438 2250 447 2268 ,
477 2221 566 2270 quia
594 2221 798 2270 praescivit
836 2234 924 2258 eum
954 2222 1051 2258 bene
1089 2234 1250 2259 usurum
1279 2235 1361 2270 gra-

291 2274 362 2322 tia3
402 2274 498 2311 sicut
525 2274 556 2311 si
584 2286 649 2311 rex
685 2274 749 2311 det
780 2273 890 2311 alicui
917 2274 1022 2311 militi
1051 2287 1211 2323 equum,
1242 2288 1359 2324 quern

293 2327 362 2365 scit
391 2339 438 2364 eo
457 2327 556 2364 bene
581 2339 754 2364 usurum.
776 2348 800 2355 -
822 2327 899 2364 Sed
918 2333 937 2350 ⁷¹
958 2327 1015 2364 isti
1033 2327 1214 2365 videntur
1233 2328 1360 2366 distin-

291 2380 391 2421 xisse
419 2381 516 2418 inter
543 2380 581 2418 id
611 2380 717 2429 quod
746 2388 802 2418 est
831 2393 873 2418 ex
904 2381 1034 2429 gratia,
1065 2389 1102 2418 et
1121 2381 1159 2418 id
1179 2382 1285 2430 quod
1307 2390 1362 2420 est

292 2447 340 2472 ex
366 2434 486 2471 libero
515 2434 682 2481 arbitrio,
712 2434 820 2483 quasi
848 2446 927 2471 non
949 2435 1070 2483 possit
1089 2447 1173 2471 esse
1193 2435 1295 2472 idem
1316 2448 1360 2472 ex

291 2494 467 2536 utroque.
507 2487 752 2524 Manifestum
781 2495 837 2524 est
865 2495 993 2524 autem
1017 2494 1033 2518 Ρ
1061 2488 1165 2536 quod
1193 2488 1231 2526 id
1255 2489 1360 2538 quod

293 2548 349 2584 est
375 2541 528 2589 gratiae,
555 2548 610 2577 est
637 2540 993 2589 praedestinationis
1022 2541 1197 2578 effectus:
1229 2550 1264 2578 et
1286 2543 1361 2579 hoc

293 2606 373 2631 non
399 2601 525 2642 potest
552 2593 645 2642 poni
672 2601 713 2630 ut
741 2593 836 2630 ratio
864 2594 1240 2642 praedestinationis,
1272 2608 1359 2632 cum

293 2646 370 2683 hoc
403 2647 473 2684 sub
509 2646 855 2695 praedestinatione
885 2647 1144 2685 concludatur.
1184 2648 1224 2685 Si
1253 2648 1362 2696 igitur

294 2699 437 2748 aliquid
465 2699 567 2736 aliud
585 2705 598 2719 ⁰
629 2712 675 2736 ex
703 2708 808 2748 parte
848 2701 978 2737 nostra
1005 2701 1052 2738 sit
1079 2701 1173 2738 ratio
1201 2702 1359 2750 praede-

294 2753 517 2799 stinationis,
546 2754 622 2790 hoc
651 2753 719 2789 erit
736 2761 888 2802 praeter
907 2753 1086 2791 effectum
1105 2754 1362 2804 praedestina-

293 2806 417 2844 tionis.
456 2807 549 2843 Non
584 2813 639 2843 est
676 2813 804 2843 autem
843 2806 1061 2844 distinctum
1098 2809 1204 2856 quod
1234 2816 1288 2844 est
1318 2820 1362 2844 ex

293 2859 414 2897 libero
444 2859 611 2906 arbitrio,
633 2867 669 2896 et
687 2865 702 2880 ¹·
722 2872 766 2896 ex
785 2860 1148 2908 praedestinatione3
1179 2861 1273 2898 sicut
1291 2873 1362 2897 nec

294 2920 351 2950 est
371 2913 588 2951 distinctum
603 2913 710 2962 quod
726 2920 782 2950 est
802 2925 847 2950 ex
867 2926 981 2951 causa
1001 2914 1181 2961 secunda,
1199 2922 1234 2950 et
1249 2926 1362 2950 causa

293 2966 439 3015 prima:
469 2966 602 3004 divina·
618 2966 719 3003 enim
744 2966 985 3014 providentia
1004 2967 1181 3015 producit
1206 2966 1362 3004 effectus

2414 302 2490 340 277

1423 367 1565 404 dictum
1595 376 1661 406 est.
1683 368 1793 406 Unde
1815 377 1850 405 et
1878 369 1915 406 id
1944 370 2048 418 quod
2078 378 2132 407 est
2151 383 2219 419 per
2246 370 2409 408 liberum
2428 383 2491 408 ar-

1422 420 1596 467 bitrium,
1628 429 1684 458 est
1712 434 1758 458 ex
1793 422 2148 470 praedestinatione.
2284 424 2296 439 ³

1474 473 1692 511 Dicendum
1728 482 1783 511 est
1811 486 1900 522 ergo
1936 475 2041 523 quod
2070 475 2248 512 effectum
2276 476 2483 524 praedesti-

1421 526 1585 563 nationis
1627 527 1868 564 considerare
1907 540 2112 576 possumus
2151 529 2359 577 dupliciter.
2398 530 2497 577 Uno,

1422 580 1551 626 modo,
1578 579 1616 616 in
1649 580 1863 628 particulari
1883 585 1907 616 ⁰.
1940 581 1987 616 Et
2016 581 2068 617 sic
2096 581 2185 618 nihil
2217 582 2394 630 prohibet
2421 582 2485 619 ali—

1421 643 1537 679 quem
1567 633 1745 669 effectum
1772 633 2124 682 praedestinationis
2153 647 2234 670 esse
2264 647 2419 671 causam
2448 643 2485 672 et

1421 684 1606 722 rationem
1622 686 1789 722 alterius:
1810 686 2060 735 posteriorem
2081 687 2237 735 quidem
2255 687 2403 735 prioris,
2424 700 2482 724 se—

1421 738 1590 774 cundum
1611 739 1796 775 rationem
1831 750 1967 775 causae
2000 739 2139 784 finalis3
2160 739 2327 787 priorem
2354 753 2448 777 vero
2468 746 2483 771 P

1419 791 1647 838 posterioris,
1665 792 1878 829 secun‘dum
1895 791 2080 828 rationem
2097 804 2233 828 causae
2253 793 2481 841 meritoriae,

1419 855 1518 891 quae
1548 844 1737 881 reducitur
1765 844 1814 882 ad
1843 844 2131 893 dispositionem
2160 845 2350 882 materiae.
2379 846 2483 883 Sicut

1419 896 1450 932 si
1471 896 1639 934 dicamus
1659 898 1764 946 quod
1796 899 1903 934 Deus
1926 897 2210 946 praeordinavit
2234 910 2274 934 se
2304 898 2481 936 daturum

1419 949 1529 986 alicui
1555 950 1714 997 gloriam
1744 962 1789 987 ex
1817 950 1979 995 meritis;
2006 958 2042 986 et
2069 950 2175 998 quod
2203 951 2484 999 praeordinavit

1419 1015 1459 1038 se
1480 1003 1657 1039 daturum
1678 1002 1788 1039 alicui
1803 1007 1820 1029 Χ
1835 1003 2006 1051 gratiam,
2021 1011 2063 1039 ut
2083 1011 2290 1040 mereretur
2308 1004 2480 1051 gloriam.

1418 1076 1442 1082 —
1462 1056 1546 1092 Alio
1565 1056 1684 1093 modo
1711 1064 1835 1104 potest
1869 1056 2097 1093 considerari
2129 1056 2482 1105 praedestinationis

1419 1109 1575 1145 effectus
1595 1109 1634 1145 in
1654 1109 1862 1146 communi.
1884 1110 1932 1146 Et
1961 1109 2013 1145 sic
2041 1109 2275 1158 impossibile
2295 1117 2351 1146 est
2378 1110 2481 1158 quod

1417 1169 1518 1198 totus
1554 1162 1908 1210 praedestinationis
1929 1162 2085 1199 effectus
2105 1163 2142 1198 in
2164 1162 2362 1199 communi
2380 1162 2396 1191 Ψ
2415 1163 2481 1203 ha-

1418 1215 1506 1250 beat
1530 1215 1696 1262 aliquam
1718 1227 1871 1252 causam
1893 1227 1938 1251 ex
1956 1223 2063 1263 parte
2082 1223 2222 1252 nostra.
2245 1215 2346 1261 Quia
2373 1216 2481 1263 quid-

1418 1267 1507 1316 quid
1542 1275 1597 1304 est
1625 1268 1663 1304 in
1691 1268 1849 1304 homine
1878 1268 2057 1304 ordinans
2084 1268 2210 1316 ipsum
2243 1268 2281 1304 in
2309 1269 2480 1315 salutem,

1419 1320 1754 1369 comprehenditur
1771 1328 1894 1357 toturn
1919 1321 1989 1357 sub
2011 1320 2148 1357 effectu
2172 1321 2481 1369 praedestinatio—

1418 1373 1486 1419 nis,
1518 1373 1629 1410 etiam
1655 1373 1773 1421 ipsa‘»
1794 1373 2029 1422 praeparatio
2064 1374 2112 1410 ad
2145 1373 2321 1420 gratiam:
2356 1386 2480 1423 neque

1418 1426 1521 1462 enim
1551 1427 1626 1462 hoc
1654 1427 1696 1463 fit
1714 1432 1750 1447 “²
1770 1426 1840 1463 nisi
1859 1438 1928 1474 per
1947 1426 2125 1463 auxilium
2142 1426 2328 1472 divinum,
2349 1438 2480 1463 secun-

1419 1480 1512 1516 dum
1533 1479 1623 1516 illud
1647 1480 1683 1516 T
1678 1480 1782 1515 hren.
1803 1479 1924 1515 ultimi
1943 1479 1977 1515 *ε
1999 1485 2173 1515 converte
2197 1491 2275 1524 nos,
2305 1480 2479 1525 Domine,

1417 1533 1469 1568 ad
1490 1538 1543 1578 te,
1574 1538 1608 1568 et
1635 1538 1908 1569 convertemur.
1944 1533 2071 1569 Habet
2102 1540 2231 1569 tamen
2258 1533 2333 1569 hoc
2361 1534 2479 1570 modo

1417 1585 1721 1634 praedestinatio,
1744 1597 1789 1622 ex
1808 1593 1912 1633 parte
1935 1585 2102 1631 effectus,
2123 1597 2192 1634 pro
2223 1582 2366 1622 ratione
2387 1585 2482 1622 divi-

1418 1651 1508 1676 nam
1529 1638 1738 1675 bonitatem
1765 1637 1818 1683 ssss3
1845 1638 2040 1686 adquam
2068 1645 2169 1675 totus
2190 1638 2345 1674 effectus
2373 1650 2482 1686 prae-

1418 1691 1676 1729 destinationis
1711 1691 1907 1728 ordinatur
1943 1699 1983 1727 ut
2019 1691 2057 1727 in
2095 1691 2238 1738 finem,
2268 1698 2304 1727 et
2333 1703 2377 1727 ex
2406 1704 2482 1739 qua

1416 1745 1588 1794 procedit
1607 1745 1702 1781 sicut
1722 1757 1767 1781 ex
1790 1744 1975 1793 principio
2003 1744 2127 1792 primo
2155 1751 2347 1781 movente.

1470 1800 1530 1835 An
1559 1810 1696 1835 PRIMUM
1730 1809 1827 1834 ERGO
1861 1809 2045 1834 mei-:NDUM
2079 1798 2181 1845 quod
2216 1810 2307 1834 usus
2342 1797 2480 1844 gratiae

1416 1851 1636 1900 praescitus,
1653 1863 1731 1887 non
1747 1858 1803 1887 est
1818 1850 1912 1887 ratio
1934 1850 2141 1887 collationis
2161 1850 2312 1898 gratiae,
2334 1850 2403 1886 nisi
2424 1862 2481 1886 se-

1418 1905 1587 1942 cundum
1608 1904 1792 1941 rationem
1810 1915 1945 1940 causae
1966 1903 2088 1939 finalis
2103 1908 2143 1948 ⁷⁷,
2165 1911 2206 1939 ut
2221 1903 2360 1940 dictum
2378 1910 2434 1939 est
2447 1903 2477 1939 ³³⁶.

1471 1960 1529 1994 AD
1557 1968 1747 1994 SECUNDUM
1776 1968 1960 1993 mer-:NDUM
1980 1956 2084 2004 quod
2103 1956 2395 2005 praedestinatio
2414 1957 2480 1993 ha-

1415 2011 1479 2047 bet
1493 2011 1681 2048 rationem
1702 2022 1746 2046 ex
1762 2016 1867 2058 parte
1889 2009 2056 2055 effectus,
2073 2009 2111 2045 in
2127 2009 2335 2057 communi,
2357 2009 2479 2058 ipsam

1416 2064 1586 2101 divinam
1615 2063 1835 2100 bonitatem.
1876 2063 1918 2099 In
1946 2062 2159 2111 particulari
2194 2070 2342 2109 autem,
2380 2074 2479 2099 unus

1415 2117 1572 2154 effectus
1602 2124 1657 2153 est
1686 2116 1780 2153 ratio
1810 2115 1971 2162 alterius,
2001 2114 2055 2152 ut'
2072 2115 2214 2152 dictum
2244 2123 2300 2152 est
2317 2115 2348 2152 ³⁸.

1468 2172 1528 2207 AD
1551 2181 1711 2206 TERTluM
1730 2180 1913 2205 D1CENDUM
1933 2168 2039 2216 quod
2068 2180 2112 2204 ex
2140 2168 2221 2217 ipsa
2239 2168 2405 2205 bonitate
2426 2168 2479 2205 di-

1414 2223 1504 2260 vina
1536 2223 1630 2259 ratio
1664 2220 1761 2259 sumi
1794 2229 1919 2270 potest
1951 2221 2304 2270 praedestinationis
2337 2221 2479 2269 aliquo-

1416 2288 1522 2323 rum,
1554 2283 1590 2312 et
1618 2274 1893 2324 reprobationis
1922 2274 2095 2311 aliorum.
2136 2274 2199 2311 Sic
2236 2274 2338 2310 enim
2372 2276 2478 2311 Deus

1417 2329 1548 2366 dicitur
1575 2328 1705 2365 omnia
1733 2334 1888 2377 propter
1916 2339 2025 2364 suam
2046 2326 2254 2364 bonitatem
2275 2327 2418 2374 fecisse,
2440 2334 2481 2364 ut

1415 2383 1452 2420 in
1481 2383 1594 2419 rebus
1623 2381 1750 2419 divina
1784 2380 1932 2417 bonitas
1962 2388 2273 2429 repraesentetur.
2313 2381 2479 2417 Necesse

1417 2443 1472 2473 est
1500 2443 1628 2472 autem
1664 2435 1768 2483 quod
1797 2434 1922 2470 divina
1957 2434 2123 2480 bonitas,
2163 2446 2260 2482 quae
2288 2433 2328 2470 in
2355 2446 2395 2470 se
2426 2441 2480 2470 est

1414 2502 1493 2526 una
1521 2496 1557 2525 et
1585 2488 1765 2536 simplex,
1800 2486 2078 2523 multiformiter
2112 2494 2413 2535 repraesentetur
2439 2486 2479 2522 in

1416 2543 1546 2588 rebus;
1575 2549 1731 2590 propter
1758 2540 1833 2576 hoc
1862 2539 1966 2588 quod
1998 2551 2057 2575 res
2074 2547 2234 2579 ,creatae
2262 2540 2311 2576 ad
2340 2539 2479 2588 simpli-

1416 2595 1563 2632 citatem
1586 2594 1753 2631 divinam
1778 2593 1956 2641 attingere
1977 2605 2054 2629 non
2073 2599 2235 2640 possunt
2254 2589 2293 2629 ⁸⁸.
2324 2593 2372 2628 Et
2389 2592 2478 2629 inde

1416 2656 1471 2685 est
1499 2648 1603 2696 quod
1632 2648 1681 2684 ad
1715 2646 2007 2694 completionem
2045 2645 2209 2682 universi
2242 2645 2480 2694 requiruntur

1416 2701 1556 2738 diversi
1583 2700 1722 2748 gradus
1750 2711 1898 2746 rerum,
1927 2711 2092 2747 quarum
2125 2698 2315 2747 quaedam
2344 2699 2478 2746 altum,

1417 2762 1453 2791 et
1467 2754 1657 2803 quaedam
1675 2760 1699 2776 ⁵²
1719 2753 1895 2789 infimum
1914 2753 2043 2788 locum
2058 2758 2212 2788 teneant
2230 2747 2267 2788 ir't
2286 2752 2478 2788 universo.

1416 2809 1465 2844 Et
1493 2815 1533 2844 ut
1560 2805 1834 2843 multiformitas
1862 2804 2049 2853 graduum
2080 2812 2327 2841 conservetur
2353 2805 2405 2841 in‘
2423 2817 2479 2841 re-

1416 2861 1502 2906 bus,
1533 2861 1638 2897 Deus
1671 2858 1848 2907 permittit
1882 2858 2006 2907 aliqua
2034 2859 2136 2895 mala
2163 2857 2255 2905 fieri,
2286 2870 2334 2894 ne
2363 2858 2480 2895 multa

1417 2914 1519 2950 bona
1546 2912 1811 2961 impediantur,
1831 2918 1872 2948 ut
1895 2923 2010 2960 supra
2027 2910 2048 2932 ‘¹‘
2077 2911 2217 2948 dictum
2247 2918 2312 2948 est.

1472 2966 1534 3002 Sic
1551 2965 1571 2987 ‘¹‘
1595 2965 1705 3013 igitur
1733 2964 2018 3001 consideremus
2046 2972 2169 3000 totum
2197 2975 2316 3012 genus
2343 2964 2478 3000 huma-

293 3032 364 3068 per
382 3020 624 3069 operationes
645 3031 845 3057 causarum
866 3021 1134 3066 secundarum,
1150 3028 1192 3057 ut
1211 3033 1325 3069 supra
1343 3020 1363 3042 *
1387 3007 1391 3059 l
1417 3031 1532 3065 num,
1572 3018 1665 3055 sicut
1700 3025 1818 3054 totam
1857 3029 1984 3054 rerum
2021 3017 2313 3054 universitatem.
2352 3016 2481 3053 Voluit

350 3187 368 3220 ι)
388 3187 507 3220 quidam.
524 3199 543 3205 -
560 3187 645 3219 aliqui
662 3187 690 3216 F,
710 3194 764 3211 om.
779 3186 864 3211 ceteri.
883 3201 902 3205 -
920 3186 972 3211 Pro
985 3187 1207 3219 praeordinatur,
1219 3186 1362 3219 praeordi-

297 3226 399 3248 nantur
417 3222 450 3247 G.

350 3258 375 3290 κ)
395 3258 435 3282 vel
454 3257 527 3282 mali.
544 3271 564 3276 —
581 3260 629 3282 aut
648 3257 713 3282 mali
731 3257 835 3287 ACDE;
855 3260 903 3282 aut
916 3257 987 3287 mali,
1004 3261 1033 3282 ut
1050 3258 1195 3282 secundum
1210 3257 1360 3282 electionem

291 3293 462 3326 propositum
483 3292 535 3317 Dei
553 3296 673 3318 maneret
692 3293 721 3317 B.
1182 3316 1188 3326 ,

349 3327 378 3360 λ)
397 3328 537 3353 dixerunt.
553 3341 574 3348 -
591 3327 712 3353 dicerent
730 3328 806 3353 ΑΒΕ.
823 3341 842 3347 -
861 3327 912 3352 Pro
927 3327 1152 3360 praeexistentia,
1172 3327 1318 3352 existentia
1332 3328 1362 3352 B.

350 3364 379 3398 μ)
398 3371 415 3388 a
436 3363 501 3388 Deo.
519 3377 539 3381 -
556 3370 593 3388 ex
614 3363 670 3389 Deo
690 3364 790 3394 DEFG,
809 3363 845 3388 sit
862 3370 900 3388 ex
919 3363 977 3388 Deo
996 3363 1071 3388 ΑΒΕ.

349 3401 373 3430 ν)
394 3406 446 3423 non
466 3398 544 3423 alius.
562 3412 581 3417 —
598 3399 668 3424 alius
686 3406 738 3424 non
758 3399 870 3423 codices.

352 3433 375 3466 ξ)
395 3434 421 3459 in
442 3433 516 3458 nobis
535 3433 649 3458 initium.
668 3447 687 3454 ·-
705 3434 810 3459 initium
830 3434 856 3458 in
877 3434 904 3467 (a
922 3434 955 3466 Α)
976 3433 1050 3459 nobis
1065 3434 1174 3459 codices.

351 3470 376 3503 ο)
396 3470 429 3494 ei.
446 3483 466 3488 -
483 3469 545 3494 Om.
564 3469 677 3494 codices.
693 3483 712 3488 —
731 3469 782 3494 Pro
799 3476 867 3498 eum,
886 3476 914 3494 se
933 3469 986 3494 FG.

351 3506 380 3538 π)
400 3505 464 3530 Sed.
481 3518 501 3523 —
520 3504 555 3529 Et
572 3504 649 3528 ABD.

350 3541 375 3574 ρ)
394 3543 492 3565 autem.
510 3554 529 3558 -
546 3539 616 3564 enim
635 3539 746 3565 codices.

352 3576 377 3608 σ)
396 3576 480 3600 aliud.
498 3588 517 3595 —-
535 3575 597 3600 Om.
610 3575 665 3599 BD.
1140 3586 1149 3592 ν

351 3611 376 3644 τ)
396 3614 429 3636 et.
447 3625 467 3629 -
484 3613 511 3635 et
534 3610 606 3643 quod
629 3613 668 3635 est
685 3610 716 3634 B.
733 3623 752 3628 -
770 3610 821 3634 Pro
840 3617 899 3640 nec,
920 3618 971 3636 non
997 3610 1107 3636 codIces.
1125 3624 1144 3630 -
1163 3610 1213 3635 Pro
1236 3613 1262 3635 et
1280 3617 1361 3635 causa

294 3645 395 3678 prima,
414 3649 441 3671 et
458 3646 530 3679 quod
548 3649 587 3671 est
605 3652 642 3670 ex
659 3651 740 3670 causa
754 3645 847 3677 prima
865 3646 894 3671 Β.

1470 3185 1496 3217 υ)
1512 3184 1682 3217 particulari.
1700 3198 1719 3203 -
1737 3185 1806 3210 idest
1824 3185 1851 3210 in
1865 3185 1992 3217 partit-ite
2007 3185 2099 3217 aliqua
2117 3185 2160 3210 sui
2178 3184 2247 3208 addit
2266 3184 2298 3209 D.
2332 3209 2339 3215 ,

1471 3221 1498 3254 φ)
1518 3227 1589 3245 vero.
1607 3234 1626 3238 -
1644 3220 1706 3245 Om.
1721 3220 1750 3249 B,
1768 3224 1856 3245 autem
1876 3221 1961 3245 ceteri.

1469 3257 1497 3290 χ)
1523 3256 1674 3288 glor-Iam...
1691 3255 1781 3280 alicui.
1798 3269 1817 3275 -
1835 3255 1897 3280 Om.
1916 3256 2041 3280 CEFGsB
2062 3260 2087 3279 et
2105 3256 2144 3280 ed.
2163 3262 2196 3285 a;
2215 3262 2262 3287 pro
2281 3257 2307 3279 et
2325 3254 2411 3286 quod,
2431 3254 2480 3279 sed

1417 3292 1489 3324 quod
1506 3292 1553 3323 pB.
1572 3305 1591 3309 -
1608 3291 1658 3314 Pro
1676 3291 1804 3323 gratiam,
1824 3291 1940 3323 gloriam
1960 3291 2079 3324 gratiam
2098 3291 2129 3319 Α,
2143 3290 2189 3315 sed
2207 3289 2323 3322 gloriam
2343 3290 2479 3322 expungit;

1412 3334 1464 3359 per
1482 3326 1600 3360 gratiam
1620 3326 1651 3357 E,
1672 3326 1792 3358 gratiam
1811 3329 1837 3351 et
1855 3327 1896 3350 ed.
1910 3332 1935 3350 a.

1471 3361 1498 3395 ψ)
1519 3362 1544 3386 in
1565 3361 1705 3386 communi.
1723 3374 1742 3380 -
1760 3361 1822 3386 Om.
1837 3361 1891 3386 FG.

1469 3398 1500 3429 ω)
1521 3397 1587 3428 ipsa.
1604 3410 1623 3415 —
1636 3396 1729 3428 prima
1748 3397 1845 3421 addunt
1862 3396 2045 3421 ACDEFGsB.

1471 3433 1516 3464 αα)
1535 3432 1584 3456 hoc
1594 3432 1641 3464 fit.
1659 3445 1678 3450 -
1695 3435 1735 3456 est
1753 3431 1802 3456 hoc
1819 3431 1940 3456 ABCDE.

1471 3466 1512 3500 ββ)
1532 3467 1684 3491 bonitatem.
1703 3481 1721 3485 -
1739 3467 1801 3491 Om.
1816 3467 1845 3497 F,
1865 3467 2026 3491 voluntatem
2047 3466 2075 3491 P.

1470 3504 1513 3536 γγ)
1525 3502 1628 3535 finalis.
1646 3516 1666 3521 —
1684 3508 1735 3526 non
1754 3502 1892 3535 efficientis
1910 3502 1979 3526 addit
1998 3502 2028 3526 D.

1470 3537 1509 3569 δό)
1529 3545 1571 3562 res
1589 3541 1695 3562 creatae
1740 3540 1862 3569 possunt.
1879 3550 1899 3556 —
1917 3544 1959 3561 res
1973 3540 2064 3562 creata
2110 3539 2200 3568 potest
2214 3536 2335 3566 ABCDE,
2348 3542 2391 3560 res
2405 3542 2479 3560 crea-

1417 3578 1494 3599 tae...
1527 3576 1595 3598 otest
1613 3573 1640 3597 F.

1468 3582 1614 3640 tafaliam,
1629 3612 1655 3633 et
1668 3607 1807 3640 quaedam.
1825 3621 1843 3627 ·-
1861 3607 1922 3632 Om.
1938 3607 1995 3638 BG;
2014 3610 2041 3632 et
2058 3614 2112 3631 orn.
2130 3606 2206 3632 ceteri
2225 3611 2250 3631 et
2272 3607 2323 3632 ab.
2341 3620 2360 3626 ·—
2378 3606 2427 3630 Pro
2441 3608 2479 3630 te-

1418 3648 1506 3672 neant,
1526 3646 1615 3668 tenent
1637 3643 1712 3668 BFG.

2598 1440 2633 1456 αα

2508 1487 2519 1498 *
2533 1487 2601 1509 Vers.
2614 1493 2644 1509 21.

2598 1643 2629 1676 ββ

2596 1907 2628 1933 tt

2509 1934 2518 1941 ‘
2532 1932 2557 1953 In
2573 1938 2678 1960 corpore.

2507 2123 2516 2132 '
2531 2122 2589 2144 Ibid.

2595 2594 2623 2620 33

2601 2766 2624 2782 ΕΕ

2506 2925 2515 2935 “
2532 2924 2579 2951 Qu.
2594 2929 2620 2948 11,
2635 2927 2678 2944 art.
2691 2929 2717 2952 3,

2507 2950 2535 2971 ad
2555 2957 2575 2976 ις
2599 2956 2638 2978 qu.
2654 2956 2715 2976 xxii,

2506 2980 2548 2998 art.
2564 2982 2585 2998 2.

2507 3005 2515 3012 ·
2532 3004 2566 3026 Cf.
2575 3002 2720 3029 Comment.,

2506 3035 2571 3051 num.
2587 3035 2611 3051 x.
