2768 4178
45 2504 60 2516 ⁴
74 2503 131 2532 Cap.
146 2509 221 2527 xxxii.

0 2320 8 2660 -v-W--.-‹.v-‚„—-v›‹-v22v
0 2303 7 2311 τ
0 2275 7 2297 κ·
0 2265 3 2269 -
0 2252 2 2254 <

7 2731 9 2734 ⁴
47 2716 58 2727 ⁸
70 2715 118 2743 Qu.
127 2721 175 2743 xiv,
186 2720 229 2738 nrt.
239 2716 262 2739 8.

49 2872 61 2882 ⁶
74 2870 143 2894 Vers.
153 2871 191 2894 26.

18 3305 21 3339 i
53 3324 67 3336 ⁸
81 3324 137 3352 Cap.
153 3290 184 3352 ξ,
200 3331 224 3347 n.
241 3331 266 3351 2;

17 3367 19 3376 ,
53 3356 105 3378 cap.
119 3357 166 3373 vm.
174 3363 185 3368 -
193 3352 266 3374 S.Th.

53 3377 106 3399 lect.
115 3384 165 3406 vui,
174 3384 207 3400 xn
214 3385 266 3407 sqq.

996 260 1264 307 QUAESTIO
1294 262 1396 308 xlx,
1426 261 1721 300 ARTICULUS
1752 264 1803 300 iv

298 340 388 382 quod
406 340 439 370 in
464 346 674 380 cognoscente
690 346 745 376 est,
761 339 972 380 cognoscitur.
998 339 1104 370 Omne
1120 346 1227 370 autem
1243 339 1367 369 bonurn

298 395 365 415 non
389 391 515 425 oportet
531 394 598 415 esse
623 391 678 415 aut
700 384 768 415 fore
792 384 824 414 in
848 383 968 424 seipso:
995 390 1025 414 et
1048 390 1278 426 consequenter
1300 393 1366 414 non

298 435 426 469 oportet
449 438 515 459 esse
537 428 675 459 volitum
699 438 717 458 a
740 428 820 459 Deo.

351 473 399 503 Ex
422 472 484 503 hoc
508 479 615 504 autem
638 479 724 512 patet
747 471 918 502 differentia
942 471 1119 511 supradicta
1142 471 1223 502 inter
1246 471 1367 501 diversa

299 517 375 548 scita
397 527 416 547 a
438 517 518 548 Deo.
549 516 633 554 Quia
656 517 709 547 illa
739 525 820 557 quae
844 525 881 546 ex
904 525 936 545 se
960 522 1034 546 sunt
1057 515 1191 551 scibilia,
1222 515 1366 546 absoluta

298 561 481 592 necessitate
505 567 742 602 cognoscuntur
761 570 779 590 a
802 560 886 590 Deo:
911 559 964 590 illa
987 569 1062 589 vero
1086 569 1168 600 quae
1191 559 1367 590 sortiuntur

298 605 471 642 veritatem,
489 612 520 636 et
543 611 773 646 consequenter
792 603 998 639 scibilitatem,
1019 613 1056 633 ex
1071 603 1234 634 voluntate
1250 603 1364 640 divina,

298 649 465 690 supposita
487 659 601 680 eorum
622 648 760 684 veritate,
778 647 952 678 necessario
977 647 1127 678 sciuntur.
1152 647 1238 677 Nihil
1259 654 1366 678 autem

297 693 384 724 aliud
408 704 426 723 a
450 693 531 729 Deo,
555 699 853 733 quantumcumque
877 698 1077 732 supponatur
1100 692 1238 727 bonum,
1259 701 1365 722 neces—

297 737 379 767 sario
404 743 450 767 est
473 737 511 767 ab
536 746 575 767 eo
599 736 751 772 volitum,
777 743 812 766 ut
835 742 930 775 patet.
955 736 1047 766 Unde
1076 735 1114 766 de
1144 735 1304 766 scibilibus
1335 743 1366 766 et

297 780 505 816 amabilibus,
539 780 711 811 formaliter
741 780 925 820 loquendo,
959 786 1094 820 possunt
1123 781 1217 810 verba
1246 779 1365 810 litterae

296 824 512 855 universaliter
529 824 675 864 intelligi:
701 831 736 855 ut
752 824 869 854 scilicet
889 834 985 854 omne
1009 824 1115 855 scibile
1135 824 1175 855 sit
1190 824 1364 855 necessario

2408 270 2483 318 237

1420 339 1535 370 scitum
1551 350 1568 370 a
1584 341 1667 378 Deo;
1692 351 1759 371 non
1782 349 1889 372 autem
1905 353 2000 374 omne
2017 346 2150 376 amabile
2174 353 2220 377 est
2238 348 2412 378 necessario
2427 358 2486 378 vo-

1420 383 1522 415 litum.
1554 385 1638 423 Quia
1661 395 1756 415 omne
1785 386 1891 416 scibile
1914 387 2008 419 habet
2038 390 2211 420 necessario
2243 401 2309 421 esse
2339 391 2372 421 in
2395 392 2483 429 Deo,

1420 428 1566 468 quamvis
1585 429 1789 469 quorundam
1808 430 1964 460 scibilium
1983 432 2128 463 scibilitas
2148 444 2214 464 non
2235 434 2274 464 sit
2298 435 2482 466 necessaria:

1420 482 1486 502 non
1510 479 1617 503 autem
1641 483 1736 503 omne
1752 474 1886 504 amabile
1905 474 1998 506 habet
2014 486 2079 506 esse
2097 484 2150 508 aut
2169 478 2236 508 fore
2253 479 2436 510 necessario.

1475 516 1516 547 Et
1539 517 1619 547 bene
1642 523 1762 553 notato,
1784 527 1921 558 saneque
1945 518 2109 560 intelligito
2123 522 2217 551 verba
2233 522 2350 552 litterae
2366 523 2399 552 in
2415 523 2483 553 red-

1420 560 1539 591 ditione
1563 571 1674 592 causae
1697 561 1863 601 praefatae.
1890 562 2052 599 Quoniam
2076 574 2141 594 non
2163 565 2295 596 intendit
2317 567 2482 597 necessita-

1419 611 1484 634 tem
1508 604 1691 645 simpliciter
1713 606 1751 635 ab
1776 605 1923 635 universo
1948 607 2119 644 excludere,
2144 618 2241 648 quam
2263 610 2296 640 in
2316 611 2342 640 II
2361 610 2482 641 Contra

1423 647 1526 686 Gent.,
1552 659 1620 689 cap.
1636 659 1705 685 xxx,
1723 650 1845 690 probat,
1863 650 1917 680 sed
1934 651 2148 682 necessitatem
2165 654 2302 683 essendi:
2327 654 2483 694 quoniam

1420 692 1541 722 nullam
1564 703 1631 723 rem
1655 703 1721 723 esse
1745 700 1791 724 est
1819 693 2001 733 simpliciter
2031 696 2257 733 necessarium,
2282 697 2341 727 nisi
2365 698 2480 729 Deum.

1420 736 1460 767 Et
1482 736 1544 767 hoc
1567 736 1728 768 insinuant
1751 737 1804 768 illa
1826 738 1938 774 verba,
1963 739 2007 768 ita
2031 740 2116 778 quod
2137 741 2200 770 sint
2216 751 2280 780 per
2302 743 2405 781 seipsa
2429 752 2482 772 ne-

1419 782 1570 811 cessaria.
1595 781 1636 811 Et
1659 781 1840 821 simpliciter
1862 781 1996 812 intendit
2024 783 2112 822 quod
2136 793 2260 814 necesse
2289 792 2334 815 est
2357 786 2480 822 omnia,

1419 825 1469 854 vel
1493 825 1601 855 omnia
1624 825 1752 861 scibilia,
1777 825 1891 856 habere
1914 836 1980 856 esse
2004 826 2036 856 in
2059 827 2139 857 Deo.

1080 994 1397 1036 ARTICULUS
1428 994 1700 1046 QUARTUS

916 1098 1072 1129 UTRUM
1095 1097 1330 1129 VOLUNTAS
1353 1098 1424 1128 DEI
1449 1098 1516 1128 SIT
1541 1098 1683 1129 CAUSA
1705 1098 1857 1129 RERUM

482 1188 492 1212 1
512 1187 595 1217 Seni„
617 1187 675 1212 dist.
694 1194 764 1218 me,
785 1194 829 1219 qu.
848 1193 875 1216 11,
894 1191 942 1211 art.
965 1193 992 1216 1;
1012 1186 1070 1210 dist.
1089 1192 1146 1215 xm,
1165 1189 1212 1209 art.
1234 1183 1262 1215 3;
1282 1184 1302 1208 11
1325 1184 1401 1208 Cont.
1423 1185 1510 1213 Gent.,
1530 1192 1586 1217 cap.
1605 1192 1679 1215 xxn1;
1700 1185 1742 1210 De
1760 1186 1828 1214 Pot„
1849 1194 1893 1219 qu.
1911 1193 1928 1216 1,
1948 1192 1994 1211 art.
2017 1186 2045 1218 5;
2065 1195 2108 1220 qu.
2127 1195 2163 1218 111,
2183 1193 2229 1213 art.
2253 1188 2291 1214 15.

415 1308 450 1326 „a
509 1288 531 1312 D
553 1287 725 1318 QUARTUM
746 1287 798 1312 sic
817 1285 1057 1311 moeson-ua.
1078 1273 1237 1309 Videtur
1256 1272 1362 1320 quod

423 1333 425 1338 ‘
446 1323 457 1339 ³
477 1373 481 1378 .
507 1330 685 1366 voluntas
713 1328 784 1364 Dei
803 1339 882 1364 non
902 1327 946 1363 sit
967 1339 1081 1363 causa
1101 1337 1242 1362 rerum.
1263 1324 1363 1361 Dicit

289 1487 547 1538 praeeligens,
576 1487 643 1524 sed
662 1499 735 1536 per
763 1487 884 1535 ipsum
914 1497 992 1522 esse
1020 1485 1207 1522 illuminat
1233 1484 1361 1521 omnia

286 1541 519 1590 participare
545 1540 671 1577 lumen
701 1540 815 1588 ipsius
842 1539 1006 1576 valentia
1025 1545 1060 1583 “‚·
1089 1539 1139 1575 ita
1159 1543 1195 1574 et
1221 1539 1360 1575 honum

291 1594 460 1631 divinum
483 1605 557 1642 per
583 1593 703 1642 ipsam
741 1594 938 1630 essentiam
966 1592 1139 1629 omnibus
1177 1591 1362 1627 existenti-

293 1647 361 1684 bus
379 1647 542 1684 immittit
559 1647 731 1684 bonitatis
749 1658 842 1683 suae
860 1646 998 1683 radios.
1027 1644 1104 1682 Sed
1124 1656 1240 1681 omne
1256 1644 1362 1692 quod

292 1699 367 1748 agit
383 1712 454 1749 per
478 1700 728 1747 voluntatem,
759 1699 834 1747 agit
860 1706 902 1736 ut
931 1698 1159 1736 ratiocinans
1191 1705 1226 1734 et
1253 1709 1361 1745 prae-

293 1752 433 1801 eligens
452 1752 480 1790 β.
510 1754 614 1801 Ergo
651 1754 757 1790 Deus
795 1765 874 1789 non
912 1752 987 1800 agit
1013 1764 1083 1800 per
1109 1751 1359 1788 voluntatem.

292 1806 395 1854 Ergo
415 1811 430 1833 ⁷
458 1807 637 1844 voluntas
666 1806 737 1843 Dei
768 1818 847 1842 non
876 1813 931 1842 est
964 1801 1079 1842 causa
1107 1816 1248 1841 rerum.

346 1871 382 1896 2.
403 1861 641 1907 PRAETEREA,
672 1858 711 1896 id
740 1859 846 1908 quod
875 1866 931 1895 est
957 1871 1026 1907 per
1054 1857 1275 1903 essentiam,
1307 1864 1362 1893 est

290 1912 461 1961 primum
490 1913 529 1950 in
558 1912 728 1961 quolibet
753 1912 902 1949 ordine:
934 1912 1029 1948 sicut
1049 1910 1087 1947 in
1107 1910 1240 1947 ordine
1269 1909 1361 1958 igni-

290 1972 419 2002 torum
441 1973 496 2003 est
522 1966 704 2015 primum,
726 1965 833 2013 quod
853 1973 908 2002 est
935 1964 1030 2013 ignis
1049 1976 1117 2013 per
1145 1963 1358 2000 essentiam.

292 2019 370 2056 Sed
397 2019 504 2056 Deus
533 2026 589 2056 est
606 2018 777 2068 primum
807 2030 934 2066 agens.
957 2019 1059 2065 Ergo
1080 2024 1137 2054 est
1156 2028 1272 2064 agens
1291 2028 1361 2064 per

291 2072 496 2109 essentiam
517 2085 639 2119 suam,
660 2084 759 2120 quae
780 2079 837 2108 est
863 2079 999 2108 natura
1023 2070 1113 2107 eius.
1135 2070 1223 2117 Agit
1250 2069 1361 2117 igitur

289 2137 360 2173 per
397 2133 593 2173 naturam,
624 2133 659 2161 et
687 2137 766 2162 non
793 2137 863 2173 per
895 2125 1145 2161 voluntatem.
1174 2123 1360 2160 Voluntas

289 2177 399 2225 igitur
427 2178 556 2215 divina
584 2190 663 2215 non
693 2185 748 2215 est
776 2190 890 2214 causa
919 2189 1059 2214 rerum.

346 2232 380 2268 3.
401 2232 634 2278 PRAETEREA,
657 2230 844 2280 quidquid
873 2237 929 2267 est
967 2242 1082 2266 causa
1110 2229 1264 2266 alicuius
1291 2241 1361 2277 per

288 2284 365 2321 hoc
393 2284 499 2333 quod
528 2292 584 2321 est
602 2284 686 2331 tale,
709 2291 764 2321 est
792 2296 906 2320 causa
925 2295 994 2332 per
1018 2290 1204 2329 naturam,
1226 2289 1263 2318 et
1281 2294 1360 2319 non

288 2349 357 2386 per
384 2338 640 2375 voluntatem:
670 2337 765 2385 ignis
795 2337 895 2373 enim
916 2348 1031 2373 causa
1064 2343 1120 2372 est
1149 2335 1360 2372 calefactio-

289 2391 358 2438 nis,
380 2390 470 2439 quia
490 2398 545 2428 est
564 2390 727 2436 calidus;
758 2390 826 2427 sed
846 2389 976 2426 artifex
996 2396 1052 2426 est
1072 2401 1187 2425 causa
1207 2389 1358 2436 domus,

290 2443 380 2492 quia
403 2445 487 2481 vult
515 2456 601 2481 eam
630 2445 766 2481 facere.
799 2443 876 2480 Sed
905 2442 1138 2490 Augustinus
1168 2441 1266 2489 dicit,
1286 2442 1358 2479 inI

289 2497 335 2534 de
363 2498 470 2535 Doct.
501 2498 635 2534 Christ.
664 2496 704 2543 ²³⁸,
740 2496 846 2545 quod
874 2496 963 2544 quia
997 2497 1101 2532 Deus
1139 2496 1257 2532 bonus
1286 2501 1358 2541 est,

287 2562 428 2587 sumus.
458 2551 561 2598 Ergo
590 2551 696 2587 Deus
725 2561 794 2598 per
821 2561 931 2586 suam
956 2557 1132 2586 naturam
1162 2556 1217 2586 est
1246 2561 1359 2585 causa

289 2615 430 2650 rerum,
461 2611 497 2640 et
524 2616 603 2640 non
631 2615 701 2651 per
726 2603 977 2639 voluntatem.

342 2668 380 2703 4.
401 2657 635 2703 PRAETEREA,
655 2655 769 2692 unius
793 2655 846 2692 rei
872 2668 950 2692 una
970 2663 1025 2692 est
1052 2656 1178 2692 causa.
1201 2655 1279 2692 Sed
1304 2668 1359 2692 re-

290 2721 376 2746 rum
397 2716 609 2746 creatarum
638 2716 694 2746 est
723 2721 837 2745 causa
865 2709 1018 2745 scientia
1038 2709 1121 2756 Dei,
1141 2715 1183 2745 ut
1211 2708 1359 2757 supra*

292 2762 434 2800 dictum
463 2770 529 2799 est.
566 2763 669 2810 Ergo
697 2763 876 2799 voluntas
903 2761 976 2798 Dei
1010 2774 1088 2799 non
1118 2761 1232 2799 debet
1266 2761 1359 2810 poni

290 2828 405 2852 causa
433 2828 573 2852 rerum.

345 2870 419 2906 SED
435 2881 582 2906 CONTRA
597 2880 663 2905 EST
682 2867 787 2917 quod
803 2867 935 2905 dicitur
949 2869 1037 2916 Sap.
1049 2880 1085 2905 XI
1100 2867 1135 2904 *z
1162 2868 1357 2910 Quomodo

284 2929 412 2971 posset
437 2922 580 2971 aliquid
599 2928 840 2970 permanere,
861 2922 934 2958 nisi
959 2927 997 2958 tu
1025 2921 1234 2958 voluisses?

344 2977 570 3012 RESPONDEO
599 2986 783 3012 DICENDUM
821 2974 927 3022 quod
954 2987 1111 3012 necesse
1149 2982 1205 3011 est
1233 2974 1358 3011 dicere

290 3029 528 3066 voluntatem
543 3028 615 3065 Dei
631 3040 712 3065 esse
730 3040 885 3064 causam
901 3040 1040 3075 rerum,
1054 3035 1091 3064 et
1104 3029 1231 3064 Deum
1247 3039 1357 3075 agere

291 3093 360 3130 per
377 3082 626 3128 voluntatem,
648 3093 727 3118 non
755 3093 824 3129 per
842 3081 1104 3118 necessitatem
1130 3088 1298 3128 naturae,
1318 3087 1360 3116 ut

294 3134 451 3183 quidam
489 3134 811 3171 existimaverunt.
843 3134 960 3181 Quod
988 3134 1146 3182 quidem
1175 3145 1359 3183 apparere

292 3194 418 3236 potest
445 3187 646 3236 tripliciter.
678 3187 808 3224 Primo
834 3187 1008 3235 quidem,
1039 3200 1084 3224 ex
1111 3187 1195 3236 ipso
1226 3187 1358 3224 ordine

295 3252 496 3277 causarum
511 3241 714 3288 agentium.
734 3241 833 3277 Cum
855 3239 956 3277 enim
971 3248 1127 3289 propter
1141 3241 1261 3277 finem
1277 3248 1361 3288 agat

295 3301 331 3330 et
345 3293 553 3330 intellectus
569 3291 582 3314 '³
603 3301 638 3331 et
652 3301 797 3342 natura,
813 3300 854 3330 ut
868 3293 1051 3342 probatur
1070 3293 1108 3330 in
1123 3295 1155 3330 II
1170 3293 1359 3342 Physic.*,

294 3359 451 3383 necesse
487 3354 542 3383 est
569 3355 610 3383 ut
638 3347 761 3395 agenti
789 3359 858 3396 per
891 3354 1066 3383 naturam
1094 3346 1362 3395 praedetermi-

295 3408 404 3437 netur
431 3399 530 3447 finis,
553 3407 588 3436 et
607 3400 735 3437 media
762 3399 975 3437 necessaria
995 3400 1044 3437 ad
1071 3400 1202 3446 finem,
1224 3399 1272 3436 ab
1297 3400 1361 3436 ali-

349 3514 375 3546 α)
396 3513 522 3538 valentia.
541 3527 561 3532 -
578 3513 694 3538 volentia
714 3513 823 3539 codices.
841 3528 860 3534 —
878 3514 906 3539 In
924 3513 975 3539 fine
993 3519 1077 3539 textus
1097 3514 1138 3539 cit.
1157 3522 1205 3547 pro
1224 3521 1300 3544 suae,
1322 3515 1361 3539 di-

295 3549 373 3574 vinae
391 3549 454 3574 Pab.

350 3583 375 3616 β)
391 3584 569 3617 praeeligens.
587 3597 606 3602 -
623 3583 723 3616 eligens
742 3584 843 3609 codices
862 3589 888 3610 et
906 3586 947 3610 ed.
961 3592 986 3610 a.

349 3622 375 3653 γ)
396 3620 479 3653 Ergo.
497 3633 516 3638 —
534 3619 570 3644 Et
588 3619 626 3644 sic
645 3619 756 3644 codices.

1417 1283 1493 1320 quo
1523 1272 1707 1320 superiori
1735 1273 1940 1320 intellectu;
1971 1274 2065 1311 sicut
2094 1276 2246 1323 sagittae
2268 1279 2481 1325 praedeter—

1417 1324 1583 1361 minatur
1610 1326 1696 1362 finis
1726 1334 1762 1363 et
1782 1335 1903 1363 certus
1933 1328 2072 1365 modus
2102 1341 2123 1365 a
2143 1330 2348 1377 sagittante.
2370 1332 2480 1368 Unde

1417 1389 1572 1414 necesse
1597 1386 1652 1415 est
1682 1379 1786 1428 quod
1815 1392 1930 1428 agens
1954 1392 2024 1429 per
2042 1381 2271 1420 intellectum
2293 1391 2329 1420 et
2347 1385 2481 1422 volun-

1416 1437 1544 1478 tatem,
1575 1431 1620 1468 sit
1643 1432 1747 1480 prius
1776 1442 1909 1481 agente
1937 1446 2006 1482 per
2025 1442 2209 1472 naturam.
2239 1436 2362 1484 Unde,
2394 1450 2480 1474 cum

1416 1483 1585 1532 primum
1623 1484 1662 1521 in
1700 1485 1834 1523 ordine
1872 1486 2063 1534 agentium
2091 1487 2136 1524 sit
2169 1489 2295 1537 Deus,
2325 1489 2479 1527 necesse

1417 1544 1473 1573 est
1500 1537 1606 1585 quod
1634 1550 1703 1587 per
1730 1538 1961 1576 intellectum
1991 1548 2027 1577 et
2054 1542 2291 1578 voluntatem
2316 1551 2410 1591 agat.

1471 1590 1662 1638 Secundo,
1685 1604 1730 1628 ex
1751 1592 1894 1629 ratione
1923 1593 2099 1630 naturalis
2125 1595 2280 1642 agentis,
2307 1596 2355 1632 ad
2375 1596 2480 1644 quod

1415 1643 1576 1692 pertinet
1594 1651 1635 1680 ut
1653 1657 1775 1681 unum
1806 1645 1983 1683 effectum
2010 1647 2210 1695 producat:
2242 1648 2328 1696 quia
2348 1656 2481 1686 natura

1415 1708 1494 1733 uno
1525 1704 1561 1733 et
1589 1697 1728 1735 eodem
1756 1698 1875 1736 modo
1914 1707 2112 1748 operatur,
2142 1700 2212 1737 nisi
2240 1701 2478 1750 impediatur.

1417 1749 1465 1786 Et
1492 1750 1568 1786 1106
1596 1750 1694 1797 ideo,
1716 1751 1805 1800 quia
1833 1752 2044 1789 secundum
2074 1754 2177 1801 quod
2207 1762 2261 1791 est
2279 1756 2363 1802 tale,
2385 1755 2478 1802 agit:

1415 1802 1529 1850 unde,
1552 1804 1722 1852 quandiu
1742 1812 1798 1841 est
1825 1806 1909 1852 tale,
1930 1818 2009 1843 non
2028 1806 2114 1843 facit
2138 1807 2207 1843 nisi
2236 1809 2320 1844 tale.
2352 1808 2479 1845 Omne

1415 1855 1518 1892 enirn
1533 1869 1650 1904 agens
1664 1870 1733 1906 per
1748 1865 1934 1905 naturam,
1946 1859 2062 1895 habet
2078 1872 2158 1896 esse
2172 1860 2476 1897 determinatum.

1416 1909 1517 1945 Cum
1545 1909 1656 1957 igitur
1684 1923 1766 1947 esse
1796 1911 1966 1948 divinum
1994 1924 2073 1949 non
2102 1913 2146 1949 sit
2167 1913 2476 1962 determinatum,

1415 1961 1483 1999 sed
1512 1963 1701 2000 contineat
1727 1964 1766 2000 in
1795 1976 1834 2000 se
1864 1971 1982 2001 totam
2011 1965 2283 2013 perfectionem
2312 1967 2476 2014 essendi,

1414 2027 1493 2052 non
1520 2023 1645 2064 potest
1673 2028 1754 2053 esse
1784 2017 1889 2065 quod
1918 2025 2002 2065 agat
2029 2030 2098 2066 per
2126 2019 2387 2056 necessitatem
2413 2032 2477 2056 na-

1414 2075 1538 2105 turae:
1567 2069 1638 2106 nisi
1667 2070 1760 2106 forte
1791 2078 1962 2107 causaret
1986 2070 2127 2119 aliquid
2146 2071 2476 2109 indeterminatum

1415 2129 1451 2158 et
1477 2121 1667 2159 infinitum
1687 2123 1725 2159 in
1746 2123 1926 2169 essendo;
1957 2125 2061 2172 quod
2091 2132 2146 2161 est
2172 2125 2417 2174 impossibile,
2437 2133 2479 2162 ut

1416 2187 1460 2211 ex
1489 2175 1747 2224 superioribus
1770 2176 1790 2198 ²¹⁶
1817 2183 1930 2224 patet.
1962 2177 2054 2213 Non
2082 2177 2190 2224 igitur
2218 2178 2292 2225 agit
2317 2191 2387 2226 per
2414 2190 2478 2215 ne-

1415 2229 1628 2265 cessitatem
1662 2236 1839 2275 naturae3
1874 2229 1942 2266 sed
1972 2229 2129 2266 effectus
2162 2230 2400 2268 determinati
2430 2232 2477 2268 ab

1414 2281 1560 2318 infinita
1587 2281 1704 2330 ipsius
1737 2282 1967 2330 perfectione
1995 2283 2228 2331 procedunt,
2267 2284 2478 2321 secundum

1415 2335 1772 2372 determinationem
1799 2335 2004 2372 voluntatis
2034 2344 2069 2372 et
2096 2336 2304 2373 intellectus
2331 2337 2457 2386 ipsius.

1468 2388 1619 2435 Tertio,
1660 2400 1704 2424 ex
1732 2387 1952 2425 habitudine
1991 2388 2197 2425 effectuum
2235 2390 2282 2426 ad
2312 2402 2476 2427 causam.

1416 2441 1636 2478 Secundum
1666 2442 1740 2477 hoc
1769 2441 1870 2478 enim
1899 2441 2055 2478 effectus
2074 2442 2286 2490 procedunt
2314 2455 2336 2479 a
2365 2455 2478 2480 causa

1414 2502 1564 2542 agente,
1586 2495 1798 2531 secundum
1819 2494 1923 2541 quod
1952 2495 2206 2542 praeexistunt
2234 2495 2272 2532 in
2299 2507 2359 2532 ea:
2390 2496 2478 2544 quia

1414 2560 1530 2584 omne
1559 2559 1674 2595 agens
1703 2547 1778 2594 agit
1806 2547 1875 2583 sibi
1903 2547 2034 2584 simile.
2064 2548 2321 2584 Praeexistunt
2349 2556 2476 2586 autern

1414 2600 1571 2637 effectus
1591 2601 1628 2637 in
1649 2612 1762 2636 causa
1778 2600 1989 2637 secundum
2004 2601 2164 2637 modum
2181 2613 2328 2638 causae.
2351 2602 2474 2649 Unde,

1414 2666 1500 2690 cum
1521 2665 1602 2690 esse
1623 2653 1797 2690 divinum
1817 2653 1863 2689 sit
1886 2653 2011 2701 ipsum
2033 2653 2112 2690 eius
2132 2654 2347 2702 intelligere,
2368 2667 2476 2703 prae-

1413 2707 1575 2743 existunt
1611 2706 1649 2743 in
1679 2718 1724 2742 eo
1763 2705 1919 2743 effectus
1959 2706 2037 2743 eius
2066 2707 2278 2744 secundum
2314 2707 2474 2744 modurn

1413 2759 1694 2808 intelligibilem.
1720 2759 1832 2796 Unde
1852 2766 1888 2795 et
1905 2771 1974 2807 per
1992 2759 2154 2797 modum
2172 2760 2438 2808 intelligibilem
2465 2769 2475 2784 ε

1412 2813 1626 2862 procedunt
1645 2813 1692 2850 ab
1714 2824 1772 2849 eo.
1793 2813 1842 2848 Et
1861 2812 1926 2860 sie,
1947 2825 2016 2861 per
2036 2825 2286 2861 consequens,
2307 2826 2375 2862 per
2394 2826 2476 2851 mo-

1414 2867 1506 2904 durn
1526 2865 1746 2903 voluntatis:
1776 2877 1867 2902 narn
1896 2865 2086 2902 inclinatio
2109 2866 2188 2903 eius
2208 2867 2256 2903 ad
2285 2867 2475 2914 agendum

1414 2920 1520 2969 quod
1548 2919 1736 2956 intellectu
1771 2926 1999 2967 conceptum
2034 2926 2108 2966 est,
2142 2919 2303 2968 pertinet
2331 2919 2379 2956 ad
2407 2932 2478 2956 vo-

1413 2975 1609 3011 luntatem.
1638 2972 1824 3009 Voluntas
1853 2971 1961 3019 igitur
1989 2972 2060 3008 Dei
2090 2980 2144 3009 est
2173 2985 2286 3009 causa
2311 2985 2447 3009 rerum.

1467 3029 1525 3063 AD
1554 3037 1693 3062 PRIMUM
1722 3021 1819 3061 ERGO
1848 3037 2031 3061 DICENDUM
2052 3025 2156 3073 quod
2182 3025 2388 3073 Dionysius
2408 3038 2477 3073 per

1413 3081 1533 3117 verba
1560 3079 1621 3115 illa
1657 3090 1736 3114 non
1772 3077 1929 3115 intendit
1966 3078 2167 3115 excludere
2201 3077 2426 3115 electionem
2455 3091 2477 3115 a

1414 3135 1498 3170 Deo
1528 3131 1753 3180 simpliciter,
1775 3131 1842 3168 sed
1871 3131 2082 3167 secundum
2111 3131 2223 3178 quid:
2252 3131 2476 3178 inquantum

1415 3186 1563 3232 scilicet,
1590 3197 1668 3221 non
1703 3183 1932 3232 quibusdam
1969 3184 2092 3220 solum
2130 3183 2337 3220 bonitatem
2368 3196 2477 3220 suam

1416 3238 1684 3284 communicat,
1706 3236 1773 3273 sed
1793 3236 1988 3273 omnibus:
2009 3244 2122 3285 prout
2146 3236 2159 3262 ζ
2179 3236 2318 3273 scilicet
2345 3237 2476 3273 electio

1417 3291 1684 3330 discretionem
1713 3290 1907 3338 quandam
1936 3289 2124 3338 importat.

1472 3347 1529 3382 AD
1559 3355 1747 3381 smUNDUM
1772 3355 1955 3380 DiCENDUM
1975 3343 2091 3390 quod,
2118 3342 2207 3391 quia
2227 3342 2387 3379 essentia
2407 3343 2478 3379 Dei

1418 3407 1474 3436 est
1502 3398 1582 3434 eius
1619 3395 1823 3443 intelligere
1859 3403 1895 3432 et
1926 3396 2039 3443 velle,
2070 3407 2114 3431 ex
2152 3395 2226 3431 hoc
2253 3395 2336 3444 ipso
2373 3395 2479 3443 quod

1471 3512 1495 3545 ὃ)
1515 3516 1540 3537 et
1559 3512 1712 3536 intellectus.
1731 3525 1750 3529 -
1768 3510 1914 3535 intellectus
1933 3509 1977 3534 Ph.

1472 3549 1493 3580 ε)
1509 3547 1582 3572 Unde
1591 3550 1617 3572 et
1622 3554 1673 3579 per
1683 3546 1790 3571 modum
1804 3545 2026 3578 intelligibilem·
2036 3545 2096 3569 Om.
2108 3544 2164 3574 CD;
2183 3544 2257 3569 Unde
2266 3552 2319 3569 om.
2330 3545 2406 3569 etiam
2417 3545 2479 3569 Pab.

1470 3583 1496 3615 ζ)
1511 3586 1603 3642 pretg.
1621 3596 1640 3602 —
1658 3581 1779 3607 excludit
1803 3581 1886 3614 igitur
1911 3580 2060 3605 electionem
2080 3587 2097 3604 a
2118 3580 2174 3604 Deo
2193 3583 2278 3611 prout
2302 3580 2355 3605 BD.
2374 3594 2393 3600 -
2409 3580 2479 3605 scili-

1417 3622 1458 3644 cet
1476 3626 1530 3643 om.
1548 3619 1570 3642 A
1598 3635 1604 3643 .

2505 2188 2514 2197 ·
2530 2187 2577 2214 Qu.
2588 2192 2626 2214 vu,
2637 2191 2678 2208 art.
2690 2193 2711 2209 2.
