<?xml version="1.0" encoding="UTF-8"?>
<!DOCTYPE html PUBLIC "-//W3C//DTD XHTML 1.0 Transitional//EN"
    "http://www.w3.org/TR/xhtml1/DTD/xhtml1-transitional.dtd">
<html xmlns="http://www.w3.org/1999/xhtml" xml:lang="en" lang="en">
 <head>
  <title>
</title>
<meta http-equiv="Content-Type" content="text/html;charset=utf-8" />
  <meta name='ocr-system' content='tesseract 3.04.00' />
  <meta name='ocr-capabilities' content='ocr_page ocr_carea ocr_par ocr_line ocrx_word'/>
</head>
<body>
  <div class='ocr_page' id='page_1' title='image "./operaomniaiussui04thom_0488.png"; bbox 0 0 2768 4178; ppageno 0'>
   <div class='ocr_carea' id='block_1_1' title="bbox 98 896 312 922">
    <p class='ocr_par' dir='ltr' id='par_1_1' title="bbox 98 896 312 922">
     <span class='ocr_line' id='line_1_1' title="bbox 98 896 312 922; baseline -0.005 -6"><span class='ocrx_word' id='word_1_1' title='bbox 98 897 107 905; x_wconf 82' lang='lat'>&#39;</span> <span class='ocrx_word' id='word_1_2' title='bbox 124 896 171 922; x_wconf 89' lang='lat' dir='ltr'>Qu.</span> <span class='ocrx_word' id='word_1_3' title='bbox 182 901 221 921; x_wconf 84' lang='lat' dir='ltr'>vu,</span> <span class='ocrx_word' id='word_1_4' title='bbox 238 897 280 916; x_wconf 86' lang='lat' dir='ltr'>art.</span> <span class='ocrx_word' id='word_1_5' title='bbox 292 900 312 921; x_wconf 85' lang='grc' dir='ltr'>ι,</span> 
     </span>
    </p>
   </div>
   <div class='ocr_carea' id='block_1_2' title="bbox 99 922 260 950">
    <p class='ocr_par' dir='ltr' id='par_1_2' title="bbox 99 922 260 950">
     <span class='ocr_line' id='line_1_2' title="bbox 99 922 260 950; baseline -0.006 -7"><span class='ocrx_word' id='word_1_6' title='bbox 99 922 127 943; x_wconf 86' lang='lat' dir='ltr'>ad</span> <span class='ocrx_word' id='word_1_7' title='bbox 142 928 168 950; x_wconf 80' lang='lat'>3;</span> <span class='ocrx_word' id='word_1_8' title='bbox 183 925 225 943; x_wconf 87' lang='lat' dir='ltr'>art.</span> <span class='ocrx_word' id='word_1_9' title='bbox 240 927 260 942; x_wconf 83' lang='lat'>2.</span> 
     </span>
    </p>
   </div>
   <div class='ocr_carea' id='block_1_3' title="bbox 100 1586 315 1613">
    <p class='ocr_par' dir='ltr' id='par_1_3' title="bbox 100 1586 315 1613">
     <span class='ocr_line' id='line_1_3' title="bbox 100 1586 315 1613; baseline 0 -5"><span class='ocrx_word' id='word_1_10' title='bbox 100 1588 111 1598; x_wconf 78' lang='lat'>⁸</span> <span class='ocrx_word' id='word_1_11' title='bbox 123 1587 223 1608; x_wconf 68' lang='lat' dir='ltr'>Caele-st.</span> <span class='ocrx_word' id='word_1_12' title='bbox 233 1586 303 1608; x_wconf 84' lang='lat' dir='ltr'><em>Hier.</em></span> <span class='ocrx_word' id='word_1_13' title='bbox 308 1603 315 1613; x_wconf 90' lang='lat'>,</span> 
     </span>
    </p>
   </div>
   <div class='ocr_carea' id='block_1_4' title="bbox 102 1619 219 1642">
    <p class='ocr_par' dir='ltr' id='par_1_4' title="bbox 102 1619 219 1642">
     <span class='ocr_line' id='line_1_4' title="bbox 102 1619 219 1642; baseline 0 -7"><span class='ocrx_word' id='word_1_14' title='bbox 102 1619 152 1642; x_wconf 88' lang='lat' dir='ltr'>cap.</span> <span class='ocrx_word' id='word_1_15' title='bbox 168 1620 219 1635; x_wconf 84' lang='lat' dir='ltr'>vm.</span> 
     </span>
    </p>
   </div>
   <div class='ocr_carea' id='block_1_5' title="bbox 101 1642 235 1722">
    <p class='ocr_par' dir='ltr' id='par_1_5' title="bbox 101 1642 235 1722">
     <span class='ocr_line' id='line_1_5' title="bbox 199 1642 216 1667; baseline 0 0"><span class='ocrx_word' id='word_1_16' title='bbox 199 1642 216 1667; x_wconf 88' lang='grc' dir='ltr'><strong>λ</strong></span> 
     </span>
     <span class='ocr_line' id='line_1_6' title="bbox 101 1693 235 1722; baseline 0 -7"><span class='ocrx_word' id='word_1_17' title='bbox 101 1694 109 1703; x_wconf 89' lang='grc'>·</span> <span class='ocrx_word' id='word_1_18' title='bbox 126 1693 193 1715; x_wconf 87' lang='lat' dir='ltr'>Vers.</span> <span class='ocrx_word' id='word_1_19' title='bbox 209 1699 235 1722; x_wconf 87' lang='lat'>¹5-</span> 
     </span>
    </p>
   </div>
   <div class='ocr_carea' id='block_1_6' title="bbox 101 1986 314 2035">
    <p class='ocr_par' dir='ltr' id='par_1_6' title="bbox 101 1986 304 2035">
     <span class='ocr_line' id='line_1_7' title="bbox 101 1986 304 2035; baseline -0.005 -27"><span class='ocrx_word' id='word_1_20' title='bbox 101 1988 109 1996; x_wconf 86' lang='grc'>·</span> <span class='ocrx_word' id='word_1_21' title='bbox 123 1986 183 2035; x_wconf 65' lang='lat' dir='ltr'>Cap</span> <span class='ocrx_word' id='word_1_22' title='bbox 193 1992 235 2011; x_wconf 85' lang='lat' dir='ltr'>vu</span> <span class='ocrx_word' id='word_1_23' title='bbox 250 1992 273 2007; x_wconf 88' lang='lat' dir='ltr'>n.</span> <span class='ocrx_word' id='word_1_24' title='bbox 284 1992 304 2015; x_wconf 85' lang='lat'>¹3</span> 
     </span>
     <span class='ocr_line' id='line_1_8' title="bbox 102 1992 314 2035; baseline 0 -1"><span class='ocrx_word' id='word_1_25' title='bbox 102 2025 112 2030; x_wconf 97' lang='lat'>-</span> <span class='ocrx_word' id='word_1_26' title='bbox 174 2013 196 2034; x_wconf 83' lang='lat' dir='ltr'>h.</span> <span class='ocrx_word' id='word_1_27' title='bbox 203 2013 253 2035; x_wconf 84' lang='lat' dir='ltr'>lect</span> <span class='ocrx_word' id='word_1_28' title='bbox 263 1992 314 2034; x_wconf 73' lang='lat'>11131.</span> 
     </span>
    </p>
   </div>
   <div class='ocr_carea' id='block_1_7' title="bbox 101 2533 294 2556">
    <p class='ocr_par' dir='ltr' id='par_1_7' title="bbox 101 2533 294 2556">
     <span class='ocr_line' id='line_1_9' title="bbox 101 2533 294 2556; baseline 0 -1"><span class='ocrx_word' id='word_1_29' title='bbox 101 2534 111 2544; x_wconf 67' lang='lat'>¹</span> <span class='ocrx_word' id='word_1_30' title='bbox 133 2533 170 2555; x_wconf 86' lang='lat' dir='ltr'>Cf.</span> <span class='ocrx_word' id='word_1_31' title='bbox 185 2539 249 2556; x_wconf 88' lang='lat' dir='ltr'>num.</span> <span class='ocrx_word' id='word_1_32' title='bbox 263 2540 294 2555; x_wconf 85' lang='lat' dir='ltr'>xt.</span> 
     </span>
    </p>
   </div>
   <div class='ocr_carea' id='block_1_8' title="bbox 106 2615 475 2684">
    <p class='ocr_par' dir='ltr' id='par_1_8' title="bbox 106 2615 475 2684">
     <span class='ocr_line' id='line_1_10' title="bbox 108 2615 475 2657; baseline 0.025 -20"><span class='ocrx_word' id='word_1_33' title='bbox 108 2617 119 2628; x_wconf 68' lang='lat'><strong><em>⁴</em></strong></span> <span class='ocrx_word' id='word_1_34' title='bbox 136 2617 172 2639; x_wconf 86' lang='lat' dir='ltr'>Cf.</span> <span class='ocrx_word' id='word_1_35' title='bbox 187 2623 252 2639; x_wconf 90' lang='lat' dir='ltr'>num.</span> <span class='ocrx_word' id='word_1_36' title='bbox 262 2624 304 2639; x_wconf 66' lang='grc' dir='ltr'>ιιι.</span> <span class='ocrx_word' id='word_1_37' title='bbox 339 2622 443 2657; x_wconf 77' lang='lat' dir='ltr'>potest</span> <span class='ocrx_word' id='word_1_38' title='bbox 456 2615 475 2634; x_wconf 60' lang='grc' dir='ltr'>’κ’</span> 
     </span>
     <span class='ocr_line' id='line_1_11' title="bbox 106 2661 317 2684; baseline 0.005 -2"><span class='ocrx_word' id='word_1_39' title='bbox 106 2663 115 2671; x_wconf 90' lang='grc'>“’</span> <span class='ocrx_word' id='word_1_40' title='bbox 128 2661 164 2683; x_wconf 75' lang='lat' dir='ltr'>Cf.</span> <span class='ocrx_word' id='word_1_41' title='bbox 178 2667 241 2684; x_wconf 90' lang='lat' dir='ltr'>num.</span> <span class='ocrx_word' id='word_1_42' title='bbox 252 2668 317 2684; x_wconf 78' lang='lat' dir='ltr'>xvnx.</span> 
     </span>
    </p>
   </div>
   <div class='ocr_carea' id='block_1_9' title="bbox 320 294 410 330">
    <p class='ocr_par' dir='ltr' id='par_1_9' title="bbox 320 294 410 330">
     <span class='ocr_line' id='line_1_12' title="bbox 320 294 410 330; baseline -0.022 -10"><span class='ocrx_word' id='word_1_43' title='bbox 320 294 410 330; x_wconf 88' lang='lat' dir='ltr'>.47o</span> 
     </span>
    </p>
   </div>
   <div class='ocr_carea' id='block_1_10' title="bbox 335 354 1411 1735">
    <p class='ocr_par' dir='ltr' id='par_1_10' title="bbox 335 354 1411 1735">
     <span class='ocr_line' id='line_1_13' title="bbox 335 354 1401 407; baseline -0.007 -11"><span class='ocrx_word' id='word_1_44' title='bbox 335 359 477 406; x_wconf 91' lang='lat' dir='ltr'>simile,</span> <span class='ocrx_word' id='word_1_45' title='bbox 507 371 586 396; x_wconf 91' lang='lat' dir='ltr'>non</span> <span class='ocrx_word' id='word_1_46' title='bbox 615 358 771 407; x_wconf 91' lang='lat' dir='ltr'>quidem</span> <span class='ocrx_word' id='word_1_47' title='bbox 803 357 1054 406; x_wconf 91' lang='lat' dir='ltr'>producendo</span> <span class='ocrx_word' id='word_1_48' title='bbox 1092 356 1263 391; x_wconf 91' lang='lat' dir='ltr'>absolute</span> <span class='ocrx_word' id='word_1_49' title='bbox 1298 354 1401 390; x_wconf 93' lang='lat' dir='ltr'>illam</span> 
     </span>
     <span class='ocr_line' id='line_1_14' title="bbox 336 407 1402 460; baseline -0.007 -11"><span class='ocrx_word' id='word_1_50' title='bbox 336 420 530 458; x_wconf 91' lang='lat' dir='ltr'>naturam,</span> <span class='ocrx_word' id='word_1_51' title='bbox 560 411 627 448; x_wconf 92' lang='lat' dir='ltr'>sed</span> <span class='ocrx_word' id='word_1_52' title='bbox 656 411 884 460; x_wconf 92' lang='lat' dir='ltr'>applicando</span> <span class='ocrx_word' id='word_1_53' title='bbox 920 422 1005 446; x_wconf 93' lang='lat' dir='ltr'>eam</span> <span class='ocrx_word' id='word_1_54' title='bbox 1034 408 1082 445; x_wconf 92' lang='lat' dir='ltr'>ad</span> <span class='ocrx_word' id='word_1_55' title='bbox 1116 407 1269 456; x_wconf 90' lang='lat' dir='ltr'>aliquid.</span> <span class='ocrx_word' id='word_1_56' title='bbox 1309 407 1402 443; x_wconf 92' lang='lat' dir='ltr'>Non</span> 
     </span>
     <span class='ocr_line' id='line_1_15' title="bbox 337 461 1402 513; baseline -0.007 -11"><span class='ocrx_word' id='word_1_57' title='bbox 337 465 438 502; x_wconf 92' lang='lat' dir='ltr'>enim</span> <span class='ocrx_word' id='word_1_58' title='bbox 467 465 528 501; x_wconf 92' lang='lat' dir='ltr'>hic</span> <span class='ocrx_word' id='word_1_59' title='bbox 564 465 683 501; x_wconf 91' lang='lat' dir='ltr'>homo</span> <span class='ocrx_word' id='word_1_60' title='bbox 717 471 842 513; x_wconf 92' lang='lat' dir='ltr'>potest</span> <span class='ocrx_word' id='word_1_61' title='bbox 880 475 960 500; x_wconf 91' lang='lat' dir='ltr'>esse</span> <span class='ocrx_word' id='word_1_62' title='bbox 996 474 1110 498; x_wconf 92' lang='lat' dir='ltr'>causa</span> <span class='ocrx_word' id='word_1_63' title='bbox 1139 468 1295 497; x_wconf 92' lang='lat' dir='ltr'>naturae</span> <span class='ocrx_word' id='word_1_64' title='bbox 1333 461 1402 497; x_wconf 90' lang='lat' dir='ltr'>hu—</span> 
     </span>
     <span class='ocr_line' id='line_1_16' title="bbox 336 513 1401 565; baseline -0.006 -10"><span class='ocrx_word' id='word_1_65' title='bbox 336 530 473 555; x_wconf 87' lang='lat' dir='ltr'>manae</span> <span class='ocrx_word' id='word_1_66' title='bbox 503 518 687 564; x_wconf 89' lang='lat' dir='ltr'>absolute,</span> <span class='ocrx_word' id='word_1_67' title='bbox 718 517 807 565; x_wconf 89' lang='lat' dir='ltr'>quia</span> <span class='ocrx_word' id='word_1_68' title='bbox 836 516 889 553; x_wconf 88' lang='lat' dir='ltr'>sic</span> <span class='ocrx_word' id='word_1_69' title='bbox 918 523 1016 552; x_wconf 92' lang='lat' dir='ltr'>esset</span> <span class='ocrx_word' id='word_1_70' title='bbox 1044 527 1158 551; x_wconf 88' lang='lat' dir='ltr'>causa</span> <span class='ocrx_word' id='word_1_71' title='bbox 1182 514 1240 550; x_wconf 95' lang='lat' dir='ltr'>sui</span> <span class='ocrx_word' id='word_1_72' title='bbox 1269 513 1401 562; x_wconf 91' lang='lat' dir='ltr'>ipsius:</span> 
     </span>
     <span class='ocr_line' id='line_1_17' title="bbox 335 567 1403 619; baseline -0.006 -11"><span class='ocrx_word' id='word_1_73' title='bbox 335 571 403 608; x_wconf 92' lang='lat' dir='ltr'>sed</span> <span class='ocrx_word' id='word_1_74' title='bbox 432 578 488 607; x_wconf 87' lang='lat' dir='ltr'>est</span> <span class='ocrx_word' id='word_1_75' title='bbox 516 583 630 607; x_wconf 91' lang='lat' dir='ltr'>causa</span> <span class='ocrx_word' id='word_1_76' title='bbox 653 570 759 619; x_wconf 90' lang='lat' dir='ltr'>quod</span> <span class='ocrx_word' id='word_1_77' title='bbox 777 578 912 607; x_wconf 89' lang='lat' dir='ltr'>natura</span> <span class='ocrx_word' id='word_1_78' title='bbox 931 570 1100 605; x_wconf 92' lang='lat' dir='ltr'>humana</span> <span class='ocrx_word' id='word_1_79' title='bbox 1120 567 1165 604; x_wconf 90' lang='lat' dir='ltr'>sit</span> <span class='ocrx_word' id='word_1_80' title='bbox 1183 567 1222 603; x_wconf 94' lang='lat' dir='ltr'>in</span> <span class='ocrx_word' id='word_1_81' title='bbox 1241 567 1316 603; x_wconf 90' lang='lat' dir='ltr'>hoc</span> <span class='ocrx_word' id='word_1_82' title='bbox 1335 567 1403 603; x_wconf 90' lang='lat' dir='ltr'>ho-</span> 
     </span>
     <span class='ocr_line' id='line_1_18' title="bbox 336 619 1403 672; baseline -0.006 -11"><span class='ocrx_word' id='word_1_83' title='bbox 336 624 438 661; x_wconf 91' lang='lat' dir='ltr'>mine</span> <span class='ocrx_word' id='word_1_84' title='bbox 458 632 648 671; x_wconf 90' lang='lat' dir='ltr'>generato.</span> <span class='ocrx_word' id='word_1_85' title='bbox 677 625 726 660; x_wconf 92' lang='lat' dir='ltr'>Et</span> <span class='ocrx_word' id='word_1_86' title='bbox 745 623 797 660; x_wconf 92' lang='lat' dir='ltr'>sic</span> <span class='ocrx_word' id='word_1_87' title='bbox 816 621 1090 672; x_wconf 81' lang='lat' dir='ltr'>praesupponit</span> <span class='ocrx_word' id='word_1_88' title='bbox 1109 621 1147 657; x_wconf 91' lang='lat' dir='ltr'>in</span> <span class='ocrx_word' id='word_1_89' title='bbox 1167 632 1237 657; x_wconf 91' lang='lat' dir='ltr'>sua</span> <span class='ocrx_word' id='word_1_90' title='bbox 1256 619 1403 657; x_wconf 92' lang='lat' dir='ltr'>actione</span> 
     </span>
     <span class='ocr_line' id='line_1_19' title="bbox 337 673 1402 724; baseline -0.004 -11"><span class='ocrx_word' id='word_1_91' title='bbox 337 677 627 714; x_wconf 84' lang='lat' dir='ltr'>determinatam</span> <span class='ocrx_word' id='word_1_92' title='bbox 656 676 866 723; x_wconf 82' lang='lat' dir='ltr'><strong>materiam,</strong></span> <span class='ocrx_word' id='word_1_93' title='bbox 891 687 959 724; x_wconf 88' lang='lat' dir='ltr'>per</span> <span class='ocrx_word' id='word_1_94' title='bbox 978 687 1096 722; x_wconf 93' lang='lat' dir='ltr'>quam</span> <span class='ocrx_word' id='word_1_95' title='bbox 1117 681 1172 710; x_wconf 91' lang='lat' dir='ltr'>est</span> <span class='ocrx_word' id='word_1_96' title='bbox 1191 673 1252 710; x_wconf 91' lang='lat' dir='ltr'>hic</span> <span class='ocrx_word' id='word_1_97' title='bbox 1271 674 1402 710; x_wconf 89' lang='lat' dir='ltr'>homo.</span> 
     </span>
     <span class='ocr_line' id='line_1_20' title="bbox 338 728 1404 778; baseline -0.004 -12"><span class='ocrx_word' id='word_1_98' title='bbox 338 730 415 766; x_wconf 90' lang='lat' dir='ltr'>Sed</span> <span class='ocrx_word' id='word_1_99' title='bbox 444 730 536 766; x_wconf 92' lang='lat' dir='ltr'>sicut</span> <span class='ocrx_word' id='word_1_100' title='bbox 564 729 626 766; x_wconf 88' lang='lat' dir='ltr'>hic</span> <span class='ocrx_word' id='word_1_101' title='bbox 661 730 781 766; x_wconf 91' lang='lat' dir='ltr'>homo</span> <span class='ocrx_word' id='word_1_102' title='bbox 820 728 1017 778; x_wconf 90' lang='lat' dir='ltr'>participat</span> <span class='ocrx_word' id='word_1_103' title='bbox 1049 728 1262 764; x_wconf 87' lang='lat' dir='ltr'>humanam</span> <span class='ocrx_word' id='word_1_104' title='bbox 1297 733 1404 763; x_wconf 90' lang='lat' dir='ltr'>natu—</span> 
     </span>
     <span class='ocr_line' id='line_1_21' title="bbox 338 779 1406 831; baseline -0.004 -12"><span class='ocrx_word' id='word_1_105' title='bbox 338 795 431 830; x_wconf 93' lang='lat' dir='ltr'>ram,</span> <span class='ocrx_word' id='word_1_106' title='bbox 453 782 503 819; x_wconf 93' lang='lat' dir='ltr'>ita</span> <span class='ocrx_word' id='word_1_107' title='bbox 531 784 804 831; x_wconf 91' lang='lat' dir='ltr'>quodcumque</span> <span class='ocrx_word' id='word_1_108' title='bbox 834 795 901 819; x_wconf 90' lang='lat' dir='ltr'>ens</span> <span class='ocrx_word' id='word_1_109' title='bbox 931 788 1101 818; x_wconf 89' lang='lat' dir='ltr'>creatum</span> <span class='ocrx_word' id='word_1_110' title='bbox 1129 779 1338 828; x_wconf 91' lang='lat' dir='ltr'>participat,</span> <span class='ocrx_word' id='word_1_111' title='bbox 1364 787 1406 816; x_wconf 91' lang='lat' dir='ltr'>ut</span> 
     </span>
     <span class='ocr_line' id='line_1_22' title="bbox 337 834 1406 883; baseline -0.003 -11"><span class='ocrx_word' id='word_1_112' title='bbox 337 836 386 872; x_wconf 91' lang='lat' dir='ltr'>ita</span> <span class='ocrx_word' id='word_1_113' title='bbox 407 835 577 883; x_wconf 83' lang='lat' dir='ltr'>dixerim,</span> <span class='ocrx_word' id='word_1_114' title='bbox 598 844 771 873; x_wconf 91' lang='lat' dir='ltr'>naturam</span> <span class='ocrx_word' id='word_1_115' title='bbox 793 835 962 872; x_wconf 89' lang='lat' dir='ltr'>essendi:</span> <span class='ocrx_word' id='word_1_116' title='bbox 994 834 1081 882; x_wconf 93' lang='lat' dir='ltr'>quia</span> <span class='ocrx_word' id='word_1_117' title='bbox 1102 834 1204 870; x_wconf 89' lang='lat' dir='ltr'>solus</span> <span class='ocrx_word' id='word_1_118' title='bbox 1224 834 1330 869; x_wconf 92' lang='lat' dir='ltr'>Deus</span> <span class='ocrx_word' id='word_1_119' title='bbox 1350 841 1406 870; x_wconf 92' lang='lat' dir='ltr'>est</span> 
     </span>
     <span class='ocr_line' id='line_1_23' title="bbox 337 886 1407 937; baseline -0.004 -11"><span class='ocrx_word' id='word_1_120' title='bbox 337 901 450 926; x_wconf 90' lang='lat' dir='ltr'>suum</span> <span class='ocrx_word' id='word_1_121' title='bbox 472 902 566 936; x_wconf 90' lang='lat' dir='ltr'>esse,</span> <span class='ocrx_word' id='word_1_122' title='bbox 588 897 628 926; x_wconf 92' lang='lat' dir='ltr'>ut</span> <span class='ocrx_word' id='word_1_123' title='bbox 653 901 767 937; x_wconf 92' lang='lat' dir='ltr'>supra</span> <span class='ocrx_word' id='word_1_124' title='bbox 786 889 806 910; x_wconf 73' lang='lat'>²¹⁸</span> <span class='ocrx_word' id='word_1_125' title='bbox 835 888 979 925; x_wconf 89' lang='lat' dir='ltr'>dictum</span> <span class='ocrx_word' id='word_1_126' title='bbox 1009 895 1075 924; x_wconf 92' lang='lat' dir='ltr'>est.</span> <span class='ocrx_word' id='word_1_127' title='bbox 1106 887 1267 923; x_wconf 91' lang='lat' dir='ltr'>Nullum</span> <span class='ocrx_word' id='word_1_128' title='bbox 1296 886 1407 934; x_wconf 88' lang='lat' dir='ltr'>igitur</span> 
     </span>
     <span class='ocr_line' id='line_1_24' title="bbox 338 940 1406 991; baseline -0.004 -12"><span class='ocrx_word' id='word_1_129' title='bbox 338 955 404 979; x_wconf 92' lang='lat' dir='ltr'>ens</span> <span class='ocrx_word' id='word_1_130' title='bbox 434 950 601 979; x_wconf 91' lang='lat' dir='ltr'>creatum</span> <span class='ocrx_word' id='word_1_131' title='bbox 630 950 754 991; x_wconf 92' lang='lat' dir='ltr'>potest</span> <span class='ocrx_word' id='word_1_132' title='bbox 771 942 985 990; x_wconf 91' lang='lat' dir='ltr'>producere</span> <span class='ocrx_word' id='word_1_133' title='bbox 1015 940 1170 989; x_wconf 90' lang='lat' dir='ltr'>aliquod</span> <span class='ocrx_word' id='word_1_134' title='bbox 1199 952 1266 976; x_wconf 90' lang='lat' dir='ltr'>ens</span> <span class='ocrx_word' id='word_1_135' title='bbox 1294 940 1406 976; x_wconf 91' lang='lat' dir='ltr'>abso-</span> 
     </span>
     <span class='ocr_line' id='line_1_25' title="bbox 337 993 1406 1044; baseline -0.003 -12"><span class='ocrx_word' id='word_1_136' title='bbox 337 996 433 1042; x_wconf 92' lang='lat' dir='ltr'>lute,</span> <span class='ocrx_word' id='word_1_137' title='bbox 463 995 534 1032; x_wconf 89' lang='lat' dir='ltr'>nisi</span> <span class='ocrx_word' id='word_1_138' title='bbox 562 995 788 1044; x_wconf 86' lang='lat' dir='ltr'>inquantum</span> <span class='ocrx_word' id='word_1_139' title='bbox 823 1007 905 1031; x_wconf 92' lang='lat' dir='ltr'>esse</span> <span class='ocrx_word' id='word_1_140' title='bbox 943 1002 1074 1031; x_wconf 88' lang='lat' dir='ltr'>causat</span> <span class='ocrx_word' id='word_1_141' title='bbox 1102 994 1138 1030; x_wconf 87' lang='lat' dir='ltr'>in</span> <span class='ocrx_word' id='word_1_142' title='bbox 1167 994 1260 1030; x_wconf 83' lang='lat' dir='ltr'>hoc.-</span> <span class='ocrx_word' id='word_1_143' title='bbox 1290 1000 1326 1029; x_wconf 91' lang='lat' dir='ltr'>et</span> <span class='ocrx_word' id='word_1_144' title='bbox 1353 993 1406 1030; x_wconf 89' lang='lat' dir='ltr'>sic</span> 
     </span>
     <span class='ocr_line' id='line_1_26' title="bbox 338 1046 1406 1098; baseline -0.001 -13"><span class='ocrx_word' id='word_1_145' title='bbox 338 1056 487 1097; x_wconf 89' lang='lat' dir='ltr'>oportet</span> <span class='ocrx_word' id='word_1_146' title='bbox 505 1049 611 1098; x_wconf 93' lang='lat' dir='ltr'>quod</span> <span class='ocrx_word' id='word_1_147' title='bbox 630 1048 950 1097; x_wconf 88' lang='lat' dir='ltr'>praeintelligatur</span> <span class='ocrx_word' id='word_1_148' title='bbox 977 1047 1015 1084; x_wconf 92' lang='lat' dir='ltr'>id</span> <span class='ocrx_word' id='word_1_149' title='bbox 1043 1059 1113 1095; x_wconf 92' lang='lat' dir='ltr'>per</span> <span class='ocrx_word' id='word_1_150' title='bbox 1140 1046 1245 1095; x_wconf 91' lang='lat' dir='ltr'>quod</span> <span class='ocrx_word' id='word_1_151' title='bbox 1265 1046 1406 1095; x_wconf 91' lang='lat' dir='ltr'>aliquid</span> 
     </span>
     <span class='ocr_line' id='line_1_27' title="bbox 339 1100 1407 1150; baseline -0.002 -12"><span class='ocrx_word' id='word_1_152' title='bbox 339 1109 393 1138; x_wconf 91' lang='lat' dir='ltr'>est</span> <span class='ocrx_word' id='word_1_153' title='bbox 411 1103 494 1147; x_wconf 87' lang='lat' dir='ltr'>hoc,</span> <span class='ocrx_word' id='word_1_154' title='bbox 515 1102 653 1138; x_wconf 90' lang='lat' dir='ltr'>actioni</span> <span class='ocrx_word' id='word_1_155' title='bbox 679 1114 754 1150; x_wconf 93' lang='lat' dir='ltr'>qua</span> <span class='ocrx_word' id='word_1_156' title='bbox 774 1101 861 1138; x_wconf 86' lang='lat' dir='ltr'>facit</span> <span class='ocrx_word' id='word_1_157' title='bbox 881 1100 951 1138; x_wconf 90' lang='lat' dir='ltr'>sibi</span> <span class='ocrx_word' id='word_1_158' title='bbox 971 1100 1105 1137; x_wconf 92' lang='lat' dir='ltr'>simile.</span> <span class='ocrx_word' id='word_1_159' title='bbox 1137 1101 1179 1136; x_wconf 91' lang='lat' dir='ltr'>In</span> <span class='ocrx_word' id='word_1_160' title='bbox 1198 1100 1407 1137; x_wconf 89' lang='lat' dir='ltr'>substantia</span> 
     </span>
     <span class='ocr_line' id='line_1_28' title="bbox 339 1152 1407 1203; baseline -0.002 -12"><span class='ocrx_word' id='word_1_161' title='bbox 339 1162 467 1191; x_wconf 91' lang='lat' dir='ltr'>autem</span> <span class='ocrx_word' id='word_1_162' title='bbox 487 1154 726 1191; x_wconf 86' lang='lat' dir='ltr'>immateriali</span> <span class='ocrx_word' id='word_1_163' title='bbox 745 1167 824 1191; x_wconf 92' lang='lat' dir='ltr'>non</span> <span class='ocrx_word' id='word_1_164' title='bbox 847 1161 973 1203; x_wconf 91' lang='lat' dir='ltr'>potest</span> <span class='ocrx_word' id='word_1_165' title='bbox 991 1152 1237 1202; x_wconf 91' lang='lat' dir='ltr'>praeintelligi</span> <span class='ocrx_word' id='word_1_166' title='bbox 1266 1153 1407 1202; x_wconf 90' lang='lat' dir='ltr'>aliquid</span> 
     </span>
     <span class='ocr_line' id='line_1_29' title="bbox 338 1207 1401 1256; baseline -0.001 -12"><span class='ocrx_word' id='word_1_167' title='bbox 338 1220 407 1256; x_wconf 93' lang='lat' dir='ltr'>per</span> <span class='ocrx_word' id='word_1_168' title='bbox 435 1207 540 1256; x_wconf 93' lang='lat' dir='ltr'>quod</span> <span class='ocrx_word' id='word_1_169' title='bbox 569 1208 615 1245; x_wconf 93' lang='lat' dir='ltr'>sit</span> <span class='ocrx_word' id='word_1_170' title='bbox 641 1209 755 1245; x_wconf 82' lang='lat' dir='ltr'>haec.-</span> <span class='ocrx_word' id='word_1_171' title='bbox 785 1207 891 1256; x_wconf 91' lang='lat' dir='ltr'>quia.</span> <span class='ocrx_word' id='word_1_172' title='bbox 910 1215 966 1244; x_wconf 92' lang='lat' dir='ltr'>est</span> <span class='ocrx_word' id='word_1_173' title='bbox 993 1208 1089 1244; x_wconf 83' lang='lat' dir='ltr'>haec</span> <span class='ocrx_word' id='word_1_174' title='bbox 1107 1218 1177 1255; x_wconf 91' lang='lat' dir='ltr'>per</span> <span class='ocrx_word' id='word_1_175' title='bbox 1196 1218 1306 1243; x_wconf 91' lang='lat' dir='ltr'>suam</span> <span class='ocrx_word' id='word_1_176' title='bbox 1327 1207 1401 1244; x_wconf 91' lang='lat' dir='ltr'>for-</span> 
     </span>
     <span class='ocr_line' id='line_1_30' title="bbox 339 1259 1407 1310; baseline -0.001 -13"><span class='ocrx_word' id='word_1_177' title='bbox 339 1273 465 1307; x_wconf 88' lang='lat' dir='ltr'>mam,</span> <span class='ocrx_word' id='word_1_178' title='bbox 495 1273 564 1309; x_wconf 91' lang='lat' dir='ltr'>per</span> <span class='ocrx_word' id='word_1_179' title='bbox 598 1274 714 1310; x_wconf 91' lang='lat' dir='ltr'>quam</span> <span class='ocrx_word' id='word_1_180' title='bbox 747 1262 862 1298; x_wconf 88' lang='lat' dir='ltr'>habet</span> <span class='ocrx_word' id='word_1_181' title='bbox 897 1273 1000 1308; x_wconf 91' lang='lat' dir='ltr'>esse,</span> <span class='ocrx_word' id='word_1_182' title='bbox 1038 1272 1127 1297; x_wconf 91' lang='lat' dir='ltr'>cum</span> <span class='ocrx_word' id='word_1_183' title='bbox 1160 1259 1233 1296; x_wconf 90' lang='lat' dir='ltr'>sint</span> <span class='ocrx_word' id='word_1_184' title='bbox 1261 1260 1407 1297; x_wconf 87' lang='lat' dir='ltr'>formae</span> 
     </span>
     <span class='ocr_line' id='line_1_31' title="bbox 339 1313 1408 1362; baseline 0 -11"><span class='ocrx_word' id='word_1_185' title='bbox 339 1314 597 1351; x_wconf 88' lang='lat' dir='ltr'>subsistentes.</span> <span class='ocrx_word' id='word_1_186' title='bbox 638 1315 751 1362; x_wconf 88' lang='lat' dir='ltr'>Igitur</span> <span class='ocrx_word' id='word_1_187' title='bbox 788 1314 997 1351; x_wconf 89' lang='lat' dir='ltr'>substantia</span> <span class='ocrx_word' id='word_1_188' title='bbox 1033 1313 1292 1350; x_wconf 89' lang='lat' dir='ltr'>immaterialis</span> <span class='ocrx_word' id='word_1_189' title='bbox 1330 1326 1408 1351; x_wconf 92' lang='lat' dir='ltr'>non</span> 
     </span>
     <span class='ocr_line' id='line_1_32' title="bbox 337 1366 1408 1416; baseline -0.001 -12"><span class='ocrx_word' id='word_1_190' title='bbox 337 1375 464 1416; x_wconf 91' lang='lat' dir='ltr'>potest</span> <span class='ocrx_word' id='word_1_191' title='bbox 480 1368 692 1416; x_wconf 91' lang='lat' dir='ltr'>producere</span> <span class='ocrx_word' id='word_1_192' title='bbox 713 1367 826 1404; x_wconf 84' lang='lat' dir='ltr'>aliam</span> <span class='ocrx_word' id='word_1_193' title='bbox 845 1366 1094 1404; x_wconf 89' lang='lat' dir='ltr'>substantiam</span> <span class='ocrx_word' id='word_1_194' title='bbox 1118 1366 1408 1403; x_wconf 87' lang='lat' dir='ltr'>immaterialem</span> 
     </span>
     <span class='ocr_line' id='line_1_33' title="bbox 339 1420 1408 1469; baseline 0 -12"><span class='ocrx_word' id='word_1_195' title='bbox 339 1420 410 1457; x_wconf 88' lang='lat' dir='ltr'>sibi</span> <span class='ocrx_word' id='word_1_196' title='bbox 429 1420 605 1468; x_wconf 88' lang='lat' dir='ltr'>similem,</span> <span class='ocrx_word' id='word_1_197' title='bbox 621 1429 809 1469; x_wconf 90' lang='lat' dir='ltr'>quantum</span> <span class='ocrx_word' id='word_1_198' title='bbox 830 1421 879 1458; x_wconf 92' lang='lat' dir='ltr'>ad</span> <span class='ocrx_word' id='word_1_199' title='bbox 899 1433 982 1458; x_wconf 93' lang='lat' dir='ltr'>esse</span> <span class='ocrx_word' id='word_1_200' title='bbox 1003 1420 1103 1465; x_wconf 85' lang='lat' dir='ltr'>eius;</span> <span class='ocrx_word' id='word_1_201' title='bbox 1134 1420 1201 1457; x_wconf 92' lang='lat' dir='ltr'>sed</span> <span class='ocrx_word' id='word_1_202' title='bbox 1221 1427 1408 1468; x_wconf 89' lang='lat' dir='ltr'>quantum</span> 
     </span>
     <span class='ocr_line' id='line_1_34' title="bbox 340 1473 1408 1523; baseline 0 -13"><span class='ocrx_word' id='word_1_203' title='bbox 340 1473 388 1511; x_wconf 93' lang='lat' dir='ltr'>ad</span> <span class='ocrx_word' id='word_1_204' title='bbox 416 1474 693 1523; x_wconf 86' lang='lat' dir='ltr'>perfectionem</span> <span class='ocrx_word' id='word_1_205' title='bbox 721 1474 888 1522; x_wconf 87' lang='lat' dir='ltr'>aliquam</span> <span class='ocrx_word' id='word_1_206' title='bbox 917 1473 1225 1523; x_wconf 82' lang='lat' dir='ltr'>superadditam3</span> <span class='ocrx_word' id='word_1_207' title='bbox 1255 1473 1351 1511; x_wconf 90' lang='lat' dir='ltr'>sicut</span> <span class='ocrx_word' id='word_1_208' title='bbox 1378 1473 1408 1510; x_wconf 89' lang='lat' dir='ltr'>si</span> 
     </span>
     <span class='ocr_line' id='line_1_35' title="bbox 340 1526 1409 1576; baseline -0.001 -12"><span class='ocrx_word' id='word_1_209' title='bbox 340 1526 509 1564; x_wconf 91' lang='lat' dir='ltr'>dicamus</span> <span class='ocrx_word' id='word_1_210' title='bbox 537 1529 643 1576; x_wconf 91' lang='lat' dir='ltr'>quod</span> <span class='ocrx_word' id='word_1_211' title='bbox 668 1527 842 1576; x_wconf 91' lang='lat' dir='ltr'>superior</span> <span class='ocrx_word' id='word_1_212' title='bbox 861 1528 1018 1575; x_wconf 87' lang='lat' dir='ltr'>angelus</span> <span class='ocrx_word' id='word_1_213' title='bbox 1045 1526 1231 1563; x_wconf 90' lang='lat' dir='ltr'>illuminat</span> <span class='ocrx_word' id='word_1_214' title='bbox 1258 1526 1409 1563; x_wconf 89' lang='lat' dir='ltr'>inferio—</span> 
     </span>
     <span class='ocr_line' id='line_1_36' title="bbox 339 1579 1409 1629; baseline 0 -12"><span class='ocrx_word' id='word_1_215' title='bbox 339 1592 434 1628; x_wconf 92' lang='lat' dir='ltr'>rem,</span> <span class='ocrx_word' id='word_1_216' title='bbox 463 1587 505 1617; x_wconf 91' lang='lat' dir='ltr'>ut</span> <span class='ocrx_word' id='word_1_217' title='bbox 531 1580 739 1629; x_wconf 90' lang='lat' dir='ltr'>Dionysius</span> <span class='ocrx_word' id='word_1_218' title='bbox 769 1580 857 1618; x_wconf 91' lang='lat' dir='ltr'>dicit</span> <span class='ocrx_word' id='word_1_219' title='bbox 875 1580 906 1618; x_wconf 69' lang='lat'>²¹⁶.</span> <span class='ocrx_word' id='word_1_220' title='bbox 938 1579 1163 1617; x_wconf 90' lang='lat' dir='ltr'>Secundum</span> <span class='ocrx_word' id='word_1_221' title='bbox 1189 1592 1306 1628; x_wconf 92' lang='lat' dir='ltr'>quem</span> <span class='ocrx_word' id='word_1_222' title='bbox 1325 1592 1409 1617; x_wconf 93' lang='lat' dir='ltr'>mo-</span> 
     </span>
     <span class='ocr_line' id='line_1_37' title="bbox 341 1632 1410 1682; baseline 0 -12"><span class='ocrx_word' id='word_1_223' title='bbox 341 1633 434 1670; x_wconf 94' lang='lat' dir='ltr'>dum</span> <span class='ocrx_word' id='word_1_224' title='bbox 464 1633 576 1670; x_wconf 90' lang='lat' dir='ltr'>etiam</span> <span class='ocrx_word' id='word_1_225' title='bbox 603 1632 615 1654; x_wconf 68' lang='grc' dir='ltr'>λ</span> <span class='ocrx_word' id='word_1_226' title='bbox 642 1633 681 1670; x_wconf 89' lang='lat' dir='ltr'>in</span> <span class='ocrx_word' id='word_1_227' title='bbox 710 1633 933 1671; x_wconf 90' lang='lat' dir='ltr'>caelestibus</span> <span class='ocrx_word' id='word_1_228' title='bbox 963 1641 1018 1670; x_wconf 91' lang='lat' dir='ltr'>est</span> <span class='ocrx_word' id='word_1_229' title='bbox 1044 1633 1265 1682; x_wconf 86' lang='lat' dir='ltr'>paternitas,</span> <span class='ocrx_word' id='word_1_230' title='bbox 1296 1641 1336 1670; x_wconf 94' lang='lat' dir='ltr'>ut</span> <span class='ocrx_word' id='word_1_231' title='bbox 1365 1645 1410 1670; x_wconf 89' lang='lat' dir='ltr'>ex</span> 
     </span>
     <span class='ocr_line' id='line_1_38' title="bbox 339 1685 1411 1735; baseline 0 -12"><span class='ocrx_word' id='word_1_232' title='bbox 339 1686 465 1724; x_wconf 89' lang='lat' dir='ltr'>verbis</span> <span class='ocrx_word' id='word_1_233' title='bbox 493 1687 669 1735; x_wconf 88' lang='lat' dir='ltr'>Apostoli</span> <span class='ocrx_word' id='word_1_234' title='bbox 695 1694 810 1735; x_wconf 90' lang='lat' dir='ltr'>patet,</span> <span class='ocrx_word' id='word_1_235' title='bbox 829 1688 966 1735; x_wconf 81' lang='lat' dir='ltr'>Ephes.</span> <span class='ocrx_word' id='word_1_236' title='bbox 987 1698 1022 1723; x_wconf 90' lang='lat'>111</span> <span class='ocrx_word' id='word_1_237' title='bbox 1042 1685 1079 1723; x_wconf 73' lang='grc' dir='ltr'>*τ</span> <span class='ocrx_word' id='word_1_238' title='bbox 1107 1687 1172 1723; x_wconf 90' lang='lat' dir='ltr'>Ex</span> <span class='ocrx_word' id='word_1_239' title='bbox 1191 1698 1264 1734; x_wconf 88' lang='lat' dir='ltr'>quo</span> <span class='ocrx_word' id='word_1_240' title='bbox 1289 1687 1411 1723; x_wconf 82' lang='lat' dir='ltr'>omnis</span> 
     </span>
    </p>
   </div>
   <div class='ocr_carea' id='block_1_11' title="bbox 333 1740 1410 1788">
    <p class='ocr_par' dir='ltr' id='par_1_11' title="bbox 333 1740 1410 1788">
     <span class='ocr_line' id='line_1_39' title="bbox 333 1740 1410 1788; baseline 0.001 -12"><span class='ocrx_word' id='word_1_241' title='bbox 333 1740 544 1788; x_wconf 85' lang='lat' dir='ltr'>paternitas</span> <span class='ocrx_word' id='word_1_242' title='bbox 572 1741 609 1777; x_wconf 88' lang='lat' dir='ltr'>in</span> <span class='ocrx_word' id='word_1_243' title='bbox 639 1740 743 1777; x_wconf 87' lang='lat' dir='ltr'>caelo</span> <span class='ocrx_word' id='word_1_244' title='bbox 772 1746 808 1777; x_wconf 90' lang='lat' dir='ltr'>et</span> <span class='ocrx_word' id='word_1_245' title='bbox 834 1740 871 1777; x_wconf 85' lang='lat' dir='ltr'>in</span> <span class='ocrx_word' id='word_1_246' title='bbox 901 1746 1003 1777; x_wconf 86' lang='lat' dir='ltr'>terra</span> <span class='ocrx_word' id='word_1_247' title='bbox 1029 1740 1257 1776; x_wconf 87' lang='lat' dir='ltr'>nominatur.</span> <span class='ocrx_word' id='word_1_248' title='bbox 1288 1740 1337 1776; x_wconf 91' lang='lat' dir='ltr'>Et</span> <span class='ocrx_word' id='word_1_249' title='bbox 1365 1752 1410 1777; x_wconf 87' lang='lat' dir='ltr'>ex</span> 
     </span>
    </p>
   </div>
   <div class='ocr_carea' id='block_1_12' title="bbox 339 1793 1413 2055">
    <p class='ocr_par' dir='ltr' id='par_1_12' title="bbox 339 1793 1410 1948">
     <span class='ocr_line' id='line_1_40' title="bbox 339 1793 1410 1842; baseline 0 -12"><span class='ocrx_word' id='word_1_250' title='bbox 339 1794 414 1830; x_wconf 92' lang='lat' dir='ltr'>hoc</span> <span class='ocrx_word' id='word_1_251' title='bbox 448 1793 561 1830; x_wconf 90' lang='lat' dir='ltr'>etiam</span> <span class='ocrx_word' id='word_1_252' title='bbox 598 1793 795 1830; x_wconf 91' lang='lat' dir='ltr'>evidenter</span> <span class='ocrx_word' id='word_1_253' title='bbox 831 1801 990 1842; x_wconf 89' lang='lat' dir='ltr'>apparet</span> <span class='ocrx_word' id='word_1_254' title='bbox 1023 1793 1128 1841; x_wconf 94' lang='lat' dir='ltr'>quod</span> <span class='ocrx_word' id='word_1_255' title='bbox 1166 1793 1312 1829; x_wconf 91' lang='lat' dir='ltr'>nullum</span> <span class='ocrx_word' id='word_1_256' title='bbox 1343 1805 1410 1830; x_wconf 90' lang='lat' dir='ltr'>ens</span> 
     </span>
     <span class='ocr_line' id='line_1_41' title="bbox 341 1845 1410 1896; baseline -0.001 -13"><span class='ocrx_word' id='word_1_257' title='bbox 341 1853 509 1883; x_wconf 86' lang='lat' dir='ltr'>creatum</span> <span class='ocrx_word' id='word_1_258' title='bbox 528 1854 653 1895; x_wconf 88' lang='lat' dir='ltr'>potest</span> <span class='ocrx_word' id='word_1_259' title='bbox 677 1859 834 1884; x_wconf 83' lang='lat' dir='ltr'>causare</span> <span class='ocrx_word' id='word_1_260' title='bbox 853 1846 1007 1896; x_wconf 92' lang='lat' dir='ltr'>aliquid,</span> <span class='ocrx_word' id='word_1_261' title='bbox 1029 1845 1099 1882; x_wconf 91' lang='lat' dir='ltr'>nisi</span> <span class='ocrx_word' id='word_1_262' title='bbox 1118 1846 1410 1894; x_wconf 89' lang='lat' dir='ltr'>praesupposito</span> 
     </span>
     <span class='ocr_line' id='line_1_42' title="bbox 340 1898 1244 1948; baseline -0.001 -12"><span class='ocrx_word' id='word_1_263' title='bbox 340 1899 479 1947; x_wconf 90' lang='lat' dir='ltr'>aliquo.</span> <span class='ocrx_word' id='word_1_264' title='bbox 511 1900 627 1946; x_wconf 89' lang='lat' dir='ltr'>Quod</span> <span class='ocrx_word' id='word_1_265' title='bbox 657 1908 842 1948; x_wconf 88' lang='lat' dir='ltr'>repugnat</span> <span class='ocrx_word' id='word_1_266' title='bbox 871 1899 1004 1937; x_wconf 92' lang='lat' dir='ltr'>rationi</span> <span class='ocrx_word' id='word_1_267' title='bbox 1033 1898 1244 1936; x_wconf 87' lang='lat' dir='ltr'>creationis.</span> 
     </span>
    </p>

    <p class='ocr_par' dir='ltr' id='par_1_13' title="bbox 341 1952 1413 2055">
     <span class='ocr_line' id='line_1_43' title="bbox 394 1952 1413 2002; baseline -0.001 -12"><span class='ocrx_word' id='word_1_268' title='bbox 394 1955 453 1990; x_wconf 83' lang='lat' dir='ltr'>AD</span> <span class='ocrx_word' id='word_1_269' title='bbox 482 1965 672 1990; x_wconf 78' lang='lat' dir='ltr'>SECUNDUM</span> <span class='ocrx_word' id='word_1_270' title='bbox 701 1965 885 1990; x_wconf 83' lang='lat' dir='ltr'>DICENDUM</span> <span class='ocrx_word' id='word_1_271' title='bbox 915 1953 1020 2002; x_wconf 91' lang='lat' dir='ltr'>quod</span> <span class='ocrx_word' id='word_1_272' title='bbox 1046 1964 1090 1989; x_wconf 83' lang='lat' dir='ltr'>ex</span> <span class='ocrx_word' id='word_1_273' title='bbox 1115 1952 1303 1989; x_wconf 88' lang='lat' dir='ltr'>contrario</span> <span class='ocrx_word' id='word_1_274' title='bbox 1323 1958 1343 1979; x_wconf 66' lang='lat' dir='ltr'>f*</span> <span class='ocrx_word' id='word_1_275' title='bbox 1370 1952 1413 1989; x_wconf 90' lang='lat' dir='ltr'>fit</span> 
     </span>
     <span class='ocr_line' id='line_1_44' title="bbox 341 2005 1409 2055; baseline 0 -13"><span class='ocrx_word' id='word_1_276' title='bbox 341 2006 482 2055; x_wconf 92' lang='lat' dir='ltr'>aliquid</span> <span class='ocrx_word' id='word_1_277' title='bbox 506 2018 575 2055; x_wconf 90' lang='lat' dir='ltr'>per</span> <span class='ocrx_word' id='word_1_278' title='bbox 594 2006 782 2054; x_wconf 89' lang='lat' dir='ltr'>accidens,</span> <span class='ocrx_word' id='word_1_279' title='bbox 804 2014 844 2043; x_wconf 91' lang='lat' dir='ltr'>ut</span> <span class='ocrx_word' id='word_1_280' title='bbox 864 2006 997 2044; x_wconf 91' lang='lat' dir='ltr'>dicitur</span> <span class='ocrx_word' id='word_1_281' title='bbox 1017 2006 1055 2043; x_wconf 92' lang='lat' dir='ltr'>in</span> <span class='ocrx_word' id='word_1_282' title='bbox 1075 2007 1088 2042; x_wconf 93' lang='lat'>1</span> <span class='ocrx_word' id='word_1_283' title='bbox 1108 2006 1259 2054; x_wconf 84' lang='lat' dir='ltr'>Physic.</span> <span class='ocrx_word' id='word_1_284' title='bbox 1275 2005 1310 2042; x_wconf 73' lang='grc' dir='ltr'>*ε</span> <span class='ocrx_word' id='word_1_285' title='bbox 1341 2017 1409 2054; x_wconf 91' lang='lat' dir='ltr'>per</span> 
     </span>
    </p>
   </div>
   <div class='ocr_carea' id='block_1_13' title="bbox 1020 273 1831 324">
    <p class='ocr_par' dir='ltr' id='par_1_14' title="bbox 1020 273 1831 324">
     <span class='ocr_line' id='line_1_45' title="bbox 1020 273 1831 324; baseline -0.007 -10"><span class='ocrx_word' id='word_1_286' title='bbox 1020 275 1287 324; x_wconf 82' lang='lat' dir='ltr'>QUAESTIO</span> <span class='ocrx_word' id='word_1_287' title='bbox 1317 275 1440 322; x_wconf 80' lang='lat' dir='ltr'>XLv,</span> <span class='ocrx_word' id='word_1_288' title='bbox 1470 273 1768 311; x_wconf 79' lang='lat' dir='ltr'><strong>ARTICULUS</strong></span> <span class='ocrx_word' id='word_1_289' title='bbox 1796 273 1831 309; x_wconf 84' lang='lat' dir='ltr'>v</span> 
     </span>
    </p>
   </div>
   <div class='ocr_carea' id='block_1_14' title="bbox 1456 350 2536 1412">
    <p class='ocr_par' dir='ltr' id='par_1_15' title="bbox 1456 350 2532 1080">
     <span class='ocr_line' id='line_1_46' title="bbox 1457 350 2527 401; baseline -0.001 -12"><span class='ocrx_word' id='word_1_290' title='bbox 1457 365 1497 389; x_wconf 92' lang='lat' dir='ltr'>se</span> <span class='ocrx_word' id='word_1_291' title='bbox 1526 360 1655 389; x_wconf 92' lang='lat' dir='ltr'>autem</span> <span class='ocrx_word' id='word_1_292' title='bbox 1679 352 1723 388; x_wconf 94' lang='lat' dir='ltr'>fit</span> <span class='ocrx_word' id='word_1_293' title='bbox 1751 351 1894 399; x_wconf 89' lang='lat' dir='ltr'>aliquid</span> <span class='ocrx_word' id='word_1_294' title='bbox 1914 363 1959 387; x_wconf 86' lang='lat' dir='ltr'>ex</span> <span class='ocrx_word' id='word_1_295' title='bbox 1988 350 2170 398; x_wconf 92' lang='lat' dir='ltr'>subiecto,</span> <span class='ocrx_word' id='word_1_296' title='bbox 2191 350 2298 399; x_wconf 91' lang='lat' dir='ltr'>quod</span> <span class='ocrx_word' id='word_1_297' title='bbox 2319 358 2374 388; x_wconf 91' lang='lat' dir='ltr'>est</span> <span class='ocrx_word' id='word_1_298' title='bbox 2400 351 2439 388; x_wconf 93' lang='lat' dir='ltr'>in</span> <span class='ocrx_word' id='word_1_299' title='bbox 2458 364 2527 401; x_wconf 90' lang='lat' dir='ltr'>po-</span> 
     </span>
     <span class='ocr_line' id='line_1_47' title="bbox 1456 404 2528 454; baseline -0.001 -12"><span class='ocrx_word' id='word_1_300' title='bbox 1456 405 1583 442; x_wconf 91' lang='lat' dir='ltr'>tentia.</span> <span class='ocrx_word' id='word_1_301' title='bbox 1615 404 1859 442; x_wconf 86' lang='lat' dir='ltr'>Contrarium</span> <span class='ocrx_word' id='word_1_302' title='bbox 1887 404 1999 452; x_wconf 87' lang='lat' dir='ltr'>igitur</span> <span class='ocrx_word' id='word_1_303' title='bbox 2026 404 2162 441; x_wconf 89' lang='lat' dir='ltr'>resistit</span> <span class='ocrx_word' id='word_1_304' title='bbox 2189 404 2333 452; x_wconf 86' lang='lat' dir='ltr'>agenti,</span> <span class='ocrx_word' id='word_1_305' title='bbox 2368 404 2528 454; x_wconf 90' lang='lat' dir='ltr'>inquan-</span> 
     </span>
     <span class='ocr_line' id='line_1_48' title="bbox 1458 457 2529 507; baseline -0.001 -11"><span class='ocrx_word' id='word_1_306' title='bbox 1458 466 1539 496; x_wconf 91' lang='lat' dir='ltr'>tum</span> <span class='ocrx_word' id='word_1_307' title='bbox 1567 458 1727 507; x_wconf 90' lang='lat' dir='ltr'>impedit</span> <span class='ocrx_word' id='word_1_308' title='bbox 1754 457 1964 507; x_wconf 90' lang='lat' dir='ltr'>potentiam</span> <span class='ocrx_word' id='word_1_309' title='bbox 1993 458 2042 494; x_wconf 87' lang='lat' dir='ltr'>ab</span> <span class='ocrx_word' id='word_1_310' title='bbox 2066 464 2152 494; x_wconf 90' lang='lat' dir='ltr'>actu</span> <span class='ocrx_word' id='word_1_311' title='bbox 2172 457 2210 494; x_wconf 91' lang='lat' dir='ltr'>in</span> <span class='ocrx_word' id='word_1_312' title='bbox 2230 470 2346 506; x_wconf 92' lang='lat' dir='ltr'>quern</span> <span class='ocrx_word' id='word_1_313' title='bbox 2372 458 2529 495; x_wconf 89' lang='lat' dir='ltr'>intendit</span> 
     </span>
     <span class='ocr_line' id='line_1_49' title="bbox 1459 510 2528 559; baseline 0 -11"><span class='ocrx_word' id='word_1_314' title='bbox 1459 512 1641 549; x_wconf 89' lang='lat' dir='ltr'>reducere</span> <span class='ocrx_word' id='word_1_315' title='bbox 1668 519 1679 531; x_wconf 71' lang='lat'><em>⁹</em></span> <span class='ocrx_word' id='word_1_316' title='bbox 1713 523 1849 559; x_wconf 88' lang='lat' dir='ltr'>agens:</span> <span class='ocrx_word' id='word_1_317' title='bbox 1890 511 1984 547; x_wconf 93' lang='lat' dir='ltr'>sicut</span> <span class='ocrx_word' id='word_1_318' title='bbox 2020 510 2116 558; x_wconf 88' lang='lat' dir='ltr'>ignis</span> <span class='ocrx_word' id='word_1_319' title='bbox 2154 510 2312 548; x_wconf 90' lang='lat' dir='ltr'>intendit</span> <span class='ocrx_word' id='word_1_320' title='bbox 2346 511 2528 548; x_wconf 89' lang='lat' dir='ltr'>reducere</span> 
     </span>
     <span class='ocr_line' id='line_1_50' title="bbox 1459 562 2529 613; baseline 0 -11"><span class='ocrx_word' id='word_1_321' title='bbox 1459 565 1661 602; x_wconf 90' lang='lat' dir='ltr'>materiam</span> <span class='ocrx_word' id='word_1_322' title='bbox 1690 577 1814 613; x_wconf 86' lang='lat' dir='ltr'>aquae</span> <span class='ocrx_word' id='word_1_323' title='bbox 1834 562 1847 587; x_wconf 64' lang='grc' dir='ltr'><em>ξ</em></span> <span class='ocrx_word' id='word_1_324' title='bbox 1875 564 1914 601; x_wconf 91' lang='lat' dir='ltr'>in</span> <span class='ocrx_word' id='word_1_325' title='bbox 1934 571 2062 600; x_wconf 92' lang='lat' dir='ltr'>actum</span> <span class='ocrx_word' id='word_1_326' title='bbox 2090 563 2160 600; x_wconf 90' lang='lat' dir='ltr'>sibi</span> <span class='ocrx_word' id='word_1_327' title='bbox 2180 564 2355 612; x_wconf 89' lang='lat' dir='ltr'>similem,</span> <span class='ocrx_word' id='word_1_328' title='bbox 2372 565 2440 602; x_wconf 92' lang='lat' dir='ltr'>sed</span> <span class='ocrx_word' id='word_1_329' title='bbox 2459 565 2529 601; x_wconf 91' lang='lat' dir='ltr'>im-</span> 
     </span>
     <span class='ocr_line' id='line_1_51' title="bbox 1459 617 2528 667; baseline 0 -12"><span class='ocrx_word' id='word_1_330' title='bbox 1459 619 1608 667; x_wconf 88' lang='lat' dir='ltr'>peditur</span> <span class='ocrx_word' id='word_1_331' title='bbox 1635 631 1705 667; x_wconf 90' lang='lat' dir='ltr'>per</span> <span class='ocrx_word' id='word_1_332' title='bbox 1732 618 1898 654; x_wconf 90' lang='lat' dir='ltr'>formam</span> <span class='ocrx_word' id='word_1_333' title='bbox 1929 625 1965 654; x_wconf 92' lang='lat' dir='ltr'>et</span> <span class='ocrx_word' id='word_1_334' title='bbox 2000 617 2266 666; x_wconf 92' lang='lat' dir='ltr'>dispositiones</span> <span class='ocrx_word' id='word_1_335' title='bbox 2300 618 2528 666; x_wconf 90' lang='lat' dir='ltr'>contrarias,</span> 
     </span>
     <span class='ocr_line' id='line_1_52' title="bbox 1460 670 2530 720; baseline 0.001 -13"><span class='ocrx_word' id='word_1_336' title='bbox 1460 671 1598 720; x_wconf 91' lang='lat' dir='ltr'>quibus</span> <span class='ocrx_word' id='word_1_337' title='bbox 1636 671 1745 720; x_wconf 91' lang='lat' dir='ltr'>quasi</span> <span class='ocrx_word' id='word_1_338' title='bbox 1782 671 1916 719; x_wconf 88' lang='lat' dir='ltr'>ligatur</span> <span class='ocrx_word' id='word_1_339' title='bbox 1957 670 2127 719; x_wconf 91' lang='lat' dir='ltr'>potentia</span> <span class='ocrx_word' id='word_1_340' title='bbox 2162 683 2209 707; x_wconf 92' lang='lat' dir='ltr'>ne</span> <span class='ocrx_word' id='word_1_341' title='bbox 2252 671 2455 708; x_wconf 87' lang='lat' dir='ltr'>reducatur</span> <span class='ocrx_word' id='word_1_342' title='bbox 2490 672 2530 708; x_wconf 92' lang='lat' dir='ltr'>in</span> 
     </span>
     <span class='ocr_line' id='line_1_53' title="bbox 1460 724 2529 773; baseline 0.002 -13"><span class='ocrx_word' id='word_1_343' title='bbox 1460 732 1599 760; x_wconf 91' lang='lat' dir='ltr'>actum.</span> <span class='ocrx_word' id='word_1_344' title='bbox 1631 725 1680 760; x_wconf 90' lang='lat' dir='ltr'>Et</span> <span class='ocrx_word' id='word_1_345' title='bbox 1708 731 1852 771; x_wconf 91' lang='lat' dir='ltr'>quanto</span> <span class='ocrx_word' id='word_1_346' title='bbox 1890 724 2012 772; x_wconf 89' lang='lat' dir='ltr'>magis</span> <span class='ocrx_word' id='word_1_347' title='bbox 2041 724 2150 761; x_wconf 89' lang='lat' dir='ltr'>fuerit</span> <span class='ocrx_word' id='word_1_348' title='bbox 2186 724 2356 773; x_wconf 91' lang='lat' dir='ltr'>potentia</span> <span class='ocrx_word' id='word_1_349' title='bbox 2392 724 2529 773; x_wconf 90' lang='lat' dir='ltr'>ligata,</span> 
     </span>
     <span class='ocr_line' id='line_1_54' title="bbox 1459 776 2530 826; baseline 0.002 -13"><span class='ocrx_word' id='word_1_350' title='bbox 1459 784 1564 814; x_wconf 89' lang='lat' dir='ltr'>tanto</span> <span class='ocrx_word' id='word_1_351' title='bbox 1594 776 1796 825; x_wconf 90' lang='lat' dir='ltr'>requiritur</span> <span class='ocrx_word' id='word_1_352' title='bbox 1824 776 1948 820; x_wconf 87' lang='lat' dir='ltr'>maior</span> <span class='ocrx_word' id='word_1_353' title='bbox 1966 777 2086 814; x_wconf 88' lang='lat' dir='ltr'>virtus</span> <span class='ocrx_word' id='word_1_354' title='bbox 2113 777 2152 814; x_wconf 91' lang='lat' dir='ltr'>in</span> <span class='ocrx_word' id='word_1_355' title='bbox 2182 785 2316 826; x_wconf 89' lang='lat' dir='ltr'>agente</span> <span class='ocrx_word' id='word_1_356' title='bbox 2341 778 2390 815; x_wconf 91' lang='lat' dir='ltr'>ad</span> <span class='ocrx_word' id='word_1_357' title='bbox 2419 778 2530 815; x_wconf 94' lang='lat' dir='ltr'>redu-</span> 
     </span>
     <span class='ocr_line' id='line_1_55' title="bbox 1462 829 2532 869; baseline 0.002 -3"><span class='ocrx_word' id='word_1_358' title='bbox 1462 830 1624 867; x_wconf 90' lang='lat' dir='ltr'>cendam</span> <span class='ocrx_word' id='word_1_359' title='bbox 1654 829 1854 867; x_wconf 87' lang='lat' dir='ltr'>materiam</span> <span class='ocrx_word' id='word_1_360' title='bbox 1882 829 1921 866; x_wconf 88' lang='lat' dir='ltr'>in</span> <span class='ocrx_word' id='word_1_361' title='bbox 1949 837 2090 867; x_wconf 89' lang='lat' dir='ltr'>actum.</span> <span class='ocrx_word' id='word_1_362' title='bbox 2115 831 2236 868; x_wconf 72' lang='lat' dir='ltr'>Undev</span> <span class='ocrx_word' id='word_1_363' title='bbox 2257 832 2377 868; x_wconf 90' lang='lat' dir='ltr'>multo</span> <span class='ocrx_word' id='word_1_364' title='bbox 2407 832 2532 869; x_wconf 92' lang='lat' dir='ltr'>maior</span> 
     </span>
     <span class='ocr_line' id='line_1_56' title="bbox 1461 882 2531 934; baseline 0.002 -14"><span class='ocrx_word' id='word_1_365' title='bbox 1461 883 1632 932; x_wconf 91' lang='lat' dir='ltr'>potentia</span> <span class='ocrx_word' id='word_1_366' title='bbox 1660 882 1861 931; x_wconf 90' lang='lat' dir='ltr'>requiritur</span> <span class='ocrx_word' id='word_1_367' title='bbox 1888 882 1927 919; x_wconf 91' lang='lat' dir='ltr'>in</span> <span class='ocrx_word' id='word_1_368' title='bbox 1955 890 2110 930; x_wconf 89' lang='lat' dir='ltr'>agente,</span> <span class='ocrx_word' id='word_1_369' title='bbox 2141 883 2171 920; x_wconf 92' lang='lat' dir='ltr'>si</span> <span class='ocrx_word' id='word_1_370' title='bbox 2200 885 2303 921; x_wconf 92' lang='lat' dir='ltr'>nulla</span> <span class='ocrx_word' id='word_1_371' title='bbox 2331 885 2500 934; x_wconf 90' lang='lat' dir='ltr'>potentia</span> <span class='ocrx_word' id='word_1_372' title='bbox 2519 891 2531 905; x_wconf 88' lang='lat'><em>⁰</em></span> 
     </span>
     <span class='ocr_line' id='line_1_57' title="bbox 1461 936 2532 985; baseline 0.002 -12"><span class='ocrx_word' id='word_1_373' title='bbox 1461 936 1699 985; x_wconf 89' lang='lat' dir='ltr'>praeexistat.</span> <span class='ocrx_word' id='word_1_374' title='bbox 1740 936 1804 973; x_wconf 91' lang='lat' dir='ltr'>Sic</span> <span class='ocrx_word' id='word_1_375' title='bbox 1833 948 1922 984; x_wconf 89' lang='lat' dir='ltr'>ergo</span> <span class='ocrx_word' id='word_1_376' title='bbox 1951 943 2055 984; x_wconf 91' lang='lat' dir='ltr'>patet</span> <span class='ocrx_word' id='word_1_377' title='bbox 2087 937 2193 984; x_wconf 93' lang='lat' dir='ltr'>quod</span> <span class='ocrx_word' id='word_1_378' title='bbox 2221 938 2343 975; x_wconf 92' lang='lat' dir='ltr'>multo</span> <span class='ocrx_word' id='word_1_379' title='bbox 2377 938 2532 975; x_wconf 91' lang='lat' dir='ltr'>maioris</span> 
     </span>
     <span class='ocr_line' id='line_1_58' title="bbox 1461 989 2532 1039; baseline 0.003 -13"><span class='ocrx_word' id='word_1_380' title='bbox 1461 989 1609 1027; x_wconf 92' lang='lat' dir='ltr'>virtutis</span> <span class='ocrx_word' id='word_1_381' title='bbox 1629 997 1685 1026; x_wconf 90' lang='lat' dir='ltr'>est</span> <span class='ocrx_word' id='word_1_382' title='bbox 1705 989 1829 1026; x_wconf 91' lang='lat' dir='ltr'>facere</span> <span class='ocrx_word' id='word_1_383' title='bbox 1859 989 2001 1038; x_wconf 89' lang='lat' dir='ltr'>aliquid</span> <span class='ocrx_word' id='word_1_384' title='bbox 2022 1001 2067 1025; x_wconf 86' lang='lat' dir='ltr'>ex</span> <span class='ocrx_word' id='word_1_385' title='bbox 2087 989 2216 1038; x_wconf 90' lang='lat' dir='ltr'>nihilo,</span> <span class='ocrx_word' id='word_1_386' title='bbox 2237 1003 2356 1039; x_wconf 91' lang='lat' dir='ltr'>quam</span> <span class='ocrx_word' id='word_1_387' title='bbox 2377 1003 2422 1029; x_wconf 91' lang='lat' dir='ltr'>ex</span> <span class='ocrx_word' id='word_1_388' title='bbox 2442 1004 2532 1029; x_wconf 91' lang='lat' dir='ltr'>con-</span> 
     </span>
     <span class='ocr_line' id='line_1_59' title="bbox 1461 1043 1588 1080; baseline 0 -1"><span class='ocrx_word' id='word_1_389' title='bbox 1461 1043 1588 1080; x_wconf 92' lang='lat' dir='ltr'>trario.</span> 
     </span>
    </p>

    <p class='ocr_par' dir='ltr' id='par_1_16' title="bbox 1463 1095 2536 1412">
     <span class='ocr_line' id='line_1_60' title="bbox 1515 1095 2534 1144; baseline 0.002 -11"><span class='ocrx_word' id='word_1_390' title='bbox 1515 1098 1575 1133; x_wconf 86' lang='lat' dir='ltr'>AD</span> <span class='ocrx_word' id='word_1_391' title='bbox 1603 1108 1764 1133; x_wconf 81' lang='lat' dir='ltr'>TERTltJM</span> <span class='ocrx_word' id='word_1_392' title='bbox 1792 1107 1977 1132; x_wconf 76' lang='lat' dir='ltr'>met-:unum</span> <span class='ocrx_word' id='word_1_393' title='bbox 1997 1095 2104 1144; x_wconf 93' lang='lat' dir='ltr'>quod</span> <span class='ocrx_word' id='word_1_394' title='bbox 2123 1095 2243 1133; x_wconf 89' lang='lat' dir='ltr'>virtus</span> <span class='ocrx_word' id='word_1_395' title='bbox 2267 1096 2436 1134; x_wconf 90' lang='lat' dir='ltr'>facientis</span> <span class='ocrx_word' id='word_1_396' title='bbox 2455 1109 2534 1135; x_wconf 91' lang='lat' dir='ltr'>non</span> 
     </span>
     <span class='ocr_line' id='line_1_61' title="bbox 1463 1149 2534 1197; baseline 0.002 -11"><span class='ocrx_word' id='word_1_397' title='bbox 1463 1150 1589 1186; x_wconf 92' lang='lat' dir='ltr'>solum</span> <span class='ocrx_word' id='word_1_398' title='bbox 1619 1149 1881 1187; x_wconf 88' lang='lat' dir='ltr'>consideratur</span> <span class='ocrx_word' id='word_1_399' title='bbox 1909 1161 1953 1185; x_wconf 88' lang='lat' dir='ltr'>ex</span> <span class='ocrx_word' id='word_1_400' title='bbox 1974 1149 2182 1186; x_wconf 91' lang='lat' dir='ltr'>substantia</span> <span class='ocrx_word' id='word_1_401' title='bbox 2210 1150 2307 1197; x_wconf 89' lang='lat' dir='ltr'>facti,</span> <span class='ocrx_word' id='word_1_402' title='bbox 2327 1150 2397 1188; x_wconf 91' lang='lat' dir='ltr'>sed</span> <span class='ocrx_word' id='word_1_403' title='bbox 2421 1150 2534 1188; x_wconf 86' lang='lat' dir='ltr'>etiam</span> 
     </span>
     <span class='ocr_line' id='line_1_62' title="bbox 1465 1201 2534 1241; baseline 0.002 -2"><span class='ocrx_word' id='word_1_404' title='bbox 1465 1215 1508 1239; x_wconf 88' lang='lat' dir='ltr'>ex</span> <span class='ocrx_word' id='word_1_405' title='bbox 1538 1203 1658 1240; x_wconf 89' lang='lat' dir='ltr'>modo</span> <span class='ocrx_word' id='word_1_406' title='bbox 1688 1202 1871 1240; x_wconf 90' lang='lat' dir='ltr'>faciendi:</span> <span class='ocrx_word' id='word_1_407' title='bbox 1901 1201 2026 1239; x_wconf 91' lang='lat' dir='ltr'>maior</span> <span class='ocrx_word' id='word_1_408' title='bbox 2046 1202 2148 1239; x_wconf 92' lang='lat' dir='ltr'>enim</span> <span class='ocrx_word' id='word_1_409' title='bbox 2178 1204 2281 1240; x_wconf 87' lang='lat' dir='ltr'>calor</span> <span class='ocrx_word' id='word_1_410' title='bbox 2300 1216 2379 1241; x_wconf 93' lang='lat' dir='ltr'>non</span> <span class='ocrx_word' id='word_1_411' title='bbox 2407 1205 2534 1241; x_wconf 89' lang='lat' dir='ltr'>solum</span> 
     </span>
     <span class='ocr_line' id='line_1_63' title="bbox 1465 1255 2536 1305; baseline 0.001 -12"><span class='ocrx_word' id='word_1_412' title='bbox 1465 1257 1596 1304; x_wconf 88' lang='lat' dir='ltr'>magis,</span> <span class='ocrx_word' id='word_1_413' title='bbox 1618 1256 1685 1293; x_wconf 91' lang='lat' dir='ltr'>sed</span> <span class='ocrx_word' id='word_1_414' title='bbox 1716 1256 1829 1293; x_wconf 91' lang='lat' dir='ltr'>etiam</span> <span class='ocrx_word' id='word_1_415' title='bbox 1860 1255 1965 1292; x_wconf 93' lang='lat' dir='ltr'>citius</span> <span class='ocrx_word' id='word_1_416' title='bbox 1995 1256 2174 1292; x_wconf 89' lang='lat' dir='ltr'>calefacit.</span> <span class='ocrx_word' id='word_1_417' title='bbox 2206 1257 2396 1304; x_wconf 86' lang='lat' dir='ltr'>Quamvis</span> <span class='ocrx_word' id='word_1_418' title='bbox 2425 1257 2536 1305; x_wconf 88' lang='lat' dir='ltr'>igitur</span> 
     </span>
     <span class='ocr_line' id='line_1_64' title="bbox 1465 1308 2536 1358; baseline 0.001 -11"><span class='ocrx_word' id='word_1_419' title='bbox 1465 1322 1595 1347; x_wconf 92' lang='lat' dir='ltr'>creare</span> <span class='ocrx_word' id='word_1_420' title='bbox 1624 1309 1792 1358; x_wconf 88' lang='lat' dir='ltr'>aliquem</span> <span class='ocrx_word' id='word_1_421' title='bbox 1822 1309 2001 1352; x_wconf 85' lang='lat' dir='ltr'>effectum</span> <span class='ocrx_word' id='word_1_422' title='bbox 2021 1308 2173 1346; x_wconf 90' lang='lat' dir='ltr'>finitum</span> <span class='ocrx_word' id='word_1_423' title='bbox 2194 1322 2273 1347; x_wconf 91' lang='lat' dir='ltr'>non</span> <span class='ocrx_word' id='word_1_424' title='bbox 2300 1311 2536 1348; x_wconf 88' lang='lat' dir='ltr'>demonstret</span> 
     </span>
     <span class='ocr_line' id='line_1_65' title="bbox 1464 1362 2536 1412; baseline 0.001 -12"><span class='ocrx_word' id='word_1_425' title='bbox 1464 1363 1676 1412; x_wconf 91' lang='lat' dir='ltr'>potentiam</span> <span class='ocrx_word' id='word_1_426' title='bbox 1705 1362 1906 1409; x_wconf 89' lang='lat' dir='ltr'>infinitam,</span> <span class='ocrx_word' id='word_1_427' title='bbox 1935 1370 2066 1399; x_wconf 90' lang='lat' dir='ltr'>tamen</span> <span class='ocrx_word' id='word_1_428' title='bbox 2095 1375 2224 1400; x_wconf 90' lang='lat' dir='ltr'>creare</span> <span class='ocrx_word' id='word_1_429' title='bbox 2251 1363 2380 1412; x_wconf 90' lang='lat' dir='ltr'>ipsum</span> <span class='ocrx_word' id='word_1_430' title='bbox 2408 1376 2454 1401; x_wconf 81' lang='lat' dir='ltr'>ex</span> <span class='ocrx_word' id='word_1_431' title='bbox 2481 1364 2536 1401; x_wconf 82' lang='lat' dir='ltr'>ni-</span> 
     </span>
    </p>
   </div>
   <div class='ocr_carea' id='block_1_15' title="bbox 1464 1415 2574 1464">
    <p class='ocr_par' dir='ltr' id='par_1_17' title="bbox 1464 1415 2574 1464">
     <span class='ocr_line' id='line_1_66' title="bbox 1464 1415 2574 1464; baseline 0.001 -11"><span class='ocrx_word' id='word_1_432' title='bbox 1464 1417 1541 1454; x_wconf 92' lang='lat' dir='ltr'>hilo</span> <span class='ocrx_word' id='word_1_433' title='bbox 1571 1417 1808 1454; x_wconf 88' lang='lat' dir='ltr'>demonstrat</span> <span class='ocrx_word' id='word_1_434' title='bbox 1834 1415 2045 1464; x_wconf 90' lang='lat' dir='ltr'>potentiam</span> <span class='ocrx_word' id='word_1_435' title='bbox 2073 1416 2275 1454; x_wconf 88' lang='lat' dir='ltr'>infinitam.</span> <span class='ocrx_word' id='word_1_436' title='bbox 2295 1416 2316 1439; x_wconf 82' lang='lat'>*</span> <span class='ocrx_word' id='word_1_437' title='bbox 2343 1417 2463 1464; x_wconf 90' lang='lat' dir='ltr'>Quod</span> <span class='ocrx_word' id='word_1_438' title='bbox 2490 1429 2536 1454; x_wconf 83' lang='lat' dir='ltr'>ex</span> <span class='ocrx_word' id='word_1_439' title='bbox 2563 1427 2574 1437; x_wconf 85' lang='grc'><em>·</em></span> 
     </span>
    </p>
   </div>
   <div class='ocr_carea' id='block_1_16' title="bbox 1464 1469 2540 2052">
    <p class='ocr_par' dir='ltr' id='par_1_18' title="bbox 1464 1469 2540 2052">
     <span class='ocr_line' id='line_1_67' title="bbox 1464 1469 2536 1519; baseline 0.001 -12"><span class='ocrx_word' id='word_1_440' title='bbox 1464 1470 1667 1519; x_wconf 89' lang='lat' dir='ltr'>praedietis</span> <span class='ocrx_word' id='word_1_441' title='bbox 1686 1469 1706 1491; x_wconf 67' lang='lat'>‘¹‘</span> <span class='ocrx_word' id='word_1_442' title='bbox 1734 1477 1848 1518; x_wconf 91' lang='lat' dir='ltr'>patet.</span> <span class='ocrx_word' id='word_1_443' title='bbox 1879 1469 1919 1506; x_wconf 91' lang='lat' dir='ltr'>Si</span> <span class='ocrx_word' id='word_1_444' title='bbox 1940 1469 2043 1506; x_wconf 90' lang='lat' dir='ltr'>enim</span> <span class='ocrx_word' id='word_1_445' title='bbox 2063 1476 2167 1506; x_wconf 91' lang='lat' dir='ltr'>tanto</span> <span class='ocrx_word' id='word_1_446' title='bbox 2187 1470 2312 1507; x_wconf 91' lang='lat' dir='ltr'>maior</span> <span class='ocrx_word' id='word_1_447' title='bbox 2329 1470 2450 1508; x_wconf 89' lang='lat' dir='ltr'>virtus</span> <span class='ocrx_word' id='word_1_448' title='bbox 2478 1483 2536 1508; x_wconf 88' lang='lat' dir='ltr'>re·</span> 
     </span>
     <span class='ocr_line' id='line_1_68' title="bbox 1466 1523 2537 1572; baseline 0.001 -12"><span class='ocrx_word' id='word_1_449' title='bbox 1466 1523 1624 1572; x_wconf 89' lang='lat' dir='ltr'>quiritur</span> <span class='ocrx_word' id='word_1_450' title='bbox 1651 1523 1690 1560; x_wconf 89' lang='lat' dir='ltr'>in</span> <span class='ocrx_word' id='word_1_451' title='bbox 1719 1530 1865 1571; x_wconf 91' lang='lat' dir='ltr'>agente,</span> <span class='ocrx_word' id='word_1_452' title='bbox 1895 1530 2038 1571; x_wconf 90' lang='lat' dir='ltr'>quanto</span> <span class='ocrx_word' id='word_1_453' title='bbox 2056 1523 2228 1571; x_wconf 90' lang='lat' dir='ltr'>potentia</span> <span class='ocrx_word' id='word_1_454' title='bbox 2257 1531 2313 1561; x_wconf 90' lang='lat' dir='ltr'>est</span> <span class='ocrx_word' id='word_1_455' title='bbox 2339 1524 2461 1572; x_wconf 88' lang='lat' dir='ltr'>magis</span> <span class='ocrx_word' id='word_1_456' title='bbox 2480 1536 2537 1561; x_wconf 89' lang='lat' dir='ltr'>re-</span> 
     </span>
     <span class='ocr_line' id='line_1_69' title="bbox 1465 1575 2538 1625; baseline 0 -11"><span class='ocrx_word' id='word_1_457' title='bbox 1465 1584 1570 1614; x_wconf 90' lang='lat' dir='ltr'>mota</span> <span class='ocrx_word' id='word_1_458' title='bbox 1589 1577 1637 1613; x_wconf 92' lang='lat' dir='ltr'>ab</span> <span class='ocrx_word' id='word_1_459' title='bbox 1658 1584 1756 1624; x_wconf 89' lang='lat' dir='ltr'>actu,</span> <span class='ocrx_word' id='word_1_460' title='bbox 1773 1583 1924 1625; x_wconf 90' lang='lat' dir='ltr'>oportet</span> <span class='ocrx_word' id='word_1_461' title='bbox 1943 1575 2050 1624; x_wconf 93' lang='lat' dir='ltr'>quod</span> <span class='ocrx_word' id='word_1_462' title='bbox 2068 1576 2185 1613; x_wconf 90' lang='lat' dir='ltr'>virtus</span> <span class='ocrx_word' id='word_1_463' title='bbox 2205 1577 2349 1625; x_wconf 91' lang='lat' dir='ltr'>agentis</span> <span class='ocrx_word' id='word_1_464' title='bbox 2370 1590 2416 1614; x_wconf 84' lang='lat' dir='ltr'>ex</span> <span class='ocrx_word' id='word_1_465' title='bbox 2434 1578 2538 1615; x_wconf 91' lang='lat' dir='ltr'>nulla</span> 
     </span>
     <span class='ocr_line' id='line_1_70' title="bbox 1464 1629 2536 1680; baseline 0.001 -13"><span class='ocrx_word' id='word_1_466' title='bbox 1464 1629 1755 1680; x_wconf 90' lang='lat' dir='ltr'>praesupposita</span> <span class='ocrx_word' id='word_1_467' title='bbox 1782 1629 1971 1679; x_wconf 91' lang='lat' dir='ltr'>potentia,</span> <span class='ocrx_word' id='word_1_468' title='bbox 2001 1630 2112 1678; x_wconf 91' lang='lat' dir='ltr'>quale</span> <span class='ocrx_word' id='word_1_469' title='bbox 2141 1642 2258 1678; x_wconf 89' lang='lat' dir='ltr'>agens</span> <span class='ocrx_word' id='word_1_470' title='bbox 2297 1638 2353 1668; x_wconf 95' lang='lat' dir='ltr'>est</span> <span class='ocrx_word' id='word_1_471' title='bbox 2381 1643 2536 1678; x_wconf 89' lang='lat' dir='ltr'>creans,</span> 
     </span>
     <span class='ocr_line' id='line_1_71' title="bbox 1467 1683 2536 1734; baseline 0.001 -13"><span class='ocrx_word' id='word_1_472' title='bbox 1467 1684 1512 1721; x_wconf 93' lang='lat' dir='ltr'>sit</span> <span class='ocrx_word' id='word_1_473' title='bbox 1540 1683 1704 1720; x_wconf 90' lang='lat' dir='ltr'>infinita:</span> <span class='ocrx_word' id='word_1_474' title='bbox 1735 1683 1823 1732; x_wconf 92' lang='lat' dir='ltr'>quia</span> <span class='ocrx_word' id='word_1_475' title='bbox 1851 1683 1954 1720; x_wconf 93' lang='lat' dir='ltr'>nulla</span> <span class='ocrx_word' id='word_1_476' title='bbox 1981 1683 2178 1731; x_wconf 92' lang='lat' dir='ltr'>proportio</span> <span class='ocrx_word' id='word_1_477' title='bbox 2218 1690 2274 1721; x_wconf 91' lang='lat' dir='ltr'>est</span> <span class='ocrx_word' id='word_1_478' title='bbox 2301 1684 2439 1722; x_wconf 87' lang='lat' dir='ltr'>nullius</span> <span class='ocrx_word' id='word_1_479' title='bbox 2466 1696 2536 1734; x_wconf 91' lang='lat' dir='ltr'>po-</span> 
     </span>
     <span class='ocr_line' id='line_1_72' title="bbox 1466 1736 2536 1787; baseline 0 -13"><span class='ocrx_word' id='word_1_480' title='bbox 1466 1737 1605 1774; x_wconf 89' lang='lat' dir='ltr'>tentiae</span> <span class='ocrx_word' id='word_1_481' title='bbox 1633 1736 1683 1774; x_wconf 91' lang='lat' dir='ltr'>ad</span> <span class='ocrx_word' id='word_1_482' title='bbox 1711 1736 1879 1785; x_wconf 88' lang='lat' dir='ltr'>aliquam</span> <span class='ocrx_word' id='word_1_483' title='bbox 1907 1737 2131 1785; x_wconf 88' lang='lat' dir='ltr'>potentiam,</span> <span class='ocrx_word' id='word_1_484' title='bbox 2153 1749 2270 1785; x_wconf 90' lang='lat' dir='ltr'>quam</span> <span class='ocrx_word' id='word_1_485' title='bbox 2299 1749 2536 1787; x_wconf 88' lang='lat' dir='ltr'>praesuppo-</span> 
     </span>
     <span class='ocr_line' id='line_1_73' title="bbox 1466 1789 2539 1837; baseline 0.001 -10"><span class='ocrx_word' id='word_1_486' title='bbox 1466 1790 1520 1827; x_wconf 90' lang='lat' dir='ltr'>nit</span> <span class='ocrx_word' id='word_1_487' title='bbox 1537 1790 1658 1828; x_wconf 91' lang='lat' dir='ltr'>virtus</span> <span class='ocrx_word' id='word_1_488' title='bbox 1677 1789 1821 1837; x_wconf 90' lang='lat' dir='ltr'>agentis</span> <span class='ocrx_word' id='word_1_489' title='bbox 1841 1789 2033 1836; x_wconf 85' lang='lat' dir='ltr'>naturalis,</span> <span class='ocrx_word' id='word_1_490' title='bbox 2054 1789 2150 1826; x_wconf 91' lang='lat' dir='ltr'>sicut</span> <span class='ocrx_word' id='word_1_491' title='bbox 2169 1798 2205 1827; x_wconf 93' lang='lat' dir='ltr'>et</span> <span class='ocrx_word' id='word_1_492' title='bbox 2224 1795 2243 1812; x_wconf 63' lang='grc' dir='ltr'><strong><em>π</em></strong></span> <span class='ocrx_word' id='word_1_493' title='bbox 2270 1802 2350 1828; x_wconf 89' lang='lat' dir='ltr'>non</span> <span class='ocrx_word' id='word_1_494' title='bbox 2375 1790 2470 1828; x_wconf 89' lang='lat' dir='ltr'>entis</span> <span class='ocrx_word' id='word_1_495' title='bbox 2488 1790 2539 1828; x_wconf 86' lang='lat' dir='ltr'>ad</span> 
     </span>
     <span class='ocr_line' id='line_1_74' title="bbox 1467 1843 2538 1893; baseline 0 -12"><span class='ocrx_word' id='word_1_496' title='bbox 1467 1856 1546 1881; x_wconf 91' lang='lat' dir='ltr'>ens.</span> <span class='ocrx_word' id='word_1_497' title='bbox 1576 1844 1625 1880; x_wconf 91' lang='lat' dir='ltr'>Et</span> <span class='ocrx_word' id='word_1_498' title='bbox 1653 1843 1742 1892; x_wconf 92' lang='lat' dir='ltr'>quia</span> <span class='ocrx_word' id='word_1_499' title='bbox 1770 1843 1874 1880; x_wconf 90' lang='lat' dir='ltr'>nulla</span> <span class='ocrx_word' id='word_1_500' title='bbox 1902 1850 2072 1880; x_wconf 90' lang='lat' dir='ltr'>creatura</span> <span class='ocrx_word' id='word_1_501' title='bbox 2099 1843 2216 1880; x_wconf 90' lang='lat' dir='ltr'>habet</span> <span class='ocrx_word' id='word_1_502' title='bbox 2234 1843 2453 1893; x_wconf 89' lang='lat' dir='ltr'>simpliciter</span> <span class='ocrx_word' id='word_1_503' title='bbox 2468 1856 2538 1893; x_wconf 92' lang='lat' dir='ltr'>po-</span> 
     </span>
     <span class='ocr_line' id='line_1_75' title="bbox 1466 1895 2538 1944; baseline 0 -10"><span class='ocrx_word' id='word_1_504' title='bbox 1466 1897 1625 1934; x_wconf 89' lang='lat' dir='ltr'>tentiam</span> <span class='ocrx_word' id='word_1_505' title='bbox 1651 1895 1861 1944; x_wconf 86' lang='lat' dir='ltr'>infinitam,</span> <span class='ocrx_word' id='word_1_506' title='bbox 1883 1896 1988 1933; x_wconf 56' lang='lat' dir='ltr'>&#39;sicut</span> <span class='ocrx_word' id='word_1_507' title='bbox 2021 1908 2148 1944; x_wconf 90' lang='lat' dir='ltr'>neque</span> <span class='ocrx_word' id='word_1_508' title='bbox 2177 1909 2260 1934; x_wconf 91' lang='lat' dir='ltr'>esse</span> <span class='ocrx_word' id='word_1_509' title='bbox 2288 1897 2480 1935; x_wconf 90' lang='lat' dir='ltr'>infinitum</span> <span class='ocrx_word' id='word_1_510' title='bbox 2499 1896 2538 1944; x_wconf 72' lang='lat'>*,</span> 
     </span>
     <span class='ocr_line' id='line_1_76' title="bbox 1467 1949 2540 1999; baseline 0.002 -12"><span class='ocrx_word' id='word_1_511' title='bbox 1467 1958 1509 1987; x_wconf 95' lang='lat' dir='ltr'>ut</span> <span class='ocrx_word' id='word_1_512' title='bbox 1536 1962 1651 1999; x_wconf 91' lang='lat' dir='ltr'>supra</span> <span class='ocrx_word' id='word_1_513' title='bbox 1674 1949 1694 1971; x_wconf 73' lang='lat'>&#39;¹‘</span> <span class='ocrx_word' id='word_1_514' title='bbox 1721 1950 1927 1998; x_wconf 90' lang='lat' dir='ltr'>probatum</span> <span class='ocrx_word' id='word_1_515' title='bbox 1957 1957 2022 1997; x_wconf 89' lang='lat' dir='ltr'>est,</span> <span class='ocrx_word' id='word_1_516' title='bbox 2053 1949 2276 1999; x_wconf 91' lang='lat' dir='ltr'>relinquitur</span> <span class='ocrx_word' id='word_1_517' title='bbox 2303 1951 2410 1999; x_wconf 90' lang='lat' dir='ltr'>quod</span> <span class='ocrx_word' id='word_1_518' title='bbox 2437 1950 2540 1989; x_wconf 87' lang='lat' dir='ltr'>nulla</span> 
     </span>
     <span class='ocr_line' id='line_1_77' title="bbox 1468 2003 1954 2052; baseline -0.002 -11"><span class='ocrx_word' id='word_1_519' title='bbox 1468 2011 1640 2041; x_wconf 89' lang='lat' dir='ltr'>creatura</span> <span class='ocrx_word' id='word_1_520' title='bbox 1667 2003 1786 2052; x_wconf 92' lang='lat' dir='ltr'>possit</span> <span class='ocrx_word' id='word_1_521' title='bbox 1814 2015 1954 2040; x_wconf 89' lang='lat' dir='ltr'>creare.</span> 
     </span>
    </p>
   </div>
   <div class='ocr_carea' id='block_1_17' title="bbox 1058 2092 1727 2098">
    <p class='ocr_par' dir='ltr' id='par_1_19' title="bbox 1058 2092 1727 2098">
     <span class='ocr_line' id='line_1_78' title="bbox 1058 2092 1727 2098; baseline 0 0"><span class='ocrx_word' id='word_1_522' title='bbox 1058 2092 1727 2098; x_wconf 95' lang='lat' dir='ltr'> </span> 
     </span>
    </p>
   </div>
   <div class='ocr_carea' id='block_1_18' title="bbox 394 2137 894 2242">
    <p class='ocr_par' dir='ltr' id='par_1_20' title="bbox 394 2137 894 2242">
     <span class='ocr_line' id='line_1_79' title="bbox 394 2137 715 2171; baseline -0.003 -7"><span class='ocrx_word' id='word_1_523' title='bbox 394 2137 423 2171; x_wconf 85' lang='grc' dir='ltr'>λ)</span> <span class='ocrx_word' id='word_1_524' title='bbox 442 2139 532 2164; x_wconf 88' lang='lat' dir='ltr'>etiam.</span> <span class='ocrx_word' id='word_1_525' title='bbox 549 2152 569 2158; x_wconf 86' lang='lat'>-·</span> <span class='ocrx_word' id='word_1_526' title='bbox 587 2138 649 2163; x_wconf 87' lang='lat' dir='ltr'>Om.</span> <span class='ocrx_word' id='word_1_527' title='bbox 668 2139 715 2163; x_wconf 83' lang='lat' dir='ltr'>Fa.</span> 
     </span>
     <span class='ocr_line' id='line_1_80' title="bbox 395 2174 835 2208; baseline -0.005 -8"><span class='ocrx_word' id='word_1_528' title='bbox 395 2175 423 2208; x_wconf 80' lang='grc' dir='ltr'>μ)</span> <span class='ocrx_word' id='word_1_529' title='bbox 442 2174 589 2200; x_wconf 82' lang='lat' dir='ltr'>contrario.</span> <span class='ocrx_word' id='word_1_530' title='bbox 607 2188 626 2193; x_wconf 91' lang='lat'>—</span> <span class='ocrx_word' id='word_1_531' title='bbox 643 2174 788 2199; x_wconf 77' lang='lat' dir='ltr'>contrariis</span> <span class='ocrx_word' id='word_1_532' title='bbox 806 2174 835 2199; x_wconf 88' lang='lat' dir='ltr'>P.</span> 
     </span>
     <span class='ocr_line' id='line_1_81' title="bbox 397 2209 894 2242; baseline -0.002 -8"><span class='ocrx_word' id='word_1_533' title='bbox 397 2210 418 2242; x_wconf 80' lang='grc' dir='ltr'>ν)</span> <span class='ocrx_word' id='word_1_534' title='bbox 438 2211 572 2234; x_wconf 83' lang='lat' dir='ltr'>reducere.</span> <span class='ocrx_word' id='word_1_535' title='bbox 591 2224 609 2228; x_wconf 94' lang='lat'><strong>—</strong></span> <span class='ocrx_word' id='word_1_536' title='bbox 628 2209 768 2234; x_wconf 80' lang='lat' dir='ltr'>materiam</span> <span class='ocrx_word' id='word_1_537' title='bbox 788 2209 847 2234; x_wconf 85' lang='lat' dir='ltr'>add.</span> <span class='ocrx_word' id='word_1_538' title='bbox 866 2210 894 2233; x_wconf 86' lang='lat' dir='ltr'>P.</span> 
     </span>
    </p>
   </div>
   <div class='ocr_carea' id='block_1_19' title="bbox 1521 2135 2021 2241">
    <p class='ocr_par' dir='ltr' id='par_1_21' title="bbox 1521 2135 2021 2241">
     <span class='ocr_line' id='line_1_82' title="bbox 1521 2135 2021 2169; baseline -0.002 -8"><span class='ocrx_word' id='word_1_539' title='bbox 1521 2135 1544 2169; x_wconf 80' lang='grc' dir='ltr'>Ε)</span> <span class='ocrx_word' id='word_1_540' title='bbox 1564 2137 1706 2162; x_wconf 78' lang='lat' dir='ltr'>materiam</span> <span class='ocrx_word' id='word_1_541' title='bbox 1725 2143 1819 2169; x_wconf 81' lang='lat' dir='ltr'>aquae.</span> <span class='ocrx_word' id='word_1_542' title='bbox 1838 2150 1857 2156; x_wconf 90' lang='lat'>-</span> <span class='ocrx_word' id='word_1_543' title='bbox 1875 2143 1972 2169; x_wconf 83' lang='lat' dir='ltr'>aquam</span> <span class='ocrx_word' id='word_1_544' title='bbox 1993 2136 2021 2161; x_wconf 86' lang='grc' dir='ltr'>Ρ.</span> 
     </span>
     <span class='ocr_line' id='line_1_83' title="bbox 1522 2171 1907 2206; baseline 0.003 -9"><span class='ocrx_word' id='word_1_545' title='bbox 1522 2171 1546 2206; x_wconf 88' lang='grc' dir='ltr'>ο)</span> <span class='ocrx_word' id='word_1_546' title='bbox 1564 2172 1695 2204; x_wconf 81' lang='lat' dir='ltr'>potentia.</span> <span class='ocrx_word' id='word_1_547' title='bbox 1713 2186 1732 2191; x_wconf 99' lang='lat'>-</span> <span class='ocrx_word' id='word_1_548' title='bbox 1751 2172 1812 2197; x_wconf 90' lang='lat' dir='ltr'>Om.</span> <span class='ocrx_word' id='word_1_549' title='bbox 1831 2172 1907 2198; x_wconf 80' lang='lat' dir='ltr'>ACE.</span> 
     </span>
     <span class='ocr_line' id='line_1_84' title="bbox 1521 2207 1895 2241; baseline 0 -9"><span class='ocrx_word' id='word_1_550' title='bbox 1521 2208 1551 2241; x_wconf 84' lang='grc' dir='ltr'>π)</span> <span class='ocrx_word' id='word_1_551' title='bbox 1569 2208 1639 2233; x_wconf 81' lang='lat' dir='ltr'>sicut</span> <span class='ocrx_word' id='word_1_552' title='bbox 1657 2210 1690 2233; x_wconf 82' lang='lat' dir='ltr'>et.</span> <span class='ocrx_word' id='word_1_553' title='bbox 1710 2221 1727 2227; x_wconf 90' lang='lat'>-·</span> <span class='ocrx_word' id='word_1_554' title='bbox 1745 2207 1813 2233; x_wconf 84' lang='lat' dir='ltr'>sicut</span> <span class='ocrx_word' id='word_1_555' title='bbox 1832 2208 1895 2232; x_wconf 85' lang='lat' dir='ltr'>Pab.</span> 
     </span>
    </p>
   </div>
   <div class='ocr_carea' id='block_1_20' title="bbox 1025 2294 1856 2329">
    <p class='ocr_par' dir='ltr' id='par_1_22' title="bbox 1025 2294 1856 2329">
     <span class='ocr_line' id='line_1_85' title="bbox 1025 2294 1856 2329; baseline -0.001 0"><span class='ocrx_word' id='word_1_556' title='bbox 1025 2296 1358 2329; x_wconf 74' lang='lat' dir='ltr'>Commentaria</span> <span class='ocrx_word' id='word_1_557' title='bbox 1382 2294 1633 2328; x_wconf 77' lang='lat' dir='ltr'>Cardinalis</span> <span class='ocrx_word' id='word_1_558' title='bbox 1655 2295 1856 2328; x_wconf 74' lang='lat' dir='ltr'>Caietani</span> 
     </span>
    </p>
   </div>
   <div class='ocr_carea' id='block_1_21' title="bbox 342 2394 1415 3409">
    <p class='ocr_par' dir='ltr' id='par_1_23' title="bbox 342 2394 1415 2701">
     <span class='ocr_line' id='line_1_86' title="bbox 402 2394 1415 2436; baseline -0.001 -11"><span class='ocrx_word' id='word_1_559' title='bbox 402 2405 509 2425; x_wconf 65' lang='lat' dir='ltr'>nutus</span> <span class='ocrx_word' id='word_1_560' title='bbox 540 2404 577 2425; x_wconf 78' lang='lat' dir='ltr'>ex</span> <span class='ocrx_word' id='word_1_561' title='bbox 604 2394 771 2436; x_wconf 89' lang='lat' dir='ltr'>praedictis</span> <span class='ocrx_word' id='word_1_562' title='bbox 799 2394 900 2425; x_wconf 89' lang='lat' dir='ltr'>clarus</span> <span class='ocrx_word' id='word_1_563' title='bbox 924 2400 980 2424; x_wconf 89' lang='lat' dir='ltr'>est.</span> <span class='ocrx_word' id='word_1_564' title='bbox 1008 2411 1028 2416; x_wconf 91' lang='lat'><em>—</em></span> <span class='ocrx_word' id='word_1_565' title='bbox 1052 2394 1087 2424; x_wconf 90' lang='lat' dir='ltr'>In</span> <span class='ocrx_word' id='word_1_566' title='bbox 1112 2403 1245 2434; x_wconf 90' lang='lat' dir='ltr'>corpore</span> <span class='ocrx_word' id='word_1_567' title='bbox 1275 2400 1415 2434; x_wconf 88' lang='lat' dir='ltr'>quatuor</span> 
     </span>
     <span class='ocr_line' id='line_1_87' title="bbox 344 2407 1414 2479; baseline 0 -11"><span class='ocrx_word' id='word_1_568' title='bbox 344 2407 493 2470; x_wconf 86' lang='lat' dir='ltr'>Tfacit:</span> <span class='ocrx_word' id='word_1_569' title='bbox 519 2439 641 2479; x_wconf 89' lang='lat' dir='ltr'>primo,</span> <span class='ocrx_word' id='word_1_570' title='bbox 672 2438 842 2479; x_wconf 86' lang='lat' dir='ltr'>respondet</span> <span class='ocrx_word' id='word_1_571' title='bbox 872 2438 1016 2479; x_wconf 91' lang='lat' dir='ltr'>quaesito</span> <span class='ocrx_word' id='word_1_572' title='bbox 1041 2438 1150 2479; x_wconf 87' lang='lat' dir='ltr'>quoad</span> <span class='ocrx_word' id='word_1_573' title='bbox 1173 2448 1275 2469; x_wconf 87' lang='lat' dir='ltr'>creare</span> <span class='ocrx_word' id='word_1_574' title='bbox 1299 2437 1414 2469; x_wconf 86' lang='lat' dir='ltr'>virtute</span> 
     </span>
     <span class='ocr_line' id='line_1_88' title="bbox 342 2482 1413 2524; baseline -0.002 -10"><span class='ocrx_word' id='word_1_575' title='bbox 342 2484 487 2524; x_wconf 89' lang='lat' dir='ltr'>propria;</span> <span class='ocrx_word' id='word_1_576' title='bbox 513 2484 664 2520; x_wconf 86' lang='lat' dir='ltr'>secundo,</span> <span class='ocrx_word' id='word_1_577' title='bbox 684 2483 777 2514; x_wconf 88' lang='lat' dir='ltr'>refert</span> <span class='ocrx_word' id='word_1_578' title='bbox 800 2482 963 2524; x_wconf 86' lang='lat' dir='ltr'>quandam</span> <span class='ocrx_word' id='word_1_579' title='bbox 982 2482 1170 2523; x_wconf 89' lang='lat' dir='ltr'>opinionem</span> <span class='ocrx_word' id='word_1_580' title='bbox 1186 2482 1295 2523; x_wconf 88' lang='lat' dir='ltr'>quoad</span> <span class='ocrx_word' id='word_1_581' title='bbox 1311 2492 1413 2512; x_wconf 89' lang='lat' dir='ltr'>creare</span> 
     </span>
     <span class='ocr_line' id='line_1_89' title="bbox 343 2526 1414 2568; baseline -0.001 -10"><span class='ocrx_word' id='word_1_582' title='bbox 343 2527 640 2564; x_wconf 88' lang='lat' dir='ltr'>instrumentaliter,</span> <span class='ocrx_word' id='word_1_583' title='bbox 664 2527 727 2557; x_wconf 90' lang='lat' dir='ltr'>ibi:</span> <span class='ocrx_word' id='word_1_584' title='bbox 756 2527 923 2568; x_wconf 85' lang='lat' dir='ltr'>Contingit</span> <span class='ocrx_word' id='word_1_585' title='bbox 946 2532 1053 2557; x_wconf 85' lang='lat' dir='ltr'>autem</span> <span class='ocrx_word' id='word_1_586' title='bbox 1069 2526 1101 2563; x_wconf 71' lang='lat'>*3</span> <span class='ocrx_word' id='word_1_587' title='bbox 1126 2526 1229 2563; x_wconf 90' lang='lat' dir='ltr'>tertio,</span> <span class='ocrx_word' id='word_1_588' title='bbox 1254 2526 1414 2567; x_wconf 82' lang='lat' dir='ltr'>improbat</span> 
     </span>
     <span class='ocr_line' id='line_1_90' title="bbox 343 2570 1412 2613; baseline -0.001 -11"><span class='ocrx_word' id='word_1_589' title='bbox 343 2572 515 2613; x_wconf 83' lang='lat' dir='ltr'>praefatam</span> <span class='ocrx_word' id='word_1_590' title='bbox 539 2571 726 2612; x_wconf 89' lang='lat' dir='ltr'>opinionem</span> <span class='ocrx_word' id='word_1_591' title='bbox 749 2571 782 2602; x_wconf 93' lang='lat' dir='ltr'>in</span> <span class='ocrx_word' id='word_1_592' title='bbox 807 2571 983 2607; x_wconf 89' lang='lat' dir='ltr'>communi,</span> <span class='ocrx_word' id='word_1_593' title='bbox 1008 2570 1065 2601; x_wconf 86' lang='lat' dir='ltr'>ibi:</span> <span class='ocrx_word' id='word_1_594' title='bbox 1090 2571 1154 2602; x_wconf 83' lang='lat' dir='ltr'>Sed</span> <span class='ocrx_word' id='word_1_595' title='bbox 1176 2571 1235 2602; x_wconf 86' lang='lat' dir='ltr'>hoc</span> <span class='ocrx_word' id='word_1_596' title='bbox 1257 2580 1325 2602; x_wconf 82' lang='lat' dir='ltr'>esse</span> <span class='ocrx_word' id='word_1_597' title='bbox 1349 2581 1412 2601; x_wconf 87' lang='lat' dir='ltr'>non</span> 
     </span>
     <span class='ocr_line' id='line_1_91' title="bbox 480 2615 1414 2657; baseline -0.002 -10"><span class='ocrx_word' id='word_1_598' title='bbox 480 2625 487 2653; x_wconf 92' lang='grc'><strong>;</strong></span> <span class='ocrx_word' id='word_1_599' title='bbox 513 2623 636 2657; x_wconf 88' lang='lat' dir='ltr'>quarto,</span> <span class='ocrx_word' id='word_1_600' title='bbox 652 2615 812 2656; x_wconf 88' lang='lat' dir='ltr'>improbat</span> <span class='ocrx_word' id='word_1_601' title='bbox 832 2615 965 2646; x_wconf 86' lang='lat' dir='ltr'>eandem</span> <span class='ocrx_word' id='word_1_602' title='bbox 984 2615 1017 2645; x_wconf 92' lang='lat' dir='ltr'>in</span> <span class='ocrx_word' id='word_1_603' title='bbox 1037 2615 1173 2656; x_wconf 89' lang='lat' dir='ltr'>speciali,</span> <span class='ocrx_word' id='word_1_604' title='bbox 1191 2616 1299 2656; x_wconf 87' lang='lat' dir='ltr'>quoad</span> <span class='ocrx_word' id='word_1_605' title='bbox 1319 2625 1414 2656; x_wconf 84' lang='lat' dir='ltr'>agens</span> 
     </span>
     <span class='ocr_line' id='line_1_92' title="bbox 344 2659 1010 2701; baseline -0.002 -9"><span class='ocrx_word' id='word_1_606' title='bbox 344 2670 545 2701; x_wconf 88' lang='lat' dir='ltr'>corporeum,</span> <span class='ocrx_word' id='word_1_607' title='bbox 569 2660 629 2691; x_wconf 87' lang='lat' dir='ltr'>ibi:</span> <span class='ocrx_word' id='word_1_608' title='bbox 653 2660 696 2691; x_wconf 86' lang='lat' dir='ltr'>Et</span> <span class='ocrx_word' id='word_1_609' title='bbox 714 2661 774 2691; x_wconf 86' lang='lat' dir='ltr'>hoc</span> <span class='ocrx_word' id='word_1_610' title='bbox 790 2661 967 2700; x_wconf 81' lang='lat' dir='ltr'>praecipue</span> <span class='ocrx_word' id='word_1_611' title='bbox 982 2659 1010 2691; x_wconf 47' lang='grc' dir='ltr'>ὓ.</span> 
     </span>
    </p>

    <p class='ocr_par' dir='ltr' id='par_1_24' title="bbox 345 2704 1414 2923">
     <span class='ocr_line' id='line_1_93' title="bbox 402 2704 1412 2745; baseline -0.001 -10"><span class='ocrx_word' id='word_1_612' title='bbox 402 2705 440 2736; x_wconf 92' lang='lat' dir='ltr'>II.</span> <span class='ocrx_word' id='word_1_613' title='bbox 465 2705 582 2742; x_wconf 82' lang='lat' dir='ltr'>Quoad</span> <span class='ocrx_word' id='word_1_614' title='bbox 598 2706 760 2745; x_wconf 85' lang='lat' dir='ltr'>primum,</span> <span class='ocrx_word' id='word_1_615' title='bbox 785 2704 948 2735; x_wconf 87' lang='lat' dir='ltr'>conclusio</span> <span class='ocrx_word' id='word_1_616' title='bbox 972 2704 1156 2745; x_wconf 84' lang='lat' dir='ltr'>responsiva</span> <span class='ocrx_word' id='word_1_617' title='bbox 1179 2704 1323 2745; x_wconf 88' lang='lat' dir='ltr'>quaesito</span> <span class='ocrx_word' id='word_1_618' title='bbox 1348 2711 1412 2735; x_wconf 89' lang='lat' dir='ltr'>est:</span> 
     </span>
     <span class='ocr_line' id='line_1_94' title="bbox 346 2748 1414 2789; baseline 0 -10"><span class='ocrx_word' id='word_1_619' title='bbox 346 2748 459 2780; x_wconf 89' lang='lat' dir='ltr'>Creare</span> <span class='ocrx_word' id='word_1_620' title='bbox 483 2755 530 2780; x_wconf 92' lang='lat' dir='ltr'>est</span> <span class='ocrx_word' id='word_1_621' title='bbox 552 2749 680 2789; x_wconf 86' lang='lat' dir='ltr'>propria</span> <span class='ocrx_word' id='word_1_622' title='bbox 699 2748 780 2780; x_wconf 88' lang='lat' dir='ltr'>actio</span> <span class='ocrx_word' id='word_1_623' title='bbox 796 2748 895 2779; x_wconf 90' lang='lat' dir='ltr'>solius</span> <span class='ocrx_word' id='word_1_624' title='bbox 910 2748 979 2780; x_wconf 91' lang='lat' dir='ltr'>Dei.</span> <span class='ocrx_word' id='word_1_625' title='bbox 994 2766 1015 2771; x_wconf 95' lang='lat'>-</span> <span class='ocrx_word' id='word_1_626' title='bbox 1030 2749 1070 2780; x_wconf 90' lang='lat' dir='ltr'>Et</span> <span class='ocrx_word' id='word_1_627' title='bbox 1086 2749 1240 2789; x_wconf 88' lang='lat' dir='ltr'>probatur</span> <span class='ocrx_word' id='word_1_628' title='bbox 1259 2748 1312 2780; x_wconf 91' lang='lat' dir='ltr'>sic.</span> <span class='ocrx_word' id='word_1_629' title='bbox 1336 2748 1414 2779; x_wconf 88' lang='lat' dir='ltr'>Esse</span> 
     </span>
     <span class='ocr_line' id='line_1_95' title="bbox 345 2793 1413 2834; baseline 0 -11"><span class='ocrx_word' id='word_1_630' title='bbox 345 2799 390 2824; x_wconf 90' lang='lat' dir='ltr'>est</span> <span class='ocrx_word' id='word_1_631' title='bbox 405 2793 552 2834; x_wconf 90' lang='lat' dir='ltr'>proprius</span> <span class='ocrx_word' id='word_1_632' title='bbox 568 2793 695 2824; x_wconf 86' lang='lat' dir='ltr'>effectus</span> <span class='ocrx_word' id='word_1_633' title='bbox 710 2793 831 2834; x_wconf 86' lang='lat' dir='ltr'>primae</span> <span class='ocrx_word' id='word_1_634' title='bbox 848 2799 879 2823; x_wconf 93' lang='lat' dir='ltr'>et</span> <span class='ocrx_word' id='word_1_635' title='bbox 895 2793 1179 2824; x_wconf 89' lang='lat' dir='ltr'>universalissimae</span> <span class='ocrx_word' id='word_1_636' title='bbox 1196 2803 1317 2829; x_wconf 88' lang='lat' dir='ltr'>causae,</span> <span class='ocrx_word' id='word_1_637' title='bbox 1331 2803 1413 2834; x_wconf 88' lang='lat' dir='ltr'>quae</span> 
     </span>
     <span class='ocr_line' id='line_1_96' title="bbox 345 2837 1413 2878; baseline 0.001 -11"><span class='ocrx_word' id='word_1_638' title='bbox 345 2844 390 2868; x_wconf 88' lang='lat' dir='ltr'>est</span> <span class='ocrx_word' id='word_1_639' title='bbox 414 2837 515 2868; x_wconf 87' lang='lat' dir='ltr'>Deus:</span> <span class='ocrx_word' id='word_1_640' title='bbox 541 2844 571 2869; x_wconf 93' lang='lat' dir='ltr'>et</span> <span class='ocrx_word' id='word_1_641' title='bbox 594 2837 769 2878; x_wconf 87' lang='lat' dir='ltr'>producere</span> <span class='ocrx_word' id='word_1_642' title='bbox 793 2847 860 2868; x_wconf 89' lang='lat' dir='ltr'>esse</span> <span class='ocrx_word' id='word_1_643' title='bbox 886 2838 1030 2868; x_wconf 89' lang='lat' dir='ltr'>absolute</span> <span class='ocrx_word' id='word_1_644' title='bbox 1048 2837 1183 2878; x_wconf 88' lang='lat' dir='ltr'>pertinet</span> <span class='ocrx_word' id='word_1_645' title='bbox 1198 2837 1238 2867; x_wconf 87' lang='lat' dir='ltr'>ad</span> <span class='ocrx_word' id='word_1_646' title='bbox 1257 2837 1413 2868; x_wconf 88' lang='lat' dir='ltr'>rationem</span> 
     </span>
     <span class='ocr_line' id='line_1_97' title="bbox 345 2881 1282 2923; baseline 0 -11"><span class='ocrx_word' id='word_1_647' title='bbox 345 2881 528 2912; x_wconf 85' lang='lat' dir='ltr'>creationis:</span> <span class='ocrx_word' id='word_1_648' title='bbox 553 2891 628 2922; x_wconf 88' lang='lat' dir='ltr'>ergo</span> <span class='ocrx_word' id='word_1_649' title='bbox 653 2882 767 2912; x_wconf 79' lang='lat' dir='ltr'>creatio</span> <span class='ocrx_word' id='word_1_650' title='bbox 784 2888 830 2912; x_wconf 89' lang='lat' dir='ltr'>est</span> <span class='ocrx_word' id='word_1_651' title='bbox 845 2881 972 2923; x_wconf 87' lang='lat' dir='ltr'>propria</span> <span class='ocrx_word' id='word_1_652' title='bbox 995 2882 1077 2913; x_wconf 89' lang='lat' dir='ltr'>actio</span> <span class='ocrx_word' id='word_1_653' title='bbox 1094 2882 1194 2912; x_wconf 91' lang='lat' dir='ltr'>solius</span> <span class='ocrx_word' id='word_1_654' title='bbox 1213 2881 1282 2912; x_wconf 90' lang='lat' dir='ltr'>Dei.</span> 
     </span>
    </p>

    <p class='ocr_par' dir='ltr' id='par_1_25' title="bbox 345 2925 1415 3188">
     <span class='ocr_line' id='line_1_98' title="bbox 402 2925 1411 2966; baseline 0 -10"><span class='ocrx_word' id='word_1_655' title='bbox 402 2925 506 2956; x_wconf 90' lang='lat' dir='ltr'>Prima</span> <span class='ocrx_word' id='word_1_656' title='bbox 534 2925 712 2966; x_wconf 89' lang='lat' dir='ltr'>propositio</span> <span class='ocrx_word' id='word_1_657' title='bbox 736 2926 888 2966; x_wconf 88' lang='lat' dir='ltr'>probatur</span> <span class='ocrx_word' id='word_1_658' title='bbox 912 2926 1089 2966; x_wconf 90' lang='lat' dir='ltr'>dupliciter.</span> <span class='ocrx_word' id='word_1_659' title='bbox 1120 2926 1246 2963; x_wconf 88' lang='lat' dir='ltr'>Primo,</span> <span class='ocrx_word' id='word_1_660' title='bbox 1271 2926 1411 2958; x_wconf 88' lang='lat' dir='ltr'>ratione:</span> 
     </span>
     <span class='ocr_line' id='line_1_99' title="bbox 345 2969 1415 3012; baseline 0.001 -12"><span class='ocrx_word' id='word_1_661' title='bbox 345 2970 420 3011; x_wconf 87' lang='lat' dir='ltr'>quia</span> <span class='ocrx_word' id='word_1_662' title='bbox 436 2969 562 3001; x_wconf 86' lang='lat' dir='ltr'>effectus</span> <span class='ocrx_word' id='word_1_663' title='bbox 579 2970 818 3001; x_wconf 83' lang='lat' dir='ltr'>universaliores</span> <span class='ocrx_word' id='word_1_664' title='bbox 835 2977 962 3011; x_wconf 90' lang='lat' dir='ltr'>oportet</span> <span class='ocrx_word' id='word_1_665' title='bbox 978 2970 1011 3001; x_wconf 91' lang='lat' dir='ltr'>in</span> <span class='ocrx_word' id='word_1_666' title='bbox 1029 2970 1268 3001; x_wconf 81' lang='lat' dir='ltr'>universaliores</span> <span class='ocrx_word' id='word_1_667' title='bbox 1285 2977 1315 3001; x_wconf 93' lang='lat' dir='ltr'>et</span> <span class='ocrx_word' id='word_1_668' title='bbox 1331 2970 1415 3012; x_wconf 89' lang='lat' dir='ltr'>prio-</span> 
     </span>
     <span class='ocr_line' id='line_1_100' title="bbox 345 3014 1414 3050; baseline 0.001 -6"><span class='ocrx_word' id='word_1_669' title='bbox 345 3024 392 3045; x_wconf 89' lang='lat' dir='ltr'>res</span> <span class='ocrx_word' id='word_1_670' title='bbox 416 3024 524 3045; x_wconf 88' lang='lat' dir='ltr'>causas</span> <span class='ocrx_word' id='word_1_671' title='bbox 547 3014 711 3050; x_wconf 88' lang='lat' dir='ltr'>reducere;</span> <span class='ocrx_word' id='word_1_672' title='bbox 736 3024 802 3045; x_wconf 89' lang='lat' dir='ltr'>esse</span> <span class='ocrx_word' id='word_1_673' title='bbox 833 3022 941 3045; x_wconf 88' lang='lat' dir='ltr'>autern</span> <span class='ocrx_word' id='word_1_674' title='bbox 972 3015 1053 3046; x_wconf 89' lang='lat' dir='ltr'>inter</span> <span class='ocrx_word' id='word_1_675' title='bbox 1080 3025 1193 3046; x_wconf 88' lang='lat' dir='ltr'>ornnes</span> <span class='ocrx_word' id='word_1_676' title='bbox 1217 3014 1344 3046; x_wconf 84' lang='lat' dir='ltr'>effectus</span> <span class='ocrx_word' id='word_1_677' title='bbox 1368 3022 1414 3046; x_wconf 90' lang='lat' dir='ltr'>est</span> 
     </span>
     <span class='ocr_line' id='line_1_101' title="bbox 345 3058 1414 3096; baseline 0.002 -8"><span class='ocrx_word' id='word_1_678' title='bbox 345 3058 688 3090; x_wconf 66' lang='lat' dir='ltr'>universalissimum-</span> <span class='ocrx_word' id='word_1_679' title='bbox 699 3058 856 3096; x_wconf 91' lang='lat' dir='ltr'>Secundo,</span> <span class='ocrx_word' id='word_1_680' title='bbox 870 3059 1054 3090; x_wconf 85' lang='lat' dir='ltr'>auctoritate</span> <span class='ocrx_word' id='word_1_681' title='bbox 1071 3069 1108 3090; x_wconf 88' lang='lat' dir='ltr'>ex</span> <span class='ocrx_word' id='word_1_682' title='bbox 1132 3059 1213 3090; x_wconf 90' lang='lat' dir='ltr'>libro</span> <span class='ocrx_word' id='word_1_683' title='bbox 1227 3059 1267 3090; x_wconf 87' lang='lat' dir='ltr'>de</span> <span class='ocrx_word' id='word_1_684' title='bbox 1282 3059 1414 3091; x_wconf 85' lang='lat' dir='ltr'>Causis:</span> 
     </span>
     <span class='ocr_line' id='line_1_102' title="bbox 345 3103 1414 3144; baseline 0.001 -11"><span class='ocrx_word' id='word_1_685' title='bbox 345 3103 434 3143; x_wconf 93' lang='lat' dir='ltr'>quod</span> <span class='ocrx_word' id='word_1_686' title='bbox 457 3113 560 3144; x_wconf 90' lang='lat' dir='ltr'>neque</span> <span class='ocrx_word' id='word_1_687' title='bbox 583 3103 788 3143; x_wconf 85' lang='lat' dir='ltr'>intelligentia</span> <span class='ocrx_word' id='word_1_688' title='bbox 804 3113 907 3144; x_wconf 90' lang='lat' dir='ltr'>neque</span> <span class='ocrx_word' id='word_1_689' title='bbox 931 3103 1036 3134; x_wconf 89' lang='lat' dir='ltr'>anima</span> <span class='ocrx_word' id='word_1_690' title='bbox 1060 3103 1174 3134; x_wconf 88' lang='lat' dir='ltr'>nobilis</span> <span class='ocrx_word' id='word_1_691' title='bbox 1191 3104 1244 3135; x_wconf 87' lang='lat' dir='ltr'>dat</span> <span class='ocrx_word' id='word_1_692' title='bbox 1259 3113 1336 3140; x_wconf 87' lang='lat' dir='ltr'>esse,</span> <span class='ocrx_word' id='word_1_693' title='bbox 1354 3103 1414 3134; x_wconf 90' lang='lat' dir='ltr'>nisi</span> 
     </span>
     <span class='ocr_line' id='line_1_103' title="bbox 345 3146 1054 3188; baseline 0.001 -11"><span class='ocrx_word' id='word_1_694' title='bbox 345 3146 536 3188; x_wconf 87' lang='lat' dir='ltr'>inquantum</span> <span class='ocrx_word' id='word_1_695' title='bbox 559 3153 708 3187; x_wconf 90' lang='lat' dir='ltr'>operatur</span> <span class='ocrx_word' id='word_1_696' title='bbox 730 3147 914 3187; x_wconf 88' lang='lat' dir='ltr'>operatione</span> <span class='ocrx_word' id='word_1_697' title='bbox 937 3147 1054 3179; x_wconf 90' lang='lat' dir='ltr'>divina.</span> 
     </span>
    </p>

    <p class='ocr_par' dir='ltr' id='par_1_26' title="bbox 347 3191 1415 3409">
     <span class='ocr_line' id='line_1_104' title="bbox 405 3191 1414 3232; baseline 0.003 -11"><span class='ocrx_word' id='word_1_698' title='bbox 405 3191 456 3222; x_wconf 92' lang='lat'>111.</span> <span class='ocrx_word' id='word_1_699' title='bbox 482 3191 572 3222; x_wconf 87' lang='lat' dir='ltr'>Circa</span> <span class='ocrx_word' id='word_1_700' title='bbox 596 3191 676 3222; x_wconf 87' lang='lat' dir='ltr'>hanc</span> <span class='ocrx_word' id='word_1_701' title='bbox 699 3198 820 3232; x_wconf 88' lang='lat' dir='ltr'>partem</span> <span class='ocrx_word' id='word_1_702' title='bbox 849 3191 1015 3232; x_wconf 86' lang='lat' dir='ltr'>multiplex</span> <span class='ocrx_word' id='word_1_703' title='bbox 1046 3192 1182 3223; x_wconf 90' lang='lat' dir='ltr'>dubium</span> <span class='ocrx_word' id='word_1_704' title='bbox 1205 3192 1350 3224; x_wconf 88' lang='lat' dir='ltr'>occurrit.</span> <span class='ocrx_word' id='word_1_705' title='bbox 1374 3192 1414 3224; x_wconf 82' lang='lat' dir='ltr'>Et</span> 
     </span>
     <span class='ocr_line' id='line_1_105' title="bbox 347 3234 1415 3277; baseline 0.003 -12"><span class='ocrx_word' id='word_1_706' title='bbox 347 3234 469 3275; x_wconf 89' lang='lat' dir='ltr'>primo,</span> <span class='ocrx_word' id='word_1_707' title='bbox 503 3235 583 3266; x_wconf 88' lang='lat' dir='ltr'>circa</span> <span class='ocrx_word' id='word_1_708' title='bbox 610 3235 746 3275; x_wconf 85' lang='lat' dir='ltr'>primam</span> <span class='ocrx_word' id='word_1_709' title='bbox 775 3236 1029 3276; x_wconf 88' lang='lat' dir='ltr'>propositionem</span> <span class='ocrx_word' id='word_1_710' title='bbox 1062 3243 1268 3277; x_wconf 87' lang='lat' dir='ltr'>assumptam.</span> <span class='ocrx_word' id='word_1_711' title='bbox 1300 3237 1415 3277; x_wconf 83' lang='lat' dir='ltr'>Arguit</span> 
     </span>
     <span class='ocr_line' id='line_1_106' title="bbox 348 3279 1413 3317; baseline 0.003 -8"><span class='ocrx_word' id='word_1_712' title='bbox 348 3279 432 3309; x_wconf 86' lang='lat' dir='ltr'>enirn</span> <span class='ocrx_word' id='word_1_713' title='bbox 448 3279 570 3316; x_wconf 88' lang='lat' dir='ltr'>Scotus,</span> <span class='ocrx_word' id='word_1_714' title='bbox 588 3279 621 3310; x_wconf 92' lang='lat' dir='ltr'>in</span> <span class='ocrx_word' id='word_1_715' title='bbox 638 3280 690 3316; x_wconf 88' lang='lat' dir='ltr'>IV,</span> <span class='ocrx_word' id='word_1_716' title='bbox 714 3280 785 3311; x_wconf 91' lang='lat' dir='ltr'>dist.</span> <span class='ocrx_word' id='word_1_717' title='bbox 805 3291 815 3310; x_wconf 95' lang='lat'>1</span> <span class='ocrx_word' id='word_1_718' title='bbox 831 3279 858 3316; x_wconf 61' lang='lat'>⁴²,</span> <span class='ocrx_word' id='word_1_719' title='bbox 884 3288 993 3311; x_wconf 87' lang='lat' dir='ltr'>contra</span> <span class='ocrx_word' id='word_1_720' title='bbox 1017 3290 1097 3317; x_wconf 88' lang='lat' dir='ltr'>eam,</span> <span class='ocrx_word' id='word_1_721' title='bbox 1122 3281 1228 3312; x_wconf 89' lang='lat' dir='ltr'>dicens</span> <span class='ocrx_word' id='word_1_722' title='bbox 1252 3291 1323 3312; x_wconf 88' lang='lat' dir='ltr'>eam</span> <span class='ocrx_word' id='word_1_723' title='bbox 1347 3291 1413 3312; x_wconf 88' lang='lat' dir='ltr'>esse</span> 
     </span>
     <span class='ocr_line' id='line_1_107' title="bbox 347 3322 1413 3366; baseline 0.003 -13"><span class='ocrx_word' id='word_1_724' title='bbox 347 3322 467 3354; x_wconf 85' lang='lat' dir='ltr'>falsam.</span> <span class='ocrx_word' id='word_1_725' title='bbox 493 3324 591 3361; x_wconf 92' lang='lat' dir='ltr'>Quod</span> <span class='ocrx_word' id='word_1_726' title='bbox 614 3324 728 3364; x_wconf 86' lang='lat' dir='ltr'>probat</span> <span class='ocrx_word' id='word_1_727' title='bbox 751 3324 804 3355; x_wconf 88' lang='lat' dir='ltr'>sic.</span> <span class='ocrx_word' id='word_1_728' title='bbox 830 3324 907 3355; x_wconf 89' lang='lat' dir='ltr'>Esse</span> <span class='ocrx_word' id='word_1_729' title='bbox 935 3324 1105 3365; x_wconf 85' lang='lat' dir='ltr'>compositi</span> <span class='ocrx_word' id='word_1_730' title='bbox 1129 3332 1175 3356; x_wconf 88' lang='lat' dir='ltr'>est</span> <span class='ocrx_word' id='word_1_731' title='bbox 1204 3335 1222 3355; x_wconf 88' lang='lat' dir='ltr'>a</span> <span class='ocrx_word' id='word_1_732' title='bbox 1245 3332 1413 3366; x_wconf 83' lang='lat' dir='ltr'>generante</span> 
     </span>
     <span class='ocr_line' id='line_1_108' title="bbox 348 3367 1414 3409; baseline 0.003 -12"><span class='ocrx_word' id='word_1_733' title='bbox 348 3367 578 3407; x_wconf 88' lang='lat' dir='ltr'>compositum:</span> <span class='ocrx_word' id='word_1_734' title='bbox 604 3377 678 3408; x_wconf 90' lang='lat' dir='ltr'>ergo</span> <span class='ocrx_word' id='word_1_735' title='bbox 698 3378 764 3398; x_wconf 91' lang='lat' dir='ltr'>non</span> <span class='ocrx_word' id='word_1_736' title='bbox 781 3375 827 3399; x_wconf 87' lang='lat' dir='ltr'>est</span> <span class='ocrx_word' id='word_1_737' title='bbox 842 3368 990 3409; x_wconf 87' lang='lat' dir='ltr'>proprius</span> <span class='ocrx_word' id='word_1_738' title='bbox 1005 3369 1131 3400; x_wconf 81' lang='lat' dir='ltr'>effectus</span> <span class='ocrx_word' id='word_1_739' title='bbox 1151 3369 1220 3400; x_wconf 91' lang='lat' dir='ltr'>Dei.</span> <span class='ocrx_word' id='word_1_740' title='bbox 1237 3387 1258 3394; x_wconf 92' lang='lat'>·-</span> <span class='ocrx_word' id='word_1_741' title='bbox 1273 3370 1314 3400; x_wconf 92' lang='lat' dir='ltr'>Et</span> <span class='ocrx_word' id='word_1_742' title='bbox 1329 3375 1414 3400; x_wconf 90' lang='lat' dir='ltr'>tenet</span> 
     </span>
    </p>
   </div>
   <div class='ocr_carea' id='block_1_22' title="bbox 347 3411 1413 3492">
    <p class='ocr_par' dir='ltr' id='par_1_27' title="bbox 347 3411 1413 3486">
     <span class='ocr_line' id='line_1_109' title="bbox 347 3411 1413 3454; baseline 0.003 -13"><span class='ocrx_word' id='word_1_743' title='bbox 347 3412 489 3451; x_wconf 83' lang='lat' dir='ltr'>sequela:</span> <span class='ocrx_word' id='word_1_744' title='bbox 514 3411 589 3452; x_wconf 91' lang='lat' dir='ltr'>quia</span> <span class='ocrx_word' id='word_1_745' title='bbox 613 3412 844 3453; x_wconf 89' lang='lat' dir='ltr'>compositum,</span> <span class='ocrx_word' id='word_1_746' title='bbox 868 3419 946 3453; x_wconf 89' lang='lat' dir='ltr'>puta</span> <span class='ocrx_word' id='word_1_747' title='bbox 969 3413 1041 3450; x_wconf 92' lang='lat' dir='ltr'>bos,</span> <span class='ocrx_word' id='word_1_748' title='bbox 1067 3421 1112 3444; x_wconf 90' lang='lat' dir='ltr'>est</span> <span class='ocrx_word' id='word_1_749' title='bbox 1135 3414 1174 3444; x_wconf 90' lang='lat' dir='ltr'>ab</span> <span class='ocrx_word' id='word_1_750' title='bbox 1198 3413 1338 3445; x_wconf 91' lang='lat' dir='ltr'>univoco</span> <span class='ocrx_word' id='word_1_751' title='bbox 1361 3423 1413 3454; x_wconf 89' lang='lat' dir='ltr'>ge-</span> 
     </span>
     <span class='ocr_line' id='line_1_110' title="bbox 347 3462 568 3492; baseline 0.005 -7"><span class='ocrx_word' id='word_1_752' title='bbox 347 3463 485 3492; x_wconf 88' lang='lat' dir='ltr'>nerante,</span> <span class='ocrx_word' id='word_1_753' title='bbox 510 3462 568 3486; x_wconf 87' lang='lat' dir='ltr'>etc.</span> 
     </span>
    </p>
   </div>
   <div class='ocr_carea' id='block_1_23' title="bbox 347 3480 1414 3674">
    <p class='ocr_par' dir='ltr' id='par_1_28' title="bbox 347 3480 1414 3674">
     <span class='ocr_line' id='line_1_111' title="bbox 405 3480 1414 3542; baseline 0.003 -13"><span class='ocrx_word' id='word_1_754' title='bbox 405 3499 458 3530; x_wconf 88' lang='lat' dir='ltr'>lv.</span> <span class='ocrx_word' id='word_1_755' title='bbox 483 3499 626 3530; x_wconf 89' lang='lat' dir='ltr'>Dubium</span> <span class='ocrx_word' id='word_1_756' title='bbox 644 3507 690 3531; x_wconf 90' lang='lat' dir='ltr'>est</span> <span class='ocrx_word' id='word_1_757' title='bbox 705 3480 845 3531; x_wconf 86' lang='lat' dir='ltr'>secundo</span> <span class='ocrx_word' id='word_1_758' title='bbox 865 3501 945 3531; x_wconf 88' lang='lat' dir='ltr'>circa</span> <span class='ocrx_word' id='word_1_759' title='bbox 964 3501 1167 3541; x_wconf 87' lang='lat' dir='ltr'>probationes</span> <span class='ocrx_word' id='word_1_760' title='bbox 1183 3501 1277 3533; x_wconf 93' lang='lat' dir='ltr'>illius.</span> <span class='ocrx_word' id='word_1_761' title='bbox 1300 3501 1414 3542; x_wconf 85' lang='lat' dir='ltr'>Arguit</span> 
     </span>
     <span class='ocr_line' id='line_1_112' title="bbox 347 3543 1411 3586; baseline 0.003 -13"><span class='ocrx_word' id='word_1_762' title='bbox 347 3543 433 3573; x_wconf 91' lang='lat' dir='ltr'>enim</span> <span class='ocrx_word' id='word_1_763' title='bbox 452 3543 569 3573; x_wconf 89' lang='lat' dir='ltr'>ibidem</span> <span class='ocrx_word' id='word_1_764' title='bbox 588 3551 695 3575; x_wconf 86' lang='lat' dir='ltr'>contra</span> <span class='ocrx_word' id='word_1_765' title='bbox 711 3554 771 3576; x_wconf 91' lang='lat' dir='ltr'>eas.</span> <span class='ocrx_word' id='word_1_766' title='bbox 798 3545 838 3576; x_wconf 88' lang='lat' dir='ltr'>Et</span> <span class='ocrx_word' id='word_1_767' title='bbox 854 3545 969 3585; x_wconf 87' lang='lat' dir='ltr'>primo,</span> <span class='ocrx_word' id='word_1_768' title='bbox 990 3552 1098 3576; x_wconf 90' lang='lat' dir='ltr'>contra</span> <span class='ocrx_word' id='word_1_769' title='bbox 1113 3546 1259 3586; x_wconf 87' lang='lat' dir='ltr'>primam.</span> <span class='ocrx_word' id='word_1_770' title='bbox 1284 3548 1350 3578; x_wconf 88' lang='lat' dir='ltr'>Aut</span> <span class='ocrx_word' id='word_1_771' title='bbox 1368 3545 1411 3576; x_wconf 90' lang='lat' dir='ltr'>ibi</span> 
     </span>
     <span class='ocr_line' id='line_1_113' title="bbox 348 3587 1413 3622; baseline 0.003 -5"><span class='ocrx_word' id='word_1_772' title='bbox 348 3594 393 3618; x_wconf 89' lang='lat' dir='ltr'>est</span> <span class='ocrx_word' id='word_1_773' title='bbox 417 3597 520 3618; x_wconf 87' lang='lat' dir='ltr'>sermo</span> <span class='ocrx_word' id='word_1_774' title='bbox 551 3587 588 3618; x_wconf 87' lang='lat' dir='ltr'>de</span> <span class='ocrx_word' id='word_1_775' title='bbox 619 3588 847 3620; x_wconf 80' lang='lat' dir='ltr'>universalitate</span> <span class='ocrx_word' id='word_1_776' title='bbox 879 3599 990 3620; x_wconf 87' lang='lat' dir='ltr'>causae</span> <span class='ocrx_word' id='word_1_777' title='bbox 1022 3596 1052 3620; x_wconf 87' lang='lat' dir='ltr'>et</span> <span class='ocrx_word' id='word_1_778' title='bbox 1076 3589 1203 3621; x_wconf 82' lang='lat' dir='ltr'>effectus</span> <span class='ocrx_word' id='word_1_779' title='bbox 1235 3590 1413 3622; x_wconf 90' lang='lat' dir='ltr'>secundum</span> 
     </span>
     <span class='ocr_line' id='line_1_114' title="bbox 347 3631 1412 3674; baseline 0.004 -13"><span class='ocrx_word' id='word_1_780' title='bbox 347 3631 628 3672; x_wconf 86' lang='lat' dir='ltr'>praedicationem;</span> <span class='ocrx_word' id='word_1_781' title='bbox 654 3640 708 3663; x_wconf 87' lang='lat' dir='ltr'>aut</span> <span class='ocrx_word' id='word_1_782' title='bbox 731 3633 907 3664; x_wconf 89' lang='lat' dir='ltr'>secundum</span> <span class='ocrx_word' id='word_1_783' title='bbox 931 3633 1177 3674; x_wconf 88' lang='lat' dir='ltr'>perfectionem;</span> <span class='ocrx_word' id='word_1_784' title='bbox 1201 3641 1256 3666; x_wconf 88' lang='lat' dir='ltr'>aut</span> <span class='ocrx_word' id='word_1_785' title='bbox 1279 3635 1317 3665; x_wconf 90' lang='lat' dir='ltr'>de</span> <span class='ocrx_word' id='word_1_786' title='bbox 1341 3634 1412 3665; x_wconf 91' lang='lat' dir='ltr'>uni-</span> 
     </span>
    </p>
   </div>
   <div class='ocr_carea' id='block_1_24' title="bbox 1460 2392 2542 3674">
    <p class='ocr_par' dir='ltr' id='par_1_29' title="bbox 1460 2392 2542 3543">
     <span class='ocr_line' id='line_1_115' title="bbox 1468 2392 2539 2434; baseline 0.001 -10"><span class='ocrx_word' id='word_1_787' title='bbox 1468 2394 1643 2424; x_wconf 81' lang='lat' dir='ltr'>versalitate</span> <span class='ocrx_word' id='word_1_788' title='bbox 1667 2392 1794 2424; x_wconf 86' lang='lat' dir='ltr'>effectus</span> <span class='ocrx_word' id='word_1_789' title='bbox 1818 2393 1995 2424; x_wconf 89' lang='lat' dir='ltr'>secundum</span> <span class='ocrx_word' id='word_1_790' title='bbox 2018 2393 2299 2434; x_wconf 86' lang='lat' dir='ltr'>praedicationem,</span> <span class='ocrx_word' id='word_1_791' title='bbox 2329 2403 2441 2425; x_wconf 86' lang='lat' dir='ltr'>causae</span> <span class='ocrx_word' id='word_1_792' title='bbox 2463 2403 2539 2425; x_wconf 84' lang='lat' dir='ltr'>vero</span> 
     </span>
     <span class='ocr_line' id='line_1_116' title="bbox 1468 2437 2540 2478; baseline 0.001 -10"><span class='ocrx_word' id='word_1_793' title='bbox 1468 2438 1646 2468; x_wconf 89' lang='lat' dir='ltr'>secundum</span> <span class='ocrx_word' id='word_1_794' title='bbox 1669 2437 1908 2478; x_wconf 86' lang='lat' dir='ltr'>perfectionem.</span> <span class='ocrx_word' id='word_1_795' title='bbox 1940 2437 1973 2468; x_wconf 89' lang='lat' dir='ltr'>Si</span> <span class='ocrx_word' id='word_1_796' title='bbox 1997 2447 2123 2478; x_wconf 89' lang='lat' dir='ltr'>semper</span> <span class='ocrx_word' id='word_1_797' title='bbox 2145 2444 2192 2468; x_wconf 87' lang='lat' dir='ltr'>est</span> <span class='ocrx_word' id='word_1_798' title='bbox 2215 2447 2320 2468; x_wconf 87' lang='lat' dir='ltr'>sermo</span> <span class='ocrx_word' id='word_1_799' title='bbox 2351 2439 2390 2469; x_wconf 92' lang='lat' dir='ltr'>de</span> <span class='ocrx_word' id='word_1_800' title='bbox 2414 2438 2540 2469; x_wconf 87' lang='lat' dir='ltr'>univer-</span> 
     </span>
     <span class='ocr_line' id='line_1_117' title="bbox 1469 2481 2541 2524; baseline 0.002 -12"><span class='ocrx_word' id='word_1_801' title='bbox 1469 2481 1588 2513; x_wconf 85' lang='lat' dir='ltr'>salitate</span> <span class='ocrx_word' id='word_1_802' title='bbox 1612 2482 1790 2513; x_wconf 88' lang='lat' dir='ltr'>secundum</span> <span class='ocrx_word' id='word_1_803' title='bbox 1813 2481 2090 2522; x_wconf 83' lang='lat' dir='ltr'>praedicationem,</span> <span class='ocrx_word' id='word_1_804' title='bbox 2115 2489 2146 2513; x_wconf 93' lang='lat' dir='ltr'>et</span> <span class='ocrx_word' id='word_1_805' title='bbox 2169 2481 2276 2513; x_wconf 89' lang='lat' dir='ltr'>minor</span> <span class='ocrx_word' id='word_1_806' title='bbox 2292 2489 2338 2514; x_wconf 90' lang='lat' dir='ltr'>est</span> <span class='ocrx_word' id='word_1_807' title='bbox 2353 2482 2441 2519; x_wconf 85' lang='lat' dir='ltr'>falsa,</span> <span class='ocrx_word' id='word_1_808' title='bbox 2465 2482 2541 2524; x_wconf 78' lang='lat' dir='ltr'>quia</span> 
     </span>
     <span class='ocr_line' id='line_1_118' title="bbox 1468 2525 2542 2567; baseline 0.001 -10"><span class='ocrx_word' id='word_1_809' title='bbox 1468 2526 1555 2557; x_wconf 88' lang='lat' dir='ltr'>Deus</span> <span class='ocrx_word' id='word_1_810' title='bbox 1578 2536 1645 2557; x_wconf 91' lang='lat' dir='ltr'>non</span> <span class='ocrx_word' id='word_1_811' title='bbox 1669 2532 1716 2557; x_wconf 90' lang='lat' dir='ltr'>est</span> <span class='ocrx_word' id='word_1_812' title='bbox 1739 2536 1833 2557; x_wconf 90' lang='lat' dir='ltr'>causa</span> <span class='ocrx_word' id='word_1_813' title='bbox 1856 2525 2122 2557; x_wconf 88' lang='lat' dir='ltr'>universalissima</span> <span class='ocrx_word' id='word_1_814' title='bbox 2140 2526 2173 2557; x_wconf 89' lang='lat' dir='ltr'>in</span> <span class='ocrx_word' id='word_1_815' title='bbox 2189 2526 2419 2567; x_wconf 88' lang='lat' dir='ltr'>praedicand0;</span> <span class='ocrx_word' id='word_1_816' title='bbox 2444 2533 2484 2564; x_wconf 89' lang='lat' dir='ltr'>et,</span> <span class='ocrx_word' id='word_1_817' title='bbox 2505 2533 2542 2558; x_wconf 92' lang='lat' dir='ltr'>ut</span> 
     </span>
     <span class='ocr_line' id='line_1_119' title="bbox 1468 2569 2541 2613; baseline 0.001 -12"><span class='ocrx_word' id='word_1_818' title='bbox 1468 2577 1567 2611; x_wconf 87' lang='lat' dir='ltr'>patet,</span> <span class='ocrx_word' id='word_1_819' title='bbox 1592 2580 1658 2601; x_wconf 90' lang='lat' dir='ltr'>non</span> <span class='ocrx_word' id='word_1_820' title='bbox 1682 2570 1882 2601; x_wconf 91' lang='lat' dir='ltr'>concluditur</span> <span class='ocrx_word' id='word_1_821' title='bbox 1904 2570 2073 2601; x_wconf 83' lang='lat' dir='ltr'>intentum.</span> <span class='ocrx_word' id='word_1_822' title='bbox 2091 2588 2112 2593; x_wconf 92' lang='lat'>-</span> <span class='ocrx_word' id='word_1_823' title='bbox 2129 2569 2161 2602; x_wconf 91' lang='lat' dir='ltr'>Si</span> <span class='ocrx_word' id='word_1_824' title='bbox 2184 2581 2260 2602; x_wconf 93' lang='lat' dir='ltr'>vero</span> <span class='ocrx_word' id='word_1_825' title='bbox 2284 2581 2409 2613; x_wconf 88' lang='lat' dir='ltr'>semper</span> <span class='ocrx_word' id='word_1_826' title='bbox 2432 2577 2479 2602; x_wconf 88' lang='lat' dir='ltr'>est</span> <span class='ocrx_word' id='word_1_827' title='bbox 2501 2571 2541 2602; x_wconf 90' lang='lat' dir='ltr'>de</span> 
     </span>
     <span class='ocr_line' id='line_1_120' title="bbox 1468 2614 2538 2655; baseline 0.001 -10"><span class='ocrx_word' id='word_1_828' title='bbox 1468 2615 1700 2646; x_wconf 84' lang='lat' dir='ltr'>universalitate</span> <span class='ocrx_word' id='word_1_829' title='bbox 1717 2615 1895 2646; x_wconf 90' lang='lat' dir='ltr'>secundum</span> <span class='ocrx_word' id='word_1_830' title='bbox 1909 2614 2147 2655; x_wconf 89' lang='lat' dir='ltr'>perfectionem,</span> <span class='ocrx_word' id='word_1_831' title='bbox 2156 2614 2263 2646; x_wconf 90' lang='lat' dir='ltr'>minor</span> <span class='ocrx_word' id='word_1_832' title='bbox 2275 2614 2371 2646; x_wconf 86' lang='lat' dir='ltr'>etiarn</span> <span class='ocrx_word' id='word_1_833' title='bbox 2385 2621 2432 2646; x_wconf 90' lang='lat' dir='ltr'>est</span> <span class='ocrx_word' id='word_1_834' title='bbox 2446 2615 2538 2646; x_wconf 84' lang='lat' dir='ltr'>falsa:</span> 
     </span>
     <span class='ocr_line' id='line_1_121' title="bbox 1467 2658 2538 2700; baseline 0.001 -10"><span class='ocrx_word' id='word_1_835' title='bbox 1467 2659 1543 2700; x_wconf 86' lang='lat' dir='ltr'>quia</span> <span class='ocrx_word' id='word_1_836' title='bbox 1566 2669 1633 2690; x_wconf 90' lang='lat' dir='ltr'>esse</span> <span class='ocrx_word' id='word_1_837' title='bbox 1656 2669 1723 2690; x_wconf 92' lang='lat' dir='ltr'>non</span> <span class='ocrx_word' id='word_1_838' title='bbox 1748 2666 1794 2690; x_wconf 88' lang='lat' dir='ltr'>est</span> <span class='ocrx_word' id='word_1_839' title='bbox 1817 2658 2064 2699; x_wconf 84' lang='lat' dir='ltr'>perfectissimus</span> <span class='ocrx_word' id='word_1_840' title='bbox 2088 2659 2226 2690; x_wconf 85' lang='lat' dir='ltr'>effectus.</span> <span class='ocrx_word' id='word_1_841' title='bbox 2251 2659 2350 2697; x_wconf 92' lang='lat' dir='ltr'>Quod</span> <span class='ocrx_word' id='word_1_842' title='bbox 2369 2660 2538 2700; x_wconf 87' lang='lat' dir='ltr'>probatur:</span> 
     </span>
     <span class='ocr_line' id='line_1_122' title="bbox 1467 2703 2539 2745; baseline 0.002 -11"><span class='ocrx_word' id='word_1_843' title='bbox 1467 2704 1543 2745; x_wconf 88' lang='lat' dir='ltr'>quia</span> <span class='ocrx_word' id='word_1_844' title='bbox 1558 2704 1788 2745; x_wconf 90' lang='lat' dir='ltr'>quodcumque</span> <span class='ocrx_word' id='word_1_845' title='bbox 1804 2703 1977 2735; x_wconf 89' lang='lat' dir='ltr'>includitur</span> <span class='ocrx_word' id='word_1_846' title='bbox 1994 2703 2028 2734; x_wconf 93' lang='lat' dir='ltr'>in</span> <span class='ocrx_word' id='word_1_847' title='bbox 2043 2704 2163 2740; x_wconf 86' lang='lat' dir='ltr'>multis,</span> <span class='ocrx_word' id='word_1_848' title='bbox 2181 2713 2248 2734; x_wconf 91' lang='lat' dir='ltr'>non</span> <span class='ocrx_word' id='word_1_849' title='bbox 2264 2711 2370 2744; x_wconf 87' lang='lat' dir='ltr'>potest</span> <span class='ocrx_word' id='word_1_850' title='bbox 2387 2714 2454 2735; x_wconf 88' lang='lat' dir='ltr'>esse</span> <span class='ocrx_word' id='word_1_851' title='bbox 2469 2713 2539 2744; x_wconf 85' lang='lat' dir='ltr'>per-</span> 
     </span>
     <span class='ocr_line' id='line_1_123' title="bbox 1467 2747 2540 2791; baseline 0.001 -12"><span class='ocrx_word' id='word_1_852' title='bbox 1467 2747 1578 2779; x_wconf 86' lang='lat' dir='ltr'>fectius</span> <span class='ocrx_word' id='word_1_853' title='bbox 1603 2758 1809 2789; x_wconf 88' lang='lat' dir='ltr'>quocumque</span> <span class='ocrx_word' id='word_1_854' title='bbox 1832 2748 1962 2778; x_wconf 90' lang='lat' dir='ltr'>illorum</span> <span class='ocrx_word' id='word_1_855' title='bbox 1985 2748 2018 2791; x_wconf 87' lang='lat' dir='ltr'>in</span> <span class='ocrx_word' id='word_1_856' title='bbox 2042 2758 2109 2789; x_wconf 88' lang='lat' dir='ltr'>quo</span> <span class='ocrx_word' id='word_1_857' title='bbox 2133 2747 2315 2780; x_wconf 89' lang='lat' dir='ltr'>includitur.</span> <span class='ocrx_word' id='word_1_858' title='bbox 2334 2766 2356 2772; x_wconf 91' lang='lat'><em>-</em></span> <span class='ocrx_word' id='word_1_859' title='bbox 2376 2748 2408 2780; x_wconf 92' lang='lat' dir='ltr'>Si</span> <span class='ocrx_word' id='word_1_860' title='bbox 2432 2756 2540 2780; x_wconf 85' lang='lat' dir='ltr'>autem</span> 
     </span>
     <span class='ocr_line' id='line_1_124' title="bbox 1468 2792 2541 2834; baseline 0.001 -11"><span class='ocrx_word' id='word_1_861' title='bbox 1468 2792 1653 2823; x_wconf 83' lang='lat' dir='ltr'>difformiter</span> <span class='ocrx_word' id='word_1_862' title='bbox 1675 2792 1864 2833; x_wconf 89' lang='lat' dir='ltr'>accipiatur,</span> <span class='ocrx_word' id='word_1_863' title='bbox 1896 2792 1939 2823; x_wconf 90' lang='lat' dir='ltr'>ita</span> <span class='ocrx_word' id='word_1_864' title='bbox 1962 2792 2052 2834; x_wconf 92' lang='lat' dir='ltr'>quod</span> <span class='ocrx_word' id='word_1_865' title='bbox 2075 2802 2112 2823; x_wconf 88' lang='lat' dir='ltr'>ex</span> <span class='ocrx_word' id='word_1_866' title='bbox 2135 2799 2223 2833; x_wconf 89' lang='lat' dir='ltr'>parte</span> <span class='ocrx_word' id='word_1_867' title='bbox 2254 2803 2366 2824; x_wconf 89' lang='lat' dir='ltr'>causae</span> <span class='ocrx_word' id='word_1_868' title='bbox 2395 2799 2541 2824; x_wconf 83' lang='lat' dir='ltr'>sumatur</span> 
     </span>
     <span class='ocr_line' id='line_1_125' title="bbox 1467 2836 2539 2877; baseline 0.001 -10"><span class='ocrx_word' id='word_1_869' title='bbox 1467 2836 1675 2868; x_wconf 89' lang='lat' dir='ltr'>universalius</span> <span class='ocrx_word' id='word_1_870' title='bbox 1699 2837 1876 2868; x_wconf 87' lang='lat' dir='ltr'>secundum</span> <span class='ocrx_word' id='word_1_871' title='bbox 1900 2836 2147 2877; x_wconf 87' lang='lat' dir='ltr'>perfectionem,</span> <span class='ocrx_word' id='word_1_872' title='bbox 2180 2843 2211 2868; x_wconf 90' lang='lat' dir='ltr'>et</span> <span class='ocrx_word' id='word_1_873' title='bbox 2234 2847 2271 2867; x_wconf 85' lang='lat' dir='ltr'>ex</span> <span class='ocrx_word' id='word_1_874' title='bbox 2294 2844 2382 2877; x_wconf 86' lang='lat' dir='ltr'>parte</span> <span class='ocrx_word' id='word_1_875' title='bbox 2410 2836 2539 2868; x_wconf 85' lang='lat' dir='ltr'>effectus</span> 
     </span>
     <span class='ocr_line' id='line_1_126' title="bbox 1466 2881 2541 2922; baseline 0.001 -11"><span class='ocrx_word' id='word_1_876' title='bbox 1466 2881 1644 2912; x_wconf 88' lang='lat' dir='ltr'>secundum</span> <span class='ocrx_word' id='word_1_877' title='bbox 1660 2881 1938 2922; x_wconf 87' lang='lat' dir='ltr'>praedicationem,</span> <span class='ocrx_word' id='word_1_878' title='bbox 1953 2887 2031 2912; x_wconf 89' lang='lat' dir='ltr'>tunc</span> <span class='ocrx_word' id='word_1_879' title='bbox 2046 2881 2213 2922; x_wconf 88' lang='lat' dir='ltr'>dupliciter</span> <span class='ocrx_word' id='word_1_880' title='bbox 2227 2887 2337 2922; x_wconf 87' lang='lat' dir='ltr'>peccat</span> <span class='ocrx_word' id='word_1_881' title='bbox 2350 2881 2440 2912; x_wconf 84' lang='lat' dir='ltr'>ratio.</span> <span class='ocrx_word' id='word_1_882' title='bbox 2455 2881 2541 2920; x_wconf 83' lang='lat' dir='ltr'>Quia</span> 
     </span>
     <span class='ocr_line' id='line_1_127' title="bbox 1460 2925 2539 2967; baseline 0 -11"><span class='ocrx_word' id='word_1_883' title='bbox 1460 2927 1588 2967; x_wconf 86' lang='lat' dir='ltr'>primo,</span> <span class='ocrx_word' id='word_1_884' title='bbox 1614 2925 1716 2956; x_wconf 87' lang='lat' dir='ltr'>maior</span> <span class='ocrx_word' id='word_1_885' title='bbox 1744 2932 1790 2956; x_wconf 90' lang='lat' dir='ltr'>est</span> <span class='ocrx_word' id='word_1_886' title='bbox 1818 2925 1905 2956; x_wconf 88' lang='lat' dir='ltr'>falsa.</span> <span class='ocrx_word' id='word_1_887' title='bbox 1939 2926 2023 2956; x_wconf 89' lang='lat' dir='ltr'>Nam</span> <span class='ocrx_word' id='word_1_888' title='bbox 2047 2925 2174 2957; x_wconf 80' lang='lat' dir='ltr'>effectus</span> <span class='ocrx_word' id='word_1_889' title='bbox 2197 2925 2483 2957; x_wconf 87' lang='lat' dir='ltr'>universalissimus</span> <span class='ocrx_word' id='word_1_890' title='bbox 2505 2925 2539 2956; x_wconf 87' lang='lat' dir='ltr'>in</span> 
     </span>
     <span class='ocr_line' id='line_1_128' title="bbox 1467 2969 2541 3011; baseline 0.001 -11"><span class='ocrx_word' id='word_1_891' title='bbox 1467 2970 1700 3011; x_wconf 85' lang='lat' dir='ltr'>praedicatione</span> <span class='ocrx_word' id='word_1_892' title='bbox 1724 2976 1830 3010; x_wconf 90' lang='lat' dir='ltr'>potest</span> <span class='ocrx_word' id='word_1_893' title='bbox 1853 2979 1919 3001; x_wconf 88' lang='lat' dir='ltr'>esse</span> <span class='ocrx_word' id='word_1_894' title='bbox 1936 2980 1954 3000; x_wconf 88' lang='lat' dir='ltr'>a</span> <span class='ocrx_word' id='word_1_895' title='bbox 1972 2980 2065 3001; x_wconf 85' lang='lat' dir='ltr'>causa</span> <span class='ocrx_word' id='word_1_896' title='bbox 2083 2969 2283 3010; x_wconf 84' lang='lat' dir='ltr'>imperfecta:</span> <span class='ocrx_word' id='word_1_897' title='bbox 2308 2970 2384 3011; x_wconf 88' lang='lat' dir='ltr'>quia</span> <span class='ocrx_word' id='word_1_898' title='bbox 2402 2970 2541 3009; x_wconf 85' lang='lat' dir='ltr'>salvatur</span> 
     </span>
     <span class='ocr_line' id='line_1_129' title="bbox 1467 3013 2540 3056; baseline 0.001 -11"><span class='ocrx_word' id='word_1_899' title='bbox 1467 3015 1500 3045; x_wconf 91' lang='lat' dir='ltr'>in</span> <span class='ocrx_word' id='word_1_900' title='bbox 1527 3015 1672 3055; x_wconf 89' lang='lat' dir='ltr'>pluribus</span> <span class='ocrx_word' id='word_1_901' title='bbox 1700 3013 1861 3045; x_wconf 83' lang='lat' dir='ltr'>effectibus</span> <span class='ocrx_word' id='word_1_902' title='bbox 1890 3013 2091 3055; x_wconf 87' lang='lat' dir='ltr'>imperfectis.</span> <span class='ocrx_word' id='word_1_903' title='bbox 2125 3014 2290 3052; x_wconf 84' lang='lat' dir='ltr'>Secundo,</span> <span class='ocrx_word' id='word_1_904' title='bbox 2325 3014 2401 3056; x_wconf 89' lang='lat' dir='ltr'>quia</span> <span class='ocrx_word' id='word_1_905' title='bbox 2429 3020 2540 3056; x_wconf 80' lang='lat' dir='ltr'>peccat</span> 
     </span>
     <span class='ocr_line' id='line_1_130' title="bbox 1467 3058 2540 3100; baseline 0 -11"><span class='ocrx_word' id='word_1_906' title='bbox 1467 3059 1645 3090; x_wconf 92' lang='lat' dir='ltr'>secundum</span> <span class='ocrx_word' id='word_1_907' title='bbox 1668 3059 1831 3100; x_wconf 85' lang='lat' dir='ltr'>sophisma</span> <span class='ocrx_word' id='word_1_908' title='bbox 1855 3058 2099 3100; x_wconf 90' lang='lat' dir='ltr'>Consequentis.</span> <span class='ocrx_word' id='word_1_909' title='bbox 2125 3058 2290 3096; x_wconf 88' lang='lat' dir='ltr'>Quoniam</span> <span class='ocrx_word' id='word_1_910' title='bbox 2309 3069 2346 3090; x_wconf 85' lang='lat' dir='ltr'>ex</span> <span class='ocrx_word' id='word_1_911' title='bbox 2363 3058 2426 3090; x_wconf 91' lang='lat' dir='ltr'>hoc</span> <span class='ocrx_word' id='word_1_912' title='bbox 2449 3058 2540 3100; x_wconf 90' lang='lat' dir='ltr'>quod</span> 
     </span>
     <span class='ocr_line' id='line_1_131' title="bbox 1468 3102 2538 3144; baseline 0.001 -11"><span class='ocrx_word' id='word_1_913' title='bbox 1468 3102 1595 3134; x_wconf 86' lang='lat' dir='ltr'>effectus</span> <span class='ocrx_word' id='word_1_914' title='bbox 1619 3102 1905 3134; x_wconf 86' lang='lat' dir='ltr'>universalissimus</span> <span class='ocrx_word' id='word_1_915' title='bbox 1928 3103 1961 3133; x_wconf 89' lang='lat' dir='ltr'>in</span> <span class='ocrx_word' id='word_1_916' title='bbox 1984 3102 2218 3144; x_wconf 80' lang='lat' dir='ltr'>praedicatione</span> <span class='ocrx_word' id='word_1_917' title='bbox 2242 3110 2288 3134; x_wconf 92' lang='lat' dir='ltr'>est</span> <span class='ocrx_word' id='word_1_918' title='bbox 2311 3113 2329 3133; x_wconf 90' lang='lat' dir='ltr'>a</span> <span class='ocrx_word' id='word_1_919' title='bbox 2353 3113 2446 3134; x_wconf 87' lang='lat' dir='ltr'>causa</span> <span class='ocrx_word' id='word_1_920' title='bbox 2467 3102 2538 3134; x_wconf 89' lang='lat' dir='ltr'>uni—</span> 
     </span>
     <span class='ocr_line' id='line_1_132' title="bbox 1466 3146 2538 3188; baseline 0 -10"><span class='ocrx_word' id='word_1_921' title='bbox 1466 3147 1676 3178; x_wconf 86' lang='lat' dir='ltr'>versalissima</span> <span class='ocrx_word' id='word_1_922' title='bbox 1694 3147 1872 3178; x_wconf 89' lang='lat' dir='ltr'>secundum</span> <span class='ocrx_word' id='word_1_923' title='bbox 1892 3147 2128 3188; x_wconf 88' lang='lat' dir='ltr'>perfectionem,</span> <span class='ocrx_word' id='word_1_924' title='bbox 2147 3154 2178 3178; x_wconf 93' lang='lat' dir='ltr'>et</span> <span class='ocrx_word' id='word_1_925' title='bbox 2194 3157 2261 3178; x_wconf 89' lang='lat' dir='ltr'>esse</span> <span class='ocrx_word' id='word_1_926' title='bbox 2278 3155 2325 3179; x_wconf 89' lang='lat' dir='ltr'>est</span> <span class='ocrx_word' id='word_1_927' title='bbox 2341 3146 2538 3184; x_wconf 86' lang='lat' dir='ltr'>huiusmodi,</span> 
     </span>
     <span class='ocr_line' id='line_1_133' title="bbox 1467 3191 2537 3233; baseline 0 -11"><span class='ocrx_word' id='word_1_928' title='bbox 1467 3192 1610 3233; x_wconf 89' lang='lat' dir='ltr'>sequitur</span> <span class='ocrx_word' id='word_1_929' title='bbox 1633 3192 1691 3223; x_wconf 87' lang='lat' dir='ltr'>ista</span> <span class='ocrx_word' id='word_1_930' title='bbox 1715 3191 1897 3228; x_wconf 90' lang='lat' dir='ltr'>conclusio,</span> <span class='ocrx_word' id='word_1_931' title='bbox 1923 3201 2003 3233; x_wconf 80' lang='lat' dir='ltr'>ergo</span> <span class='ocrx_word' id='word_1_932' title='bbox 2026 3200 2105 3229; x_wconf 81' lang='lat' dir='ltr'>esse,</span> <span class='ocrx_word' id='word_1_933' title='bbox 2131 3193 2321 3232; x_wconf 79' lang='lat' dir='ltr'>inquantum</span> <span class='ocrx_word' id='word_1_934' title='bbox 2338 3191 2537 3230; x_wconf 76' lang='lat' dir='ltr'>huiusmodi,</span> 
     </span>
     <span class='ocr_line' id='line_1_134' title="bbox 1468 3236 2538 3277; baseline 0 -10"><span class='ocrx_word' id='word_1_935' title='bbox 1468 3246 1530 3267; x_wconf 87' lang='lat' dir='ltr'>non</span> <span class='ocrx_word' id='word_1_936' title='bbox 1550 3242 1655 3277; x_wconf 83' lang='lat' dir='ltr'>potest</span> <span class='ocrx_word' id='word_1_937' title='bbox 1679 3245 1747 3267; x_wconf 85' lang='lat' dir='ltr'>esse</span> <span class='ocrx_word' id='word_1_938' title='bbox 1777 3237 1839 3267; x_wconf 84' lang='lat' dir='ltr'>nisi</span> <span class='ocrx_word' id='word_1_939' title='bbox 1869 3246 1889 3266; x_wconf 89' lang='lat' dir='ltr'>a</span> <span class='ocrx_word' id='word_1_940' title='bbox 1921 3245 2020 3267; x_wconf 85' lang='lat' dir='ltr'>causa</span> <span class='ocrx_word' id='word_1_941' title='bbox 2051 3237 2329 3267; x_wconf 75' lang='lat' dir='ltr'>universalissima</span> <span class='ocrx_word' id='word_1_942' title='bbox 2361 3236 2538 3267; x_wconf 81' lang='lat' dir='ltr'>secundum</span> 
     </span>
     <span class='ocr_line' id='line_1_135' title="bbox 1461 3280 2539 3322; baseline 0.001 -11"><span class='ocrx_word' id='word_1_943' title='bbox 1461 3280 1718 3322; x_wconf 75' lang='lat' dir='ltr'>perfectionem:</span> <span class='ocrx_word' id='word_1_944' title='bbox 1745 3281 1799 3311; x_wconf 88' lang='lat' dir='ltr'>sed</span> <span class='ocrx_word' id='word_1_945' title='bbox 1823 3290 1861 3311; x_wconf 85' lang='lat' dir='ltr'>ex</span> <span class='ocrx_word' id='word_1_946' title='bbox 1883 3280 1946 3311; x_wconf 89' lang='lat' dir='ltr'>hoc</span> <span class='ocrx_word' id='word_1_947' title='bbox 1969 3289 2036 3310; x_wconf 91' lang='lat' dir='ltr'>non</span> <span class='ocrx_word' id='word_1_948' title='bbox 2060 3280 2218 3321; x_wconf 87' lang='lat' dir='ltr'>sequitur,</span> <span class='ocrx_word' id='word_1_949' title='bbox 2249 3290 2329 3322; x_wconf 82' lang='lat' dir='ltr'>ergo</span> <span class='ocrx_word' id='word_1_950' title='bbox 2352 3289 2420 3312; x_wconf 84' lang='lat' dir='ltr'>esse</span> <span class='ocrx_word' id='word_1_951' title='bbox 2441 3281 2539 3312; x_wconf 76' lang='lat' dir='ltr'>huius</span> 
     </span>
     <span class='ocr_line' id='line_1_136' title="bbox 1467 3324 2539 3366; baseline 0.001 -11"><span class='ocrx_word' id='word_1_952' title='bbox 1467 3325 1615 3356; x_wconf 80' lang='lat' dir='ltr'>creabilis</span> <span class='ocrx_word' id='word_1_953' title='bbox 1634 3335 1697 3355; x_wconf 88' lang='lat' dir='ltr'>non</span> <span class='ocrx_word' id='word_1_954' title='bbox 1711 3330 1817 3365; x_wconf 82' lang='lat' dir='ltr'>potest</span> <span class='ocrx_word' id='word_1_955' title='bbox 1834 3334 1903 3356; x_wconf 85' lang='lat' dir='ltr'>esse</span> <span class='ocrx_word' id='word_1_956' title='bbox 1918 3325 1979 3356; x_wconf 80' lang='lat' dir='ltr'>nisi</span> <span class='ocrx_word' id='word_1_957' title='bbox 1994 3334 2014 3355; x_wconf 88' lang='lat' dir='ltr'>a</span> <span class='ocrx_word' id='word_1_958' title='bbox 2031 3324 2089 3355; x_wconf 88' lang='lat' dir='ltr'>tali</span> <span class='ocrx_word' id='word_1_959' title='bbox 2105 3334 2213 3356; x_wconf 83' lang='lat' dir='ltr'>causa.</span> <span class='ocrx_word' id='word_1_960' title='bbox 2238 3324 2328 3356; x_wconf 84' lang='lat' dir='ltr'>Patet</span> <span class='ocrx_word' id='word_1_961' title='bbox 2350 3334 2425 3365; x_wconf 85' lang='lat' dir='ltr'>ergo</span> <span class='ocrx_word' id='word_1_962' title='bbox 2449 3324 2539 3366; x_wconf 89' lang='lat' dir='ltr'>quod</span> 
     </span>
     <span class='ocr_line' id='line_1_137' title="bbox 1467 3368 2537 3410; baseline 0.001 -11"><span class='ocrx_word' id='word_1_963' title='bbox 1467 3369 1499 3400; x_wconf 91' lang='lat' dir='ltr'>in</span> <span class='ocrx_word' id='word_1_964' title='bbox 1523 3369 1663 3400; x_wconf 85' lang='lat' dir='ltr'>illatione</span> <span class='ocrx_word' id='word_1_965' title='bbox 1687 3376 1733 3400; x_wconf 92' lang='lat' dir='ltr'>est</span> <span class='ocrx_word' id='word_1_966' title='bbox 1757 3369 1879 3400; x_wconf 88' lang='lat' dir='ltr'>fallacia</span> <span class='ocrx_word' id='word_1_967' title='bbox 1907 3368 2152 3409; x_wconf 89' lang='lat' dir='ltr'>Consequentis.</span> <span class='ocrx_word' id='word_1_968' title='bbox 2184 3369 2283 3406; x_wconf 92' lang='lat' dir='ltr'>Quod</span> <span class='ocrx_word' id='word_1_969' title='bbox 2306 3369 2331 3399; x_wconf 90' lang='lat' dir='ltr'>si</span> <span class='ocrx_word' id='word_1_970' title='bbox 2356 3368 2537 3410; x_wconf 82' lang='lat' dir='ltr'>distinguat,</span> 
     </span>
     <span class='ocr_line' id='line_1_138' title="bbox 1467 3412 2537 3454; baseline -0.001 -10"><span class='ocrx_word' id='word_1_971' title='bbox 1467 3414 1556 3454; x_wconf 92' lang='lat' dir='ltr'>quod</span> <span class='ocrx_word' id='word_1_972' title='bbox 1579 3413 1612 3444; x_wconf 88' lang='lat' dir='ltr'>in</span> <span class='ocrx_word' id='word_1_973' title='bbox 1635 3413 1696 3444; x_wconf 89' lang='lat' dir='ltr'>isto</span> <span class='ocrx_word' id='word_1_974' title='bbox 1721 3413 1878 3453; x_wconf 91' lang='lat' dir='ltr'>producto</span> <span class='ocrx_word' id='word_1_975' title='bbox 1906 3419 1952 3444; x_wconf 90' lang='lat' dir='ltr'>est</span> <span class='ocrx_word' id='word_1_976' title='bbox 1976 3413 2173 3443; x_wconf 85' lang='lat' dir='ltr'>considerare</span> <span class='ocrx_word' id='word_1_977' title='bbox 2202 3423 2268 3444; x_wconf 89' lang='lat' dir='ltr'>esse</span> <span class='ocrx_word' id='word_1_978' title='bbox 2292 3412 2388 3444; x_wconf 90' lang='lat' dir='ltr'>huius</span> <span class='ocrx_word' id='word_1_979' title='bbox 2416 3420 2447 3444; x_wconf 87' lang='lat' dir='ltr'>et</span> <span class='ocrx_word' id='word_1_980' title='bbox 2470 3422 2537 3444; x_wconf 88' lang='lat' dir='ltr'>esse</span> 
     </span>
     <span class='ocr_line' id='line_1_139' title="bbox 1468 3457 2537 3499; baseline 0 -11"><span class='ocrx_word' id='word_1_981' title='bbox 1468 3457 1658 3499; x_wconf 86' lang='lat' dir='ltr'>simpliciter,</span> <span class='ocrx_word' id='word_1_982' title='bbox 1684 3458 1745 3488; x_wconf 91' lang='lat' dir='ltr'>hoc</span> <span class='ocrx_word' id='word_1_983' title='bbox 1760 3467 1827 3488; x_wconf 90' lang='lat' dir='ltr'>non</span> <span class='ocrx_word' id='word_1_984' title='bbox 1843 3457 1952 3488; x_wconf 88' lang='lat' dir='ltr'>solvit:</span> <span class='ocrx_word' id='word_1_985' title='bbox 1977 3457 2052 3498; x_wconf 88' lang='lat' dir='ltr'>quia</span> <span class='ocrx_word' id='word_1_986' title='bbox 2068 3457 2126 3488; x_wconf 90' lang='lat' dir='ltr'>ista</span> <span class='ocrx_word' id='word_1_987' title='bbox 2143 3467 2209 3488; x_wconf 88' lang='lat' dir='ltr'>non</span> <span class='ocrx_word' id='word_1_988' title='bbox 2226 3457 2269 3488; x_wconf 87' lang='lat' dir='ltr'>sic</span> <span class='ocrx_word' id='word_1_989' title='bbox 2289 3457 2537 3498; x_wconf 84' lang='lat' dir='ltr'>distinguuntur,</span> 
     </span>
     <span class='ocr_line' id='line_1_140' title="bbox 1467 3501 2259 3543; baseline 0 -11"><span class='ocrx_word' id='word_1_990' title='bbox 1467 3502 1546 3543; x_wconf 86' lang='lat' dir='ltr'>quin</span> <span class='ocrx_word' id='word_1_991' title='bbox 1569 3502 1608 3532; x_wconf 87' lang='lat' dir='ltr'>ab</span> <span class='ocrx_word' id='word_1_992' title='bbox 1632 3502 1743 3532; x_wconf 88' lang='lat' dir='ltr'>eadem</span> <span class='ocrx_word' id='word_1_993' title='bbox 1767 3501 1828 3532; x_wconf 90' lang='lat' dir='ltr'>sint</span> <span class='ocrx_word' id='word_1_994' title='bbox 1852 3511 1955 3537; x_wconf 90' lang='lat' dir='ltr'>causa,</span> <span class='ocrx_word' id='word_1_995' title='bbox 1980 3511 2054 3532; x_wconf 90' lang='lat' dir='ltr'>cum</span> <span class='ocrx_word' id='word_1_996' title='bbox 2079 3501 2141 3533; x_wconf 90' lang='lat' dir='ltr'>sint</span> <span class='ocrx_word' id='word_1_997' title='bbox 2163 3501 2259 3532; x_wconf 87' lang='lat' dir='ltr'>idem.</span> 
     </span>
    </p>

    <p class='ocr_par' dir='ltr' id='par_1_30' title="bbox 1467 3545 2538 3674">
     <span class='ocr_line' id='line_1_141' title="bbox 1525 3545 2538 3587; baseline -0.001 -11"><span class='ocrx_word' id='word_1_998' title='bbox 1525 3545 1647 3576; x_wconf 90' lang='lat' dir='ltr'>Deinde</span> <span class='ocrx_word' id='word_1_999' title='bbox 1671 3552 1779 3576; x_wconf 90' lang='lat' dir='ltr'>contra</span> <span class='ocrx_word' id='word_1_1000' title='bbox 1803 3545 1897 3576; x_wconf 87' lang='lat' dir='ltr'>aliam</span> <span class='ocrx_word' id='word_1_1001' title='bbox 1927 3545 2151 3585; x_wconf 87' lang='lat' dir='ltr'>probationem</span> <span class='ocrx_word' id='word_1_1002' title='bbox 2174 3545 2311 3582; x_wconf 84' lang='lat' dir='ltr'>invehit,</span> <span class='ocrx_word' id='word_1_1003' title='bbox 2341 3545 2431 3587; x_wconf 88' lang='lat' dir='ltr'>quod</span> <span class='ocrx_word' id='word_1_1004' title='bbox 2460 3554 2538 3576; x_wconf 90' lang='lat' dir='ltr'>con-</span> 
     </span>
     <span class='ocr_line' id='line_1_142' title="bbox 1468 3589 2536 3630; baseline -0.002 -10"><span class='ocrx_word' id='word_1_1005' title='bbox 1468 3590 1565 3621; x_wconf 90' lang='lat' dir='ltr'>cludit</span> <span class='ocrx_word' id='word_1_1006' title='bbox 1589 3590 1777 3630; x_wconf 87' lang='lat' dir='ltr'>oppositum</span> <span class='ocrx_word' id='word_1_1007' title='bbox 1801 3589 1921 3620; x_wconf 89' lang='lat' dir='ltr'>intenti.</span> <span class='ocrx_word' id='word_1_1008' title='bbox 1948 3590 2032 3627; x_wconf 90' lang='lat' dir='ltr'>Quia</span> <span class='ocrx_word' id='word_1_1009' title='bbox 2055 3600 2122 3621; x_wconf 89' lang='lat' dir='ltr'>non</span> <span class='ocrx_word' id='word_1_1010' title='bbox 2143 3590 2288 3621; x_wconf 86' lang='lat' dir='ltr'>absolute</span> <span class='ocrx_word' id='word_1_1011' title='bbox 2307 3596 2400 3630; x_wconf 86' lang='lat' dir='ltr'>negat</span> <span class='ocrx_word' id='word_1_1012' title='bbox 2418 3598 2536 3629; x_wconf 90' lang='lat' dir='ltr'>propo-</span> 
     </span>
     <span class='ocr_line' id='line_1_143' title="bbox 1467 3632 2536 3674; baseline -0.003 -9"><span class='ocrx_word' id='word_1_1013' title='bbox 1467 3634 1538 3665; x_wconf 90' lang='lat' dir='ltr'>sitio</span> <span class='ocrx_word' id='word_1_1014' title='bbox 1563 3634 1616 3664; x_wconf 87' lang='lat' dir='ltr'>illa</span> <span class='ocrx_word' id='word_1_1015' title='bbox 1639 3633 1878 3674; x_wconf 85' lang='lat' dir='ltr'>intelligentiam</span> <span class='ocrx_word' id='word_1_1016' title='bbox 1899 3634 1971 3664; x_wconf 90' lang='lat' dir='ltr'>dare</span> <span class='ocrx_word' id='word_1_1017' title='bbox 1988 3643 2072 3665; x_wconf 88' lang='lat' dir='ltr'>esse:</span> <span class='ocrx_word' id='word_1_1018' title='bbox 2097 3634 2164 3665; x_wconf 89' lang='lat' dir='ltr'>imo</span> <span class='ocrx_word' id='word_1_1019' title='bbox 2181 3633 2282 3674; x_wconf 82' lang='lat' dir='ltr'>magis</span> <span class='ocrx_word' id='word_1_1020' title='bbox 2297 3633 2441 3670; x_wconf 86' lang='lat' dir='ltr'>affirmat,</span> <span class='ocrx_word' id='word_1_1021' title='bbox 2457 3632 2536 3663; x_wconf 88' lang='lat' dir='ltr'>dum</span> 
     </span>
    </p>
   </div>
   <div class='ocr_carea' id='block_1_25' title="bbox 2564 1479 2765 1508">
    <p class='ocr_par' dir='ltr' id='par_1_31' title="bbox 2564 1479 2765 1508">
     <span class='ocr_line' id='line_1_144' title="bbox 2564 1479 2765 1508; baseline -0.01 -5"><span class='ocrx_word' id='word_1_1022' title='bbox 2564 1481 2574 1491; x_wconf 91' lang='grc'><em>·</em></span> <span class='ocrx_word' id='word_1_1023' title='bbox 2587 1479 2615 1502; x_wconf 82' lang='lat' dir='ltr'>In</span> <span class='ocrx_word' id='word_1_1024' title='bbox 2628 1485 2693 1508; x_wconf 66' lang='lat' dir='ltr'>resp.</span> <span class='ocrx_word' id='word_1_1025' title='bbox 2703 1479 2732 1502; x_wconf 77' lang='lat' dir='ltr'>ad</span> <span class='ocrx_word' id='word_1_1026' title='bbox 2741 1485 2765 1501; x_wconf 82' lang='lat'>2.</span> 
     </span>
    </p>
   </div>
   <div class='ocr_carea' id='block_1_26' title="bbox 2566 1902 2686 1932">
    <p class='ocr_par' dir='ltr' id='par_1_32' title="bbox 2566 1902 2686 1932">
     <span class='ocr_line' id='line_1_145' title="bbox 2566 1902 2686 1932; baseline 0 -7"><span class='ocrx_word' id='word_1_1027' title='bbox 2566 1903 2578 1915; x_wconf 78' lang='lat'>⁸</span> <span class='ocrx_word' id='word_1_1028' title='bbox 2591 1902 2621 1926; x_wconf 90' lang='lat' dir='ltr'>D.</span> <span class='ocrx_word' id='word_1_1029' title='bbox 2635 1902 2686 1932; x_wconf 84' lang='lat'>736.</span> 
     </span>
    </p>
   </div>
   <div class='ocr_carea' id='block_1_27' title="bbox 2566 1960 2768 1989">
    <p class='ocr_par' dir='ltr' id='par_1_33' title="bbox 2566 1960 2768 1989">
     <span class='ocr_line' id='line_1_146' title="bbox 2566 1960 2768 1989; baseline -0.005 -6"><span class='ocrx_word' id='word_1_1030' title='bbox 2566 1962 2576 1972; x_wconf 89' lang='grc'>·</span> <span class='ocrx_word' id='word_1_1031' title='bbox 2593 1960 2643 1989; x_wconf 81' lang='lat' dir='ltr'>Qu.</span> <span class='ocrx_word' id='word_1_1032' title='bbox 2652 1966 2694 1988; x_wconf 82' lang='lat' dir='ltr'>vu,</span> <span class='ocrx_word' id='word_1_1033' title='bbox 2704 1963 2748 1982; x_wconf 76' lang='lat' dir='ltr'>art.</span> <span class='ocrx_word' id='word_1_1034' title='bbox 2757 1965 2768 1982; x_wconf 79' lang='lat'>2</span> 
     </span>
    </p>
   </div>
  </div>
 </body>
</html>
