2768 4178
25 1567 36 1579 ’
50 1566 109 1596 Cup.
118 1573 142 1595 V,
155 1572 224 1595 mu.

25 1781 238 1812 ’Qu-manw-

26 2100 38 2111 ⁶
51 2099 88 2121 De
99 2099 225 2121 Tris-itate.

0 2382 7 2602 —u-s-n-*vqu22
0 2347 2 2350 .
0 2310 2 2315 <

30 3259 44 3273 ⁸
56 3260 86 3283 D.
99 3259 165 3283 1086.

924 289 1192 337 QUAESTIO
1221 289 1399 335 XXVIII,
1429 289 1724 326 ARTICULUS
1754 290 1785 325 II

2364 293 2433 328 321

1030 424 1346 465 ARTICULUS
1376 416 1674 466 SECUNDUS

726 515 882 547 UTRUM
905 515 1096 546 RELATIO
1119 516 1161 546 IN
1185 515 1273 546 DEo
1297 515 1364 545 SIT
1389 515 1495 546 IDEM
1520 515 1642 553 QUOD
1667 516 1749 547 SUA
1772 516 1978 547 ESSENTIA

597 594 607 618 1
627 594 710 622 Sent„
730 592 788 617 dist.
807 599 892 623 χχχιιι,
912 597 958 617 arr.
975 599 1003 623 13
1023 592 1056 616 IV
1078 593 1154 617 cont.
1175 594 1263 621 Gent„
1283 600 1338 625 cap.
1356 600 1410 623 xiv;
1431 594 1472 618 De
1491 594 1558 623 Pet„
1580 602 1625 626 qu.
1644 601 1698 624 vm,
1717 599 1764 619 art.
1786 601 1816 626 23
1837 595 1934 625 Quodl.
1946 595 1994 626 VI,
2013 603 2089 628 qu.1;

1059 628 1201 659 Compend-
1225 627 1321 656 Theol„
1342 636 1396 660 cap.
1412 636 1461 660 Lw,
1481 636 1546 658 uun,
1565 636 1641 654 van.

297 732 363 773 >25⁵¹
379 734 452 797 if<
474 727 497 752 D
517 726 707 751 SECUNDUM
722 726 775 751 sxc
790 725 1029 751 PROCEmTUR.
1046 714 1206 751 Videtur
1221 714 1327 762 quod

315 811 322 824 ς
370 814 377 816 ‚
407 776 452 829 §⁴
475 767 606 805 relatio
635 767 674 803 in
702 768 787 803 Deo
816 779 895 803 non
923 767 970 803 sit
997 767 1101 804 idern
1125 767 1230 816 quod
1259 779 1327 803 sua

281 824 284 829 ’
312 819 401 866 ’Ῑὲὲ
416 813 648 857 ssessentia.
680 819 779 856 Dicit
817 819 919 856 enim
948 820 1198 868 Augustinus,
1227 820 1266 856 in
1293 821 1328 857 V

283 874 286 877 ’
318 887 330 905 κ»
354 867 416 909 'Q
432 866 463 909 K
476 873 522 910 de
544 874 580 909 T
576 873 647 909 rin.
663 871 695 919 ²¹²,
716 872 821 921 quod
851 884 924 909 non
945 885 1056 909 omne
1074 873 1175 921 quod
1193 873 1327 909 dicitur

263 929 300 964 in
333 928 438 973 Deo,
476 926 612 962 dicitur
646 926 850 962 secundum
886 926 1142 962 substantiam.
1180 926 1330 962 Dicitur

263 980 362 1017 enim
390 980 442 1016 aa'
467 978 620 1026 aliquid,
649 978 744 1014 sicut
760 979 873 1014 Pater
891 979 943 1014 ad
959 978 1120 1015 Filium.-
1148 979 1213 1014 sed
1234 979 1328 1014 haec

263 1044 337 1070 non
366 1032 569 1069 secundum
598 1031 841 1067 substantiam
861 1031 1046 1068 dicuntur.
1076 1032 1178 1078 Ergo
1199 1031 1326 1067 relatio

263 1098 342 1122 non
371 1093 426 1122 est
454 1084 584 1121 divina
613 1084 775 1120 essentia
795 1090 822 1120 α.

319 1150 354 1175 2.
376 1139 609 1183 PRAETEREA,
634 1136 866 1184 Augustinus
896 1136 994 1183 dicit,
1014 1137 1083 1173 VII
1104 1137 1149 1172 de
1172 1138 1207 1173 T
1204 1137 1275 1173 rin.
1291 1135 1327 1172 *z

269 1191 398 1228 Omnis
427 1202 485 1226 res
514 1201 610 1238 quae
639 1189 793 1226 relative
811 1190 956 1235 dicitur,
977 1195 1032 1225 est
1048 1189 1159 1225 etiam
1188 1189 1331 1237 aliquid

264 1249 417 1292 excepto
442 1243 616 1287 relativo;
642 1243 739 1278 sicut
762 1243 875 1279 homo
904 1242 1076 1278 dominus
1095 1240 1123 1287 β,
1153 1247 1190 1277 et
1214 1243 1326 1277 homo

262 1307 404 1334 servus.
435 1294 614 1343 Si‘igitur
642 1294 842 1331 relationes
871 1294 1019 1342 aliquae
1048 1302 1136 1330 sunt
1164 1294 1202 1330 in
1230 1295 1328 1340 Deo,

265 1356 414 1399 oportet
443 1360 525 1385 esse
553 1348 592 1384 in
611 1349 696 1384 Deo
727 1347 868 1396 aliquid
886 1347 988 1383 aliud
1015 1354 1164 1395 praeter
1183 1346 1330 1383 relatio-

264 1414 345 1440 nes.
375 1401 453 1438 Sed
476 1401 552 1438 hoc
571 1400 673 1437 aliud
692 1412 771 1436 non
789 1407 916 1448 potest
944 1411 1027 1436 esse
1056 1399 1127 1436 nisi
1157 1398 1329 1436 essentia.

265 1456 368 1502 Ergo
398 1453 560 1491 essentia
588 1460 644 1490 est
671 1452 772 1489 aliud
801 1465 823 1489 a
851 1452 1107 1489 relationibus.

320 1509 354 1544 3.
375 1508 613 1552 PRAETEREA,
631 1517 713 1542 esse
742 1505 887 1542 relativi
916 1513 971 1541 est
999 1505 1048 1542 ad
1076 1505 1178 1541 aliud
1206 1517 1245 1541 se
1265 1505 1332 1540 ha-

264 1560 368 1608 bere,
388 1566 431 1596 ut
457 1559 593 1596 dicitur
619 1558 658 1594 in
684 1558 1003 1595 Praedicamentis
1025 1557 1057 1595 ³⁸.
1079 1558 1119 1594 Si
1146 1557 1257 1605 igitur
1277 1569 1332 1593 re-

263 1612 352 1651 latio
382 1612 428 1649 sit
454 1612 538 1660 ipsa
566 1611 696 1648 divina
725 1612 898 1658 essentia,
920 1611 1089 1659 sequitur
1114 1610 1220 1658 quod
1250 1622 1331 1647 esse

265 1665 418 1703 divinae
452 1664 636 1702 essentiae
671 1663 717 1700 sit
745 1664 795 1701 ad
830 1663 933 1701 aliud
961 1676 1002 1700 se
1034 1664 1197 1700 habere:
1228 1663 1332 1712 quod

264 1725 448 1767 repugnat
466 1716 690 1766 perfectioni
709 1716 826 1754 divini
851 1729 944 1763 esse,
966 1716 1072 1765 quod
1092 1724 1147 1753 est
1166 1716 1332 1753 maxime

265 1772 484 1808 absolutum
505 1778 541 1807 et
568 1782 637 1819 per
665 1781 705 1806 se
724 1770 944 1817 subsistens,
965 1777 1007 1806 ut
1033 1782 1149 1818 supra
1167 1769 1188 1791 '¹‘
1207 1777 1332 1806 osten-

265 1836 353 1862 sum
369 1831 435 1861 est.
457 1824 549 1860 Non
564 1823 674 1871 igitur
689 1823 819 1859 relatio
844 1830 899 1859 est
917 1823 999 1871 ipsa
1015 1823 1176 1859 essentia
1192 1822 1332 1859 divina.

321 1878 396 1914 SED
425 1888 590 1923 CONTRA,
621 1875 747 1913 omnis
780 1888 839 1912 res
868 1888 968 1924 quae
1003 1888 1082 1912 non
1120 1883 1176 1912 est
1204 1875 1333 1912 divina

267 1930 438 1976 essentia,
460 1937 515 1966 est
543 1936 724 1965 creatura.
747 1928 824 1966 Sed
853 1928 983 1965 relatio
1013 1927 1159 1964 realiter
1179 1941 1333 1976 compe-

265 1982 308 2020 tit
325 1984 423 2020 Deo.
445 1982 486 2019 Si
504 1994 595 2030 ergo
615 1993 694 2018 non
724 1989 779 2018 est
799 1981 929 2018 divina
950 1981 1122 2027 essentia,
1145 1981 1212 2017 erit
1232 1994 1333 2018 crea-

266 2043 367 2073 tura:
397 2043 433 2072 et
453 2035 503 2071 ita
523 2036 556 2071 ei
575 2046 654 2071 non
674 2034 743 2070 erit
762 2034 933 2071 adoratio
954 2034 1080 2071 latriae
1101 2034 1332 2071 exhibenda:

268 2096 399 2126 contra
419 2088 524 2138 quod
543 2087 582 2124 in
601 2087 840 2124 Praefatione
859 2087 880 2109 ’¹‘
908 2095 1098 2124 cantatur:
1131 2093 1171 2123 ut
1188 2088 1224 2123 in
1243 2088 1335 2124 Per-

266 2142 367 2179 sonis
384 2142 616 2190 proprietas,
641 2146 678 2176 et
704 2140 741 2177 in
771 2140 962 2177 maiestate
989 2141 1169 2177 adoretur
1195 2152 1334 2188 aequa-

265 2195 361 2232 litas.

321 2249 548 2284 RESPONDEO
586 2257 771 2282 DlCENDUM
808 2246 912 2294 quod
956 2245 1053 2282 circa
1088 2246 1164 2281 hoc
1202 2245 1335 2282 dicitur

268 2300 460 2338 Gilbertus
489 2301 719 2336 Porretanus
749 2310 904 2345 errasse,
926 2298 994 2335 sed
1023 2310 1192 2334 errorem
1222 2310 1334 2334 suum

265 2353 518 2403 postmodum
538 2351 576 2388 in
595 2350 780 2388 Remensi
801 2351 972 2388 Concilio
999 2363 1213 2388 revocasse.
1234 2350 1336 2387 Dixit

268 2405 371 2444 enim
400 2405 504 2454 quod
533 2405 733 2441 relationes
761 2404 800 2440 in
829 2404 965 2441 divinis
990 2412 1078 2442 sunt
1106 2403 1332 2451 assistentes,

267 2459 349 2497 sive
378 2458 606 2495 extrinsecus
635 2458 783 2494 affixae.

321 2511 382 2549 Ad
403 2511 508 2548 cuius
538 2510 779 2556 evidentiam,
806 2509 1126 2546 considerandum
1156 2517 1211 2545 est
1230 2509 1335 2558 quod

267 2565 308 2602 in
336 2565 507 2613 quolibet
539 2575 683 2600 novem
717 2573 900 2610 generum
938 2562 1142 2599 accidentis
1172 2570 1226 2599 est
1256 2562 1332 2599 duo

270 2617 521 2655 considerare.
543 2616 721 2662 Quorum
748 2627 869 2651 unum
900 2622 955 2651 est
983 2627 1066 2652 esse
1095 2616 1200 2663 quod
1230 2627 1335 2652 com-

267 2670 361 2720 petit
387 2669 596 2717 unicuique
624 2668 796 2716 ipsorum
816 2667 1028 2705 secundum
1057 2668 1162 2717 quod
1192 2676 1248 2705 est
1275 2681 1334 2704 ac-

270 2723 409 2761 cidens.
431 2723 481 2759 Et
498 2723 573 2758 hoc
593 2720 848 2758 communiter
867 2720 906 2757 in
934 2721 1114 2758 omnibus
1139 2729 1194 2758 est
1212 2721 1333 2758 inesse

269 2776 461 2814 subiecto:
491 2774 693 2811 accidentiS
722 2773 824 2810 enim
854 2785 935 2810 esse
973 2781 1029 2810 est
1055 2774 1190 2811 inesse.
1220 2774 1335 2810 Aliud

269 2829 374 2878 quod
402 2835 527 2877 potest
554 2826 783 2864 considerari
812 2826 851 2863 in
878 2838 1134 2875 unoquoque,
1167 2834 1221 2863 est
1248 2839 1334 2875 pro-

268 2882 351 2932 pria
381 2881 474 2918 ratio
502 2881 800 2927 unluscuiusque
829 2879 980 2916 illorum
1008 2892 1202 2928 generum.
1225 2880 1272 2915 Et
1296 2879 1334 2915 in

270 2935 352 2973 aliis
372 2934 528 2983 quidem
548 2933 748 2982 generibus
777 2944 799 2968 a
819 2932 998 2970 relatione
1018 2938 1044 2979 ⁷,
1065 2940 1197 2981 utpote
1217 2944 1335 2980 quan-

269 2988 371 3025 titate
401 2995 437 3024 et
464 2987 654 3035 qualitate,
676 2985 788 3022 etiam
807 2985 960 3033 propria
989 2986 1083 3022 ratio
1108 2985 1254 3033 generis
1274 2997 1335 3021 ac-

272 3042 407 3090 cipitur
425 3040 638 3077 secundum
659 3038 986 3086 comparationem
1007 3038 1055 3075 ad
1075 3038 1288 3075 subiectum
1304 3035 1333 3073 δε

271 3106 361 3131 narn
391 3093 578 3142 quantitas
607 3092 742 3129 dicitur
770 3103 948 3128 mensura
969 3091 1214 3137 substantiae,
1245 3102 1335 3139 qua-

292 761 307 775 Ι,

271 3148 353 3184 litas
371 3158 465 3183 vero
483 3145 678 3194 dispositio
700 3144 941 3181 substantiae.
970 3145 1046 3181 Sed
1067 3144 1160 3180 ratio
1180 3143 1349 3192 propria—

271 3199 461 3237 relationis
481 3211 559 3235 non
578 3198 758 3246 accipitur
778 3196 989 3233 secundum
1010 3196 1335 3246 comparationem

272 3253 322 3290 ad
349 3252 440 3289 illud
468 3251 506 3288 in
527 3263 605 3300 quo
626 3259 680 3288 est
699 3250 729 3297 ³¹⁶,
760 3251 827 3286 sed
848 3249 1058 3286 secundum
1079 3249 1332 3297 comparatio-

273 3318 362 3343 nem
393 3305 442 3341 ad
470 3304 611 3352 aliquid
641 3311 753 3340 extra.

327 3420 354 3452 α)
374 3419 466 3444 divina
484 3418 635 3443 essentia.-
649 3418 706 3450 ipsa
725 3417 767 3450 (in
783 3417 841 3449 ipsa
855 3416 890 3449 F)
910 3416 1023 3441 essentia
1043 3416 1135 3440 divina
1154 3416 1262 3445 codices,
1279 3415 1336 3446 ipsa

274 3455 365 3480 divina
384 3454 497 3478 essentia
516 3454 556 3477 ed.
570 3460 596 3477 a.

327 3489 352 3522 β)
372 3489 503 3514 dominus.
521 3502 540 3507 -
559 3488 632 3513 Deus
650 3487 726 3513 ACE.

327 3526 353 3558 γ)
373 3532 390 3549 a
409 3524 546 3549 relatione.
563 3537 583 3542 -
601 3524 662 3548 Om.
681 3523 792 3547 codices.

328 3560 353 3592 ὃ)
372 3560 409 3584 ad
421 3559 574 3584 subiectum.
587 3573 606 3578 -
620 3559 656 3583 ad
671 3558 699 3582 id
713 3558 739 3582 in
755 3565 806 3589 quo
820 3561 868 3588 est,
887 3557 985 3582 scilicet
999 3556 1142 3582 secundum
1156 3555 1336 3587 comparatio-

275 3603 334 3621 nem
348 3595 386 3620 ad
402 3595 545 3620 subiectum
561 3594 618 3624 BD;
641 3593 678 3618 ad
691 3593 867 3618 substantiam
881 3593 915 3622 F;
938 3592 974 3617 ad
987 3592 1130 3617 subiectum
1146 3591 1171 3615 in
1188 3598 1239 3623 quo
1252 3593 1291 3615 est
1303 3589 1336 3613 G.

329 3631 351 3663 ε)
372 3630 538 3655 intrinsecus.
556 3643 575 3648 —
592 3629 639 3654 sed
657 3628 824 3653 extrinsecus
843 3628 940 3652 addunt
958 3627 1028 3652 AsD.

418 3685 526 3708 Summe
545 3683 646 3707 Tfflzm..
667 3682 697 3705 D.
712 3681 825 3705 'summe
839 3680 871 3704 T.
890 3681 908 3704 I.

1436 716 1476 752 Si
1504 716 1613 764 igitur
1642 717 1939 765 consideremus,
1961 718 2073 755 etiam
2093 719 2131 756 in
2153 721 2265 757 rebus
2295 721 2440 769 creatis,

1383 769 1583 806 relationes
1612 770 1825 807 secundum
1854 771 1892 807 id
1920 771 2025 819 quod
2052 772 2252 810 relationes
2271 781 2368 819 sunt,
2389 774 2442 810 sic

1382 821 1627 859 inveniuntur
1655 835 1735 859 esse
1765 823 1989 870 assistentes,
2011 837 2090 861 non
2110 825 2333 862 intrinsecus
2352 832 2362 846 ¹
2391 827 2442 863 af-

1382 874 1503 919 fixae;
1524 875 1631 922 quasi
1651 875 1903 923 significantes
1919 885 2133 925 respectum
2154 879 2441 930 quodammodo

1384 927 1663 975 contingentem
1696 928 1818 976 ipsam
1851 941 1931 965 rem
1970 931 2144 976 relatam,
2180 939 2294 979 prout
2321 932 2368 967 ab
2399 944 2443 968 ea

1383 980 1501 1016 tendit
1534 981 1572 1016 in
1610 981 1782 1018 alterurn.
1823 981 1862 1017 Si
1891 994 1984 1018 vero
2023 982 2278 1020 consideretur
2314 984 2443 1020 relatio

1383 1033 1595 1070 secundum
1633 1034 1739 1081 quod
1773 1042 1828 1070 est
1855 1034 2051 1081 accidens,
2081 1035 2133 1072 sic
2163 1044 2218 1072 est
2244 1037 2445 1073 inhaerens

1384 1085 1566 1132 subiecto,
1588 1093 1623 1122 et
1642 1087 1786 1123 habens
1808 1099 1889 1123 esse
1918 1087 2146 1124 accidentale
2175 1088 2214 1125 in
2241 1089 2336 1137 ipso.
2367 1090 2443 1126 Sed

1385 1137 1573 1174 Gilbertus
1602 1139 1616 1164 ζ
1658 1140 1886 1176 Porretanus
1929 1140 2182 1178 consideravit
2222 1142 2443 1178 relationem

1384 1190 1509 1238 primo
1538 1193 1657 1229 modo
1687 1199 1845 1228 tantum.

1439 1243 1634 1291 Quidquid
1655 1252 1782 1281 autem
1803 1245 1840 1280 in
1860 1245 1972 1281 rebus
1996 1246 2128 1282 creatis
2149 1246 2264 1282 habet
2284 1259 2364 1283 esse
2385 1259 2444 1283 ac-

1386 1294 1581 1342 cidentale,
1612 1297 1823 1333 secundum
1853 1297 1957 1345 quod
1984 1299 2203 1335 transfertur
2229 1299 2267 1335 in
2296 1301 2443 1346 Deum,

1386 1347 1501 1384 habet
1529 1360 1611 1384 esse
1640 1349 1898 1386 substantiale:
1928 1350 2017 1386 nihil
2041 1351 2142 1387 enim
2173 1359 2227 1387 est
2245 1352 2282 1388 in
2301 1353 2385 1388 Deo
2404 1360 2446 1389 ut

1386 1399 1562 1437 accidens
1590 1401 1628 1437 in
1657 1402 1828 1439 subiecto
1845 1430 1854 1448 ,
1883 1403 1951 1439 sed
1988 1403 2170 1452 quidquid
2200 1411 2255 1440 est
2282 1404 2318 1440 in
2347 1406 2444 1452 Deo,

1387 1460 1442 1489 est
1471 1453 1550 1489 eius
1579 1454 1752 1490 essentia.
1775 1454 1838 1491 Sic
1866 1454 1976 1502 igitur
2005 1467 2047 1491 ex
2077 1468 2121 1492 ea
2149 1464 2254 1504 parte
2287 1469 2363 1505 qua
2392 1470 2446 1494 re-

1387 1505 1474 1542 latio
1504 1505 1542 1542 in
1570 1507 1683 1543 rebus
1722 1507 1853 1543 creatis
1882 1508 1996 1544 habet
2030 1520 2111 1544 esse
2141 1509 2370 1546 accidentale
2407 1510 2446 1547 in

1387 1558 1579 1606 subiecto,
1614 1559 1742 1596 relatio
1772 1560 1920 1596 realiter
1949 1561 2109 1597 existens
2143 1561 2181 1598 in
2214 1563 2297 1598 Deo
2333 1563 2447 1600 habet

1388 1623 1470 1647 esse
1492 1612 1675 1648 essentiae
1695 1612 1858 1659 divinae,
1879 1612 1982 1650 idern
2002 1613 2158 1650 omnino
2178 1619 2192 1637 '’
2212 1615 2246 1650 ei
2274 1615 2445 1653 existens.

1388 1665 1430 1700 In
1457 1665 1532 1700 hoc
1558 1677 1652 1701 vero
1681 1665 1786 1713 quod
1815 1666 1863 1702 ad
1893 1665 2031 1714 aliquid
2060 1666 2203 1713 dicitur,
2230 1680 2309 1703 non
2337 1668 2447 1715 signi-

1387 1716 1521 1753 ficatur
1550 1717 1675 1766 aliqua
1701 1717 1884 1755 habitudo
1914 1719 1963 1755 ad
1993 1719 2203 1766 essentiam,
2234 1720 2301 1757 sed
2329 1721 2448 1768 magis

1388 1769 1437 1806 ad
1456 1782 1568 1806 suum
1588 1771 1818 1819 oppositum.
1849 1772 1897 1807 Et
1926 1771 1980 1807 sic
1999 1772 2241 1809 manifestum
2272 1781 2325 1809 est
2345 1775 2449 1822 quod

1388 1822 1518 1858 relatio
1549 1823 1696 1859 realiter
1724 1823 1886 1860 existens
1914 1823 1953 1860 in
1981 1826 2079 1871 Deo,
2110 1833 2166 1861 est
2191 1825 2292 1862 idem
2323 1838 2448 1862 essen-

1388 1874 1460 1911 tiae
1480 1875 1691 1912 secundum
1713 1888 1814 1921 rem;
1845 1883 1881 1912 et
1899 1889 1977 1913 non
1999 1877 2123 1913 differt
2142 1877 2211 1914 nisi
2235 1879 2445 1916 secundum

1386 1927 1650 1975 intelligentiae
1679 1929 1878 1976 rationem,
1898 1937 2011 1977 prout
2038 1930 2076 1966 in
2100 1930 2278 1967 relatione
2307 1930 2448 1979 impor-

1387 1987 1486 2017 tatur
1514 1989 1706 2029 respectus
1734 1983 1782 2018 ad
1820 1994 1932 2018 suurn
1971 1983 2206 2030 oppositum,
2237 1983 2302 2031 qui
2330 1982 2342 2004 θ
2370 1997 2448 2021 non

1388 2033 1612 2082 importatur
1631 2034 1668 2070 in
1688 2034 1844 2071 nomine
1865 2035 2061 2072 essentiae.
2083 2036 2190 2072 Patet
2209 2048 2298 2084 ergo
2317 2043 2326 2056 ‘
2344 2038 2449 2084 quod

1388 2086 1426 2123 in
1454 2087 1539 2123 Deo
1568 2099 1647 2123 non
1677 2094 1732 2123 est
1759 2087 1860 2124 aliud
1890 2099 1971 2124 esse
1999 2088 2187 2124 relationis
2217 2096 2253 2125 et
2282 2101 2363 2125 esse
2392 2102 2448 2126 es—

1389 2139 1542 2186 sentiae,
1563 2140 1630 2176 sed
1658 2151 1779 2176 unum
1809 2147 1844 2176 et
1871 2140 1986 2176 idem.

1442 2194 1501 2228 AD
1531 2204 1667 2229 PRIMUM
1696 2204 1794 2229 ERGO
1814 2204 1997 2229 chENDUM
2025 2192 2130 2240 quod
2148 2193 2268 2229 verba
2291 2193 2352 2230 illa
2371 2196 2448 2230 Au-

1389 2245 1526 2291 gustini
1546 2257 1624 2281 non
1648 2246 1836 2293 pertinent
1854 2246 1903 2282 ad
1922 2245 2007 2291 hoc,
2029 2245 2134 2292 quod
2153 2246 2367 2294 paternitas,
2387 2248 2450 2283 vel

1389 2297 1460 2333 alia
1484 2297 1613 2334 relatio
1634 2310 1731 2346 quae
1752 2305 1807 2334 est
1825 2298 1864 2334 in
1883 2299 1981 2344 Deo,
2002 2298 2215 2334 secundum
2236 2311 2316 2335 esse
2337 2311 2449 2335 suum

1390 2362 1468 2386 non
1497 2350 1541 2386 sit
1569 2350 1672 2387 idem
1710 2350 1815 2399 quod
1849 2350 1975 2387 divina
2004 2350 2184 2396 essentia3
2215 2351 2282 2388 sed
2310 2352 2414 2400 quod
2434 2358 2447 2372 '²

1389 2415 1468 2439 non
1496 2403 1733 2451 praedicatur
1761 2403 1973 2440 secundum
2005 2404 2165 2440 modurn
2200 2404 2448 2452 substantiae,

1389 2463 1430 2492 ut
1458 2455 1619 2492 existens
1648 2456 1686 2492 in
1715 2469 1761 2492 eo
1791 2456 1839 2492 de
1859 2468 1936 2503 quo
1965 2456 2108 2502 dicitur,
2130 2456 2197 2492 sed
2225 2464 2265 2492 ut
2284 2457 2331 2493 ad
2360 2458 2448 2493 alte-

1390 2521 1474 2544 rum
1505 2521 1544 2545 se
1572 2509 1729 2545 habens.
1750 2529 1774 2535 -
1795 2509 1843 2544 Et
1869 2516 2025 2557 propter
2060 2509 2134 2544 hoc
2169 2509 2344 2545 dicuntur
2372 2510 2448 2546 duo

1389 2568 1535 2598 tantum
1566 2573 1647 2597 esse
1675 2560 1982 2609 praedicamenta
2010 2561 2048 2597 in
2077 2561 2223 2597 divinis.
2255 2561 2355 2608 Quia
2380 2562 2450 2598 alia

1388 2614 1696 2662 praedicamenta
1730 2613 1935 2661 important
1968 2613 2228 2650 habitudinem
2257 2614 2305 2650 ad
2332 2614 2371 2650 id
2399 2614 2446 2651 de

1389 2679 1466 2716 quo
1496 2666 1681 2711 dicuntur,
1703 2673 1780 2702 tam
1805 2666 2016 2702 secundum
2046 2678 2158 2703 suum
2178 2665 2190 2687 λ
2219 2678 2312 2713 esse,
2333 2679 2449 2715 quam

1390 2719 1602 2756 secundum
1627 2718 1770 2767 proprii
1797 2718 1944 2766 generis
1973 2719 2180 2755 rationem:
2210 2718 2299 2755 nihil
2320 2727 2448 2756 autem

1389 2772 1494 2820 quod
1523 2779 1578 2808 est
1606 2772 1643 2808 in
1671 2773 1768 2818 Deo,
1789 2778 1913 2819 potest
1939 2772 2080 2808 habere
2113 2771 2373 2808 habitudinem
2403 2772 2450 2808 ad

1389 2825 1427 2862 id
1455 2825 1494 2862 in
1522 2837 1599 2872 quo
1630 2831 1695 2870 est,
1716 2824 1777 2860 vel
1807 2824 1854 2860 de
1882 2836 1960 2872 quo
1990 2824 2135 2871 dicitur,
2164 2824 2235 2860 nisi
2263 2824 2449 2861 habitudi-

1390 2890 1480 2914 nem
1513 2877 1730 2924 identitatis,
1759 2883 1915 2925 propter
1944 2889 2135 2913 summam
2167 2876 2239 2913 Dei
2276 2877 2450 2925 simplici-

1389 2938 1516 2967 tatem.

1443 2986 1501 3019 AD
1536 2994 1725 3019 SECUNDUM
1759 2993 1945 3018 DICENDUM
1974 2982 2099 3030 quod,
2129 2981 2223 3018 sicut
2259 2981 2298 3018 in
2336 2982 2448 3019 rebus

1391 3035 1534 3082 creatis,
1564 3035 1602 3071 in
1630 3035 1692 3070 illo
1722 3034 1826 3082 quod
1855 3034 1988 3071 dicitur
2015 3034 2189 3081 relative,
2219 3046 2297 3070 non
2326 3035 2449 3071 solum

1391 3097 1446 3125 est
1464 3088 1634 3125 invenire
1655 3094 1870 3135 respectum
1899 3087 1946 3124 ad
1967 3088 2139 3134 alterum,
2161 3087 2228 3123 sed
2252 3086 2366 3123 etiam
2386 3087 2450 3123 ali-

1391 3141 1482 3190 quid
1510 3141 1748 3187 absolutum,
1778 3139 1828 3176 ita
1848 3146 1883 3176 et
1902 3139 1940 3176 in
1967 3141 2074 3176 Deo:
2104 3140 2171 3176 sed
2191 3147 2318 3176 tamen
2347 3139 2451 3177 aliter

1391 3203 1427 3231 et
1455 3194 1569 3230 aliter.
1610 3193 1712 3228 Nam
1740 3191 1779 3228 id
1807 3192 1911 3241 quod
1945 3192 2135 3240 invenitur
2161 3192 2199 3228 in
2234 3199 2403 3228 creatura
2430 3199 2449 3219 μ

1390 3254 1539 3296 praeter
1566 3245 1604 3282 id
1624 3245 1729 3293 quod
1758 3245 1968 3281 continetur
1996 3245 2066 3281 sub
2092 3244 2362 3292 significatione
2382 3257 2449 3281 no-

1391 3299 1503 3336 minis
1523 3297 1679 3344 relativi,
1702 3305 1756 3334 est
1775 3297 1847 3334 alia
1866 3310 1944 3334 res:
1976 3297 2012 3333 in
2041 3299 2125 3334 Deo
2146 3304 2273 3334 autem
2298 3309 2376 3334 non
2397 3305 2452 3334 est

1442 3413 1466 3444 ζ)
1490 3412 1632 3436 Gilbertus.
1650 3425 1670 3429 -
1688 3411 1749 3436 Om.
1769 3411 1879 3435 codices.

1443 3448 1468 3479 η)
1489 3447 1604 3471 omnino.
1621 3459 1641 3465 -
1658 3446 1719 3470 Om.
1739 3446 1840 3470 codices
1859 3450 1884 3470 et
1903 3445 1943 3469 ed.
1957 3451 1982 3469 a.

1443 3481 1467 3515 θ)
1487 3482 1541 3514 qui.
1558 3495 1577 3500 -·
1595 3481 1666 3513 quod
1684 3480 1805 3505 CDEFG.

1445 3519 1462 3550 ι)
1482 3524 1554 3549 ergo.
1573 3529 1591 3535 —-
1608 3517 1688 3541 etiam
1707 3516 1819 3540 ABCDE

1445 3553 1470 3584 κ)
1490 3552 1567 3584 quod.
1585 3565 1604 3570 —-
1622 3551 1685 3583 quia
1704 3550 1813 3575 codices.

1444 3587 1471 3619 λ)
1491 3595 1577 3612 suum.
1594 3600 1613 3606 -
1630 3586 1672 3611 sui
1691 3586 1744 3610 FG.

1446 3623 1473 3656 μ.)
1493 3625 1627 3647 creatura.
1644 3635 1663 3640 —
1681 3620 1812 3645 creaturis
1831 3619 1883 3644 FG.

2274 3680 2303 3703 41
