2768 4178
52 1378 60 1385 ·
79 1376 125 1403 Qu.
139 1382 163 1399 ιι,
175 1380 216 1397 art.
227 1382 247 1397 2.

49 1589 58 1598 ³
75 1587 146 1608 Num.
158 1593 183 1607 ιι.

51 1804 60 1813 ⁸
75 1804 127 1824 Arx.
144 1803 248 1830 praeced.

149 1840 165 1864 Υ

291 283 341 318 42

1001 268 1268 315 QUAESTIO
1299 269 1368 315 111,
1397 268 1696 305 ARTicuLus
1728 269 1779 305 iv

1076 414 1395 456 ARTICULUS
1427 413 1699 466 QUARTUS

894 517 1051 548 UTRUM
1075 516 1117 546 IN
1141 515 1231 546 DEo
1256 515 1322 546 SIT
1347 515 1454 546 IDEM
1477 515 1686 546 ESSENTIA
1709 516 1766 546 ET
1791 516 1891 547 ESSE

617 616 730 645 lSent„
750 615 809 639 dist.
829 622 883 644 vm,
903 622 948 646 qu.
967 621 1001 643 lv,
1021 618 1067 638 art.
1092 620 1112 642 i,
1134 619 1163 642 2;
1184 619 1228 644 qu.
1247 620 1271 643 v,
1291 617 1339 636 art.
1360 619 1388 642 2;
1409 612 1468 636 dist.
1487 620 1569 643 xxxiv,
1589 620 1634 645 qu.
1653 620 1670 642 ι,
1691 618 1737 638 art.
1761 621 1788 644 ¹3
1808 613 1837 642 ΙΙ,
1858 613 1916 638 dist.
1930 621 1948 644 ι,
1967 622 2011 647 qu.
2031 622 2048 644 1,
2068 619 2115 638 art.
2139 621 2164 644 1;

489 653 498 676 I
521 652 596 676 Cont.
614 653 700 680 Gent„
721 659 776 683 cap.
796 658 855 679 χχιι
875 657 924 679 1.11;
945 649 996 681 Qq.
1016 648 1091 681 disp„
1112 648 1145 672 de
1163 647 1232 677 Por„
1252 655 1297 680 qu.
1311 655 1356 677 vn,
1376 652 1421 672 art.
1447 655 1476 678 2;
1497 648 1529 672 de
1544 631 1640 680 S'pirit.
1656 649 1754 676 Creat„
1773 654 1819 673 art.
1844 656 1869 679 1;
1892 649 2036 681 Compend.
2055 649 2158 679 Theol„
2179 657 2234 682 cap.

849 685 948 718 Opusc.
964 684 1089 712 XXXVII.
1111 683 1143 708 de
1159 683 1283 713 Quatuor
1301 682 1411 714 Oppos„
1433 690 1487 715 cap.
1507 690 1546 713 1v;
1566 683 1599 708 de
1619 684 1683 708 Ent.
1698 687 1725 709 et
1745 684 1812 714 Ess„
1833 692 1888 717 cap.
1903 693 1926 709 v.

328 810 350 829 r.
376 799 384 811 ι
410 803 455 827 s
504 789 526 813 D
547 788 720 819 QUARTUM
740 787 793 811 SIC
814 785 1052 811 PROCEDITUR.
1076 771 1235 808 Videtur
1253 771 1360 820 quod

432 823 481 862 ²⁷²:
505 830 543 867 in
571 831 655 867 Deo
685 841 763 865 non
793 828 838 864 sit
866 827 969 864 idem
999 825 1160 862 essentia
1199 832 1234 861 et
1264 837 1358 861 esse.

440 872 443 880 Σ
451 883 544 934 (Si
566 883 667 942 enim
694 883 771 941 boc
799 881 855 927 sit,
886 888 975 916 tunc
1004 879 1052 916 ad
1083 891 1164 915 esse
1186 878 1366 915 divinum·

292 954 394 1038 ditio,
417 997 472 1027 est
492 1003 572 1027 esse
602 1000 809 1026 commune
839 986 945 1035 quod
975 985 1021 1022 de
1051 985 1232 1022 omnibus
1250 996 1359 1033 prae-

292 1044 456 1082 dicatur:
487 1042 654 1092 sequitur
692 1053 781 1089 ergo
818 1040 922 1089 quod
950 1040 1056 1076 Deus
1085 1039 1130 1075 sit
1158 1050 1225 1074 ens
1255 1050 1359 1074 com-

281 1110 409 1139 ‚mune
442 1095 696 1145 praedicabile
726 1096 772 1131 de
802 1093 994 1130 omnibus.
1032 1093 1117 1128 Hoc
1147 1099 1274 1128 autem
1306 1098 1362 1128 est

291 1152 438 1197 falsum,
460 1149 674 1186 secundum
704 1147 793 1184 illud
819 1148 907 1195 Sap.
923 1158 984 1182 xtv
998 1145 1034 1182 *t
1065 1145 1361 1182 incommunica-

291 1205 362 1241 bile
382 1214 517 1240 nomen
539 1202 651 1252 lignis
679 1207 715 1238 et
742 1201 926 1249 lapidibus
955 1199 1225 1247 imposuerunt.
1257 1199 1360 1246 Ergo

292 1270 373 1294 esse
394 1257 465 1294 Dei
485 1269 563 1293 non
584 1263 640 1292 est
660 1255 740 1292 eius
761 1253 933 1291 essentia.

347 1324 381 1348 2.
402 1312 636 1356 PRAETEREA,
659 1309 706 1345 de
726 1309 812 1345 Deo
833 1307 928 1344 scire
948 1309 1153 1355 possumus
1172 1317 1222 1342 an
1241 1305 1298 1351 sit,
1321 1313 1362 1342 ut

292 1364 439 1413 supra*
460 1363 603 1400 dictum
633 1368 730 1399 est“.
762 1362 854 1398 Non
873 1368 1001 1397 autem
1030 1370 1238 1409 possumus
1266 1358 1361 1395 scire

292 1419 382 1467 quid
406 1418 462 1454 sit.
501 1417 604 1464 Ergo
633 1427 711 1452 non
746 1422 802 1451 est
829 1414 933 1451 idem
963 1425 1046 1450 esse
1076 1412 1166 1459 Dei,
1197 1420 1234 1449 et
1262 1413 1363 1460 quod

292 1472 382 1521 quid
407 1477 461 1508 est
488 1470 580 1517 eius,
610 1469 691 1506 sive
721 1467 910 1516 quidditas
938 1467 1001 1504 vel
1030 1473 1175 1503 natura.

346 1526 420 1562 SED
450 1535 595 1561 CONTRA
624 1534 690 1559 EST
718 1521 823 1570 quod
853 1520 1019 1557 Hilarius
1047 1519 1135 1557 dicit
1162 1518 1201 1556 in
1226 1519 1295 1556 VII
1316 1519 1362 1556 de

296 1580 331 1615 T
328 1591 398 1615 rm
415 1577 452 1614 *z
482 1589 561 1613 esse
589 1588 663 1613 non
693 1581 747 1612 est
773 1575 947 1612 accidens
967 1573 1004 1611 in
1024 1571 1041 1600 β
1070 1574 1164 1632 Περ,
1184 1573 1251 1609 sed
1275 1574 1360 1610 sub-

290 1633 419 1669 sistens
446 1631 595 1667 veritas.
627 1629 668 1666 ld
690 1640 779 1676 ergo
800 1629 906 1676 quod
934 1626 1101 1664 subsistit
1129 1626 1167 1662 in
1187 1627 1284 1674 Deo,
1307 1634 1362 1663 est

291 1697 404 1722 suum
434 1696 527 1720 esse.

345 1740 577 1775 Ruspoumso·
598 1747 782 1772 DICENDUM
808 1734 914 1783 quod
934 1735 1039 1770 Deus
1060 1745 1138 1770 non
1159 1734 1284 1770 solum
1307 1740 1361 1769 est

291 1805 359 1829 sua
380 1790 552 1836 essentia,
574 1796 615 1826 ut
635 1796 832 1825 ostensum
853 1795 908 1824 est
922 1787 954 1834 ²¹⁸,
984 1787 1052 1824 sed
1073 1786 1185 1823 etiam
1205 1791 1219 1812 ⁷
1247 1799 1360 1823 suum

293 1858 386 1883 esse.
422 1843 539 1891 Quod
577 1842 733 1901 quidem
762 1841 1018 1890 multipliciter
1046 1839 1196 1877 ostendi
1222 1847 1359 1889 potest.

291 1899 422 1936 Primo
452 1897 620 1946 quidem,
642 1895 732 1954 quia
751 1894 937 1954 quidquid
958 1901 1012 1931 est
1040 1893 1079 1930 in
1106 1893 1234 1941 aliquo
1255 1893 1360 1942 quod

291 1960 346 1989 est
383 1959 532 2000 praeter
570 1948 772 1986 essentiam
803 1948 908 1994 eius,
939 1955 1090 1996 oportet
1118 1959 1200 1983 esse
1229 1958 1360 1983 causa-

291 2014 371 2042 tum
400 2006 461 2041 vel
491 2017 512 2040 a
540 2002 734 2052 principiis
764 2001 969 2048 essentiae,
1000 2000 1095 2037 sicut
1124 1998 1360 2038 accidentia⁸

289 2058 444 2118 propria
473 2055 746 2104 consequentia
774 2054 958 2104 speciem,
988 2061 1029 2091 ut
1058 2053 1197 2091 risibile
1227 2065 1359 2090 conse-

290 2112 415 2161 quitur
432 2110 631 2148 hominem
651 2117 687 2146 et
707 2115 883 2145 causatur
903 2120 950 2144 ex
968 2107 1162 2167 principiis
1183 2107 1360 2144 essentia-

290 2166 387 2203 libus
414 2163 570 2213 speciei3
599 2163 662 2199 vel
691 2163 738 2198 ab
767 2161 896 2220 aliquo
927 2161 1115 2208 exteriori,
1135 2161 1229 2198 sicut
1257 2161 1361 2197 calor

290 2220 329 2256 in
358 2230 458 2267 aqua
491 2223 666 2254 causatur
693 2215 742 2252 ab
771 2215 868 2262 igne.
910 2214 949 2251 Si
978 2214 1088 2262 igitur
1122 2203 1247 2263 ipsum
1276 2226 1359 2251 esse

292 2272 344 2309 rei
374 2272 418 2309 sit
447 2270 548 2308 aliud
584 2270 631 2306 ab
666 2268 746 2305 eius
775 2267 957 2315 essentia,
987 2279 1143 2304 necesse
1173 2275 1228 2304 est
1256 2267 1361 2316 quod

293 2338 374 2363 esse
405 2324 500 2361 illius
530 2323 581 2360 rei
602 2323 665 2359 vel
686 2328 696 2342 ‘
725 2321 769 2359 sit
800 2328 996 2358 causatum
1027 2321 1074 2357 ab
1105 2320 1231 2370 aliquo
1261 2328 1361 2358 exte-

292 2379 401 2426 riori,
431 2378 493 2415 vel
522 2389 544 2413 a
571 2375 763 2425 principiis
798 2373 1060 2412 essentialibus
1095 2373 1267 2416 eiusdem
1296 2373 1360 2411 rei.

294 2431 530 2481 Impossibile
569 2437 625 2466 est
662 2436 790 2466 autem
829 2429 934 2477 quod
972 2439 1054 2464 esse
1089 2427 1135 2464 sit
1163 2435 1360 2464 causatum

292 2494 438 2523 tantum
460 2496 505 2521 ex
521 2483 534 2509 ζ
554 2482 745 2532 principiis
766 2481 1027 2519 essentialibus
1047 2481 1120 2518 rei:
1150 2481 1238 2529 quia
1261 2481 1363 2518 nulla

294 2553 352 2577 res
373 2537 511 2576 sufficit
538 2537 643 2586 quod
672 2536 718 2573 sit
746 2535 813 2572 sibi
843 2547 957 2572 causa
986 2534 1149 2581 essendi,
1170 2534 1200 2571 si
1225 2534 1363 2571 habeat

295 2606 375 2630 esse
397 2599 606 2638 causatum.
629 2590 792 2638 Oportet
812 2600 902 2636 ergo
923 2588 1029 2637 quod
1047 2587 1138 2625 illud
1158 2587 1264 2624 cuius
1281 2600 1363 2624 esse

295 2654 350 2684 est
378 2645 479 2682 aliud
508 2645 555 2681 ab
577 2642 737 2680 essentia
755 2655 825 2679 sua
844 2647 868 2687 '’‚
899 2642 1038 2679 habeat
1066 2653 1149 2679 esse
1165 2649 1362 2678 causatum

295 2701 342 2737 ab
363 2699 448 2736 alio.
480 2698 565 2734 Hoc
585 2704 713 2733 autem
734 2708 813 2733 non
831 2703 959 2744 potest
978 2694 1051 2733 dici
1072 2694 1119 2732 de
1139 2695 1243 2732 Deo:
1273 2695 1363 2743 quia

295 2755 422 2790 Deum
442 2751 602 2788 dicimus
616 2748 629 2770 θ
650 2761 731 2786 esse
751 2749 917 2798 primam
943 2760 1099 2786 causam
1120 2748 1361 2785 efficientem.

296 2804 533 2855 Impossibile
563 2811 618 2840 est
646 2815 735 2851 ergo
766 2802 869 2852 quod
898 2802 936 2839 in
965 2803 1050 2839 Deo
1071 2801 1117 2839 sit
1136 2801 1238 2839 aliud
1268 2813 1362 2849 esse,

296 2867 332 2896 et
360 2859 460 2896 aliud
491 2857 570 2894 eius
599 2856 768 2894 essentia.

349 2991 375 3023 α)
390 2994 419 3015 ut
432 2996 515 3022 supra
529 2989 628 3014 dictum
647 2991 695 3013 est.
709 3002 728 3007 —
741 2987 804 3012 Post
824 2987 888 3020 quid
901 2987 936 3011 sit
951 2992 1051 3020 ponunt
1066 2988 1177 3012 codices.
1197 3002 1214 3006 -
1234 2987 1285 3012 Pro
1299 2995 1365 3017 esse,

296 3027 409 3053 essentia
429 3024 565 3057 ABCEpF.

349 3061 375 3094 β)
395 3062 431 3087 in.
449 3074 467 3080 -
486 3061 548 3086 Om.
562 3059 673 3084 codices.

348 3100 375 3131 γ)
394 3098 484 3123 etiam.
502 3110 521 3115 -
539 3095 601 3121 Om.
614 3095 643 3125 E,
663 3097 703 3119 est
722 3095 799 3119 ceteri
818 3099 843 3118 et
862 3094 901 3118 ed.
915 3101 940 3118 a.

349 3132 373 3165 δ)
393 3132 550 3158 accidentia.
567 3145 586 3150 -
605 3130 666 3155 Om.
681 3129 837 3162 EFGpACD
857 3135 882 3154 et
895 3129 935 3154 ed.
950 3136 975 3154 a.
989 3143 1008 3148 -
1027 3129 1076 3154 Pro
1094 3129 1273 3163 consequitur,
1293 3128 1366 3165 quod

295 3169 464 3201 consequitur
476 3168 529 3198 ΑΒ,
542 3166 663 3199 sequitur
676 3165 708 3196 C;
722 3168 747 3190 et
762 3170 820 3189 ante
834 3167 963 3190 causatur
975 3172 1028 3189 om.
1042 3164 1219 3198 AEFpCDsB,
1235 3164 1307 3196 quod
1320 3162 1364 3189 sC.

350 3206 371 3235 ε)
392 3204 440 3229 vel.
460 3217 475 3222 -
495 3203 558 3227 Om.
570 3201 681 3226 codices.

350 3239 375 3271 ζ)
395 3247 441 3264 ex.
458 3253 478 3258 —
495 3245 512 3263 a
531 3236 678 3262 ABCDEG.
695 3249 715 3255 -
734 3236 784 3260 Pro
802 3236 850 3265 rei,
871 3235 987 3260 eiusdem
1007 3236 1047 3261 rei
1065 3236 1127 3260 B.·-
1142 3236 1206 3261 Post
1218 3235 1317 3270 suffieit
1331 3235 1365 3260 οἳ

297 3276 366 3301 addit
384 3275 421 3300 ad
439 3275 496 3299 hoc.
515 3287 533 3292 -
552 3273 602 3297 Pro
622 3271 733 3301 essendi,
753 3270 915 3296 subsistendi
935 3271 975 3296 vel
993 3271 1099 3296 essendi
1118 3271 1147 3296 Β.

350 3311 377 3378 θ3)
395 3311 447 3370 Zb
448 3309 561 3334 essentia
570 3315 637 3368 ἕνα.
656 3321 673 3326 -
692 3306 910 3367 aAsgagngentia
930 3306 1041 3331 codices.

415 3346 514 3370 icimus.
532 3358 550 3363 —
589 3350 691 3368 iximus
823 3349 840 3366 a

1470 772 1662 820 Secundo,
1686 773 1774 821 quia
1793 785 1876 810 esse
1897 781 1953 810 est
1981 774 2175 811 actualitas
2195 774 2321 811 omnis
2342 775 2490 812 formae

1415 826 1476 861 vel
1507 832 1662 862 naturae
1685 827 1725 862 *t
1754 838 1834 863 non
1863 826 1965 863 enim
2004 827 2154 864 bonitas
2181 829 2244 864 vel
2272 828 2490 866 humanitas
2517 841 2527 852 ·

1416 878 1648 925 significatur
1667 886 1674 899 ¹
1702 879 1740 916 in
1761 887 1859 927 actu,
1881 879 1951 916 nisi
1979 888 2095 928 prout
2120 880 2381 929 significamus
2402 894 2489 919 eam

1415 943 1503 967 esse.
1536 931 1699 991 Oportet
1722 932 1833 980 igitur
1861 933 1967 982 quod
1994 934 2120 983 ipsum
2142 946 2225 971 esse
2246 943 2491 984 comparetur

1416 985 1465 1021 ad
1494 984 1698 1022 essentiam
1728 997 1827 1034 quae
1857 994 1913 1023 est
1941 986 2043 1025 aliud
2073 988 2120 1024 ab
2150 988 2247 1037 ipso,
2268 988 2365 1026 sicut
2383 996 2490 1026 actus

1416 1038 1464 1075 ad
1493 1038 1704 1086 potentiam
1723 1038 1755 1075 *.
1786 1039 1887 1076 Cum
1916 1040 2028 1087 igitur
2055 1040 2093 1078 in
2122 1042 2207 1078 Deo
2237 1041 2328 1079 nihil
2357 1042 2403 1079 sit
2420 1054 2526 1092 po-·

1416 1091 1578 1139 tentiale,
1608 1099 1649 1128 ut
1678 1098 1876 1129 ostensum
1907 1100 1963 1130 est
1990 1106 2106 1142 supra
2124 1094 2155 1141 ²⁸²,
2186 1095 2356 1144 sequitur
2382 1097 2490 1144 quod
2518 1109 2527 1117 ·

1416 1157 1495 1181 non
1515 1144 1560 1182 sit
1579 1145 1710 1182 aliud
1701 1158 1739 1182 in
1760 1157 1807 1182 eo
1829 1146 1991 1183 essentia
2010 1158 2128 1195 quam
2149 1159 2263 1185 suum
2284 1161 2379 1186 esse.
2411 1149 2490 1186 Sua

1416 1198 1527 1246 igitur
1555 1198 1718 1236 essentia
1748 1205 1803 1235 est
1831 1211 1944 1235 suum
1975 1211 2070 1236 esse.

1470 1252 1622 1298 Tertio,
1653 1251 1743 1301 quia
1778 1251 1873 1289 sicut
1899 1252 1991 1290 illud
2020 1253 2125 1302 quod
2153 1254 2269 1291 habet
2296 1254 2424 1303 ignem
2454 1262 2492 1293 et

1417 1318 1495 1342 non
1525 1313 1580 1342 est
1608 1305 1715 1353 ignis,
1738 1313 1793 1342 est
1820 1306 1980 1354 ignitum
2008 1318 2078 1355 per
2100 1307 2434 1356 participationem
2454 1315 2489 1355 ¹²,

1416 1359 1466 1396 ita
1495 1358 1586 1396 illud
1624 1359 1729 1408 quod
1766 1359 1883 1396 habet
1921 1371 2002 1396 esse
2042 1368 2079 1397 et
2106 1373 2186 1397 non
2215 1368 2271 1398 est
2299 1373 2399 1410 esse,
2436 1370 2492 1400 est

1418 1425 1484 1449 ens
1504 1425 1574 1461 per
1594 1412 1934 1461 participationem.
1966 1414 2072 1450 Deus
2101 1421 2229 1451 autem
2259 1422 2314 1452 est
2342 1427 2412 1452 sua
2433 1427 2490 1452 es-

1417 1466 1536 1503 sentia
1551 1464 1574 1513 ³,

1417 1532 1520 1568 esse,
1552 1519 1619 1556 erit
1647 1531 1715 1556 ens
1747 1531 1816 1568 per
1848 1519 2201 1570 participationem,
2241 1529 2277 1558 et
2314 1533 2394 1559 non
2420 1534 2491 1572 per

1417 1572 1631 1610 essentiam.
1663 1573 1755 1610 Non
1784 1585 1874 1621 ergo
1895 1573 1964 1611 erit
1982 1574 2150 1622 primum
2180 1587 2268 1612 ens:
2298 1576 2405 1623 quod
2424 1576 2490 1613 ab·

1416 1626 1576 1664 surdum
1597 1634 1653 1663 est
1672 1626 1798 1663 dicere
1812 1633 1842 1663 ¹¹⁴.
1874 1627 1942 1664 Est
1969 1627 2080 1675 igitur
2098 1629 2204 1665 Deus
2224 1640 2338 1666 suum
2359 1641 2441 1666 esse
2456 1629 2487 1677 ²¹²,
2517 1649 2528 1659 ·

1418 1688 1454 1717 et
1481 1692 1561 1717 non
1590 1680 1717 1716 solum
1747 1691 1816 1717 sua
1846 1680 2020 1718 essentia.

1470 1735 1529 1771 Αι)
1554 1745 1692 1770 patmum
1712 1744 1811 1770 ERGO
1841 1745 2026 1771 DICENDUM
2047 1734 2152 1783 quod
2171 1734 2316 1784 aliquid
2333 1735 2397 1772 cui
2413 1747 2489 1773 non

1405 1788 1459 1835 fit
1484 1787 1623 1824 additio
1651 1793 1777 1835 potest
1799 1786 1982 1835 intelligi*
2011 1787 2218 1837 dupliciter.
2249 1788 2336 1826 Uno
2355 1788 2489 1838 modo,

1416 1848 1456 1877 ut
1486 1840 1533 1878 de
1563 1839 1709 1877 ratione
1739 1840 1819 1877 eius
1848 1840 1894 1877 sit
1921 1840 2028 1888 quod
2052 1853 2131 1878 non
2166 1842 2234 1878 fiat
2262 1841 2295 1879 ei
2323 1841 2489 1890 additi03

1416 1894 1512 1931 sicut
1541 1893 1588 1930 de
1618 1893 1764 1930 ratione
1792 1893 1967 1930 animalis
1996 1894 2222 1931 irrationalis
2251 1903 2326 1942 est,
2355 1893 2425 1932 ιιιε
2444 1896 2491 1934 sit

1416 1947 1496 1984 sine
1535 1946 1692 1984 ratione.
1732 1946 1818 1983 Alio
1848 1947 1968 1984 modo
2003 1947 2217 2008 intelligitur
2254 1948 2396 1999 aliquid
2430 1949 2491 1987 cui

1416 2013 1494 2037 non
1523 2000 1566 2037 fit
1585 1999 1741 2046 additio,
1762 2000 1852 2060 quia
1877 2012 1955 2037 non
1975 2007 2031 2037 est
2050 2000 2097 2038 de
2119 2001 2264 2038 ratione
2284 2002 2365 2039 eius
2385 2003 2491 2053 quod

1416 2053 1488 2091 sibi
1508 2053 1601 2091 fiat·
1622 2052 1784 2091 additio:
1816 2053 1910 2090 sicut
1937 2054 2079 2091 animal
2108 2066 2316 2093 commune
2336 2063 2392 2094 est
2411 2056 2490 2095 sine

1417 2107 1582 2155 ratione,
1613 2106 1703 2156 quia
1730 2119 1810 2144 non
1838 2114 1895 2143 est
1924 2107 1972 2144 de
2006 2107 2152 2145 ratione
2181 2108 2356 2149 animalis
2385 2121 2490 2149 com—

1417 2160 1544 2198 munis
1571 2168 1613 2197 ιιι
1639 2160 1780 2197 habeat
1816 2160 2023 2206 rationem
2061 2161 2131 2198 sed
2164 2173 2237 2199 nec
2270 2162 2318 2199 de
2346 2163 2490 2206 ratione

1418 2214 1499 2251 eius
1528 2221 1585 2250 est
1612 2220 1654 2250 ut
1689 2220 1816 2250 careat
1843 2213 2000 2250 ratione.
2040 2214 2172 2251 Primo
2210 2214 2321 2263 igitur
2347 2217 2489 2265 modo,

1418 2279 1500 2304 esse
1530 2267 1608 2304 sine
1643 2265 1858 2313 additione,
1895 2274 1951 2303 est
1980 2279 2063 2304 esse
2093 2267 2287 2305 divinum:
2318 2270 2489 2308 secundo

1418 2320 1551 2368 modo,
1577 2332 1660 2357 esse
1690 2319 1769 2357 sine
1798 2319 2004 2369 additione,
2031 2328 2088 2358 est
2117 2333 2199 2358 esse
2229 2333 2438 2361 commune
2456 2328 2488 2361 ³.

1449 2395 1451 2398 -
1470 2375 1529 2411 An
1558 2385 1750 2411 ssscuunum
1778 2385 1963 2411 DlCENDUM
1992 2373 2100 2422 quod
2118 2386 2198 2412 esse
2216 2374 2415 2424 dupliciter
2434 2375 2490 2415 di-

1418 2427 1532 2465 citur:
1561 2439 1642 2464 uno
1671 2425 1812 2473 modo,
1842 2426 2029 2474 significat
2060 2436 2189 2465 actum
2214 2429 2387 2475 essendi;
2417 2430 2490 2468 alio

1418 2481 1561 2528 modo,
1605 2479 1791 2528 significat
1833 2480 2155 2529 compositionem
2196 2483 2489 2532 propositionis,

1406 2546 1534 2584 vquam
1569 2533 1698 2570 anima
1732 2532 1926 2570 adinvenit
1959 2533 2193 2583 coniungens
2229 2535 2491 2584 praedicatum

1418 2587 1602 2625 subiecto.
1633 2586 1763 2624 Primo
1788 2586 1898 2634 igitur
1917 2587 2037 2625 modo
2058 2587 2282 2638 accipiendo
2302 2601 2391 2638 esse,
2412 2603 2491 2629 non

1417 2650 1626 2690 possumus
1664 2639 1759 2677 scire
1789 2652 1871 2677 esse
1900 2640 1994 2688 Dei,
2024 2641 2121 2678 sicut
2153 2654 2226 2680 nec
2255 2643 2336 2682 eius
2365 2656 2491 2683 essen-

1417 2695 1529 2732 tiam:
1569 2694 1638 2732 sed
1666 2694 1792 2730 solum
1830 2694 2001 2731 secundo
2031 2695 2164 2733 modo.
2205 2696 2359 2735 Scimus
2388 2698 2491 2736 enim

1417 2749 1524 2798 quod
1551 2748 1648 2785 haec
1684 2747 1897 2796 propositio
1925 2759 2043 2796 quam
2073 2749 2286 2787 formamus
2315 2751 2362 2788 de
2391 2752 2490 2799 Deo,

1419 2813 1507 2839 curn
1538 2801 1700 2838 dicimus
1729 2801 1834 2837 Deus
1863 2806 1930 2847 est,
1959 2813 2053 2839 vera
2074 2809 2140 2840 est.
2170 2803 2220 2840 Et
2247 2803 2322 2840 hoc
2350 2804 2492 2842 scimus

1420 2867 1465 2892 ex
1495 2854 1575 2892 eius
1604 2853 1823 2902 effectibus,
1853 2861 1894 2890 ut
1922 2867 2038 2904 supra
2056 2854 2076 2877 ’¹‘
2103 2855 2249 2894 dIctum
2278 2864 2345 2894 est.

1473 2986 1491 3022 t)
1511 2986 1689 3020 significatur.
1708 3000 1726 3004 —
1744 2986 1881 3019 significat
1904 2986 1980 3011 ACE.
1998 3000 2017 3006 -
2036 2987 2086 3011 Pro
2111 2986 2183 3020 quod
2201 2986 2286 3019 ipsum
2310 2993 2380 3017 esse,
2405 2988 2491 3021 ipsum

1419 3029 1474 3048 esse
1493 3022 1566 3055 quod
1583 3022 1679 3054 AEpC.
1697 3035 1715 3040 —
1734 3021 1785 3046 Pro
1803 3021 1841 3046 ad
1859 3022 2000 3047 essentiam
2019 3028 2095 3055 quae,
2115 3022 2153 3047 ad
2170 3028 2248 3047 omne
2265 3023 2338 3055 quod
2355 3023 2389 3048 G.

1473 3057 1499 3090 x)
1506 3057 1813 3090 participationem—et
1827 3064 1878 3082 non
1888 3064 1941 3089 per
1954 3058 2096 3083 essentiam
2109 3057 2180 3083 nddit
2188 3057 2218 3088 Β,
2229 3063 2255 3083 et
2264 3059 2359 3091 pergit:
2373 3059 2413 3085 ita
2425 3060 2494 3087 illud

1419 3093 1491 3126 quod
1509 3093 1588 3119 habet
1606 3093 1748 3118 essentiam
1762 3095 1788 3118 et
1808 3100 1859 3118 non
1879 3100 1942 3123 esse,
1958 3097 1998 3118 est
2015 3100 2062 3119 ens
2079 3093 2165 3119 solum
2178 3100 2231 3126 per
2244 3094 2492 3127 participationem.

1472 3127 1500 3161 λ)
1519 3135 1569 3154 sua
1588 3128 1711 3154 essentia.
1728 3141 1747 3148 -
1765 3127 1921 3160 simpliciter
1940 3129 1970 3159 B,
1990 3135 2067 3154 suum
2086 3135 2142 3154 esse
2161 3128 2208 3158 sC.
2227 3136 2281 3154 om.
2295 3130 2382 3156 ceteri.
2393 3145 2413 3150 -
2425 3132 2493 3159 Ante

1419 3167 1553 3189 ostensum
1572 3163 1727 3188 ABCEFGa
1745 3163 1843 3188 addunt
1861 3171 1959 3195 supr-as
1978 3169 2045 3196 post,
2065 3164 2107 3189 ed.
2119 3170 2136 3188 a
2155 3163 2226 3189 addit
2243 3164 2322 3190 habet
2340 3172 2404 3192 esse.

1474 3199 1502 3232 μ)
1522 3199 1758 3240 ςυοᾰρρειινάιιηι
1777 3202 1818 3240 est
1835 3199 1932 3224 dicere.
1949 3211 1969 3218 —
1988 3199 2050 3224 Om.
2065 3199 2168 3224 codices
2187 3204 2212 3224 et
2230 3207 2247 3224 a
2259 3201 2282 3225 b.

1474 3234 1500 3302 {3
1519 3235 1684 3303 zssf‘ffzza
1696 3235 1829 3295 tata?

1475 3341 1504 3373 π)
1475 3305 1682 3366 (ἠζέξηνηιιξῖ
1689 3304 2062 3373 jedogiiiiiinzogrgdigbile
2081 3341 2110 3365 B.

955 3438 961 3441 -
980 3420 1312 3454 Commentaria
1334 3419 1585 3453 Cardinalis
1608 3419 1807 3453 Caietam·

303 3523 351 3587 IN
373 3512 481 3547 titulo,
506 3512 538 3552 ly
562 3512 698 3542 essentia
723 3509 876 3550 significat
897 3510 1058 3548 deitatem,
1079 3519 1161 3551 quae
1181 3519 1237 3550 per
1256 3508 1365 3540 defini-

1420 3515 1525 3549 portat
1547 3509 1744 3540 identitatem
1768 3509 1899 3539 realem.
1925 3509 1970 3540 Ita
1985 3510 2075 3553 quod
2094 3519 2205 3541 sensus
2225 3517 2286 3542 est.
2310 3510 2428 3542 Utrum
2443 3520 2492 3542 res

331 3565 452 3588 tionem
475 3556 534 3586 Dei
557 3556 790 3596 importaretur,
808 3554 834 3585 si
851 3554 1046 3585 definiretur.
1071 3555 1103 3595 ly
1128 3563 1196 3585 esse
1214 3554 1366 3594 importat
1420 3552 1592 3593 significata
1616 3562 1672 3593 per
1695 3553 1728 3594 ly
1751 3553 1852 3590 Deus,
1877 3553 1917 3584 sit
1940 3563 1987 3583 res
2011 3553 2184 3594 significatu
2203 3564 2260 3596 per
2281 3554 2316 3596 ly
2339 3560 2395 3593 est,
2417 3564 2492 3586 curn

299 3600 511 3642 significatum
539 3609 594 3639 per
617 3599 649 3640 ly
673 3605 719 3630 est
742 3599 918 3630 secundum
947 3598 1107 3635 adiacens,
1133 3608 1207 3629 cum
1231 3597 1366 3629 dicimus
1421 3597 1535 3628 dicitur
1557 3597 1647 3628 Deus
1671 3602 1727 3627 est.

502 3658 529 3680 ιο,
555 3651 585 3674 et
609 3643 766 3679 similiter,
796 3643 928 3674 «homo
948 3648 1021 3674 est»

304 3659 318 3674 «
331 3646 416 3676 Deus
441 3650 516 3675 est»
1028 3650 1130 3679 ‚.etc
1125 3643 1188 3684 ‚ly
1208 3643 1288 3673 idem
1308 3641 1366 3672 irn-

1476 3641 1517 3672 Et
1540 3641 1618 3672 scito
1642 3641 1731 3682 quod
1754 3641 1812 3672 ista
1840 3642 1984 3682 quaestio
2009 3649 2055 3674 est
2074 3642 2287 3678 subtilissima,
2312 3649 2343 3674 et
2363 3643 2492 3684 propria

1596 1474 1637 1503 ut
1657 1473 1855 1503 ostensum
1877 1474 1932 1503 est
1950 1466 1980 1504 *.
2013 1467 2053 1504 Si
2072 1467 2183 1515 igitur
2202 1479 2280 1505 non
2309 1468 2356 1505 sit
2375 1464 2490 1506 su'um
2518 1503 2527 1513 ,

2543 841 2570 862 D.
2582 847 2645 870 ¹⁰3⁴·

2542 1053 2571 1074 D.
2586 1053 2636 1081 ⁵⁶²-

2519 2859 2528 2868 ·
2545 2858 2594 2886 Qu.
2609 2864 2635 2886 n,
2650 2862 2732 2882 art-2.

2763 2533 2768 2547 -
2761 2470 2768 2508 μ...
2752 2322 2768 2459 -..νμΔ-Α
2763 2218 2768 2311 mmm.
2766 2187 2768 2190 .
