2768 4178
0 558 39 587 ,'
55 557 92 581 ef.
111 564 175 581 num.
191 565 208 581 1.

53 3502 90 3527 Cf.
103 3509 170 3527 num.
183 3510 216 3527 ιν.

950 257 1216 304 QUAESTIO
1246 257 1386 304 xmv,
1415 257 1711 295 ARTICULUS
1741 259 1773 294 11

271 333 313 364 Et
334 334 417 364 valet
441 334 577 374 sequela,
599 334 693 365 etiarn
712 335 738 365 si
753 335 786 376 ly
802 337 990 376 inquantum
1014 343 1157 366 teneatur
1180 334 1336 375 specifica-

271 377 349 413 tive;
374 384 410 408 ut
433 385 519 418 patet
542 389 617 409 cum
640 379 768 410 dicitur:
794 389 860 417 ens,
878 381 1066 420 inquantum
1083 389 1151 417 ens,
1172 385 1218 410 est
1236 380 1337 410 subie-

271 427 355 452 ctum
380 423 630 463 metaphysicae,
655 433 735 464 ergo
758 433 852 454 omne
875 433 941 461 ens,
961 424 1136 454 secundum
1162 424 1245 464 quod
1269 433 1335 460 ens,

271 471 318 496 est
340 466 514 497 subiectum
539 467 786 508 metaphysicae.

329 510 383 541 Vl.
407 513 590 551 Antequam
613 511 652 540 ad
671 511 747 542 haec
771 511 1007 551 respondeatur,
1027 511 1165 542 secunda
1181 521 1252 552 pars
1272 521 1338 541 cor-

271 554 357 594 poris
381 554 502 585 articuli
517 554 535 573 *
557 555 717 585 tractanda
739 562 795 591 est,
812 562 848 585 ut
862 555 957 585 simul
977 556 1085 585 omnia
1104 561 1240 595 pateant,
1258 565 1338 596 quo·

270 598 358 628 niam
374 608 515 629 connexa
538 605 622 629 sunt.
646 599 831 638 Respondet
853 599 949 638 igitur
962 601 1084 630 Auctor
1099 599 1242 639 quaesito
1258 599 1337 629 affir-

271 642 396 678 mative,
414 642 544 673 scilicet:
569 642 704 682 Oportet
719 643 883 673 materiam
906 643 1043 684 primam
1062 653 1128 674 esse
1145 650 1280 674 creatam
1299 644 1337 674 ab

270 686 438 716 universali
462 686 583 717 entium
608 696 715 722 causa,
740 696 822 727 quae
845 687 932 717 Deus
956 694 1010 718 est.

324 730 491 761 Probatur.
515 730 622 761 Causa
644 730 767 760 entium
785 730 977 771 inquantum
1001 731 1092 768 entia,
1111 738 1157 762 est
1171 741 1265 762 causa
1284 741 1336 761 en-

269 773 351 804 tium
374 774 552 804 secundum
567 783 664 804 omne
679 774 759 804 illud
782 775 872 815 quod
887 775 1022 815 pertinet
1040 776 1079 806 ad
1103 785 1169 806 esse
1192 775 1337 815 ipsorum

269 827 478 858 quocumque
496 817 612 847 modo:
638 827 712 857 ergo
737 826 862 860 oportet
883 820 1047 850 materiam
1062 820 1199 860 primam
1215 827 1281 850 esse
1298 820 1336 850 ab

270 861 437 892 universali
454 861 577 892 entium
600 871 704 893 causa.
721 880 742 885 -
759 862 997 904 Consequentia
1011 871 1105 904 patet.
1123 881 1144 888 -—
1160 864 1201 894 Et
1216 870 1336 894 antece-

270 905 346 935 dens
360 905 493 936 infertur
514 906 547 935 in
570 905 671 936 littera
687 916 724 937 ex
739 907 910 948 praemissa
926 907 1097 938 differentia
1112 908 1192 939 inter
1209 918 1336 938 causam

269 949 391 980 entium
413 949 606 990 inquantum
629 950 726 987 entia,
752 957 783 982 et
805 962 914 982 causas
937 952 1253 988 transmutationum;
1279 952 1335 982 sci-

267 993 341 1024 licet
363 994 452 1034 quod
479 994 557 1025 istae
579 1001 654 1025 sunt
677 1004 788 1026 causae
818 996 939 1027 entium
969 996 1161 1037 inquantum
1188 996 1264 1026 haec
1287 996 1337 1026 vel

268 1037 351 1074 talia,
375 1037 429 1068 illa
452 1037 643 1079 inquantum
667 1045 741 1070 sunt
764 1039 858 1071 entia.

326 1081 395 1113 VII.
420 1081 511 1113 Circa
534 1083 721 1113 antecedens
745 1083 841 1115 huius
863 1084 1010 1120 rationis,
1036 1083 1171 1114 dubium
1202 1083 1337 1115 occurrit

268 1132 427 1167 quantum
439 1126 550 1163 valeat,
566 1127 594 1156 A
615 1132 662 1157 est
677 1136 777 1157 causa
796 1129 915 1158 entium
932 1129 1122 1168 inquantum
1139 1129 1235 1165 entia,
1257 1137 1336 1168 ergo

269 1175 317 1201 est
339 1179 438 1201 causa
462 1172 566 1201 omnis
589 1171 658 1202 eius
680 1171 765 1211 quod
781 1173 924 1212 pertinet
946 1172 989 1202 ad
1012 1167 1080 1202 esse
1103 1179 1234 1209 eorum;
1262 1181 1336 1202 cum

268 1223 335 1244 non
357 1214 476 1250 valeat,
503 1215 532 1244 Α
556 1220 603 1245 est
626 1224 726 1246 causa
748 1216 887 1246 hominis
910 1217 1099 1256 inquantum
1122 1216 1231 1252 homo,
1257 1225 1336 1256 ergo

268 1263 318 1289 est
340 1268 440 1290 causa
463 1260 568 1290 omnis
589 1260 660 1290 eius
677 1259 763 1300 quod
779 1261 921 1300 pertinet
935 1260 978 1290 ad
992 1269 1060 1290 esse
1073 1260 1210 1290 hominis
1215 1267 1229 1297 ,·
1252 1266 1283 1290 et
1298 1259 1336 1289 si-

267 1301 446 1334 naites&
469 1313 563 1334 causa
585 1303 676 1333 bovis
700 1310 731 1334 et
754 1310 940 1334 ceterorum.
965 1304 1006 1334 Et
1029 1304 1118 1344 quod
1140 1313 1207 1333 non
1225 1303 1335 1339 valeat,

267 1352 354 1387 patet
377 1346 403 1376 si
425 1346 583 1386 fingamus
606 1347 692 1378 ideas
715 1347 892 1378 Platonicas
917 1357 983 1378 esse
1007 1357 1063 1388 per
1081 1358 1114 1378 se
1133 1357 1242 1378 causas
1266 1357 1336 1377 sen-

267 1389 422 1421 sibilium:
443 1397 566 1422 constat
582 1391 667 1421 enim
684 1391 772 1432 quod
785 1391 855 1422 idea
870 1391 1011 1422 hominis
1027 1398 1107 1422 esset
1123 1401 1216 1422 causa
1233 1390 1335 1421 homi-

267 1443 357 1471 num,
381 1441 419 1465 ut
433 1434 491 1470 sic;
515 1441 666 1465 ettamen
690 1445 757 1465 non
774 1442 915 1466 causat-et
938 1435 1111 1472 materiam,
1132 1445 1214 1476 quae
1229 1442 1336 1466 tamen

267 1484 315 1509 est
336 1488 408 1518 pars
431 1478 582 1510 hominis.
605 1479 647 1509 Et
669 1479 754 1509 idem
778 1479 933 1510 iudicium
952 1480 991 1510 de
1007 1489 1216 1521 quocumque
1239 1486 1337 1510 trans-

266 1529 410 1554 mutante
433 1529 489 1555 est.

326 1566 408 1598 VIII.
427 1567 480 1597 Ad
495 1566 685 1597 evidentiam
708 1567 823 1597 harum
846 1567 1079 1604 difficultatum,
1096 1567 1337 1607 praelibandum

267 1616 314 1642 est
330 1610 461 1651 quando
480 1620 536 1641 ens
558 1609 595 1641 fit
616 1621 673 1652 per
689 1621 731 1642 se.
750 1611 838 1642 quta
852 1611 1029 1642 doctrinam
1052 1611 1148 1652 igitur
1166 1612 1177 1642 1
1194 1612 1334 1652 Pltysic„

231 1668 239 1680 ι
265 1659 342 1695 text.
355 1655 398 1696 76
411 1653 440 1691 θ,
465 1654 640 1695 dupliciter,
665 1655 698 1686 in
722 1655 887 1686 communi
905 1656 1080 1697 loquendo,
1101 1656 1254 1697 contingit
1270 1655 1336 1686 fieri

231 1695 239 1707 ’
266 1696 402 1739 aliquid:
428 1698 545 1729 scilicet
567 1708 624 1739 per
647 1709 690 1736 se,
714 1706 745 1730 et
767 1710 824 1740 per
847 1699 1000 1731 accidens.
1023 1701 1073 1736 Et,
1094 1707 1130 1731 ut
1145 1700 1188 1730 ibi
1212 1699 1334 1736 dicitur,

265 1742 347 1773 illud
368 1741 405 1773 fit
426 1753 483 1783 per
505 1752 548 1779 se,
572 1744 665 1774 cuius
687 1745 771 1774 ratio
795 1744 979 1775 immediate
1001 1749 1077 1775 ante
1090 1745 1150 1775 hoc
1165 1755 1228 1775 non
1243 1744 1336 1784 fuit:

265 1786 355 1819 illud*
368 1796 444 1818 vero
467 1786 504 1817 fit
525 1797 583 1827 per
605 1787 766 1827 accidens,
791 1789 883 1819 cuius
911 1789 1012 1826 ratio,
1037 1794 1208 1829 antequam
1226 1789 1333 1829 fieret,

266 1835 348 1862 erat.
370 1831 565 1871 Exemplum
587 1831 691 1871 primi,
715 1832 846 1872 quando
862 1832 1040 1863 coloratum
1059 1832 1094 1864 fit
1113 1843 1150 1863 ex
1164 1843 1230 1863 non
1247 1833 1334 1863 colo-

265 1881 352 1907 rato:
377 1875 561 1916 exemplum
584 1873 733 1912 secun'di,
758 1877 888 1917 quando
913 1886 949 1908 ex
972 1877 1063 1917 nigro
1087 1876 1122 1908 fit
1145 1877 1333 1912 coloratum,

266 1917 341 1961 quia
363 1918 399 1950 fit
422 1919 547 1955 album;
571 1919 604 1949 in
621 1919 712 1959 nigro
729 1920 815 1950 enirn
831 1927 972 1961 praeerat
988 1921 1176 1952 coloratum.
1200 1922 1241 1952 Et
1256 1920 1334 1951 ratio

265 1961 361 1994 huius
390 1962 580 1994 differentiae
609 1964 784 2004 assignatur
813 1964 932 1995 ibidem
956 1965 1095 2005 optima:
1120 1965 1237 1996 scilicet
1259 1964 1334 2006 quia

266 2006 393 2038 nullum
415 2017 511 2047 agens
534 2017 590 2048 per
610 2017 643 2038 se
658 2008 792 2040 intendit
815 2009 915 2040 facere
938 2009 971 2039 id
987 2010 1076 2050 quod
1095 2017 1151 2046 est,
1176 2009 1230 2040 sed
1246 2009 1335 2050 quod

265 2061 333 2082 non
356 2058 412 2088 est,
437 2058 473 2082 ut
495 2051 544 2082 sit.
560 2069 581 2075 -
597 2052 638 2083 Et
654 2052 791 2084 sumitur
811 2053 844 2094 ly
868 2063 927 2091 ex,
951 2053 984 2083 in
1007 2053 1185 2094 proposito,
1210 2063 1275 2084 non
1300 2060 1336 2084 ut

265 2096 396 2130 denotat
417 2095 637 2127 habitudinem
660 2096 807 2133 subiecti,
838 2097 894 2127 sed
917 2097 1062 2128 ordinem
1092 2097 1267 2128 durationis
1295 2098 1335 2128 ad

264 2139 439 2172 terminum
462 2150 480 2170 a
503 2149 586 2181 qu0;
610 2140 654 2171 ita
677 2142 767 2182 quod
790 2140 943 2181 significat
965 2141 1052 2172 idem
1076 2142 1166 2183 quod
1183 2147 1274 2182 post,
1300 2149 1335 2172 ut

264 2189 351 2224 patet
372 2183 502 2215 ibidem.

323 2227 389 2258 Ens
404 2227 501 2268 igitur
516 2228 684 2268 dupliciter
703 2229 857 2269 contingit
871 2229 954 2259 fieri:
979 2230 1095 2261 scilicet
1109 2240 1165 2271 per
1180 2230 1333 2266 accidens,

266 2279 296 2304 et
318 2282 375 2313 per
397 2281 440 2303 se.
469 2273 528 2303 Per
550 2272 693 2303 accidens
716 2273 848 2313 quidem
869 2273 919 2309 fit,
944 2275 1074 2314 quando
1099 2274 1193 2305 factio
1217 2274 1336 2305 invenit

265 2326 339 2353 ens,
363 2326 419 2347 seu
449 2317 579 2358 quando
601 2316 638 2347 fit
660 2327 697 2347 ex
721 2324 808 2354 ente,
840 2317 922 2348 sicut
944 2319 1074 2358 quando
1098 2319 1278 2349 coloratum
1300 2317 1336 2349 fit

265 2371 303 2392 ex
325 2360 435 2401 nigro;
459 2370 516 2401 per
537 2370 571 2391 se
594 2367 712 2397 autern,
729 2362 859 2402 quando
879 2361 914 2392 fit
929 2371 966 2392 ex
981 2372 1048 2392 non
1064 2370 1146 2399 ente,
1163 2362 1245 2393 sicut
1260 2372 1335 2393 cum

258 2404 445 2437 -coloratum
463 2403 499 2436 fit
514 2415 552 2435 ex
567 2415 632 2435 non
653 2405 812 2442 colorato;
836 2413 966 2447 propter
982 2406 1116 2437 eandem
1131 2417 1269 2437 causam.
1294 2407 1336 2437 Et

219 2470 226 2479 ,
264 2448 420 2490 quoniam
449 2458 546 2479 omne
568 2455 782 2480 transmutans
811 2450 941 2491 aliquod
970 2460 1025 2481 ens
1048 2450 1082 2481 in
1105 2458 1177 2481 actu
1205 2451 1333 2487 invenit,

265 2503 303 2524 ex
325 2502 392 2534 quo
415 2492 490 2524 facit
516 2493 603 2523 aliud
626 2502 682 2523 ens
704 2493 738 2523 in
761 2501 848 2530 actu,
874 2494 946 2524 ideo
970 2494 1098 2526 nullum
1121 2501 1334 2526 transmutans

264 2537 339 2568 facit
360 2546 417 2577 per
439 2547 472 2567 se
495 2546 568 2573 ens,
592 2537 648 2567 sed
670 2547 727 2578 per
748 2538 891 2569 accidens
921 2545 1056 2570 tantum.
1087 2540 1135 2570 Ex
1157 2550 1224 2580 quo
1248 2539 1334 2570 enim

264 2581 385 2612 invenit
408 2591 478 2618 ens,
501 2581 574 2612 licet
597 2591 663 2612 non
690 2582 770 2612 illud
798 2583 887 2623 quod
914 2582 1050 2614 intendit
1078 2593 1242 2623 generare,
1267 2594 1334 2614 non

263 2625 338 2657 ideo
361 2625 426 2665 agit
447 2635 503 2666 per
526 2635 559 2656 se
582 2632 619 2656 ut
642 2625 735 2657 faciat
757 2636 812 2657 ens
819 2635 827 2663 ;
852 2627 908 2657 sed
929 2627 1042 2659 accidit
1065 2635 1114 2664 ut,
1138 2628 1332 2659 intendendo

264 2668 366 2700 facere
389 2669 454 2700 tale
476 2679 542 2707 ens,
568 2669 660 2701 faciat
682 2670 778 2700 etiam
801 2681 866 2702 ens.
891 2671 998 2708 Unde,
1023 2671 1049 2702 si
1072 2682 1138 2702 non
1160 2672 1335 2703 intenderet

265 2713 366 2745 facere
378 2713 438 2744 nisi
451 2723 515 2750 ens,
527 2723 595 2744 non
611 2721 730 2754 ageret:
747 2714 824 2755 quia
838 2715 902 2746 iam
912 2722 984 2747 ante
1000 2715 1158 2748 actionem
1174 2727 1265 2747 suam
1278 2724 1333 2747 est.

321 2757 354 2789 Si
376 2758 483 2799 itaque
506 2758 709 2799 peripatetica
731 2758 808 2790 haec
832 2759 983 2796 doctrina,
1008 2767 1038 2791 et
1061 2761 1181 2801 optime
1203 2761 1334 2791 fundata

265 2811 361 2843 super
376 2802 527 2833 continua
543 2803 732 2843 experientia
755 2810 786 2834 et
808 2804 939 2840 ratione,
964 2814 1037 2835 vera
1060 2812 1122 2841 est;
1147 2811 1273 2845 oportet
1289 2805 1333 2835 di-

265 2856 335 2878 cere
350 2847 449 2888 quod,
466 2846 548 2877 sicut
563 2847 603 2878 ad
617 2847 680 2878 hoc
695 2848 785 2888 quod
802 2848 981 2879 coloratum
1004 2848 1058 2879 fiat
1073 2859 1130 2889 per
1146 2859 1187 2886 se,
1208 2856 1334 2889 oportet

265 2891 356 2936 quod
376 2901 445 2922 non
467 2891 637 2931 praefuerit
660 2892 853 2928 coloratum,
876 2892 920 2923 ita
943 2893 983 2923 ad
1005 2892 1067 2923 hoc
1090 2894 1179 2934 quod
1203 2903 1257 2923 ens
1280 2893 1335 2924 fiat

264 2944 322 2976 per
344 2945 391 2972 se,
423 2941 550 2975 oportet
577 2936 666 2976 quod
689 2945 756 2966 non
778 2935 948 2976 praefuerit
971 2947 1036 2968 ens.
1065 2937 1137 2968 Hoc
1156 2944 1264 2968 autem
1287 2944 1334 2967 est

265 2978 345 3009 nihil
367 2989 520 3019 praeesse,
541 2986 571 3010 et
594 2986 701 3011 totum
716 2979 784 3010 fieri
807 2990 873 3011 non
889 2990 926 3011 ex
942 2980 1060 3022 aliquo.
1084 2981 1125 3011 Et
1148 2981 1191 3012 sic
1208 2988 1334 3021 oportet

265 3023 372 3063 quod,
397 3023 423 3053 si
446 3033 502 3054 ens
523 3022 560 3055 fit
582 3033 640 3064 per
662 3034 709 3060 se,
734 3024 823 3064 quod
846 3023 900 3055 fiat
922 3031 996 3064 post
1017 3025 1096 3055 nihil
1119 3025 1217 3065 ipsius
1242 3025 1331 3056 entis.

265 3066 308 3097 Et
330 3076 367 3096 ex
389 3066 438 3097 his
461 3073 548 3107 patet
575 3067 654 3098 ratio
685 3068 844 3098 dictorum
866 3068 900 3098 in
922 3069 1033 3099 littera.
1062 3069 1109 3099 Ex
1133 3079 1170 3099 eo
1194 3079 1333 3109 namque

266 3111 356 3151 quod
378 3117 591 3142 transmutans
620 3122 716 3142 omne
739 3112 905 3143 inventum
927 3112 1105 3144 subiectum
1136 3113 1332 3150 determinat,

266 3154 432 3185 manifeste
455 3161 542 3195 patet
559 3156 650 3196 sequi
673 3156 762 3197 quod
781 3166 847 3186 non
866 3156 940 3187 facit
955 3167 1011 3197 per
1025 3167 1058 3187 se
1074 3167 1139 3193 ens,
1164 3157 1219 3187 sed
1234 3158 1333 3188 deter-

266 3198 368 3229 minat
387 3199 428 3228 ad
441 3198 504 3229 hoc
518 3199 569 3230 vel
582 3199 671 3231 illud.
695 3200 826 3230 Materia
845 3200 931 3230 enim
947 3200 1058 3241 prima,
1083 3201 1139 3231 etsi
1157 3202 1334 3232 secundum

267 3252 300 3272 se
319 3252 386 3273 non
405 3242 445 3273 sit
462 3243 540 3283 quid
562 3244 614 3274 vel
636 3244 740 3285 quale,
765 3251 811 3275 est
834 3251 940 3275 tamen
963 3245 1017 3275 tali
1040 3252 1133 3285 pacto
1157 3255 1221 3282 ens,
1244 3246 1333 3286 quod

267 3286 525 3327 unumquodque
548 3297 586 3318 ex
608 3297 640 3318 se
663 3288 861 3328 producibile
889 3289 992 3329 seipsa
1014 3289 1106 3329 ponit
1129 3296 1212 3320 extra
1234 3289 1331 3319 nihil:

267 3337 314 3361 est
337 3330 423 3361 enim
453 3330 572 3371 aliquid
603 3332 760 3363 omnium.
791 3332 832 3363 Et
861 3339 1028 3374 propterea
1057 3333 1171 3364 merito
1201 3333 1334 3373 impedit

268 3374 484 3405 causationem
507 3375 587 3406 entis
602 3375 636 3405 in
651 3385 690 3406 eo
708 3377 796 3417 quod
821 3385 889 3407 ens:
915 3384 945 3408 et
960 3377 998 3407 ab
1020 3383 1130 3417 agente
1146 3387 1203 3417 per
1217 3387 1251 3408 se
1267 3387 1332 3414 ens,

268 3425 394 3459 oportet
417 3419 551 3458 produci
574 3418 721 3450 effectum
747 3427 854 3451 totum
877 3421 1212 3462 syncategorematice,
1242 3428 1278 3452 ut
1300 3421 1333 3452 in

267 3463 369 3494 littera
393 3462 515 3493 dicitur.

322 3507 374 3537 IX.
398 3507 450 3537 Ad
472 3506 613 3547 primum
637 3517 711 3547 ergo
731 3508 866 3539 dubium
881 3508 899 3528 *
922 3509 1035 3540 dicitur
1055 3509 1154 3550 quod,
1175 3509 1214 3539 de
1233 3509 1334 3540 causis

2378 261 2454 308 459

1392 335 1567 367 intrinsecis
1590 337 1763 378 loquendo,
1789 339 1927 374 eaedem,
1952 339 2097 379 quamvis
2122 350 2187 370 non
2211 340 2325 370 eodem
2345 340 2455 376 modo,

1393 387 1468 411 sunt
1491 391 1602 411 causae
1626 381 1747 412 entium
1771 382 1803 412 in
1828 392 1866 412 eo
1891 383 1979 423 quod
1999 384 2094 419 entia,
2120 391 2150 414 et
2168 385 2455 415 transmutabilium

1393 430 1428 454 ut
1452 424 1510 454 sic:
1536 425 1652 456 scilicet
1666 426 1796 457 materia
1814 433 1845 457 et
1860 426 1972 463 forma,
1997 435 2033 458 ut
2055 434 2140 468 patet
2154 427 2187 458 in
2204 428 2215 457 Ι
2231 428 2357 468 Physic.
2374 429 2400 465 *,
2426 437 2455 460 et

1393 468 1449 498 VII
1476 469 1660 510 Metaphys.
1684 470 1702 489 *
1724 462 1991 501 Transniutabilia
2021 472 2106 502 enirn
2136 471 2234 508 entia,
2264 472 2455 513 inquantum

1393 512 1484 549 entia,
1510 523 1546 543 ex
1569 514 1698 544 materia
1718 521 1748 545 et
1762 514 1865 545 forma
1881 522 2042 546 constant:
2067 523 2207 556 separata
2230 523 2336 547 autem
2352 527 2368 547 a
2385 527 2453 547 ma-

1392 556 1484 592 teria,
1510 567 1547 587 ex
1570 558 1638 587 sola
1661 558 1772 589 forma.
1803 559 1851 589 De
1874 559 2034 599 principiis
2057 570 2187 600 quoque
2212 561 2387 591 extrinsecis
2405 562 2453 592 lo-

1393 601 1531 640 quendo,
1556 601 1709 642 principia
1732 603 2018 634 transmutabilium
2043 611 2072 634 et
2095 604 2216 634 entium
2236 612 2271 635 ut
2287 605 2339 641 sic,
2357 612 2454 636 mate-

1392 644 1507 674 rialiter
1530 645 1727 676 coincidunt:
1753 647 1907 687 quoniam
1929 648 2015 678 Deus
2038 648 2194 688 gloriosus
2219 656 2264 679 est
2287 656 2317 679 et
2332 649 2453 689 primus

1392 695 1508 724 motor,
1526 696 1556 719 et
1572 699 1739 729 supremus
1755 690 1836 727 finis,
1853 698 1883 721 et
1899 691 2039 731 primum
2056 692 2177 722 essendi
2192 693 2394 733 principium.
2413 694 2455 725 Et

1392 739 1558 772 propterea
1577 733 1757 765 indistincte
1772 736 1966 776 quandoque
1981 736 2139 766 invenitur
2157 737 2194 767 de
2215 737 2315 767 causis
2332 737 2454 768 entium

1391 776 1424 807 in
1447 786 1486 807 eo
1510 778 1598 817 quod
1620 778 1710 815 entia,
1736 786 1767 810 et
1791 779 1892 809 causis
1915 780 2226 811 transmutationum.
2251 781 2385 821 Oportet
2407 790 2453 813 ta-

1391 830 1465 850 men
1493 821 1656 861 diligenter
1682 822 1833 853 lectorem
1861 823 2034 854 discernere
2059 825 2187 865 quando
2211 824 2398 862 formaliter,
2424 833 2454 857 et

1391 865 1520 904 quando
1544 866 1743 896 materialiter
1766 877 1870 897 sermo
1894 867 2078 899 verificatur.
2102 869 2170 899 Nos
2194 869 2279 899 enim
2302 869 2362 906 hic,
2379 871 2453 910 quia

1391 908 1564 939 formaliter
1586 910 1759 950 loquimur,
1784 910 1856 941 ideo
1882 922 1989 942 causas
2013 912 2134 943 entium
2149 912 2181 943 in
2198 923 2236 944 eo
2253 914 2341 954 quod
2360 914 2452 951 entia,

1390 962 1408 982 a
1432 953 1532 983 causis
1551 954 1820 985 transmutationis
1844 965 2035 995 separamus.

1449 997 1484 1026 ld
1506 1007 1581 1027 vero
1605 998 1694 1038 quod
1717 998 1842 1030 additur
1865 1009 1901 1030 ex
1924 1000 1952 1031 V
1970 1001 2113 1041 Physic.,
2139 1007 2169 1032 et
2192 1001 2361 1038 similibus,
2386 1012 2452 1032 non

1391 1041 1503 1071 obstat.
1529 1042 1692 1078 Quoniam
1715 1042 1802 1073 aliud
1825 1050 1871 1074 est
1893 1043 1959 1074 fieri
1979 1054 2033 1075 ens
2048 1045 2244 1085 simpliciter,
2260 1053 2290 1076 et
2306 1046 2390 1076 aliud
2407 1053 2453 1077 est

1390 1083 1456 1114 fieri
1473 1094 1528 1114 ens
1551 1086 1725 1116 secundum
1749 1087 1833 1127 quod
1855 1096 1931 1118 ens:
1953 1088 2032 1118 illud
2049 1089 2133 1119 enirn
2149 1089 2300 1129 importat
2315 1089 2380 1121 fieri
2397 1100 2451 1121 ens

1391 1138 1428 1158 ex
1451 1139 1529 1168 pura
1553 1130 1695 1169 potentia
1718 1137 1754 1161 ut
1777 1131 1928 1168 subiecto,
1946 1132 2007 1163 hoc
2023 1140 2129 1164 autem
2144 1132 2210 1163 fieri
2226 1144 2280 1164 ens
2296 1141 2370 1174 post
2385 1145 2451 1164 non

1391 1181 1445 1201 ens
1469 1173 1661 1212 simpliciter.
1680 1200 1685 1204 .

1427 1217 1495 1246 .Ad
1523 1217 1679 1247 rationem
1702 1225 1828 1255 autem,
1853 1229 2003 1250 concesso
2027 1222 2115 1261 quod
2138 1221 2223 1251 idem
2247 1222 2285 1253 sit
2307 1221 2373 1252 fieri
2396 1233 2452 1262 per

1391 1270 1423 1289 se
1447 1270 1502 1290 ens
1526 1267 1557 1291 et
1580 1270 1634 1290 ens
1658 1261 1689 1291 in
1714 1269 1795 1298 actu,
1815 1264 1996 1303 negandum
2021 1271 2067 1295 est
2089 1266 2177 1305 quod
2197 1276 2251 1296 ens
2274 1266 2306 1296 in
2330 1273 2400 1297 actu
2416 1266 2452 1297 fit

1391 1313 1447 1343 per
1469 1314 1519 1340 se,
1544 1305 1673 1344 quando
1696 1304 1731 1336 fit
1754 1316 1791 1336 ex
1814 1317 1893 1346 pura
1916 1308 2067 1347 potentia.
2090 1310 2264 1350 Nunquam
2288 1310 2373 1340 enim
2396 1320 2452 1350 per

1391 1357 1423 1377 se
1446 1347 1499 1384 fit,
1524 1347 1583 1377 nisi
1607 1349 1736 1389 quando
1760 1349 1794 1380 fit
1818 1358 1891 1390 post
1922 1361 1987 1381 non
2016 1362 2069 1382 ens
2093 1352 2125 1382 in
2149 1360 2235 1384 actu:
2260 1354 2321 1384 hoc
2345 1361 2451 1385 autem

1390 1401 1557 1432 nunquam
1580 1399 1686 1432 potest
1708 1403 1764 1432 per
1786 1395 2080 1426 transmutationem
2104 1397 2292 1437 contingere,
2316 1405 2352 1429 ut
2367 1405 2452 1438 patet

1391 1445 1428 1466 ex
1447 1436 1536 1466 dictis
1551 1435 1579 1466 ὓ.
1604 1437 1645 1467 Et
1669 1447 1742 1467 cave
1758 1447 1797 1468 ne
1814 1437 1937 1475 fallaris,
1958 1439 2098 1470 nesciens
2115 1440 2286 1472 discernere
2300 1442 2380 1473 inter
2395 1443 2450 1473 has

1390 1480 1635 1520 propositiones,
1660 1490 1716 1511 ens
1739 1482 1771 1511 in
1795 1487 1869 1513 actu
1882 1483 1929 1523 fit
1951 1493 1993 1514 ex
2016 1489 2086 1514 ente
2109 1486 2141 1515 in
2159 1487 2302 1525 potentia
2320 1497 2382 1526 per
2404 1497 2448 1525 se,

1391 1531 1422 1554 et
1445 1534 1501 1555 ens
1523 1526 1555 1554 in
1579 1530 1652 1555 actu
1666 1525 1712 1565 fit
1721 1535 1785 1565 per
1797 1536 1841 1557 se.
1866 1527 1901 1557 In
1918 1528 2019 1567 prima
2038 1528 2123 1559 enirn
2147 1537 2275 1560 notatur
2297 1530 2450 1562 habitudo

1390 1568 1516 1598 termini
1535 1569 1574 1598 ad
1597 1569 1784 1606 subiectum,
1802 1577 1832 1600 et
1847 1578 1893 1601 est
1909 1581 1995 1602 vera:
2020 1573 2095 1613 quia
2111 1572 2137 1602 si
2153 1583 2207 1603 ens
2223 1574 2255 1604 in
2272 1581 2342 1605 actu
2358 1575 2452 1606 habet

1390 1612 1582 1649 subiectum,
1608 1613 1675 1643 eius
1699 1614 1877 1645 subiectum
1900 1625 1955 1655 per
1979 1626 2011 1646 se
2034 1623 2081 1647 est
2104 1627 2158 1647 ens
2181 1617 2214 1648 in
2237 1619 2396 1658 potentia:
2421 1626 2451 1650 et

1389 1656 1422 1686 in
1445 1657 1507 1687 hoc
1531 1666 1624 1687 sensu
1648 1658 1779 1697 ponitur
1800 1658 1832 1688 in
1855 1659 1911 1689 XII
1936 1661 2135 1701 Metaphys.,
2163 1667 2236 1692 text.
2254 1662 2272 1692 8
2288 1662 2315 1693 *.
2347 1663 2381 1693 In
2406 1674 2451 1694 se-

1390 1701 1494 1731 cunda
1517 1708 1624 1732 autem
1654 1708 1782 1732 notatur
1805 1703 1957 1734 habitudo
1981 1705 2105 1734 termini
2129 1705 2169 1735 ad
2192 1716 2287 1736 suurn
2309 1706 2376 1737 fieri
2399 1708 2451 1738 ab-

1390 1745 1509 1775 solute:
1534 1752 1564 1776 et
1582 1753 1748 1785 propterea
1765 1757 1930 1788 nunquam
1953 1748 2136 1786 verificatur,
2154 1750 2282 1790 quando
2298 1751 2376 1781 ratio
2393 1758 2451 1782 ter-

1388 1788 1468 1819 mini
1491 1797 1640 1829 praeerat.

1445 1834 1484 1863 X.
1509 1834 1560 1864 Ad
1584 1835 1760 1865 secundum
1779 1836 1913 1866 dubium
1933 1833 1948 1850 ’¹‘
1973 1836 2093 1873 dicitur,
2109 1838 2198 1878 quod
2213 1848 2231 1868 a
2246 1838 2452 1879 specificativa

1389 1878 1428 1907 ad
1452 1878 1662 1908 universalem
1685 1889 1743 1909 nec
1758 1880 1840 1910 valet
1856 1881 2079 1921 consequentia
2095 1881 2286 1921 simpliciter,
2304 1893 2360 1914 nec
2377 1893 2452 1914 cum

1389 1928 1465 1952 nota
1489 1921 1738 1962 specificationis,
1763 1923 1936 1955 formaliter
1958 1924 2130 1965 loquendo.
2155 1926 2229 1956 Non
2252 1927 2337 1957 enim
2352 1928 2449 1958 valet:

1388 1966 1537 1996 Socrates
1560 1971 1606 1997 est
1629 1968 1752 2007 crispus
1767 1969 1940 1999 secundum
1957 1969 2041 2010 quod
2056 1970 2236 2010 capillatus,
2255 1981 2334 2012 ergo
2349 1973 2451 2003 omnis

1389 2010 1571 2050 capillatus,
1598 2016 1633 2041 ut
1654 2012 1710 2048 sic,
1736 2017 1782 2043 est
1805 2013 1939 2053 crispus,
1957 2020 2013 2044 etc.
2039 2014 2140 2050 Unde,
2161 2024 2235 2045 cum
2250 2015 2283 2045 in
2298 2015 2364 2052 ista,
2383 2026 2449 2054 ens,

1389 2055 1579 2095 inquantum
1599 2065 1666 2093 ens,
1682 2056 1776 2087 habet
1798 2066 1924 2094 causas,
1950 2064 2091 2088 teneatur
2112 2058 2145 2099 ly
2168 2060 2355 2099 inquantum
2380 2071 2451 2100 spe-

1389 2098 1555 2135 cificative;
1579 2099 1734 2140 quoniam
1757 2110 1867 2131 sensus
1891 2108 1936 2132 est
1958 2102 2047 2142 quod
2071 2112 2125 2132 ens
2148 2102 2242 2133 habet
2261 2114 2368 2134 causas
2384 2114 2450 2134 non

1389 2143 1496 2173 solum
1512 2144 1688 2174 secundum
1705 2144 1853 2184 speciales
1869 2145 2006 2176 rationes
2023 2146 2154 2182 essendi,
2170 2154 2247 2186 puta
2261 2147 2449 2185 humanum,

1390 2187 1554 2228 equinum,
1579 2194 1652 2224 etc.,
1677 2189 1731 2218 sed
1755 2188 1850 2219 etiarn
1874 2190 2050 2220 secundum
2073 2190 2175 2229 ipsam
2198 2191 2277 2221 entis
2296 2192 2451 2223 rationem

1390 2230 1549 2273 (quamvis
1574 2241 1639 2262 non
1662 2232 1695 2262 in
1718 2232 1869 2272 quolibet,
1890 2233 1964 2273 quia
1987 2243 2052 2263 non
2076 2234 2108 2264 in
2132 2233 2232 2276 Deo);
2257 2245 2324 2265 non
2345 2236 2451 2266 solum

1390 2275 1475 2305 enim
1503 2275 1646 2306 Socrates
1678 2276 1834 2316 dependet
1861 2277 1936 2317 quia
1964 2284 2010 2308 est
2036 2278 2136 2308 homo
2165 2279 2216 2308 vel
2238 2279 2372 2316 animal,
2397 2281 2452 2310 sed

1389 2319 1485 2351 etiam
1507 2320 1583 2360 quia
1606 2326 1661 2356 est,
1686 2327 1743 2351 etc.
1761 2338 1782 2343 -
1798 2321 1846 2351 De
1864 2321 2010 2352 instantia
2025 2332 2099 2352 vero
2117 2322 2216 2359 allata,
2241 2323 2319 2353 nihil
2341 2331 2450 2355 nocet:

1389 2364 1464 2405 quia
1487 2371 1572 2395 tenet
1594 2364 1691 2404 gratia
1714 2365 1872 2395 materiae.

1444 2408 1497 2438 XI.
1522 2408 1573 2438 Ad
1597 2408 1726 2439 tertium
1747 2419 1822 2439 vero
1839 2409 1974 2439 dubium
1989 2409 2007 2428 *
2030 2409 2142 2450 dicitur
2164 2411 2262 2450 quod,
2280 2411 2451 2443 formaliter

1388 2452 1562 2492 loquendo,
1586 2452 1619 2482 in
1643 2453 1732 2482 omni
1751 2453 1880 2484 materia
1898 2453 1989 2489 valet,
2013 2454 2040 2483 A
2058 2459 2103 2484 est
2119 2464 2218 2485 causa
2234 2455 2378 2495 effectiva
2387 2466 2452 2496 per

1387 2505 1422 2526 se
1444 2497 1474 2526 B
1497 2498 1684 2536 inquantum
1708 2497 1752 2534 B,
1778 2507 1857 2537 ergo
1880 2502 1926 2527 est
1949 2507 2048 2528 causa
2066 2499 2169 2528 omnis
2192 2500 2260 2529 eius
2282 2500 2366 2539 quod
2374 2510 2449 2540 per-

1389 2541 1465 2571 tinet
1487 2540 1531 2570 ad
1557 2550 1625 2571 esse
1647 2541 1692 2578 B,
1717 2546 1753 2570 ut
1774 2542 1837 2571 sic:
1860 2541 2002 2582 alioquin
2031 2551 2097 2572 non
2126 2549 2206 2573 esset
2235 2542 2391 2574 sufficiens
2420 2551 2450 2575 et

1389 2594 1445 2624 per
1468 2594 1500 2614 se
1524 2584 1652 2624 propria
1675 2594 1768 2615 causa
1790 2585 1825 2616 B.
1851 2585 1891 2616 Et
1914 2585 1958 2616 sic
1980 2586 2108 2625 propria
2132 2596 2225 2616 causa
2247 2587 2386 2618 hominis
2401 2588 2449 2619 in-

1389 2635 1546 2668 quantum
1574 2629 1693 2665 homo,
1718 2635 1764 2659 est
1788 2639 1880 2659 causa
1908 2630 2013 2659 omnis
2041 2630 2108 2660 eius
2136 2631 2224 2671 quod
2253 2631 2387 2671 pertinet
2410 2633 2449 2662 ad

1389 2672 1528 2703 hominis
1552 2682 1637 2709 esse,
1662 2679 1698 2703 ut
1725 2672 1778 2703 sic.
1803 2673 1844 2703 Et
1867 2673 2008 2704 similiter
2036 2684 2128 2704 causa
2157 2674 2235 2705 entis
2258 2675 2450 2716 inquantum

1389 2727 1454 2753 ens,
1479 2722 1525 2747 est
1549 2726 1642 2747 causa
1665 2716 1769 2746 omnis
1794 2717 1860 2747 eius
1884 2717 1972 2758 quod
1989 2718 2123 2758 pertinet
2141 2718 2181 2748 ad
2197 2728 2261 2754 ens,
2277 2725 2314 2749 ut
2332 2720 2384 2750 sic.
2409 2721 2450 2751 Et

1388 2761 1421 2791 in
1444 2760 1506 2791 hoc
1530 2771 1595 2791 non
1620 2767 1666 2791 est
1694 2760 1874 2792 differentia.
1906 2761 1967 2792 Sed
1991 2761 2153 2802 disparitas
2184 2769 2231 2792 est
2252 2762 2285 2792 in
2309 2764 2448 2794 ulteriori

1389 2805 1623 2845 consequentia,
1647 2805 1744 2845 gratia
1767 2805 1924 2836 materiae.
1953 2805 2039 2836 Cum
2063 2806 2148 2836 enim
2169 2806 2250 2837 inter
2272 2817 2327 2837 ens
2351 2814 2381 2838 et
2403 2818 2448 2838 re-

1387 2849 1475 2889 liqua
1498 2849 1654 2888 specialia,
1675 2855 1752 2889 puta
1774 2849 1950 2886 hominem,
1974 2850 2091 2880 animal
2107 2857 2175 2886 etc.,
2199 2857 2323 2881 tantum
2347 2851 2447 2888 distet,

1388 2893 1478 2933 quod
1501 2893 1535 2923 in
1558 2893 1625 2923 aliis
1649 2892 1734 2923 aliud
1758 2900 1804 2924 est
1826 2893 1955 2924 materia
1977 2894 2130 2930 absolute,
2155 2901 2186 2925 et
2208 2894 2294 2925 aliud
2321 2896 2449 2926 materia

1389 2943 1424 2967 ut
1447 2942 1493 2967 est
1516 2938 1584 2967 eius
1607 2935 1776 2979 (quoniam
1798 2937 1927 2968 materia
1950 2938 2092 2968 absolute
2116 2945 2162 2970 est
2183 2938 2400 2978 ingenerabilis
2419 2946 2449 2970 et

1387 2980 1648 3020 incorruptibilis;
1673 2987 1708 3011 ut
1724 2987 1831 3011 autem
1850 2988 1896 3012 est
1911 2982 2039 3022 propria
2054 2982 2201 3018 hominis,
2219 2989 2265 3013 est
2280 2983 2319 3012 ab
2338 2990 2448 3022 agente

1388 3023 1583 3066 hominem);
1607 3025 1640 3054 in
1664 3032 1734 3055 ente
1757 3035 1831 3055 vero
1855 3025 1940 3056 idem
1964 3033 2010 3056 est
2038 3026 2185 3062 materia,
2210 3033 2240 3056 et
2262 3027 2390 3057 materia
2413 3034 2448 3058 ut

1388 3069 1466 3099 entis
1491 3067 1659 3111 (quoniam
1677 3069 1807 3100 materia
1820 3069 1964 3100 absolute
1980 3080 2046 3100 non
2061 3070 2120 3100 nisi
2136 3070 2214 3100 entis
2230 3080 2296 3100 esse
2312 3070 2446 3113 potest):

1388 3113 1460 3143 ideo
1476 3112 1509 3142 in
1524 3113 1665 3143 terminis
1689 3113 1875 3153 specialibus
1899 3123 1964 3144 non
1987 3114 2069 3144 valet
2087 3114 2224 3154 sequela,
2239 3115 2267 3144 A
2284 3120 2331 3145 est
2349 3125 2447 3146 causa

1383 3167 1445 3198 per
1466 3166 1501 3187 se
1523 3157 1675 3194 hominis,
1700 3167 1780 3198 ergo
1803 3162 1849 3188 est
1872 3167 1971 3188 causa
1994 3159 2096 3188 omnis
2114 3159 2182 3188 eius
2207 3158 2291 3198 quod
2306 3160 2448 3198 pertinet

1387 3201 1431 3231 ad
1452 3201 1609 3231 hominem
1620 3210 1635 3239 ;
1659 3201 1713 3231 sed
1737 3207 1863 3241 oportet
1885 3202 2012 3238 addere,
2037 3207 2072 3232 ut
2093 3203 2148 3232 sic.
2176 3202 2217 3232 Et
2238 3203 2447 3242 postmodum

1388 3255 1454 3275 non
1477 3244 1560 3275 valet
1583 3245 1712 3275 ulterior
1731 3245 1867 3286 sequela,
1885 3255 1964 3286 ergo
1980 3251 2026 3276 est
2044 3255 2142 3276 causa
2159 3247 2262 3277 omnis
2278 3247 2345 3276 eius
2363 3247 2448 3287 quod

1382 3290 1524 3329 pertinet
1539 3288 1583 3319 ad
1598 3298 1666 3320 esse
1679 3289 1833 3327 hominis,·
1851 3296 1891 3326 et,
1908 3299 1988 3330 ergo
2005 3295 2051 3320 est
2066 3299 2164 3320 causa
2183 3291 2348 3328 materiae,
2365 3301 2448 3331 quae

1388 3338 1435 3363 est
1455 3342 1535 3372 pars
1557 3333 1703 3364 hominis.
1728 3333 1789 3364 Sed
1812 3333 1845 3363 in
1867 3334 2002 3364 termino
2027 3334 2307 3370 universalissimo,
2333 3335 2447 3366 scilicet

1389 3386 1455 3414 ens,
1480 3377 1562 3407 valet
1584 3377 1699 3416 primo,
1723 3378 1750 3407 A
1775 3382 1822 3408 est
1840 3387 1938 3408 causa
1958 3379 2039 3408 entis
2055 3383 2090 3408 ut
2105 3388 2172 3415 ens,
2193 3388 2271 3419 ergo
2286 3384 2332 3409 est
2348 3388 2446 3409 causa

1388 3422 1491 3451 omnis
1514 3422 1582 3451 eius
1604 3421 1688 3461 quod
1700 3422 1841 3461 pertinet
1863 3422 1906 3452 ad
1928 3431 1994 3460 ens,
2015 3427 2050 3452 ut
2067 3423 2113 3452 sic
2122 3432 2136 3460 ‚¹
2161 3429 2191 3452 et
2206 3422 2287 3452 valet
2306 3422 2444 3459 ulterius,

1389 3475 1468 3506 ergo
1485 3470 1531 3495 est
1546 3474 1645 3495 causa
1661 3466 1765 3496 omnis
1780 3466 1848 3496 eius
1861 3466 1945 3506 quod
1951 3467 2091 3505 pertinet
2103 3466 2146 3496 ad
2161 3474 2234 3503 ens;
2249 3473 2288 3502 et,
2305 3476 2384 3508 ergo
2401 3472 2446 3497 est

1389 3518 1487 3540 causa
1511 3509 1676 3546 materiae,
1700 3519 1784 3549 quae
1806 3514 1852 3540 est
1868 3519 1951 3549 pars
1966 3511 2064 3547 entis;
2087 3517 2122 3540 ut
2137 3510 2169 3540 in
2184 3510 2285 3540 littera
2303 3510 2444 3542 infertur.

2480 430 2492 441 ⁸
2507 430 2564 458 Cap.
2578 437 2618 458 vn,
2633 437 2656 453 n.
2671 437 2692 453 12

2481 463 2538 505 sq&
2557 501 2563 506 .
2573 489 2598 505 ιι.
2613 494 2625 500 -
2638 483 2694 506 Did.

2481 510 2521 531 lib.
2566 526 2572 537 ,
2589 516 2638 538 cap.
2656 517 2691 538 nr,

2482 542 2504 558 n.
2519 542 2539 558 2.

2474 1446 2486 1457 ⁸
2501 1445 2572 1468 Num.
2582 1453 2628 1469 vm.

2477 1665 2487 1673 ·
2508 1664 2560 1686 nid.
2580 1664 2621 1686 lib.
2640 1664 2691 1692 xl,

2478 1696 2528 1718 cap.
2544 1697 2567 1718 ιι,
2582 1697 2604 1712 n.
2619 1697 2639 1720 3.

2478 1846 2487 1855 '
2501 1844 2536 1868 ef.
2551 1851 2617 1867 num.
2632 1852 2655 1867 v.

2479 2415 2487 2424 ·
2503 2413 2538 2436 cf.
2553 2419 2617 2435 num.
2633 2419 2674 2435 vu.
